3958 6358
423 260 525 318 95!

419 383 634 434 leslalc.
664 372 742 428 Ac
765 371 834 427 de
863 385 951 439 eo,
983 370 1125 442 quod
1152 372 1418 427 occultum
1447 379 1549 438 est,
1581 370 2006 440 saeculorumque

424 464 582 534 iudici
601 466 962 531 reservatum,
988 465 1308 519 sententiam
1335 462 1478 518 ferre
1505 462 1862 533 periculosum
1890 471 2002 525 est;

421 573 543 613 cum
574 557 686 628 ipse
725 555 870 610 solus
899 555 1047 610 novit
1073 563 1129 610 et
1168 554 1407 610 scientiae
1431 568 1776 621 mensuram,
1799 562 1855 610 et
1883 551 2006 609 ﬁdei

417 647 658 706 modum.
699 645 998 714 Uudenam,
1041 660 1253 716 quaeso,
1289 645 1487 700 scimus
1519 645 1712 716 quibus
1741 659 1802 700 se
1829 644 2006 700 verbis

417 739 710 804 accusabit,
733 745 826 792 aut
845 752 1002 810 quam
1031 737 1398 792 defensionem
1430 735 1664 806 proferet
1684 737 1738 790 in
1759 737 1870 803 die,
1900 751 2004 807 qua

420 833 559 888 Deus
583 831 917 902 judicaturus
941 837 1022 885 est
1046 829 1255 884 occulta
1282 827 1594 884 hominum?
1623 828 1761 884 Vere
1796 828 2005 884 inseru-

353 910 358 917 ’
417 923 594 978 tahilla
632 931 760 979 sunt
793 921 991 992 judicia
1030 920 1165 991 ejus,
1203 930 1258 976 et
1291 921 1684 991 investigabiles
1721 921 1824 976 vite
1863 921 1999 992 ejus.

418 1015 543 1079 Quis
583 1016 717 1070 enim
754 1013 888 1068 novit
924 1029 1123 1068 sensum
1153 1010 1382 1078 Domini,
1411 1021 1500 1066 aut
1527 1013 1641 1083 quis
1680 1011 2004 1067 consiliarius

413 1109 522 1176 ejus
551 1107 649 1176 fuit
691 1105 843 1177 (lsai.
884 1104 976 1159 40.
1006 1104 1076 1161 15
1097 1101 1158 1177 )‘l
1204 1103 1367 1159 Forte
1393 1104 1573 1160 nullus
1608 1119 1674 1158 ex
1701 1103 1890 1170 nobis,
1918 1103 2003 1159 di-
2052 1109 2070 1120 '

413 1197 556 1263 lccti,
585 1211 642 1252 se
663 1196 928 1267 baptismo
947 1194 1222 1266 dignatum
1248 1208 1367 1250 esse
1395 1203 1564 1263 putat,
1597 1208 1757 1249 nemo
1783 1194 1882 1248 scit
1913 1193 2002 1263 ju-

412 1289 608 1342 dicium
647 1301 898 1357 umquam
939 1285 1171 1341 futurum
1200 1299 1342 1340 esse.
1373 1283 1511 1350 Quid
1554 1284 1673 1340 dico
1695 1284 2002 1355 judicium?

412 1381 583 1448 ipsam
625 1393 839 1448 quoque
870 1387 1099 1432 mortem
1137 1384 1193 1432 et
1228 1376 1428 1431 exitum
1470 1390 1502 1432 e
1533 1390 1761 1446 corpore
1791 1375 2003 1447 ignora-

411 1485 552 1537 mus,
581 1469 650 1524 ob
677 1469 820 1524 illam
846 1483 1025 1524 rerum
1048 1468 1383 1522 saecularium
1406 1467 1730 1537 phrenesim,
1755 1483 1874 1538 qua:
1902 1481 2000 1523 nos

410 1560 623 1614 invasit.
651 1559 735 1615 Ab
764 1560 865 1615 hoc
885 1601 900 1627 ,
935 1573 1138 1629 quaeso,
1172 1558 1311 1614 malo
1333 1557 1596 1614 absistite.
1631 1559 1768 1613 Ecce
1794 1557 1916 1614 dico
1943 1567 2001 1615 et

409 1659 684 1706 contestor
711 1651 763 1705 in
789 1658 1082 1720 conspectu
1118 1649 1213 1706 Dei
1251 1658 1307 1704 et
1334 1649 1630 1705 electorum
1663 1650 1994 1720 angelorum,

411 1745 534 1799 hinc
562 1742 716 1798 nobis
745 1745 799 1798 in
827 1744 915 1800 die
933 1743 1120 1815 judicii
1149 1741 1346 1797 malum
1376 1751 1628 1814 magnum
1665 1753 1720 1798 et
1747 1743 1999 1798 intolera-

413 1832 574 1885 bilem
623 1835 802 1902 ignem
849 1832 1054 1904 parari.
1089 1831 1224 1888 Nam
1255 1835 1301 1890 si
1332 1836 1385 1890 in
1415 1839 1690 1910 virginum
1735 1840 1997 1896 similitu-

412 1927 541 1981 dine
560 1941 657 1981 eos
682 1923 900 1997 (Matth.
927 1926 1025 1995 25.
1057 1927 1168 1999 ll),
1203 1928 1443 1998 quicum
1471 1933 1759 2003 splendida
1791 1933 1896 1991 lide
1933 1943 1989 1991 et

1135 260 1192 317 s.
1231 259 1507 317 JOANNIS
1541 228 2018 316 etmvsosrout
2057 257 2372 316 ARCﬂlEP.
2411 263 2948 323 CONSTANTINOP.
3584 279 3674 336 θεέ

2126 387 2334 427 morum
2363 373 2595 430 candore
2622 377 2888 445 vixerunt,
2917 378 3172 436 Dominus
3201 384 3576 457 universorum.
3600 398 3679 466 qui

2119 465 2356 536 ipsorum
2381 482 2542 537 opera
2572 468 2734 534 vidit,
2762 470 2832 526 ob
2854 472 3332 533 commiserationis
3370 465 3628 550 penuriam
3652 504 3681 545 s

2121 557 2357 613 thalamo
2403 558 2610 614 alienos
2653 560 2884 616 reddidit
2927 581 2941 618 :
2979 564 3245 634 quomodo
3282 582 3399 637 nos,
3436 573 3522 642 qui
3552 580 3682 636 omni

2119 664 2240 706 cum
2291 651 2502 707 licentia
2543 653 2789 720 vivimus,
2830 662 2887 709 et
2924 655 3372 716 immisericordes
3413 679 3532 735 erga
3564 683 3682 724 con.

2120 743 2341 798 tribules
2365 754 2578 799 nostros
2607 759 2704 799 nos
2732 746 3077 816 exhibemus,
3116 750 3288 806 salute
3313 752 3454 824 digni
3483 757 3682 814 habebi-

2120 836 2272 890 mur?
2299 835 2656 904 Quamobrem
2688 838 2915 894 obsecro
2953 857 3070 908 vos,
3099 859 3168 897 ne
3197 845 3357 900 verba
3394 846 3504 903 bmc
3531 853 3681 923 negli-

2117 937 2306 999 genter
2344 929 2592 986 audiatis.
2623 930 2886 987 Hteretica
2931 933 3133 1004 quippe
3171 934 3413 1007 dogmata
3455 939 3536 1004 iis,
3577 958 3682 1014 qua:

2119 1038 2219 1078 nos
2270 1023 2594 1092 accepimus,
2637 1025 2906 1079 contraria
2948 1027 3418 1095 anathematizare,
3453 1041 3506 1087 et
3539 1033 3681 1105 impia

2116 1111 2361 1182 dogmata
2386 1112 2662 1170 confutare
2685 1125 2914 1185 oportet,
2945 1115 3251 1174 hominibus
3275 1129 3447 1175 autem
3477 1137 3679 1192 parcen-

2117 1203 2272 1277 dum,
2297 1213 2351 1260 et
2389 1220 2484 1276 pro
2513 1220 2700 1261 eorum
2730 1206 2903 1264 salute
2940 1208 3201 1264 orandum
3234 1221 3336 1267 est.
3364 1211 3568 1269 Utinam
3596 1231 3682 1272 nos

2117 1309 2326 1362 omnes,
2354 1295 2445 1350 Dei
2471 1305 2526 1350 et
2553 1297 2780 1366 proximi
2811 1299 2984 1353 amori
3013 1299 3231 1367 addicti,
3253 1310 3410 1372 atque
3432 1304 3680 1363 Dominica

2116 1397 2475 1458 exsequentes
2501 1399 2798 1459 praecepta,
2830 1405 2951 1446 cum
2993 1392 3358 1449 misericordia
3395 1405 3448 1451 et
3487 1397 3680 1468 fulgidis

2117 1479 2472 1550 lampadibus,
2513 1483 2565 1536 in
2606 1481 2694 1537 die
2723 1478 3130 1540 resurrectionis
3159 1486 3356 1542 caelesti
3384 1503 3573 1558 sponso
3596 1505 3677 1544 oc-

2115 1587 2413 1638 curramus,
2435 1573 2726 1630 oﬂ‘erentes
2747 1574 2824 1628 illi
2851 1575 2904 1629 in
2927 1575 3095 1646 gloria
3121 1579 3535 1648 quamplurimos
3557 1596 3676 1636 eom-

2115 1666 2460 1722 miserationc
2511 1676 2694 1721 nostra
2741 1677 3007 1736 servatos,
3058 1670 3226 1738 gratia
3275 1679 3331 1726 et
3379 1671 3677 1742 benignitate

2115 1761 2283 1831 ipsius
2319 1759 2572 1831 unigeniti
2619 1760 2740 1815 Filii
2787 1761 2902 1828 Dei,
2947 1762 3162 1831 quicum
3214 1761 3359 1817 Patri
3396 1763 3551 1833 gloria
3589 1779 3676 1819 una

2113 1867 2236 1910 cum
2276 1864 2462 1910 sancto
2502 1853 2724 1925 Spiritu,
2768 1869 2908 1910 nunc
2952 1864 3008 1910 et
3039 1869 3254 1925 semper
3293 1865 3346 1912 et
3383 1857 3432 1910 in
3466 1857 3675 1922 sarcula,

2111 1948 2307 2002 Amen.

435 2324 2170 2362 W“
2189 2321 3654 2367 mm

1462 2571 1577 2633 AD
1624 2568 2043 2632 HOMILIAM
2098 2569 2177 2632 1N
2228 2568 2648 2635 KALENDAS

485 3100 594 3164 'ﬂlc
627 3103 890 3164 Kalends:
915 3116 1315 3165 “memorantur
1346 3102 1597 3165 Ianuarii
1638 3110 1843 3166 mensis
1866 3149 1883 3176 .
1929 3125 2008 3166 ea:

426 3211 638 3266 scilicet
663 3226 785 3281 qua:
803 3225 1019 3265 annum
1073 3211 1345 3283 incipiunt
1385 3211 1528 3282 apud
1560 3209 1864 3278 Romanos,
1900 3227 2010 3282 qua

427 3315 516 3368 die
560 3329 680 3369 mos
723 3322 842 3370 erat
882 3313 1032 3382 ξένια
1064 3329 1158 3370 seu
1205 3315 1531 3370 munuscula
1576 3315 1770 3369 amicis
1813 3331 2012 3386 cogna-

430 3415 611 3485 tisque
638 3413 861 3480 oﬁerre,
883 3417 1137 3472 convivia
1179 3417 1479 3484 celebrare,
1523 3417 1743 3486 aliaque
1780 3417 2012 3488 publica:

432 3513 634 3567 laetitia:
665 3514 817 3583 signa
842 3515 994 3580 dare,
1029 3516 1118 3570 ubi
1153 3517 1478 3588 plerumque
1519 3518 1805 3573 dissolutae
1838 3520 2013 3590 plebis

434 3623 606 3683 gesta,
635 3615 1048 3685 superstitiosas
1079 3617 1486 3674 observationes
1510 3618 1730 3688 aliaque
1754 3618 1807 3673 id
1839 3634 2012 3689 genus

431 3714 619 3769 videre
646 3723 788 3782 erat,
811 3715 866 3771 in
898 3731 1020 3787 qua:
1049 3717 1150 3772 hoc
1177 3732 1433 3773 sermone
1462 3718 1742 3772 invehitur
1785 3727 2011 3774 sanctus

426 3814 637 3871 doctor.
677 3814 941 3873 Libanius
971 3833 1135 3887 porro
1164 3818 1484 3888 opusculum
1516 3818 1687 3874 edidit
1719 3820 1779 3874 in
1803 3818 2010 3874 Kalen-

427 3914 526 3970 das
559 3914 917 3987 inscriptum,
951 3918 1045 3972 ubi
1080 3934 1190 3988 quo
1226 3917 1332 3972 ritu
1364 3917 1623 3973 Kalendae
1668 3918 1861 3974 ﬂerent
1897 3919 2007 3974 mi-

429 4016 662 4070 nutatim
683 4016 966 4084 describit,
990 4019 1176 4089 aitque
1201 4033 1369 4072 unam
1395 4016 1757 4088 eamdemque
1784 4018 2014 4075 celebri-

428 4123 594 4172 tatem
629 4122 724 4187 per
765 4126 940 4174 totum
981 4118 1292 4174 Romanum
1344 4117 1638 4188 imperium
1691 4117 1883 4173 eadem
1924 4118 2012 4175 die

428 4221 534 4290 agi,
562 4220 691 4292 μίαν
713 4219 772 4275 δὲ
797 4217 915 4276 οἶδα.
971 4222 1155 4296 κοινὴν
1189 4223 1446 4278 ἁπάντων
1467 4220 1658 4275 ὁπόσοι
1691 4219 1860 4286 ζῶσιν
1903 4221 2012 4277 ὑπὸ

427 4320 527 4392 τὴν
542 4320 832 4392 Ῥωμαίων
875 4323 1049 4394 ἀρχήν
1072 4340 1086 4353 ο
1119 4323 1367 4393 γίγνεται
1396 4325 1454 4380 δὲ
1483 4324 1736 4381 ἐνιαυτοῦ
1775 4324 1871 4379 τοῦ
1909 4323 2010 4396 μὲν

426 4419 932 4491 πεπαυμένου,τοῦ
975 4421 1032 4475 δὲ
1078 4423 1407 4495 ἀρχομένου.
1463 4423 1652 4496 Itaque
1699 4423 1768 4480 de
1825 4423 1913 4479 die
1947 4439 2012 4478 ac

430 4534 622 4577 mense
649 4521 797 4576 nulla
823 4521 1037 4577 videtur
1087 4524 1319 4593 quaestio
1361 4526 1571 4581 moveri
1611 4541 1805 4595 posse:
1848 4543 2011 4583 secus

422 4627 614 4674 autem
649 4620 718 4675 de
767 4635 933 4681 anno,
976 4637 1139 4691 quem
1195 4638 1264 4678 ne
1302 4624 1636 4695 eonjecturis
1666 4627 1888 4697 quidem
1926 4634 2012 4683 sat

429 4719 808 4789 probabilibus
839 4719 1107 4790 assignari
1144 4737 1304 4790 posse
1329 4731 1610 4794 putamus.
1654 4723 2012 4781 Hermantius

428 4817 801 4874 subodora-tur
837 4819 891 4872 in
927 4819 1158 4889 primam
1209 4821 1352 4876 diem
1401 4824 1532 4878 enni
1577 4823 1680 4878 587
1729 4823 2014 4880 conferen-

429 4920 555 4983 dam
602 4919 749 4974 hanc
805 4919 1087 4974 homiliam
1142 4936 1283 4988 esse,
1336 4922 1466 4992 quia
1513 4933 1640 4993 post
1695 4925 2013 4980 encomium

430 5021 652 5091 aliquod
685 5020 862 5077 sancti
894 5019 1047 5077 Pauli
1082 5023 1268 5079 habita
1317 5034 1420 5080 est.
1484 5023 1622 5081 lllud
1662 5037 1868 5094 autem,
1918 5029 2013 5096 ait,

431 5123 745 5178 encomium
776 5122 1012 5194 idipsum
1043 5124 1258 5179 videtur
1286 5140 1427 5190 esse,
1463 5125 1608 5195 quod
1659 5126 1892 5198 legimus
1925 5142 2018 5182 su-

431 5241 555 5296 p-za,
584 5224 910 5280 homilia'De
933 5225 1184 5294 petitione
1207 5227 1451 5297 ﬁliorum
1476 5225 1739 5295 Zebedtei,
1771 5245 1924 5284 num.
1960 5230 2013 5298 3,

433 5338 556 5393 qua:
580 5325 750 5394 paulo
785 5330 909 5393 post
940 5323 1132 5380 Natale
1180 5326 1307 5380 anni
1341 5325 1447 5381 388
1494 5329 1608 5384 sive
1657 5341 1782 5402 post
1810 5331 1882 5385 25
1912 5329 2018 5386 De-

429 5425 677 5480 'ccmbris
715 5423 899 5479 habita
949 5434 1054 5481 est.
1083 5424 1286 5481 Verum
1325 5425 1467 5481 hanc
1497 5427 1799 5485 Herma'ntii
1827 5432 2017 5501 conje-

437 5535 652 5581 cturam
702 5523 898 5581 merito
937 5527 1145 5597 respuit
1173 5524 1577 5585 Tillemontius.
1613 5531 1774 5596 Nam,
1815 5533 2016 5603 inquit,

441 5622 579 5680 nihil
609 5625 949 5697 frequentius
978 5625 1121 5698 apud
1153 5627 1608 5700 Chrysoslomum
1638 5630 1794 5688 Pauli
1825 5634 2008 5689 laudi-

438 5723 544 5779 bus
567 5734 622 5780 et
650 5725 956 5794 encomiis;
1015 5728 1072 5786 in
1103 5730 1192 5786 illa
1238 5747 1369 5789 vero
1405 5732 1628 5790 homilia
1688 5734 2020 5808 Chrysosto-

2120 3105 2246 3145 mus
2298 3089 2476 3148 obiter
2527 3099 2741 3147 tantum
2779 3089 2936 3147 Pauli
2971 3092 3227 3147 virtutem
3287 3091 3559 3160 celebrat;
3611 3089 3669 3144 ad

2120 3191 2237 3247 haec
2267 3200 2448 3247 autem
2479 3192 2702 3247 humilia
2729 3192 2820 3247 illa
2854 3193 2922 3247 de
2959 3193 3087 3249 [iliis
3116 3192 3366 3250 Zebedazi
3408 3195 3544 3250 dicta
3586 3191 3672 3246 fuit

2118 3303 2244 3365 post
2273 3293 2553 3348 homiliam
2586 3293 2653 3349 de
2680 3292 3142 3350 Consubstantiali
3173 3295 3321 3351 ludis
3351 3293 3672 3351 Circensibus

2119 3406 2268 3446 anno
2301 3391 2407 3447 387
2437 3393 2704 3461 habitam,
2737 3393 2946 3450 scilicet
2972 3395 3062 3450 die
3096 3395 3252 3450 tertia
3291 3395 3372 3451 vel
3398 3402 3580 3466 quarta
3600 3392 3674 3447 vel

2119 3493 2309 3561 quinta
2352 3491 2600 3550 Januarii
2649 3513 2664 3550 :
2701 3511 2828 3551 nam
2871 3495 2958 3552 his
3007 3497 3198 3554 diebus
3261 3499 3380 3554 ludi
3416 3499 3675 3556 Circenses

2121 3595 2468 3666 agebantur;
2521 3605 2689 3666 atque
2743 3596 2879 3652 adeo
2909 3611 3016 3651 non
3068 3597 3245 3668 potuit
3309 3598 3397 3655 die
3453 3598 3674 3669 ejusdem

2120 3699 2250 3752 anni
2285 3699 2461 3767 primo
2505 3697 2664 3768 quasi
2712 3699 2826 3768 jam
2879 3698 3064 3753 habita
3121 3702 3439 3757 memorari.
3496 3685 3676 3756 Mavult

2117 3814 2283 3870 porro
2317 3797 2701 3855 Tillemontius
2753 3799 2908 3855 Pauli
2941 3801 3075 3856 illud
3121 3803 3435 3859 encomium
3467 3817 3581 3858 esse
3629 3800 3675 3854 in

2120 3898 2345 3954 homilia
2375 3899 2464 3954 cui
2493 3899 2704 3966 titulus,
2736 3899 2934 3964 Quales
2963 3899 3215 3956 ducenda
3242 3903 3354 3956 sint
3375 3917 3572 3964 uxores,
3596 3895 3675 3952 ubi

2120 4001 2313 4057 doctor
2348 3999 2442 4055 ille
2471 4000 2713 4072 gentium
2744 4001 3042 4057 identidem
3091 4002 3372 4058 laudatur.
3409 4003 3538 4060 Cum
3588 4013 3677 4053 au-

2120 4110 2226 4156 tem
2259 4104 2376 4156 haec
2416 4100 2638 4155 humilia
2688 4100 2894 4156 nullam
2928 4102 3196 4171 temporis
3249 4112 3437 4158 notam
3471 4115 3575 4172 prae
3625 4109 3677 4151 se

2121 4205 2282 4269 ferat,
2316 4205 2447 4260 hinc
2479 4205 2731 4275 sequitur
2762 4204 2967 4259 nullam
2997 4203 3122 4281 inde
3154 4203 3259 4273 peti
3294 4212 3455 4274 post-ie
3486 4210 3675 4262 notam,

2123 4321 2234 4376 qua
2267 4306 2505 4361 homiliae
2543 4305 2612 4360 de
2644 4301 2903 4360 Kalendis
2931 4312 3147 4374 tempus
3171 4313 3227 4359 et
3256 4321 3434 4359 annus
3456 4303 3678 4370 assigne-

2122 4417 2230 4461 tur.
2268 4404 2340 4461 Ut
2369 4405 2722 4461 Tillemontio
2743 4404 3144 4474 adstipulamur
3169 4405 3370 4460 dicenti
3402 4419 3507 4458 non
3537 4410 3676 4470 posse

2121 4522 2224 4562 nos
2279 4523 2347 4563 ex
2389 4507 2707 4564 memoratis
2753 4505 2913 4562 Pauli
2965 4506 3235 4563 encomiis
3283 4507 3518 4576 aliquam
3563 4487 3699 4556 anuli.

2117 4618 2306 4662 notam
2337 4609 2604 4673 mutuari,
2647 4607 2724 4662 ita
2754 4607 2830 4661 illi
2867 4607 3216 4677 acquiescere
3246 4623 3359 4661 non
3408 4613 3679 4675 possumus

2120 4709 2337 4780 putanti
2369 4709 2621 4764 encomia
2653 4708 2744 4763 illa
2779 4707 2972 4762 haberi
3001 4707 3056 4762 in
3095 4707 3318 4761 liomilia
3354 4707 3441 4761 cui
3487 4701 3680 4762 titulus,

2125 4810 2322 4876 Quales
2354 4810 2609 4866 ducenda:
2641 4812 2749 4864 sint
2777 4824 2991 4876 uxores,
3014 4809 3105 4864 ubi
3127 4817 3506 4880 argumentum
3528 4801 3681 4865 aliud,

2125 4930 2290 4983 quam
2322 4917 2570 4971 encomia
2602 4914 2780 4980 Pauli,
2807 4916 3067 4972 nimirum
3096 4917 3148 4970 id
3172 4915 3316 4986 quod
3346 4913 3502 4968 titulo
3528 4921 3684 4964 enun-

2128 5019 2315 5082 tiatur,
2341 5018 2664 5088 proponitur
2689 5034 2702 5069 :
2732 5015 2934 5072 Paulus
2966 5033 3098 5072 vero
3132 5016 3307 5071 obiter
3332 5021 3541 5068 tantum
3569 5008 3683 5062 hinc

2125 5129 2180 5175 et
2223 5119 2347 5174 inde
2382 5118 2656 5172 laudatur.
2696 5118 2767 5170 At
2809 5115 3062 5172 encomia
3102 5115 3255 5170 Pauli
3293 5128 3416 5183 quae
3461 5111 3684 5180 Chryso-

2127 5231 2342 5277 stomus
2381 5218 2437 5274 in
2457 5219 2559 5274 hac
2583 5219 2848 5274 concione
2866 5226 3153 5282 memorat,
3181 5216 3409 5272 Paulum
3441 5213 3521 5268 vel
3539 5209 3682 5265 unice

2129 5325 2210 5380 vel
2230 5325 2499 5394 przeeipue
2516 5331 2794 5393 spectasse
2811 5320 3083 5375 videntur.
3102 5318 3178 5373 En
3196 5311 3563 5389 Chrysostomi
3583 5323 3683 5361 vcr-

2131 5427 2196 5480 ba
2223 5445 2237 5480 :
2268 5423 2468 5496 Πρὼην
2491 5423 2621 5492 γοῦν
2648 5420 2805 5494 ἡμῶν
2832 5419 3286 5490 ἐγκωμιαζόντων
3312 5416 3403 5469 τὸν
3433 5409 3680 5485 μακάριον

2131 5521 2367 5588 Παῦλον,
2391 5522 2566 5585 οὕτως
2589 5522 2972 5593 ἐσκιρτήσατε,
3003 5520 3080 5585 ὡς
3118 5519 3280 5574 αὐτὸν
3299 5514 3526 5588 ὁρῶντες
3557 5520 3681 5574 παρ-

2127 5627 2324 5680 όντα...
2361 5625 2470 5678 Καὶ
2505 5623 2807 5694 ἐϐουλόμην
2856 5622 2954 5694 μὲν
2987 5622 3068 5684 εἰς
3107 5620 3206 5692 τὴν
3256 5615 3422 5686 αὐτὴν
3449 5608 3681 5665 ὑπόθεσιν

2130 5726 2284 5802 [697]
2317 5725 2618 5800 καταὸῇναι
2644 5724 2740 5780 καὶ
2766 5724 3025 5796 τήμερον,
3056 5721 3192 5777 ἀλλὰ
3227 5717 3359 5790 πρὸς
3382 5717 3540 5787 ἕτερα
3563 5721 3680 5802 xor:
