3958 6384
345 392 450 452 951

344 480 623 572 ποσότητα
660 503 917 566 πίστεως.
936 499 1108 555 Πόθεν
1131 500 1241 573 γάρ
1266 502 1448 576 ἴσμεν,
1481 504 1605 559 εἰπέ
1628 522 1738 577 μοι,
1760 519 1939 576 παρα-

342 582 518 644 καλῶ.
545 583 723 648 ποίοις
753 585 960 656 ῥήμασι
985 587 1355 658 κατηγορήσει
1387 586 1605 654 ἑαυτοῦ,
1630 587 1664 660 ἢ
1691 587 1785 641 καὶ
1810 587 1961 641 ἀπο--

342 668 638 739 λογήσεται
673 668 731 722 ἐν
783 667 999 739 ἡμέρᾳ,
1035 668 1125 721 ὅτε
1160 668 1343 739 μέλλει
1384 670 1414 723 ό
1458 669 1592 735 Θεὸς
1637 670 1845 742 κρίνειν
1872 669 1942 724 τὰ

343 750 569 823 κρυπτά
613 748 724 804 τῶν
774 749 1118 821 ἁνθρώπων;
1165 751 1376 817 Ὄντως
1428 752 1827 826 ἀνεξερεύνητα
1871 753 1941 808 τά

343 835 593 906 κρίματα
625 831 814 898 αὐτοῦ,
846 832 941 885 καὶ¹
973 832 1371 904 ἀνεξιχνίαστοι
1402 837 1458 890 αἱ
1492 836 1599 891 ὁδοὶ
1627 837 1813 891 αὐτοῦ.
1843 839 1943 905 Τίς

342 920 458 988 γὰρ
497 916 654 986 ἔγνω
689 915 843 971 νοῦν
871 918 1097 984 Κυρίου
1118 955 1133 979 .
1169 916 1208 987 ἣ
1250 918 1345 986 τίς
1380 919 1729 990 σύμϐουλος
1752 920 1941 976 αὑτοῦ

341 999 583 1070 ἐγένετο
599 1013 619 1062 ;
648 999 801 1069 Τάχα
829 998 1007 1062 οὐδεὶς
1029 998 1089 1065 ἐξ
1116 1001 1298 1072 ήμῶν,
1347 1002 1644 1076 ἀγαπητοὶ,
1673 1004 1941 1075 ἠξιῶσθαι

346 1082 728 1155 βαπτίσματος
761 1083 956 1147 οἴεται,
986 1083 1166 1148 οὐδεὶς
1198 1085 1487 1140 ἐπίσταται
1518 1087 1701 1157 κρίσιν
1726 1087 1946 1159 μέλλου-

346 1182 450 1220 σαν
489 1164 738 1234 γίνεσθαι
772 1164 1015 1220 πώποτε.
1064 1167 1130 1220 Τί
1181 1167 1327 1237 λέγω
1368 1169 1599 1242 κρίσιν;
1648 1171 1813 1225 αὑτὸν
1851 1172 1943 1225 τὸν

346 1248 579 1303 θάνατον
605 1248 703 1302 καὶ
728 1247 828 1320 τὴν
853 1250 920 1303 ἐκ
951 1249 1045 1304 τοῦ
1078 1250 1332 1322 σώματος
1363 1253 1541 1318 ἔξοδον
1566 1255 1942 1329 ἡγνοήσαμεν,

342 1333 415 1387 ἐκ
441 1332 540 1403 τῆς
579 1332 970 1405 ἐπισκηψάσης
1006 1334 1155 1405 ἡμᾶς
1199 1336 1506 1408 φρενίτιδος
1540 1337 1650 1391 τῶν
1691 1337 1786 1392 τοῦ
1826 1338 1943 1410 βίου

345 1416 715 1488 πραγμάτων.
775 1418 1078 1489 Ἀπόστητε
1110 1418 1208 1472 τοῦ
1244 1420 1489 1474 τοιούτου
1534 1421 1730 1488 κακοῦ,
1760 1441 1942 1495 παρα-

346 1501 521 1557 καλῶ.
572 1502 704 1557 Ἰδοὺ
745 1500 892 1571 λέγω
938 1505 1033 1557 καὶ
1070 1503 1520 1577 διαμαρτύρομαι
1562 1506 1795 1562 ἐνώπιον
1849 1508 1944 1562 τοῦ

345 1585 486 1639 Θεοῦ
518 1585 611 1639 καί
639 1585 747 1638 τῶν
770 1585 1042 1639 ἐκλεκτῶν
1076 1587 1327 1657 ἀγγέλων
1346 1629 1361 1654 ,
1390 1589 1465 1653 ὡς
1495 1591 1734 1661 μεγάλου
1767 1592 1941 1647 κακοῦ

348 1670 446 1724 καὶ
487 1669 660 1740 πυρὸς
707 1669 1013 1740 ἀνηκέστου
1057 1671 1352 1740 γενήσεται
1391 1673 1524 1743 ἡμῖν
1570 1674 1628 1728 ἐν
1673 1677 1740 1746 τῇ
1789 1674 1943 1747 [696]

347 1754 535 1826 ἡμέρᾳ
559 1756 658 1823 τῆς
685 1753 919 1825 κρίσεως
943 1754 1135 1807 αῐτιον.
1157 1755 1217 1807 El
1238 1754 1346 1827 γὰρ
1373 1757 1432 1809 ἐν
1461 1759 1527 1828 τῇ
1554 1759 1896 1830 παραστάσει
1913 1770 1940 1800 ι

348 1839 461 1891 τῶν
520 1836 808 1908 παρθένων
852 1838 981 1901 τοὺς
1045 1837 1189 1909 μετά
1256 1838 1519 1912 λαμπρᾶς
1566 1842 1807 1906 πίστεως
1849 1843 1942 1896 καὶ

349 1921 711 1994 φαῶρότητος
744 1920 862 1991 βίου
885 1920 1174 1992 ζήσαντας,
1201 1922 1278 1989 ὼς
1310 1923 1475 1978 αὑτοῦ
1510 1924 1844 1999 θεωροῦντος
1870 1925 1941 1980 τὰ

415 2088 436 2114 ⁸
455 2090 610 2144 Vatic.
632 2097 691 2156 τῇ
718 2091 970 2157 παρουσίᾳ.

1507 390 1576 448 IN
1614 391 2002 449 KALENDAS.
2027 424 2095 436 ——
2122 388 2465 450 MONlTUM.

3524 388 3629 442 952

2043 499 2183 574 ἔργα
2206 498 2385 553 αὐτῶν
2406 497 2503 553 τοῦ
2535 497 2647 553 τῶν
2691 497 2830 553 ὅλων
2856 492 3151 564 Δεσπὸτου,
3185 497 3501 568 ἀλλοτρίους
3532 500 3629 556 τοῦ

2041 583 2332 656 νυμφῶνος
2363 582 2451 638 διὰ
2481 584 2544 637 τὸ
2572 582 2899 656 ἀσυμπαθὲς
2931 582 3208 654 ἐποίησεν,
3235 583 3354 645 πῶς
3381 585 3563 656 ἡμεῖς,
3581 586 3633 640 ol

2043 668 2187 724 κατά
2215 670 2396 722 πᾶσαν
2433 667 2620 722 ἄδειαν
2667 667 3034 739 διαιτώμενοι,
3072 668 3170 722 καὶ
3209 666 3457 738 ἀνηλεῶς
3520 670 3636 734 τοῖς

2042 751 2335 824 ὁμοφύλοις
2365 751 2826 824 προσφερόμενοι,
2858 751 3136 822 σωτηρίας
3166 750 3521 822 ἀξιωθῶμενς
3544 752 3637 806 Διὸ

2042 835 2234 905 δέομαι
2287 835 2475 906 ὑμῶν,
2517 834 2593 907 μὴ
2653 835 2950 906 παρέργως
3003 834 3113 887 τῶν
3154 832 3414 888 τοιούτων
3461 835 3637 904 λόγων

2043 919 2337 992 ἀκούσητε.
2370 920 2452 975 Ί¹ἀ
2502 920 2612 993 γὰρ
2662 919 2914 992 αἱρετικὰ
2962 918 3244 991 δόγματα,
3293 921 3363 973 τὰ
3399 920 3529 992 παρ’
3562 914 3639 974 ὧν

2045 1003 2429 1075 παρελάϐομεν
2448 1043 2463 1067 ,
2493 1003 2914 1075 ἀναθεματίζειν
2953 1003 3085 1074 χρὴ.
3124 1003 3219 1057 καὶ
3241 1002 3312 1058 τὰ
3338 1003 3509 1075 ἀσεδῆ
3551 1005 3637 1059 δό-

2044 1103 2234 1156 γματα
2266 1086 2528 1158 ἐλέγχειν,
2548 1088 2729 1141 πᾶσαν
2753 1086 2810 1141 δὲ
2838 1086 3002 1156 φειδὼ
3026 1086 3328 1159 ἀνθρώπων
3345 1087 3638 1155 ποιεῖσθαι,

2046 1172 2142 1225 καὶ
2174 1171 2432 1243 εὔχεσθαι
2468 1171 2610 1243 ὑπὲρ
2642 1172 2743 1242 τῆς
2783 1171 2966 1226 αὐτῶν
2996 1172 3296 1243 σωτηρίας.
3334 1174 3553 1227 Γένοιτο
3579 1174 3640 1227 δὲ

2047 1256 2257 1319 πάντας
2281 1256 2428 1326 ἡμᾶς
2457 1255 2559 1325 τῆς
2588 1272 2655 1307 πε
2666 1256 2719 1327 pl.
2754 1255 2848 1308 τὸν
2873 1254 3007 1309 Θεὸν
3042 1255 3137 1309 καὶ
3161 1256 3390 1325 πλησίον
3416 1258 3642 1327 ἀγάπης

2046 1339 2441 1411 ἀντεχομένους
2460 1380 2475 1401 ,
2512 1340 2606 1393 καὶ
2634 1338 2743 1393 τῶν
2771 1338 3109 1393 δεσππικῶν
3146 1339 3375 1396 ἐντολῶν
3406 1343 3507 1413 τὴν
3551 1345 3643 1413 ἐρ-

2046 1422 2248 1491 γασίαν
2276 1422 2642 1494 πληροῦντας,
2670 1421 2809 1494 μετὰ
2836 1422 3023 1486 ἐλέους
3040 1426 3136 1477 καὶ
3153 1423 3395 1495 φαιδρῶν
3420 1424 3644 1495 λαμπά-

2046 1505 2152 1559 δων
2179 1506 2489 1578 ἀπαντῆσαι
2516 1508 2574 1560 ἐν
2601 1506 2787 1579 ἡμέρᾳ
2817 1507 2917 1579 τῆς
2955 1506 3307 1571 ἀναστάσεως
3333 1509 3361 1547 b
3388 1509 3539 1579 αὑτῷ
3558 1509 3644 1580 ,τῷ

2048 1590 2358 1669 ἐπουρανίῳ
2385 1591 2625 1663 νυμφίῳ,
2653 1591 3069 1664 προσφέροντας
3090 1592 3243 1664 αὐτῷ
3271 1593 3560 1660 πλείστους
3584 1598 3645 1650 ἐν

2047 1672 2175 1746 δόξῃ
2196 1674 2580 1745 ὠφεληθέντας
2617 1677 2683 1728 ἐκ
2708 1674 2808 1747 τῆς
2846 1674 3005 1746 ἡμῶν
3044 1675 3393 1747 συμπαθείας
3412 1718 3426 1744 ,
3457 1679 3645 1750 χάριτι

2048 1760 2144 1813 καὶ
2164 1759 2549 1833 φιλανθρωπίᾳ
2571 1759 2737 1815 αὑτοῦ
2759 1761 2850 1814 τοῦ
2878 1761 3200 1831 μονογενοῦς
3222 1761 3349 1815 Υίοῦ
3371 1763 3465 1816 τοῦ
3481 1764 3642 1831 Θεοῦ,

2052 1843 2171 1915 μεθ’
2199 1838 2259 1898 οὗ
2287 1843 2366 1914 τῷ
2401 1832 2578 1917 Πατρὶ
2602 1843 2729 1910 δόξα
2763 1843 2880 1914 ἅμα
2903 1843 2982 1915 τῷ
3020 1845 3162 1918 ἁγίῳ
3206 1832 3486 1918 Πνεύματι
3506 1887 3521 1912 ,
3549 1847 3645 1903 νῦν

2048 1926 2143 1982 καὶ
2172 1927 2279 1995 ἀεὶ,
2311 1928 2405 1982 καὶ
2425 1928 2505 1993 είς
2539 1927 2763 1991 αἰῶνας.
2809 1928 3000 1999 Ἀμήν.

2112 2097 2143 2138 b
2168 2096 2323 2148 Valic.
2347 2105 2431 2159 τῆς
2453 2103 2672 2168 κρίσεως.

389 2396 3615 2453 Mm

1840 2651 1901 2712 Μ
1912 2651 2248 2717 ONITUM.

368 2924 397 2932 .—

384 3189 676 3262 επείγοντα
698 3194 833 3265 ἡμῖν
855 3196 883 3249 ό
906 3193 1058 3264 λόγος
1082 3193 1361 3267 ὥρμηται,
1378 3195 1447 3249 τὰ
1471 3197 1712 3269 σήμερον
1740 3193 1848 3249 ὑπὸ
1871 3194 1969 3265 τῆς

384 3293 587 3357 πόλεος
621 3294 843 3368 ἁπάσης
878 3295 1283 3370 ἁμαρτηθέντα.
1326 3297 1466 3362 Τοὺς
1509 3297 1620 3370 γὰρ
1669 3297 1969 3361 ἀκούοντας

376 3395 492 3450 τῶν
527 3398 823 3469 ἐγκωμίων
866 3398 1078 3452 Παύλου
1103 3438 1118 3462 ,
1163 3398 1432 3472 πρότερον
1476 3400 1575 3471 τῆς
1619 3400 1822 3471 ἀρετῆς
1872 3401 1969 3455 τοῦ

380 3496 600 3552 Παύλου
631 3496 881 3569 ζηλωτὰς
913 3496 1053 3554 εἶναι
1079 3501 1205 3573 χρὴ,
1240 3502 1337 3556 καὶ
1372 3504 1475 3574 τῆς
1517 3502 1723 3574 ταύτης
1763 3504 1969 3575 ἀκροά-

385 3615 528 3663 σεως
559 3592 817 3665 ἀξίους-1ο
841 3616 892 3657 e.
929 3600 1116 3674 Nuper
1144 3604 1309 3675 igitur
1332 3621 1451 3659 cum
1494 3604 1707 3659 beatum
1740 3604 1972 3659 Paulum

376 3701 634 3753 encomiis
658 3700 1063 3767 celebraremus,
1094 3704 1175 3757 ita
1204 3706 1590 3769 exsuttavistis,
1614 3707 1771 3777 quasi
1796 3706 1971 3777 ipsum

380 3811 695 3872 praesentem
720 3803 1061 3859 vidissetis...
1103 3804 1354 3860 Volebam
1408 3816 1586 3860 autem
1617 3806 1675 3860 in
1703 3805 1843 3861 idem
1862 3823 1967 3861 ar-

379 3912 692 3974 gumentum
720 3902 875 3956 hodie
914 3902 1228 3960 descendere
1248 3920 1269 3969 ,°
1315 3904 1406 3959 sed
1441 3904 1512 3958 ad
1536 3905 1647 3959 alia
1701 3905 1967 3976 quautam,

380 4018 506 4073 qua:
535 4003 703 4072 magis
727 4013 935 4073 urgent,
965 4007 1141 4061 oratio
1169 4014 1354 4061 nostra
1386 4007 1711 4076 provehitur,
1762 4008 1815 4062 in
1846 4008 1968 4078 qui-

383 4103 681 4157 busatota
729 4103 885 4159 hodie
935 4106 1150 4161 civitate
1200 4117 1471 4177 peccatur.
1525 4108 1632 4164 Eos
1682 4111 1823 4164 enim
1879 4112 1973 4180 qui

383 4206 572 4261 laudes
602 4205 769 4261 Pauli
791 4207 980 4261 audire
1038 4208 1281 4277 cupiunt,
1332 4209 1485 4278 prius
1536 4210 1749 4265 virtutis
1807 4208 1970 4264 Pauli

382 4306 603 4362 tumulos
628 4322 740 4362 esse
779 4314 1004 4377 oportet,
1038 4315 1090 4361 et
1126 4306 1433 4377 huiusmodi
1480 4309 1729 4363 concione
1758 4308 1967 4379 dignos.

380 4407 487 4466 llic
516 4409 670 4467 vides
697 4410 1018 4467 concionem
1054 4409 1391 4473 memorari,
1425 4410 1587 4481 cujus
1647 4410 1970 4483 hypothesis

381 4528 486 4570 seu
519 4523 906 4584 argumentum
946 4521 1103 4568 erant
1131 4511 1284 4566 Pauli
1318 4510 1546 4577 laudes;
1599 4517 1763 4581 atque
1790 4509 1971 4582 Chry-

388 4622 695 4669 soslomum
729 4612 969 4683 idipsum
1027 4620 1410 4679 argumentum
1444 4612 1568 4666 aliis
1600 4614 1653 4666 in
1685 4610 1971 4667 concinni-

384 4718 493 4773 hus
521 4725 767 4788 repetere
788 4716 1173 4773 destinavisse.
1229 4714 1385 4782 Quod
1445 4729 1570 4769 cum
1623 4716 1968 4786 exploratum

385 4819 482 4886 sit,
512 4819 644 4890 quid
675 4817 823 4874 aliud
875 4818 967 4872 hic
1021 4815 1250 4873 indicari
1281 4824 1483 4886 potest,
1537 4831 1703 4884 quam
1762 4825 1971 4885 septem

382 4920 495 4977 illa
547 4919 618 4976 de
674 4918 832 4975 Pauli
865 4919 1122 4974 laudibus
1155 4918 1414 4980 homiliaa,
1447 4931 1588 4987 quas
1638 4915 1782 4972 infra
1832 4916 1974 4971 inter

378 5039 672 5081 sermones
704 5022 1069 5093 panegyricos
1095 5020 1363 5075 edemus?
1392 5017 1502 5074 Illa:
1554 5026 1735 5074 autem
1793 5018 1973 5073 homi-

376 5123 470 5180 lite
498 5124 704 5181 nullam
760 5137 961 5194 prazse
1020 5119 1207 5176 ferunt
1267 5120 1531 5191 temporis
1584 5127 1810 5174 notam:
1868 5118 1974 5174 hoc

388 5239 563 5279 unum
594 5239 661 5279 ex
692 5208 816 5277 hac
845 5221 913 5278 de
945 5220 1205 5275 Kalendis
1257 5219 1484 5274 homilia
1541 5218 1813 5289 expiscari
1848 5233 1974 5287 pos-

385 5341 605 5392 sumus,
636 5322 784 5394 quod
815 5322 985 5378 etiam
1014 5334 1081 5376 ex
1112 5328 1309 5391 quarta
1367 5320 1424 5375 in
1477 5319 1707 5374 Paulum
1744 5319 1969 5374 homilia

390 5425 777 5489 conﬁrmatur,
816 5422 987 5479 fuisse
1016 5421 1159 5485 illas,
1191 5419 1417 5490 perinde
1466 5430 1632 5489 atque
1690 5419 1972 5475 homiliam

388 5525 460 5581 de
487 5524 769 5588 Kalendis,
806 5524 1109 5581 Antiochia:
1143 5522 1402 5587 habitas;
1450 5536 1576 5576 nam
1620 5520 1776 5575 initio
1810 5521 1974 5591 hujus

390 5625 633 5681 homiliaa
660 5624 812 5687 dicit.
868 5623 1209 5695 episcopum,
1266 5637 1459 5691 nempe
1496 5621 1839 5687 Flavianum,
1873 5622 1968 5677 ab-

387 5737 597 5784 sentem
629 5736 761 5782 tunc
794 5725 986 5789 fuisse,
1011 5741 1135 5795 eum
1175 5724 1290 5778 lucc
1321 5723 1407 5778 ille
1437 5723 1776 5793 praedicaret.

439 5828 637 5913 ‘Aliam
685 5827 893 5901 profert
952 5826 1341 5883 Tillemontins
1398 5823 1807 5895 conjecturam,
1859 5839 1967 5897 qua

2074 3196 2217 3253 hanc
2245 3196 2311 3251 de
2338 3195 2598 3253 Kalendis
2639 3198 2922 3253 homiliam
2957 3198 3010 3254 in
3044 3199 3383 3254 annum'587
3415 3198 3654 3256 conferri

2073 3312 2235 3368 pos~e
2264 3298 2619 3369 probabiliter
2650 3299 2950 3355 existimat.
2992 3298 3283 3355 llomiliam
3314 3300 3547 3369 primam
3583 3299 3654 3356 de

2075 3398 2318 3466 Lazaro,
2356 3398 2556 3469 inquit,
2597 3399 2907 3469 insequenti
2960 3407 3086 3467 post
3118 3399 3398 3454 homiliam
3445 3398 3513 3452 de
3545 3396 3657 3452 Ka-

2074 3496 2251 3554 lendis
2303 3499 2413 3564 die,
2454 3498 2569 3554 sive
2602 3496 2844 3553 secunda
2900 3493 3170 3561 Januarii,
3211 3497 3452 3551 habitam
3486 3494 3658 3551 fuisse

2074 3611 2285 3658 certum
2308 3611 2415 3658 est.
2439 3602 2553 3659 Cur
2582 3610 2764 3657 autem
2798 3601 3040 3659 secunda
3067 3598 3336 3667 Januarii,
3365 3607 3655 3670 postquam

2075 3702 2253 3773 prima
2292 3702 2423 3758 anni
2459 3703 2547 3759 die
2588 3702 2703 3773 jam
2738 3702 3065 3757 concionem
3119 3700 3403 3765 habuerat,
3458 3701 3655 3753 iterum

2075 3802 2508 3857 eoneionaturus
2541 3800 2738 3856 fuisset
2771 3814 2882 3855 non
2923 3799 3218 3863 videmus;
3257 3799 3363 3853 nisi
3417 3799 3539 3853 dies
3570 3799 3661 3854 ille

2076 3912 2386 3960 conventus
2420 3901 2637 3967 fuisset,
2679 3900 2941 3955 nimirum
2967 3908 3062 3955 aut
3106 3899 3392 3955 sabbatum
3424 3908 3521 3954 aut
3554 3899 3659 3954 Do-

2076 4004 2300 4069 minica,
2334 4003 2536 4073 quibus
2565 4001 2874 4057 certissime
2899 3999 3094 4055 diebus
3120 3999 3362 4054 collectae
3383 3998 3659 4052 habeban-

2075 4110 2207 4158 tur:
2243 4102 2396 4172 atqui
2426 4116 2571 4155 anno
2598 4098 2703 4156 587
2746 4098 2866 4154 dies
2904 4098 3145 4154 secunda
3179 4095 3425 4150 Januarii
3468 4096 3659 4152 incidit

2075 4206 2132 4260 in
2193 4205 2503 4271 sabbatum,
2559 4201 2796 4271 indeque
2835 4198 3207 4255 verisimiliter
3260 4196 3552 4267 conjicitur
3600 4199 3657 4253 in

2074 4324 2280 4363 annum
2314 4306 2419 4362 387
2451 4304 2839 4361 conferendam
2876 4316 2998 4358 esse
3043 4301 3184 4355 hanc
3220 4299 3522 4354 bomiliam.
3555 4299 3659 4354 Le-

2073 4408 2300 4464 vissima
2333 4422 2466 4464 sane
2496 4405 2812 4476 conjectura
2842 4422 2855 4459 :
2888 4418 3014 4457 nam
3042 4416 3186 4472 saepe
3225 4401 3657 4472 Chrysostomus

2075 4505 2254 4559 tribus
2311 4513 2619 4573 quatuorve
2680 4499 3195 4571 consequentibus,
3259 4499 3371 4554 imo
3424 4499 3656 4570 singulis

2074 4604 2431 4662 hebdomadas
2491 4604 2686 4660 diebus
2761 4604 3127 4662 concinnatus
3189 4599 3654 4671 deprehenditur:

2075 4722 2253 4777 neque
2283 4721 2583 4777 possumus
2611 4704 2692 4757 vel
2725 4713 2931 4759 certam
2986 4702 3069 4758 vel
3118 4703 3410 4758 admodum
3457 4702 3654 4771 proba-

2072 4807 2236 4862 bilem
2280 4821 2502 4861 causam
2536 4803 2781 4875 proferre
2810 4818 2912 4859 cur
2957 4812 3051 4857 aut
3087 4803 3271 4871 plures
3317 4817 3413 4871 per
3443 4801 3653 4855 hebdo-

2072 4906 2291 4962 madam
2323 4914 2420 4960 aut.
2466 4904 2773 4975 pauciores,
2805 4910 2900 4957 aut
2934 4904 3304 4969 continuatas,
3338 4909 3435 4957 aut
3473 4902 3645 4956 inter-

2072 5005 2274 5062 missas
2304 5004 2598 5061 conciones
2628 5002 3059 5073 Chrysostomus
3086 4999 3357 5065 habuerit,
3414 5006 3476 5053 ut
3540 4999 3660 5067 ipse

2075 5107 2460 5166 Tillemontius
2494 5123 2603 5165 non
2631 5106 2797 5161 semel
2842 5104 3067 5169 fatetur,
3100 5112 3155 5157 et
3184 5103 3432 5172 pluribus
3473 5101 3655 5155 decla-

2073 5210 2288 5265 rabitur
2327 5209 2382 5263 in
2414 5206 2537 5261 Vita
2580 5203 2984 5277 Chrysostomi.
3021 5201 3312 5257 llomilium
3354 5202 3537 5272 itaque
3587 5201 3659 5255 de

2076 5309 2334 5365 Kalendis
2363 5308 2469 5363 hoc
2501 5307 2624 5363 loco
2660 5306 2941 5376 ponimus,
2980 5304 3110 5374 quia
3145 5318 3253 5357 non
3280 5302 3547 5371 aptiorem
3578 5300 3660 5356 lo-

2072 5430 2197 5471 cum
2223 5411 2549 5483 eonsignare
2579 5409 2845 5464 valemus.

2145 5513 2653 5585 lnterpretationem
2703 5526 2834 5566 vero
2895 5508 3124 5564 Joannis
3169 5506 3334 5561 Chcci
3367 5505 3661 5560 Cantabri-

2079 5616 2303 5689 giensis,
2363 5614 2617 5686 plurimis
2670 5613 2725 5669 in
2759 5614 2895 5671 locis
2950 5613 3295 5687 castigatam,
3350 5625 3381 5666 e
3435 5609 3658 5681 regione

2081 5723 2253 5779 Grrcei
2291 5730 2469 5779 textus
2496 5720 2770 5793 ponimus.
