3958 6446
453 356 561 414 955

453 472 588 545 alios
615 471 718 527 hoc
747 469 922 525 lacere
957 465 1313 539 permittatis.
1344 465 1457 521 sive
1503 463 1557 519 hi
1604 463 1783 519 farmili
1824 463 2030 530 vestri,

453 564 568 625 sive
609 561 788 625 amici,
816 561 931 616 sive
972 559 1130 614 vicini
1169 556 1388 615 fuerim.
1420 556 1535 611 Non
1579 555 1771 611 audisti
1813 555 2032 611 Paulum

454 655 755 721 dicenteln:
797 650 921 706 Dies
986 649 1257 704 observatis
1310 656 1356 701 ct
1407 662 1598 701 mensas
1620 687 1638 715 ,
1687 655 1734 701 et
1781 655 2030 717 tempora,

453 757 500 803 et
529 761 707 799 annos.
738 743 939 809 Metuo,
972 759 1033 797 ne
1060 743 1251 813 frustra
1292 739 1343 793 in
1390 739 1526 797 vobis
1546 733 2030 813 labqrttuerim(Ga-

454 839 546 910 tau
580 839 631 890 ιι.
669 835 756 890 to.
789 835 900 903 il).
1934 833 1949 847 ο

526 927 880 999 Auspiciorum
902 933 950 995 et
975 924 1198 995 ominum
1219 924 1432 979 vanitas.
1465 952 1535 963 —
1564 922 1810 993 Alioquin
1848 933 2031 978 extre-

455 1040 555 1077 ma:
583 1020 682 1075 hoc
711 1029 792 1074 est
819 1017 1086 1082 amentiae,
1137 1027 1352 1103 propter
1377 1030 1539 1089 unum
1568 1015 1707 1081 diem
1728 1055 1742 1079 ,
1775 1015 1819 1069 si
1848 1013 2028 1097 auspi-

449 1124 599 1168 catus
625 1111 800 1175 fucrit,
832 1125 927 1179 per
956 1109 1262 1163 universum
1307 1106 1409 1160 hoc
1457 1115 1767 1175 exspectare
1794 1120 2025 1162 aurium:

448 1219 622 1275 neque
665 1201 914 1270 amentia:
943 1200 1114 1263 solum
1138 1238 1155 1266 ,
1181 1197 1275 1252 sed
1301 1196 1575 1252 diabolica:
1604 1195 1876 1265 cujusdam
1905 1194 2026 1251 efii-

446 1280 658 1350 cientia:
682 1292 938 1364 judicium
967 1301 1069 1358 est,
1088 1306 1195 1353 non
1227 1289 1442 1361 proprio
1467 1289 1640 1358 studio
1665 1301 1719 1344 et
1743 1290 2026 1357 alacritati,

445 1385 538 1453 sed
564 1382 885 1456 quibusdam
918 1382 1125 1439 dierum
1153 1380 1554 1437 circuitionibus
1582 1379 1742 1443 vitam
1787 1391 2026 1456 nostram

443 1476 842 1549 commendare.
887 1474 1211 1536 Fortunatus
1278 1472 1369 1534 tibi
1423 1470 1476 1526 in
1513 1472 1815 1536 universum
1855 1486 2026 1537 annus

442 1571 565 1636 erit,
591 1583 696 1623 non
722 1566 770 1622 si
800 1566 852 1621 in
885 1564 1154 1621 novilunio
1178 1563 1356 1619 ebrius
1378 1561 1541 1617 fueris
1560 1604 1574 1629 ,
1606 1562 1699 1617 sed
1726 1563 1769 1616 si
1794 1564 1845 1616 in
1870 1564 2024 1629 novi-

443 1662 590 1717 lnuio
615 1669 669 1716 et
692 1672 1011 1729 unoquoque
1034 1656 1123 1712 die
1147 1671 1265 1727 qua:
1289 1655 1397 1710 Deo
1423 1655 1639 1725 probata
1666 1663 1790 1710 sunt
1814 1654 2022 1710 feceris.

447 1754 569 1820 Dies
590 1752 733 1808 enim
771 1750 941 1805 bonus
960 1757 1013 1804 et
1042 1748 1212 1803 malus
1233 1756 1346 1813 est,
1376 1762 1478 1801 non
1501 1746 1728 1817 quadam
1760 1746 1860 1801 sibi
1898 1763 2023 1816 [ποθ

439 1846 555 1916 pria
584 1851 769 1898 natura
789 1883 805 1907 ,
839 1840 970 1896 nihil
994 1841 1136 1895 enim
1164 1839 1282 1895 dies
1310 1854 1338 1892 a
1368 1838 1454 1894 die
1479 1837 1686 1904 din‘ert;
1719 1837 1814 1893 sed
1841 1848 2025 1908 nostra

440 1939 522 1993 vel
541 1936 808 2008 diligentia
830 1974 847 2003 ,
869 1934 955 1990 vel
984 1933 1211 2004 ignavia.
1238 1932 1292 1988 Si
1317 1931 1576 2002 justitiam
1602 1928 1794 1985 feceris
1811 1971 1827 1996 ,
1851 1930 2025 1985 bonus

441 2030 532 2085 tihi
572 2028 688 2085 dies
726 2028 863 2086 erit:
886 2027 970 2085 sin
1015 2033 1287 2096 peceatum
1326 2023 1721 2094 designaveris,
1749 2022 1921 2078 malus
1970 2030 2026 2078 et

439 2120 681 2191 supplicii
710 2119 915 2189 plenus.
946 2117 1001 2174 Si
1033 2118 1131 2172 ista
1162 2115 1481 2181 meditatus,
1507 2114 1551 2170 si
1588 2114 1658 2169 ita
1688 2114 1865 2174 animo
1890 2113 2021 2169 alie-

438 2223 559 2267 ctus
584 2209 784 2278 fueris,
814 2216 869 2265 et
899 2222 1084 2279 preces
1121 2207 1597 2277 eleemosyuasque
1638 2204 1874 2276 quotidie
1923 2204 2021 2260 ad-

330 2360 343 2365 _
439 2284 705 2371 bibueris,
765 2300 1089 2356 fortunatum
1143 2298 1364 2355 habebis
1439 2288 1609 2354 totum
1661 2313 1892 2354 annum:
1937 2299 2023 2354 sin

436 2393 688 2449 virtutem
743 2392 1078 2463 neglexeris.
1132 2401 1185 2446 et
1235 2390 1396 2445 initiis
1449 2390 1713 2445 mensium
1761 2403 1825 2444 ac
1869 2390 2022 2445 statis

382 2517 390 2533 ι
442 2485 634 2541 diebus
679 2483 842 2536 animi
879 2483 950 2537 tui
981 2480 1389 2536 oblectationem
1438 2478 1872 2548 concredideris,
1900 2495 2020 2534 om-

386 2564 394 2572 ’
436 2576 582 2630 nium
604 2589 725 2644 qua:
751 2573 818 2627 ad
848 2582 899 2627 te
928 2572 1194 2642 pertinent
1222 2570 1395 2626 inanis
1426 2572 1535 2625 eris
1563 2570 1844 2626 bonorum.
1867 2569 2020 2638 Quod

434 2654 557 2725 cum
585 2667 827 2722 diabolus
850 2665 1163 2737 perspiciat,
1191 2674 1246 2720 et
1275 2663 1484 2719 studeat
1513 2673 1723 2720 nostros
1750 2665 1800 2718 iu
1824 2665 2021 2721 virtute

442 2758 654 2813 labores
693 2757 971 2826 frangere,
999 2764 1055 2810 et
1102 2754 1266 2809 animi
1292 2754 1615 2809 alacritatem
1639 2755 1979 2826 exstinguere
2001 2796 2016 2822 ,

441 2858 552 2903 tum
610 2849 801 2912 bonos,
832 2855 943 2900 tum
993 2846 1160 2900 malos
1213 2845 1549 2915 negotiorum
1607 2845 1784 2900 exitus
1834 2845 2019 2902 diebus

433 2939 742 3000 adscribere
789 2953 889 2993 nos
930 2937 1105 2995 docet.
1135 2937 1268 2993 Nam
1311 2938 1401 3008 qui
1442 2936 1543 2993 sibi
1593 2938 1692 3008 ipsi
1739 2940 2022 3009 persuadet

433 3032 577 3086 diem
602 3030 684 3086 vel
709 3028 907 3084 bonum
935 3029 1019 3084 vel
1045 3028 1241 3084 malum
1271 3043 1423 3094 esse,
1447 3044 1625 3105 neque
1650 3029 1702 3084 iu
1741 3031 1881 3086 malo
1931 3031 2020 3088 die

435 3121 695 3176 bonorum
720 3120 974 3175 factorum
1000 3134 1184 3175 curam
1211 3118 1462 3186 habebit,
1488 3121 1637 3189 quasi
1666 3132 1885 3190 propter
1911 3121 2017 3178 diei

434 3212 803 3275 necessitatem
833 3211 1025 3266 frustra
1057 3209 1348 3265 laborando
1370 3211 1504 3265 nihil
1545 3212 1821 3281 proficiat:
1847 3228 2019 3284 neque

431 3313 616 3368 contra
662 3303 714 3357 in
742 3302 887 3359 bono
908 3301 997 3358 die
1037 3301 1325 3372 quidquam
1359 3301 1551 3368 faciet,
1578 3303 1765 3373 quasi,
1796 3314 2017 3375 propter

433 3396 629 3453 bonum
656 3391 761 3449 diei
792 3407 1101 3449 successum
1121 3434 1136 3458 ,
1167 3393 1380 3463 propria
1410 3394 1653 3448 socordia
1683 3408 2016 3465 nequaquam

430 3486 674 3547 licdatur.
702 3484 792 3541 Sic
818 3485 1065 3555 utrinque
1109 3498 1262 3538 suam
1308 3483 1475 3553 ipsius
1522 3484 1712 3554 prodet
1750 3486 1974 3541 salutem
1996 3527 2011 3553 ,

430 3588 592 3648 atque
622 3575 887 3632 interdum
935 3582 995 3630 ut
1026 3574 1305 3636 inutiliter,
1348 3573 1616 3629 interdum
1648 3577 1797 3646 quasi
1825 3592 2015 3646 super-

434 3684 666 3724 vacanee
695 3667 975 3730 laborans,
1007 3666 1059 3726 iu
1108 3666 1220 3720 otio
1246 3674 1302 3720 et
1345 3666 1578 3736 nequitia
1627 3667 1792 3721 vitam
1837 3667 2012 3736 deget.

433 3760 582 3829 Quod
609 3774 731 3817 cum
756 3759 1006 3823 sciamus,
1030 3756 1228 3813 diaboli
1267 3756 1492 3811 astutias
1541 3756 1723 3827 fugere
1768 3767 2013 3828 oportet,

431 3865 487 3909 et
512 3853 653 3908 hutic
677 3852 837 3906 animi
858 3865 1074 3907 sensum
1104 3849 1393 3919 deponere,
1425 3857 1483 3905 ut
1503 3865 1675 3921 neque
1692 3849 1807 3906 dies
1827 3851 2016 3905 obser-

430 3960 651 4012 ventus,
673 3959 847 4015 neque
895 3942 1036 3998 hunc
1065 3943 1203 3998 diem
1232 3942 1553 4013 refugiamus
1577 3983 1592 4010 ,
1625 3942 1772 3997 illum
1823 3943 2016 4014 diliga-

431 4051 572 4097 mus.
600 4035 718 4091 Non
744 4035 887 4091 enim
919 4035 1091 4089 solum
1138 4041 1196 4088 ut
1224 4048 1323 4089 nos
1366 4033 1421 4088 in
1466 4033 1762 4089 socordiam
1793 4034 2013 4105 injiciat,

429 4127 525 4187 sed
548 4128 706 4183 etiam
733 4134 792 4181 ut
817 4140 978 4196 Opera
1018 4125 1110 4180 Dei
1151 4122 1357 4195 sugillet
1386 4166 1402 4191 ,
1429 4126 1542 4178 lucc
1568 4125 1736 4178 malus
1757 4125 1844 4181 ille
1894 4140 2037 4180 mo-~

430 4218 560 4274 litur
601 4217 834 4285 daemon,
866 4225 924 4273 et
972 4217 1023 4275 in
1055 4216 1380 4286 impietatem
1424 4216 1828 4287 socordiamque
1856 4216 2014 4272 simul

430 4311 636 4375 animas
660 4319 872 4365 nostras
900 4306 1208 4378 pertrahere
1229 4306 1446 4378 cogitat.

502 4402 653 4457 Nihil
679 4404 892 4469 naulum,
913 4401 1010 4455 nisi
1033 4410 1322 4471 precatum;
1342 4399 1474 4465 nihil
1491 4400 1692 4465 bonum,
1710 4400 1810 4455 nisi
1837 4400 2012 4455 uirtus.
2035 4432 2041 4438 ι

432 4523 503 4557 -τ-
529 4493 636 4549 Sed
679 4493 888 4548 resilire
927 4506 1027 4547 nos
1058 4500 1287 4567 Oportet,
1317 4499 1372 4547 et
1411 4500 1560 4545 certo
1598 4498 1851 4559 statuere,
1885 4492 2014 4547 nihil

432 4584 631 4649 malum
656 4596 775 4638 esse
795 4581 894 4637 nisi
925 4581 1197 4651 peccatum
1223 4570 1419 4649 solum,
1447 4592 1502 4636 et
1526 4581 1655 4636 nihil
1686 4582 1881 4637 bonum
1913 4583 2013 4638 nisi

431 4676 680 4733 virtutem
703 4674 892 4739 solam,
916 4682 970 4729 et
995 4684 1304 4742 perpetuum
1320 4674 1518 4728 cultum
1550 4674 1662 4729 Dei.
1694 4673 2016 4730 Oblectatio-

431 4781 555 4831 nem
581 4765 765 4831 animi,
795 4779 903 4821 non
927 4762 1179 4830 ebrietas,
1198 4764 1290 4819 sed
1321 4763 1555 4836 precatio
1578 4766 1887 4834 spiritualis,
1907 4782 2013 4822 non

428 4858 635 4925 vinum,
658 4856 752 4912 sed
777 4856 995 4911 verbum
1021 4854 1268 4910 erudiens
1293 4854 1464 4913 affert.
1499 4855 1686 4930 Vinum
1711 4858 1853 4912 enim
1882 4867 2017 4913 tem-

428 4960 713 5021 pestatem,
731 4949 952 5010 verbum
981 4948 1409 5017 tranquillitatem
1432 4958 1577 5024 creet
1606 4967 1620 5003 :
1650 4950 1779 5005 illud
1812 4952 2013 5006 tumul-

433 5026 546 5115 tum
576 5041 884 5110 introducit,
917 5041 1019 5097 hoc
1049 5039 1426 5099 turbulentiam
1455 5042 1674 5111 expellit
1701 5060 1716 5096 :
1744 5042 1874 5099 illud
1911 5043 2013 5098 ob-

428 5124 611 5192 scurat
658 5117 927 5199 mentem,
980 5134 1082 5190 hoc
1126 5134 1461 5190 obscuratam
1507 5135 1769 5203 illuminat
1819 5153 1833 5191 :
1886 5135 2013 5191 illud

430 5211 597 5303 animi
623 5214 885 5284 maereres
910 5212 999 5297 qui
1028 5233 1152 5280 ante
1181 5240 1288 5279 non
1313 5212 1520 5280 fuerant
1546 5211 1762 5291 invehit,
1798 5225 1899 5280 hoc
1920 5240 2014 5295 eos

425 5320 517 5398 qui
538 5303 731 5398 adsunt
756 5318 1019 5398 exturbat.
1050 5316 1191 5372 Nihil
1220 5317 1360 5397 enim
1389 5318 1458 5372 ita
1485 5316 1718 5372 laetitiam
1734 5317 2011 5387 gaudium--

426 5394 534 5480 que
562 5392 722 5481 parit,
760 5419 818 5465 ιιι
858 5392 975 5487 lure
1013 5393 1362 5487 philosophia:
1392 5419 1588 5487 nostra:
1614 5411 1850 5465 instituta
1880 5429 1895 5466 :
1927 5426 2013 5467 res

428 5490 722 5570 prreseutes
748 5484 1046 5580 despicere,
1077 5484 1273 5556 futuris
1300 5484 1504 5556 inhiare
1531 5518 1544 5555 :
1573 5501 1700 5556 nihil
1724 5502 2012 5569 humanum

428 5595 621 5666 stabile
658 5576 934 5664 judicare,
983 5576 1087 5649 non
1134 5593 1365 5659 divitias,
1415 5608 1521 5647 non
1569 5594 1876 5662 potentiam,
1907 5579 2014 5669 non

430 5668 683 5750 libamus;
706 5699 810 5749 non
832 5685 1123 5741 clientelas.
1156 5684 1281 5739 limc
1307 5671 1524 5741 sirecta
1546 5684 1749 5740 ratione
1778 5694 2009 5755 reputes,

429 5787 550 5852 cum
582 5773 801 5850 divitem
827 5776 1043 5844 videris,
1071 5792 1176 5832 non
1219 5786 1269 5831 te
1305 5775 1497 5830 invidia
1537 5774 1799 5849 mordebit
1828 5792 1840 5829 :
1874 5776 1919 5831 si
1958 5778 2009 5855 iu

1157 349 1216 406 s.
1255 348 1534 407 JOANNIS
1572 345 2047 406 cnuvsosrout
2080 347 2396 408 ausurae.
2423 348 2955 414 CONS’I‘ANTINOP.
3631 372 3720 429 956

2144 471 2507 535 paupertatem
2558 467 2841 536 incideris,
2887 486 2990 526 non
3047 471 3422 546 despondebis
3455 437 3744 553 animm!

2139 562 2298 623 atque
2319 554 2454 611 adeo
2482 568 2738 627 perpetuo
2766 558 2944 616 feriari
2981 571 3151 632 potes.
3184 564 3558 624 Christianum
3586 575 3714 630 enim

2138 660 2244 699 non
2277 648 2550 705 mensibus
2572 690 2589 717 ,
2617 664 2724 705 non
2750 652 3058 722 noviluniis,
3087 671 3197 711 non
3230 656 3526 716 dominicis
3548 664 3718 722 diebus

2135 731 2313 789 feriari
2350 744 2600 805 oportet:
2629 740 2724 794 sed
2773 755 2868 810 per
2902 757 3114 799 omnem
3143 746 3318 802 vitam
3361 747 3556 806 festum
3588 755 3715 812 diem

2136 824 2236 880 sibi
2280 827 2735 884 accommodatum
2781 846 2960 903 agere.
3004 838 3075 889 At
3113 836 3240 906 quis
3286 838 3367 892 illi
3414 840 3577 896 festus
3614 845 3716 901 dies

2134 919 2423 975 convenit?
2460 922 2752 977 Audiamus
2782 925 3001 982 Paulum
3021 927 3293 986 dicentem
3328 949 3343 985 :
3379 932 3562 1005 Itaque
3580 940 3715 1007 ferie-

2135 1028 2269 1092 ntur,
2301 1029 2402 1084 non
2427 1014 2481 1068 in
2509 1019 2752 1085 fermento
2775 1019 2947 1086 veteri,
2976 1036 3136 1091 neque
3158 1024 3216 1077 in
3246 1025 3499 1094 fermento
3527 1032 3715 1086 malitia

2133 1112 2180 1194 et
2209 1103 2442 1172 nequitia
2461 1121 2482 1159 :
2505 1105 2595 1159 sed
2633 1106 2688 1161 in
2720 1110 2913 1179 azymis
2950 1111 3256 1168 sinceritatis
3298 1125 3350 1170 et
3388 1118 3606 1173 veritatis
3641 1121 3708 1194 (Ι.

2133 1189 2251 1247 Cor.
2274 1194 2328 1248 5.
2359 1194 2437 1262 8).
2466 1195 2523 1250 Si
2550 1211 2677 1267 ergo
2698 1213 2883 1267 puram
2910 1199 3073 1257 habes
3091 1206 3511 1275 conscientiam,
3534 1189 3707 1268 festum

2131 1279 2273 1335 diem
2299 1298 2423 1353 ages
2449 1296 2705 1355 perpetuo
2724 1328 2739 1352 ,
2782 1287 2918 1343 bona
2943 1292 3171 1349 nutritus
3196 1310 3322 1364 spe,
3347 1307 3404 1352 et
3433 1298 3705 1359 futurorum

2132 1369 2390 1441 bonorum
2420 1374 2658 1442 perfusus
2681 1379 3065 1447 expectatione.
3109 1381 3208 1438 Sin
3249 1385 3435 1441 animo
3460 1388 3703 1459 difﬁdens,

2130 1472 2183 1516 et
2207 1463 2495 1520 sceleribus
2525 1467 2703 1523 multis
2728 1468 2989 1527 obnoxius
3025 1473 3219 1541 fueris,
3250 1494 3574 1549 quamquam
3596 1499 3707 1539 sex-

2130 1565 2299 1630 conta:
2325 1553 2471 1612 feriae
2501 1565 2555 1612 et
2581 1559 2917 1617 celebritates
2940 1562 3066 1633 sint,
3098 1566 3269 1621 nihilo
3299 1578 3482 1625 tamen
3510 1575 3702 1641 melius,

2129 1662 2288 1717 quam
2317 1648 2350 1702 ii
2375 1649 2462 1718 qui
2485 1649 2667 1720 lugent
2693 1654 3011 1717 constitutus
3047 1671 3128 1713 es.
3179 1658 3319 1728 Quae
3363 1661 3507 1717 enim
3547 1666 3704 1732 splen-

2129 1740 2267 1795 didae
2309 1741 2413 1797 diei
2462 1743 2660 1798 utilitas
2688 1759 2807 1800 esse
2835 1756 3025 1815 potest,
3067 1749 3114 1803 si
3152 1750 3289 1805 mihi
3321 1754 3499 1809 anima
3527 1757 3699 1813 obscu-

2134 1840 2251 1886 rata
2278 1846 2376 1925 per
2400 1835 2778 1913 conscientiam
2807 1836 2909 1892 sit?
2951 1836 3044 1893 Sin
3076 1838 3313 1914 fructum
3344 1844 3567 1925 aliquem
3596 1865 3701 1917 por-

2128 1919 2307 1991 cipere
2346 1937 2378 1977 e
2419 1925 2690 1982 novilunio
2715 1927 2814 1993 vis,
2841 1926 2941 1984 hoc
2964 1928 3144 1986 facito.
3180 1932 3283 1989 Ubi
3314 1919 3511 1990 annum
3540 1942 3698 2009 exple-

2129 2022 2241 2067 tum
2278 2014 2497 2093 videris,
2541 2017 2738 2086 gratias
2785 2033 2884 2089 age
2925 2019 3173 2091 Domino,
3222 2025 3314 2093 qui
3366 2033 3419 2079 te
3465 2027 3530 2094 ad
3580 2029 3700 2085 haue

2127 2118 2387 2159 annorum
2408 2107 2772 2164 circuitionem
2797 2109 3060 2179 perduxit.
3087 2113 3405 2187 Compauge
3428 2133 3519 2182 cor
3545 2131 3693 2195 tuum,

2128 2194 2247 2250 vita:
2274 2203 2376 2250 tua:
2405 2203 2613 2267 tempus
2654 2208 2827 2254 tecum
2871 2210 3074 2271 reputa,
3108 2214 3290 2259 tecum
3328 2207 3398 2262 ad
3436 2194 3694 2279 huuemoé

2125 2286 2250 2341 dum
2280 2288 2437 2343 verba
2468 2288 2626 2345 facito
2659 2308 2674 2345 :
2708 2290 2822 2347 dies
2861 2294 3073 2349 avolant
3120 2305 3176 2351 et
3220 2306 3558 2369 praetereunt,
3583 2304 3690 2358 anni

2125 2378 2421 2436 liniuntur:
2450 2395 2693 2451 magnam
2731 2383 2833 2438 viae
2867 2394 3061 2440 nostra:
3104 2397 3316 2457 partem
3348 2368 3686 2447 confecimus:

2124 2469 2251 2540 quid
2267 2470 2389 2525 boui
2410 2486 2441 2525 a
2462 2465 2616 2527 nobis
2635 2472 2829 2530 factum
2851 2477 2968 2531 est?
2994 2477 3131 2533 Num
3161 2480 3355 2537 inanes
3374 2482 3514 2550 hinc,
3538 2487 3685 2558 cumi-

2123 2575 2229 2631 que
2264 2561 2469 2633 iustitia
2506 2564 2742 2621 destituti
2783 2567 3157 2627 discedemus?
3197 2573 3468 2631 Judicium
3497 2578 3579 2633 Dei
3607 2595 3688 2647 pro

2125 2652 2325 2709 foribus
2359 2664 2462 2722 est,
2501 2666 2555 2712 et
2587 2657 2846 2729 reliquum
2886 2660 3006 2716 vita:
3049 2671 3264 2735 tempus
3292 2666 3360 2722 ad
3388 2678 3683 2738 senectutem

2122 2745 2289 2815 vergi.

2193 2836 2244 2890 ὃ.
2269 2836 2394 2893 Πωο
2412 2837 2462 2892 in
2482 2839 2768 2901 noviluniis
2787 2842 3071 2901 meditare:
3088 2845 3204 2901 haec
3219 2847 3290 2903 de
3304 2865 3551 2904 annorum
3574 2868 3680 2906 eon-

2122 2927 2458 2984 versionibus
2486 2933 2699 2999 revolve
2729 2951 2743 2986 :
2776 2932 2963 2989 futura.-
3012 2936 3115 2991 diei
3166 2921 3426 3009 perpetuo
3461 2944 3667 2997 recorde-

2121 3035 2263 3089 mur,
2293 3037 2360 3076 ne
2382 3021 2662 3078 adversum
2690 3040 2785 3080 nos
2816 3026 3064 3095 loquatur
3090 3030 3215 3099 quis
3245 3032 3398 3099 illud,
3430 3033 3561 3106 quod
3596 3035 3679 3087 ad-

2119 3125 2308 3166 versus
2329 3110 2541 3168 Juda~os
2568 3129 2598 3168 2
2623 3117 2877 3184 pr0pheta
2916 3116 3115 3173 dictum
3159 3130 3245 3175 est
3277 3140 3292 3177 :
3324 3110 3608 3192 Detereruut
3637 3125 3679 3175 in

2121 3202 2339 3256 uanitate
2380 3203 2488 3257 dies
2529 3222 2722 3274 eorum,
2759 3217 2806 3261 et
2850 3210 2973 3262 anni
3012 3227 3187 3265 eorum
3234 3230 3349 3266 cum
3396 3215 3680 3286 festinatione

2122 3291 2142 3365 (
2166 3291 2307 3349 Psal.
2336 3294 2423 3348 77.
2453 3296 2523 3351 55
2543 3296 2585 3366 ).
2631 3293 2734 3352 Has
2759 3312 2886 3369 ergo
2911 3298 3069 3355 ferias
3095 3312 3382 3373 perpetuas
3405 3315 3458 3359 et
3481 3305 3678 3358 ambitus

2120 3399 2378 3439 annorum
2394 3401 2497 3441 non
2515 3398 2901 3457 exspectantes,
2922 3407 3093 3462 neque
3111 3395 3324 3450 dierum
3341 3395 3677 3464 permeasioue

2120 3475 2414 3547 descriptas
2437 3489 2544 3533 tum
2565 3480 2715 3535 divos
2738 3492 2847 3536 tum
2869 3500 3067 3554 pauper
3088 3502 3150 3540 ex
3173 3504 3328 3558 a-quo
3349 3497 3675 3558 potestagere.

2119 3567 2234 3623 Non
2253 3571 2393 3624 enim
2408 3573 2492 3626 hic
2509 3572 2762 3642 pecuniis,
2780 3590 2951 3646 neque
2967 3592 3141 3632 rerum
3160 3579 3432 3635 affluentia
3450 3595 3573 3650 opus
3589 3586 3673 3641 est,

2120 3663 2213 3717 sed
2236 3666 2428 3720 virtute
2447 3666 2580 3721 Sola.
2602 3667 2716 3722 Non
2741 3667 2902 3724 habes
2932 3673 3220 3739 pecunias?
3248 3674 3317 3728 At
3343 3674 3431 3729 Dei
3460 3674 3673 3737 timorem

2121 3755 2284 3810 habes
2296 3757 2543 3813 omnibus
2557 3759 2795 3829 pecuniis
2820 3760 3115 3817 uberiorem
3144 3763 3469 3829 thesaurum,
3491 3765 3569 3833 qui
3594 3776 3672 3815 uc-

2119 3864 2223 3920 quc
2237 3850 2586 3916 consumitur,
2603 3867 2774 3921 neque
2795 3852 3183 3923 intervertitur,
3208 3871 3381 3927 neque
3399 3852 3673 3919 exhauritur

2122 3956 2391 4012 umquam.
2416 3942 2689 3999 lntuerein
2706 3944 2990 4010 czelum,et
3015 3946 3066 4000 in
3095 3948 3288 4002 cazlum
3319 3947 3452 4012 cmli,
3483 3954 3668 4003 terram,

2121 4047 2289 4101 mare,
2323 4047 2501 4089 aerem
2522 4077 2539 4102 ,
2582 4036 2634 4089 in
2676 4051 2873 4107 genera
2913 4038 3287 4106 animantium,
3311 4054 3374 4094 ac
3393 4037 3687 4091 varietatem'

2121 4125 2389 4195 stirpium,
2412 4112 2731 4182 in'naturatn
2760 4128 3033 4183 hominum
3060 4130 3386 4187 universam.
3416 4125 3668 4183 Considera

2120 4217 2357 4289 angelos,
2390 4217 2761 4290 archangelos,
2788 4219 3093 4290 superiores
3118 4230 3406 4290 potestates
3428 4232 3598 4275 revoca
3626 4215 3668 4267 iu

2121 4311 2432 4366 memoriam
2457 4353 2474 4380 ,
2517 4312 2631 4366 hare
2667 4312 2843 4366 omnia
2874 4313 2925 4366 in
2957 4314 3165 4369 Domini
3209 4315 3281 4368 tui
3323 4320 3445 4368 sunt
3478 4308 3690 4364 ditioue.‘

2122 4402 2274 4458 Haud
2313 4404 2427 4459 ﬁeri
2467 4406 2661 4474 potest,
2689 4412 2748 4459 ut
2771 4404 2975 4460 domini
3005 4415 3109 4460 tam
3137 4405 3433 4476 locupletis,
3461 4412 3661 4472 prmscrv

2123 4494 2216 4550 tim
2241 4494 2286 4550 si
2316 4496 2600 4566 propitium
2636 4497 2829 4552 habeat
2867 4497 3169 4563 Dominum,
3204 4512 3401 4568 pauper
3422 4494 3690 4565 quisquam.’

2121 4601 2309 4641 servus
2347 4588 2437 4642 sit.
2484 4588 2606 4642 Dies
2640 4570 2927 4645 observare
2971 4605 3075 4645 non
3118 4590 3430 4645 Christiana:
3457 4584 3663 4656 philoso-

2120 4678 2282 4748 phiw,
2313 4676 2407 4733 sed
2435 4678 2607 4734 Graeci
2645 4681 2845 4735 erroris
2880 4689 2986 4736 est.
3031 4681 3085 4735 ln
3128 4683 3392 4737 caelestem
3429 4675 3664 4732 civitatem

2121 4771 2418 4840 adscriptus
2441 4786 2519 4837 es,
2546 4771 2597 4825 in
2618 4773 2995 4842 rempublicam
3025 4790 3141 4828 eam
3173 4782 3411 4842 receptus
3433 4784 3508 4832 es,
3528 4776 3686 4832 angc°'

2121 4863 2189 4918 lis
2218 4862 2442 4931 teipsum
2470 4863 2795 4919 admiscuisti
2828 4883 2841 4919 :
2871 4867 2958 4920 ubi
2997 4882 3101 4920 non
3148 4875 3231 4920 est
3270 4865 3441 4919 lumen
3469 4855 3593 4929 quod
3621 4854 3663 4906 iu
3710 4861 3731 4884 ί

2122 4955 2354 5009 tenebris
2378 4954 2603 5019 desinat,
2630 4969 2802 5024 neque
2826 4955 2940 5010 dies
2963 4971 3083 5026 quae
3117 4957 3169 5011 in
3203 4964 3405 5011 noctem
3439 4946 3661 5004 termine-

2124 5054 2227 5112 tur,
2255 5046 2350 5101 sed
2379 5055 2631 5117 perpetua
2666 5045 2813 5112 dies,
2856 5058 2911 5102 et
2950 5058 3201 5119 perpetua
3230 5049 3335 5102 lux.
3369 5044 3420 5098 In
3451 5041 3530 5095 illa
3555 5047 3662 5103 ergo

2121 5150 2332 5205 semper
2375 5138 2693 5191 intueamur.
2748 5136 2875 5203 Qua:
2911 5156 3113 5194 sursum
3153 5148 3302 5202 sunt,
3358 5132 3516 5202 inquit
3564 5126 3657 5185 ille,

2121 5230 2347 5300 qucrite,
2371 5227 2454 5282 ubi
2474 5226 2704 5283 Christus
2723 5230 2791 5282 ad
2814 5230 3070 5284 dexteram
3094 5230 3192 5286 Dei
3217 5231 3349 5284 sedet
3370 5222 3495 5299 (Col.
3517 5220 3564 5273 5.
3594 5215 3655 5281 υι
3678 5230 3683 5237 λ

2120 5318 2262 5374 Nihil
2299 5318 2463 5374 habes
2490 5334 2774 5374 commune
2801 5335 2921 5375 cum
2954 5331 3092 5377 terra
3111 5362 3127 5389 ,
3167 5321 3253 5376 ubi
3278 5318 3400 5374 solis
3424 5320 3591 5369 cursus
3610 5309 3681 5355 et'

2122 5410 2520 5476 Conversiones,
2545 5419 2599 5464 et
2619 5410 2735 5465 dies
2759 5420 2902 5478 sunt,
2928 5413 3022 5467 sed
3052 5413 3096 5468 si
3126 5421 3267 5467 recte
3285 5410 3442 5472 vivas,
3463 5415 3553 5456 nos
3577 5391 3652 5449 tibi
3676 5394 3682 5425 ί

2120 5499 2237 5556 dies
2260 5502 2360 5555 erit
2391 5518 2404 5552 :
2433 5511 2618 5556 contra
2645 5517 2770 5556 vero
2800 5502 2903 5557 illis
2930 5503 3021 5572 qui
3050 5504 3101 5558 iu
3131 5500 3337 5558 lascivia
3362 5507 3412 5552 et
3433 5490 3650 5548 ebrietate

2121 5602 2177 5647 et
2218 5591 2625 5660 intemperantia
2648 5593 2850 5658 vivunt,
2893 5592 3010 5649 dies
3050 5594 3116 5648 ad
3164 5592 3329 5648 noctis
3369 5577 3680 5641 convertitur

2125 5682 2403 5745 tenebras,
2443 5698 2548 5737 non
2586 5682 2799 5753 quidem
2825 5684 3123 5741 defectione
3159 5685 3300 5748 solis,
3330 5677 3416 5736 Sed
3449 5674 3641 5728 illorum,

2125 5787 2340 5864 propter
2380 5774 2728 5853 ebrietatem,
2770 5774 3142 5834 obscuratione
3170 5772 3370 5833 mentis.
3415 5767 3642 5824 DicscfS0
