3958 6362
130 314 244 396 955
272 324 277 331 ’

124 454 308 525 τέρας
364 453 712 525 φιλοσοφίας,
767 448 874 503 κᾶν
925 446 1084 519 ὑμεῖς
1121 446 1338 518 ποιῆτε,
1373 443 1479 500 κᾶν
1518 445 1740 515 ἐτέρους

122 535 437 601 ποιοῦντας
478 534 785 608 περιίδητε,
815 532 920 588 κᾶν
966 531 1210 596 οἰκέτας,
1237 532 1345 584 κᾶν
1397 529 1605 600 φίλους,
1638 527 1743 581 κᾶν

121 626 417 692 γείτονας.
465 623 582 675 Οὐκ
631 619 875 691 ηκουσας
912 617 1129 674 Παύλου
1172 616 1457 685 λέγοντος·
1496 614 1743 683 Ἡμέρας

120 705 587 776 παρατηρεῖσθε
624 705 723 759 καὶ
758 701 960 773 μῆνας
986 702 1086 758 καὶ
1120 702 1370 771 καιροὺς
1414 700 1511 754 καὶ
1540 701 1742 754 ἐνιαυο

118 794 276 860 τούς
303 810 317 824 ·
355 791 650 863 φοϐοῦμαι
672 794 889 859 μήπως
910 787 1042 856 εἰκῆ
1072 791 1405 843 κεκοπίακα
1432 789 1519 853 είς
1559 785 1737 854 ὑμᾶς.

202 876 431 941 Ἀλλως
467 875 525 929 δὲ
554 874 648 930 καὶ
680 875 779 946 τῆς
812 874 1053 945 ἐσχάτης
1078 873 1264 937 ἀνοίας
1293 872 1360 926 ἂν
1398 871 1483 943 εἴη
1509 871 1618 924 ἀπὸ
1644 872 1744 941 τῆς

120 962 276 1032 μιᾶς
309 961 550 1034 ἡμέρας,
586 960 634 1011 εἰ
659 958 811 1027 δεξιά
837 958 1072 1028 γένοιτο,
1103 953 1316 1009 καὶτοῦ
1355 955 1556 1019 παντὸς
1585 953 1745 1007 τοῦτο

118 1045 457 1117 προσδοκᾷν
484 1042 737 1097 ἐνιαυτοῦ
760 1059 773 1073 ·
811 1044 912 1095 οὐκ
941 1041 1129 1105 ἀνοίας
1170 1041 1229 1095 δέ
1271 1040 1454 1113 μόνον,
1485 1040 1621 1093 ἀλλά
1649 1040 1744 1093 καὶ

114 1130 458 1199 διαϐολικῆς
508 1127 793 1199 ἐνεργείας
843 1128 877 1197 ἡ
928 1127 1111 1198 κρίσις
1148 1125 1310 1196 αὕτη,
1344 1125 1422 1197 μὴ
1463 1127 1530 1196 τῇ
1560 1123 1744 1194 οἰκείᾳ.

118 1215 354 1287 σπουδῇ
382 1214 477 1268 καὶ
505 1211 814 1284 προθυμίᾳ,
846 1210 986 1264 ἀλλά
1013 1212 1136 1274 ταῖς
1162 1209 1273 1263 τῶν
1303 1208 1527 1280 ἡμερῶν
1558 1208 1745 1279 περιό-

116 1298 253 1365 δοις
283 1301 358 1352 τά
391 1295 533 1352 κατὰ
562 1296 653 1350 τὸν
690 1294 804 1367 βίον
846 1294 1168 1366 ἐπιτρέπειν
1195 1294 1287 1347 τὸν
1322 1293 1612 1364 ἡμέτερον.
1649 1294 1747 1344 Δε-

119 1383 252 1452 ξιὸς
287 1384 318 1436 ὁ
340 1383 585 1444 ἐνιαυτὸς
618 1379 772 1436 ἔσται
804 1396 888 1433 σοι
920 1379 987 1432 δι’
1018 1379 1163 1455 ὅλου,
1193 1379 1294 1431 οὐκ
1322 1376 1417 1430 ἐὰν
1450 1379 1506 1429 ἐν
1539 1394 1745 1448 νουμηο

119 1468 224 1538 vi;
265 1465 497 1539 μεθύῃς,
531 1464 646 1519 ἀλλ’
679 1464 775 1518 ἐὰν
800 1464 893 1519 καὶ
922 1467 981 1518 ἐν
1011 1463 1302 1535 νουμηνίᾳ,
1328 1462 1425 1515 καὶ
1457 1462 1580 1516 καθ’
1604 1462 1739 1516 ἐκά-

123 1571 279 1625 στην
308 1553 529 1625 ἡμέραν
549 1552 618 1606 τὰ
635 1550 713 1623 τῷ
736 1550 856 1622 Θεῴ
885 1550 1149 1605 δοκοῦντα
1174 1553 1360 1622 ποιῇς.
1392 1550 1616 1623 Πονηρά
1631 1548 1743 1621 γὰρ

122 1638 334 1709 ἡμέρα
369 1637 463 1692 καὶ
493 1636 674 1707 ἀγαθὴ
701 1635 936 1703 γίνεται,
961 1636 1022 1688 οὐ
1055 1636 1209 1706 παρὰ
1253 1636 1352 1706 τὴν
1389 1636 1600 1689 οἰκείαν
1640 1635 1743 1705 φύ-

128 1744 249 1791 σιν,
286 1726 442 1780 οὐδὲν
466 1724 576 1797 γὰρ
602 1724 786 1796 ἡμέρα
823 1724 1127 1794 διενήνοχεν
1150 1722 1387 1793 ἡμέρας,
1421 1722 1559 1775 ἀλλὰ
1589 1721 1741 1793 παρά

127 1815 242 1884 τὴν
279 1811 564 1884 ἡμετέραν
598 1811 836 1881 σπουδὴν
867 1810 962 1864 καὶ
1008 1809 1306 1881 ρᾳθυμίαν.
1336 1809 1433 1859 Ἂν
1459 1806 1740 1860 δικαιοσύ-

127 1917 241 1971 νην
276 1898 509 1971 ἐργάσῃ,
538 1896 747 1970 χρηστή
785 1912 871 1948 σοι
903 1892 1125 1963 γέγονεν
1152 1895 1185 1964 ἡ
1210 1892 1430 1963 ἡμέρα·
1463 1890 1530 1944 ἂν
1561 1892 1743 1962 ἀμαρ-

129 1983 268 2037 τίαν
293 1982 531 2055 ἐργάσῃ,
548 1978 764 2051 πονηρά
780 1978 873 2033 καὶ
900 1977 1177 2040 κολάσεως
1205 1976 1266 2045 γέ
1277 1993 1378 2045 μου
1387 1993 1475 2029 σα.
1495 1975 1593 2028 Ἂν
1608 1972 1744 2027 ταῦ-

133 2086 211 2122 τα.
241 2069 570 2138 φιλοσοφῇς,
608 2066 703 2120 καὶ
739 2062 887 2118 οὕτω
910 2063 1260 2133 διακείμενος
1292 2056 1382 2135 ᾖς,
1414 2061 1630 2115 ἅπαντα
1659 2058 1748 2111 δε-

139 2153 260 2219 ξιὸν
303 2150 452 2217 ἕξεις
500 2151 592 2204 τὸν
645 2147 916 2211 ἐνιαυτὸν,
966 2145 1155 2216 εὐχάς,
1207 2144 1581 2214 ἐλεημοσύνας
1620 2141 1744 2195 καθ’

144 2239 390 2309 ἑκάστην
442 2233 821 2309 ἐργαζόμενος
882 2234 980 2302 τὴν
1032 2230 1283 2302 ἡμέραν·
1322 2228 1389 2283 ἂν
1422 2228 1481 2282 δὲ
1511 2229 1610 2298 τῆς
1645 2229 1773 2299 μέν;

1747 2310 1764 2373 ζ
1810 2299 1952 2375 .ἆρα
1973 2304 2025 2358 τί
2045 2306 2175 2375 ἡμῖν
2201 2304 2492 2375 εἴργασται
2526 2304 2726 2370 καλόν;
2759 2301 2867 2374 ἆρα
2898 2305 2973 2376 μὴ
3007 2305 3159 2375 κενοί¹
3186 2307 3281 2359 καὶ
3304 2305 3431 2379 ἕρη-

143 2322 292 2378 κατά
332 2321 530 2375 σαυτὸν
572 2320 774 2398 ἀρετῆς
819 2316 1051 2389 ἀμελῇς,
1088 2316 1287 2387 ἀρχαῖς
1334 2313 1391 2367 δὲ
1434 2313 1618 2385 μηνῶν
1651 2313 1764 2398 καῖξ
1810 2340 1821 2398 ί
1842 2313 1952 2375 ἀρα
1968 2313 2175 2398 ξίήμῖν
2199 2313 2492 2398 ξῐργασται
2526 2313 2753 2398 καλόνὶ

601 2386 667 2458 ῶν
722 2386 1099 2460 ἐμπιστεύσης
1130 2386 1250 2452 ίσου
1300 2398 1401 2460 τῆς
1434 2398 1615 2460 ψυχῆς
1646 2396 1764 2460 τὴντ
1813 2393 1935 2455 ’μοι
1963 2386 2318 2459 δικαιοσύνης
2344 2389 2565 2459 ἁπάσης
2599 2386 2853 2441 ἐντεῦθεν
2885 2387 3339 2460 ἀπελευσόμεθα,
3376 2391 3438 2445 τὸ

143 2408 410 2481 ἀριθμοῖς
442 2396 667 2477 ἡμερῶν
722 2400 1099 2474 ἐμπιστεύσῃς
1156 2417 1250 2452 σου
1300 2398 1401 2469 τῆς
1434 2398 1615 2470 ψυχῆς
1646 2396 1764 2469 τὴντ

144 2491 514 2564 εὐφροσύνην,
558 2489 778 2543 πάντων
827 2487 1035 2559 ἔρημος
1069 2484 1168 2556 ἔσῃ
1207 2483 1318 2537 τῶν
1357 2482 1502 2538 κατὰ
1544 2481 1771 2545 σαυτὸν,

146 2575 396 2645 ἀγαθῶν.
430 2574 607 2643 Ὅπερ
629 2568 724 2625 οὖν
754 2570 848 2625 καὶ
870 2573 899 2624 ὁ
918 2568 1165 2632 διάϐολος
1182 2565 1429 2628 συνιδὼν.
1462 2567 1557 2620 καὶ
1580 2584 1775 2645 σπου-τ

146 2661 331 2725 δάςων
365 2656 525 2729 ἡμῶν
567 2656 799 2710 ἐκλῦσαι
827 2655 957 2717 τοὺς
996 2654 1126 2725 περὶ
1158 2652 1257 2722 τὴν
1285 2650 1488 2723 ἀρετὴν
1516 2651 1739 2715 πόνους,
1772 2672 1773 2675 η

146 2746 244 2802 καὶ
271 2742 376 2814 τῆς
403 2742 584 2813 ψυχῆς
615 2740 805 2794 σϐέσαι
834 2738 933 2810 τὴν
970 2737 1302 2809 προθυμίαν,
1341 2739 1464 2800 ταῖς
1508 2738 1745 2809 ἡμέραις

148 2826 484 2898 ἐπιγράφειν
509 2823 833 2878 ἐπαίδευσεν
861 2823 962 2887 τὰς
992 2820 1302 2894 εὐπραγίας
1330 2821 1425 2875 καὶ
1452 2821 1554 2884 τὰς
1576 2838 1745 2875 κακο-

147 2912 414 2983 πραγίας.
456 2910 514 2965 '0
538 2909 649 2981 γὰρ
679 2909 876 2971 πείσας
899 2907 1096 2960 ἐαυτὸν
1127 2908 1209 2960 ὅτι
1240 2905 1426 2977 ἡμέρα
1455 2906 1572 2959 ἐστὶ
1597 2907 1743 2978 κακὴ

146 2998 246 3054 καί
265 2995 472 3068 ἀγαθὴ,
499 2994 622 3049 οὐτε
663 2995 722 3048 ἐν
752 2996 820 3064 τῇ
843 2995 989 3064 κακῇ
1016 2992 1127 3045 τῶν
1158 2991 1382 3061 ἀγαθῶν
1413 2991 1591 3061 ἔργων
1625 2993 1746 3045 ἐπι-

149 3082 475 3155 μελήσεται,
512 3080 590 3144 ὼς
622 3079 746 3150 εἰκῆ
787 3079 967 3132 πάντα
996 3076 1190 3143 ποιῶν,
1216 3076 1311 3129 καὶ
1338 3076 1491 3129 οὐδὲν
1517 3075 1745 3144 ὠφελῶν

145 3169 237 3222 διὰ
268 3167 371 3239 τὴν
403 3167 502 3236 τῆς
534 3164 749 3236 ἡμέρας
771 3163 1053 3233 ἀνάγκην·
1084 3159 1211 3213 οὔτε
1247 3160 1306 3213 ἐν
1327 3162 1394 3231 τῇ
1427 3160 1609 3231 ἀγαθῇ
1641 3161 1747 3215 πά-

146 3252 230 3305 λιν
252 3249 417 3304 τοῦτο
449 3246 769 3319 ἐργάσεται,
811 3245 888 3310 ὡς
915 3245 1069 3300 οὐδὲν
1092 3248 1157 3299 ἐκ
1189 3244 1291 3314 τῆς
1330 3243 1538 3307 οἰκείας
1562 3262 1745 3316 παρα-

147 3335 528 3405 ϐλαπτόμενος
577 3331 873 3403 ῥᾳθυμίας,
912 3328 1003 3383 διὰ
1045 3330 1143 3400 τὴν
1188 3329 1291 3399 τῆς
1335 3327 1499 3381 πάλιν
1528 3330 1746 3399 ἡμέρας

148 3421 320 3490 εὐκλη
330 3418 479 3489 ρίαν·
509 3417 603 3470 καὶ
624 3414 795 3478 οὕτως
824 3412 1164 3484 ἑκατέρωθεν
1191 3412 1289 3481 τὴν
1319 3410 1513 3464 ἐαυτοῦ
1536 3412 1747 3483 προδώ-

149 3523 235 3560 σει
270 3501 550 3573 σωτηρίαν
573 3517 587 3532 ·
613 3501 710 3553 καὶ
740 3498 871 3552 ποτέ
902 3497 1002 3569 μέν
1020 3496 1097 3560 ὡς
1124 3497 1361 3566 ἀνόνητα
1387 3495 1586 3559 πονῶν,
1612 3498 1747 3550 ποτέ

146 3588 206 3644 δέ
228 3588 306 3652 ὼς
331 3584 585 3658 περιττὰ,
606 3585 663 3636 ἐν
689 3582 858 3655 ἀργίᾳ
880 3582 975 3635 καὶ
1003 3581 1238 3653 πονηρίᾳ
1267 3579 1546 3649 βιώσεται.
1569 3583 1747 3655 ’Ὀπερ

147 3670 245 3729 οὖν
278 3671 492 3733 εἰδότας
523 3667 750 3737 φεύγειν
788 3668 870 3719 δεῖ
895 3664 990 3718 τοῦ
1026 3664 1275 3718 διαϐόλου
1308 3665 1407 3729 τὰς
1440 3665 1743 3735 μεθοδείαςς

148 3760 250 3813 καὶ
271 3757 480 3827 ταύτην
510 3752 761 3807 ἐκϐαλεῖν
789 3751 890 3820 τῆς
918 3749 1158 3813 διανοίας
1193 3752 1295 3825 τὴν
1313 3750 1515 3820 ψῆφον,
1544 3751 1637 3802 καὶ
1670 3750 1746 3823 μὴ

148 3842 496 3917 παρατηρεῖν
519 3837 755 3909 ἡμέρας,
787 3834 921 3906 μηδέ
945 3834 1045 3904 τὴν
1072 3834 1174 3917 μὲν
1208 3836 1408 3904 μισεῖν,
1442 3833 1541 3904 τὴν
1561 3834 1619 3887 δὲ
1653 3852 1747 3904 φι-

148 3915 288 3983 λεῖν.
321 3926 398 3979 Οὐ
432 3923 543 3995 γὰρ
572 3922 659 3974 ἵνα
693 3920 845 3991 ἡμᾶς
876 3920 957 3980 είς
989 3915 1262 3989 ρᾳθυμίαν
1294 3918 1509 3990 ἐμϐάλῃ
1558 3918 1744 3988 μόνον,

151 4010 272 4066 ἀλλ’
301 4009 390 4062 ἵνα
436 4007 532 4059 καὶ
567 4003 660 4057 τοῦ
709 4003 848 4056 Θεοῦ
879 4002 948 4054 τὰ
979 4003 1442 4072 δημιουργήματα
1490 4003 1743 4077 διαϐάλῃ,

148 4093 328 4148 ταῦτα
368 4094 397 4145 ὁ
441 4086 678 4159 πονηρὸς
710 4086 923 4157 δαίμων
962 4086 1172 4147 ἐκεῖνος
1206 4089 1632 4156 σκευωρεῖ,.καὶ
1666 4091 1749 4153 εἰς

147 4176 411 4233 ἀσέϐειαν
438 4171 574 4243 ὁμοῦ
598 4173 691 4224 καί
721 4173 797 4234 εἰς
827 4168 1102 4242 ῥᾳθυμίαν
1123 4169 1222 4233 τάς
1245 4170 1521 4241 ἡμετέρας
1549 4172 1749 4226 καθελ-

150 4264 318 4322 κύσαι
350 4258 677 4331 βουλόμενος
702 4255 899 4326 ψυχάς.

236 4345 379 4400 Ἀλλ’
421 4345 570 4416 ἡμᾶς
615 4339 902 4411 ἀποπηδᾷν
925 4337 1052 4410 χρὴ,
1080 4339 1178 4391 καὶ
1212 4337 1403 4407 σαφῶς
1432 4338 1633 4392 εἰδέναι
1662 4340 1745 4392 ὅτι

149 4430 311 4506 [700]
362 4428 515 4481 οὐδὲν
548 4424 739 4486 κακὸν,
789 4423 906 4477 ἀλλ’
941 4422 1187 4494 ἁμαρτία
1237 4424 1418 4493 μόνον,
1456 4424 1553 4476 καὶ
1587 4424 1746 4478 οὐδὲν

149 4514 383 4586 ἀγαθὸν,
418 4512 534 4566 ἀλλ’
577 4509 750 4582 ἀρετὴ
789 4508 971 4580 μόνον,
1012 4506 1107 4560 καὶ
1136 4507 1196 4559 τὸ
1242 4507 1331 4561 διὰ
1363 4509 1582 4561 πάντων
1616 4508 1748 4578 ἀρέ-

149 4616 306 4672 σκειν
320 4595 458 4668 Θεῷ.
478 4597 552 4650 οὐ
580 4595 726 4648 ποιεῖ
752 4593 890 4666 μέθη
907 4592 1271 4665 εὐφροσύνην,
1290 4593 1404 4646 ἀλλ’
1428 4593 1563 4665 εὐχὴ
1586 4612 1749 4648 πνευ-

152 4686 362 4761 ματική
385 4701 397 4714 ·
432 4683 534 4736 οὐκ
556 4679 721 4749 οἶνος,
750 4680 888 4735 ἀλλά
918 4680 1077 4748 λόγος
1104 4679 1503 4744 διδασκαλικὸς.
1533 4681 1591 4734 Ὀ
1606 4677 1757 4745 οἶνος

149 4767 426 4839 χειμῶνα,
455 4768 483 4820 ὁ
504 4765 561 4818 δέ
596 4764 757 4833 λόγος
790 4764 1033 4834 γαλήνην
1062 4761 1389 4835 ἐργάζεται·
1419 4765 1629 4829 ἐκεῖνος
1660 4765 1748 4819 θό-

153 4847 323 4923 ρυϐον
370 4849 674 4919 ἐπεισάγει,
733 4840 891 4911 οὗτος
932 4849 1180 4919 ταραχὴν
1223 4848 1506 4904 ἐκϐάλλει·
1539 4852 1749 4916 ἐκεῖνος

149 4938 341 4990 σκοτοῖ
390 4934 489 5006 τὴν
534 4925 797 5003 διάνοιαν,
827 4927 983 4996 οὗτος
1035 4934 1431 5005 ἐσκοτισμένην
1483 4936 1746 5005 φωτίζει·

149 5023 367 5084 ἐκεῖνος
406 5018 647 5091 ἀθυμίας
682 5017 783 5087 τάς
816 5018 918 5084 οὐκ
948 5016 1116 5081 οὔσας
1144 5016 1426 5088 ἐμϐάλλει,
1467 5012 1625 5083 οὗτος
1645 5020 1748 5085 τάς

147 5103 325 5168 οὐσας
359 5103 675 5157 ἀπελαύνει.
720 5100 886 5173 Οὐδέν
935 5102 1046 5178 γὰρ
1092 5099 1268 5167 οὕτως
1301 5103 1615 5176 εὐθυμίανει
1649 5106 1747 5160 καὶ

147 5185 497 5258 εὐφροσύνην
546 5183 723 5239 ποιεῖν
759 5184 973 5250 εἴωθεν,
1014 5185 1088 5250 ὡς
1122 5185 1192 5251 τά
1242 5188 1374 5261 περὶ
1418 5189 1747 5261 φιλοσοφίας

145 5271 419 5341 δόγματα,
444 5269 505 5323 τὸ
531 5269 639 5322 τῶν
672 5270 959 5341 παρόντων
993 5270 1270 5343 ὑπερορᾷν
1292 5273 1656 5344 πραγμάτων,
1683 5276 1746 5329 τὸ

147 5352 295 5424 πρὸς
336 5352 407 5406 τά
446 5351 708 5424 μέλλοντα
740 5353 1052 5423 κεχηνέναι,
1093 5354 1154 5409 τὸ
1188 5356 1356 5426 μηδὲν
1386 5356 1495 5412 τῶν
1541 5359 1747 5432 ἀνθρω-

149 5436 329 5492 πίνων
353 5436 571 5509 βέὸαιον
614 5433 756 5491 εἶναι
786 5438 1052 5509 νομίζειν,
1085 5439 1161 5511 μὴ
1197 5439 1444 5503 πλοῦτον,
1478 5442 1553 5513 μὴ
1585 5442 1748 5509 δυνα-

151 5523 363 5589 στείαν,
408 5523 486 5595 μὴ
531 5523 721 5595 τιμὰς,
771 5524 845 5595 μὴ
887 5518 1207 5596 θεραπείας.
1243 5526 1341 5585 Ἂν
1371 5525 1543 5581 ταῦτα
1596 5528 1745 5599 εἰδῇς

148 5608 490 5679 φιλοσοφεῖν,
522 5606 627 5661 κᾶν
669 5606 1003 5661 πλουτοῦντα
1034 5607 1206 5680 θεάσῃ
1237 5607 1379 5675 τινὰ,
1407 5610 1467 5662 ού
1496 5610 1739 5683 δηχθήσῃ
1827 5621 1831 5629 '

153 5693 355 5763 φθόνῳ,
384 5691 489 5746 κᾶν
532 5692 614 5754 είς
647 5690 835 5744 πενίαν
880 5692 1219 5764 καταπέσῃς,
1252 5693 1312 5747 οὐ
1346 5695 1735 5768 ταπεινωθήσῃ

215 5840 236 5869 ⁸
257 5844 399 5907 Alius
421 5843 532 5893 cod.
559 5842 789 5906 εὐθηνίαν,
814 5844 941 5893 allus
965 5844 1227 5909 εὐρυθμίαν.

1583 310 1648 392 IN
1689 296 2083 391 KALLNDAS.

3335 345 3443 404 956

1845 448 1911 516 τῇ
1950 435 2222 518 πτωχεία·
2253 445 2399 503 οὕτω
2425 447 2721 514 διαπαντὸς
2753 449 3034 525 ἑορτάζειν
3060 451 3307 511 δύνασαι.
3331 456 3442 511 Τὸν

1843 528 1953 600 γὰρ
2004 531 2331 599 Χριστιανὸν
2383 533 2505 605 οὐχὶ
2560 535 2757 606 μῆνας,
2788 535 2909 589 οὐδέ
2957 538 3276 609 νουμηνίας,
3316 540 3441 595 οὐδὲ

1844 616 2117 683 κυριακάς
2161 617 2442 687 ἑορτάζειν
2484 619 2611 691 χρὴ,
2651 619 2789 674 ἀλλὰ
2837 620 2926 673 διά
2960 623 3163 687 παντὸς
3194 623 3289 678 τοῦ
3314 624 3435 696 βίου

1842 697 1941 767 τὴν
1957 698 2109 770 αὐτῷ
2136 700 2454 772 πρέπουσαν
2477 703 2669 775 ἑορτὴν
2701 704 2884 773 ἄγειν.
2912 705 3008 770 Τίς
3040 705 3086 758 δ’
3122 706 3274 777 αὐτῷ
3306 706 3439 779 πρέ-

1846 798 2026 836 πουσα
2063 787 2256 856 ἐορτή;
2303 785 2655 859 Ἀκούσωμεν
2680 788 2899 842 Παύλου
2931 790 3184 858 λέγοντος
3204 809 3219 823 ·
3254 793 3439 848 Ὥστε

1843 866 2223 940 ἑορτάζωμεν,
2243 871 2330 941 μὴ
2349 871 2578 941 ἐνζύμῃ
2610 871 2856 940 παλαιᾷ,
2887 874 3038 942 μηδὲ
3058 875 3128 929 ἐν
3159 875 3306 946 ζύμῃ
3330 894 3439 930 και

1844 951 1980 1016 κίἀς
2009 953 2105 1006 καὶ
2146 955 2461 1022 πονηρίας,
2489 956 2630 1010 ἀλλ’
2657 956 2728 1009 ἐν
2769 956 3013 1026 ἀζύμοις
3045 961 3434 1028 είλικρινείας

1843 1033 1941 1086 καὶ
1975 1036 2283 1103 ἀληθείας.
2314 1039 2411 1091 Ἂν
2444 1040 2626 1092 τοίνυν
2654 1040 2894 1111 καθαρὸν
2922 1042 3054 1113 ἔχῃς
3077 1044 3139 1098 τὸ
3171 1046 3434 1112 συνειδὸς,

1843 1120 2036 1191 ἑορτὴν
2066 1120 2210 1190 ἔχεις
2242 1121 2554 1185 διαπαντὸς,
2585 1128 2852 1195 χρησταῖς
2886 1127 3324 1198 συντρεφόμενος
3354 1128 3440 1181 ἐλ-

1844 1205 1987 1268 πίσι,
2028 1207 2124 1259 καὶ
2148 1207 2429 1277 ἐντρυφῶν
2456 1210 2520 1279 τῇ
2548 1207 2655 1261 τῶν
2694 1209 2997 1280 μελλόντων
3022 1211 3241 1280 ἀγαθῶν
3269 1229 3441 1284 προσ-

1842 1290 2029 1363 δοκίᾳ·
2057 1290 2246 1363 ὥσπερ
2274 1289 2367 1347 οὖν
2403 1293 2470 1346 ἂν
2494 1294 2947 1367 ἀπαρρησίαστον
2968 1296 3118 1367 ἔχῃς,
3137 1298 3232 1350 καὶ
3257 1297 3440 1369 ἀμαρ-

1843 1376 2106 1447 τημάτων
2154 1376 2365 1432 πολλῶν
2424 1377 2728 1442 ὑπεύθυνος
2770 1374 2859 1453 ᾖς,
2896 1381 2999 1434 κᾶν
3062 1379 3252 1451 μυρίαι
3304 1373 3437 1433 ὦσιν

1844 1460 2031 1531 ἑορταὶ
2060 1464 2154 1515 καὶ
2185 1461 2547 1533 πανηγύρεις,
2579 1464 2688 1517 τῶν
2721 1463 3065 1518 πενθούντων
3111 1464 3262 1517 οὐδὲν
3289 1464 3441 1534 ἄμει-

1844 1562 1932 1597 νον
1976 1544 2247 1618 διακείσῃ.
2277 1547 2343 1599 Τί
2381 1545 2490 1618 γὰρ
2521 1546 2715 1616 ὄφελός
2755 1565 2845 1618 μοι
2887 1548 3151 1621 λαμπρᾶς
3199 1548 3436 1620 ἡμέρας,

1841 1632 1941 1701 τῆς
1966 1628 2145 1701 ψυχῆς
2170 1632 2567 1702 ἐσκοτισμένης
2601 1649 2691 1703 μοι
2715 1632 2792 1704 τῷ
2826 1633 3119 1699 συνειδότι;
3145 1634 3210 1687 Εἰ
3241 1633 3297 1687 δὲ
3331 1634 3440 1705 ἄρα

1842 1732 1897 1769 τι
1943 1717 2036 1769 καὶ
2075 1715 2476 1787 καρπώσασθαι
2505 1719 2615 1772 ἀπὸ
2657 1719 2957 1790 νουμηνίας
2984 1718 3163 1789 βούλει
3182 1720 3232 1783 ι),
3260 1721 3440 1774 ἐκεῖνο

1842 1800 2095 1870 ποίησον.
2126 1800 2298 1854 Ὅταν
2345 1801 2461 1873 ἴδῃς
2510 1802 2755 1855 ἐνιαυτὸν
2804 1802 3437 1875 πληρωθέντα,εύχαρί-

1845 1900 2045 1953 στησον
2074 1882 2152 1953 τῷ
2178 1886 2447 1958 Δεσπότῃ,
2488 1886 2571 1940 ὃτι
2607 1903 2665 1939 σε
2683 1886 2997 1958 ⁸εἰσήγαγεν
3025 1888 3104 1951 εἰς
3142 1887 3241 1958 τὴν
3275 1887 3438 1959 περί-

1842 1966 1960 2020 οδον
1990 1966 2197 2038 ταύτην
2221 1967 2331 2022 τῶν
2358 1969 2625 2023 ἐνιαυτῶν
2644 1986 2659 2000 ·
2697 1969 2995 2035 κατάνυξόν
3030 1987 3123 2023 σου
3166 1972 3266 2041 τὴν
3299 1989 3438 2046 καρ-

1842 2050 1980 2118 δίαν,
2005 2051 2380 2123 ἀναρίθμησαί
2408 2069 2501 2105 σου
2524 2052 2615 2106 τὸν
2632 2052 2823 2123 χρόνον
2839 2054 2939 2122 τῆς
2957 2054 3123 2125 ζωῆς,
3160 2055 3280 2108 εἰπὲ
3302 2054 3438 2127 πρὸς

1843 2135 2065 2189 ἐαυτόν·
2106 2136 2174 2189 Δί
2224 2136 2433 2208 ἡμέραι
2471 2136 2728 2208 τρέχουσι
2787 2136 2883 2190 καὶ
2937 2136 3339 2208 παρέρχονται,
3386 2139 3439 2192 οι

1844 2220 2087 2273 ἐνιαυτοὶ
2134 2218 2494 2291 πληροῦνται,
2533 2220 2669 2275 πολὺ
2709 2221 2805 2291 τῆς
2842 2220 2965 2275 ὁδοῦ
3012 2222 3434 2293 προεκόψαμεν·

1842 2471 2193 2543 δικαστήριον
2224 2473 2319 2525 ἐπὶ
2350 2472 2566 2545 θύραις,
2599 2471 2737 2544 πρὸς
2769 2471 2947 2543 γῆρας
2972 2472 3129 2544 ἡμῶν
3154 2474 3440 2546 ἐπείγεται

1843 2553 2028 2609 λοιπὸν
2062 2560 2096 2627 ἡ
2130 2555 2242 2627 ζωή
2254 2598 2268 2611 .

1912 2648 1983 2709 γ’.
2003 2641 2190 2694 Ταῦτα
2218 2640 2325 2694 ἀπὸ
2357 2641 2657 2713 νουμηνίας
2687 2641 2990 2713 φιλοσόφει,
3014 2642 3191 2698 ταῦτα
3209 2646 3318 2700 ἀπὸ
3338 2645 3441 2716 τῆς

1846 2726 2099 2800 περιόδου
2141 2725 2253 2782 τῶν
2288 2726 2561 2799 ἐνιαυτῶν,
2586 2729 3011 2799 άναμιμνήσκου
3031 2746 3042 2757 ·
3074 2732 3176 2801 τῆς
3209 2730 3440 2801 μελλού-

1847 2826 1945 2880 σης
1996 2810 2215 2883 ἡμέρας
2243 2809 2718 2881 ἀναλογιζώμεθα,
2750 2812 2958 2882 μήποτε
2992 2813 3087 2866 καὶ
3114 2815 3251 2884 πρὸς
3290 2817 3442 2885 ἡμᾶς

1844 2896 1972 2966 εῐπῃ
2004 2912 2087 2958 τις
2117 2896 2315 2960 ἐκεῖνο,
2334 2895 2394 2948 τὸ
2418 2894 2557 2965 πρὸς
2587 2895 2711 2958 τοὺς
2748 2894 3031 2961 Ἰουδαίους
3051 2898 3343 2968 εἰρημένον
3363 2900 3442 2969 τῷ

1846 2980 2104 3050 προφήτῃ
2122 2995 2137 3011 ·
2193 2977 2510 3043 Ἐξέλιπον
2546 2979 2617 3031 ἐν
2636 2980 2988 3047 ματαιότητι
3018 2983 3078 3033 al
3107 2980 3322 3049 ἡμέραι
3343 2985 3443 3036 αὺ-

1843 3060 1983 3125 τῶν,
2020 3061 2119 3114 καὶ
2150 3063 2225 3116 τὰ
2243 3062 2348 3128 ἔτη
2375 3060 2578 3114 αὐτῶν
2600 3062 2753 3130 μετὰ
2774 3062 3073 3131 σπουδῆς.
3096 3065 3314 3136 Ταύτην
3339 3069 3442 3138 τὴν

1845 3143 2041 3214 ἑορτὴν
2082 3143 2149 3214 ἥν
2202 3140 2357 3197 εἶπον
2407 3143 2541 3212 ἐγὼ,
2595 3144 2694 3216 τὴν
2727 3145 2975 3217 διηνεκῆ,
3015 3149 3110 3202 καὶ
3152 3150 3442 3221 περιόδους

1843 3225 1982 3279 ἐτῶν
2017 3226 2118 3279 οὐκ
2155 3227 2554 3297 ἀναμένουσαν,
2609 3228 2732 3282 οὐδέ
2780 3231 3264 3302 περι-γραφομένην
3306 3233 3442 3304 ὴμέ-

1847 3328 1991 3381 ραις,
2008 3311 2102 3364 καὶ
2123 3310 2380 3374 πλούσιος
2410 3311 2506 3365 καὶ
2528 3312 2700 3384 πένης
2716 3312 2873 3382 ἄγειν
2899 3314 3188 3386 δυνήσεται
3203 3318 3439 3387 ὁμοίως·

1844 3396 1906 3448 οὐ
1940 3396 2050 3469 γὰρ
2079 3396 2383 3468 χρημάτων
2406 3395 2645 3452 ἐνταῦθα
2672 3398 2854 3470 χρεία,
2873 3400 2982 3452 οὐδ’
3011 3400 3295 3472 εὐπορίας,
3323 3401 3441 3456 ἀλλ’

1846 3480 2047 3550 ἀρετῆς
2106 3480 2295 3550 μόνης.
2343 3479 2459 3534 Οὐκ
2495 3480 2641 3551 ἔχεις
2680 3484 2973 3553 χρήματας
3021 3483 3137 3537 ἀλλ’
3172 3484 3315 3557 ἔχεις
3346 3485 3441 3540 τοῦ

1845 3563 1983 3616 Θεοῦ
2041 3563 2134 3617 τὸν
2176 3563 2380 3633 φόϐον,
2435 3564 2656 3620 πάντων
2712 3568 3018 3638 χρημάτων
3061 3567 3444 3641 εὐπορώτερον

1847 3646 2144 3719 θησαυρὸν,
2191 3648 2293 3701 οὐκ
2339 3647 2794 3720 ἀναλισκόμενον,
2837 3651 2897 3704 οὐ
2949 3651 3468 3723 μεταϐαλλόμενον,,

1845 3731 1907 3784 οὐ
1930 3730 2346 3802 δαπανώμενον.
2387 3732 2494 3786 Ἴδε
2528 3735 2610 3797 είς
2640 3733 2733 3786 τὸν
2764 3734 3014 3803 οὐρανὸν,
3048 3736 3142 3788 καὶ
3167 3736 3257 3789 τὸν
3278 3736 3434 3806 οὐρα-

1846 3815 1938 3869 νὸν
1968 3814 2062 3869 τοῦ
2098 3813 2358 3886 οὐρανοῦ,
2394 3814 2494 3887 τὴν
2533 3817 2659 3887 γῆν,
2694 3817 2794 3887 τὴν
2825 3818 3123 3881 θάλασσαν,
3152 3819 3245 3873 τὸν
3277 3820 3439 3891 ἀέρα,

1847 3898 1918 3953 τά
1945 3899 2077 3968 γένη
2117 3898 2228 3951 τῶν
2261 3897 2439 3963 ζώων,
2474 3898 2543 3952 τά
2587 3900 2908 3953 παντοδαπά
2949 3902 3113 3970 φυτά,
3143 3902 3243 3974 τὴν
3277 3902 3442 3971 φύσιν

1846 3982 1957 4036 τῶν
1986 3981 2293 4053 ἀνθρώπων
2336 3982 2588 4036 ἃπασαν·
2619 3983 2877 4053 ἐννόησον
2907 3984 3195 4051 ἀγγέλους,
3231 3987 3440 4056 ἀρχαγο

1848 4066 2064 4134 γέλους,
2099 4064 2250 4137 [701]
2287 4065 2386 4128 τὰς
2417 4064 2705 4137 ἀνωτέρας
2745 4066 3029 4135 δυνάμεις·
3059 4069 3441 4138 ἀναμνήσθητι

1848 4150 1931 4203 ὅτι
1979 4150 2156 4204 ταῦτα
2176 4149 2358 4202 πάντα
2384 4149 2478 4200 τοῦ
2516 4151 2789 4201 Δεσπότου
2841 4166 2933 4202 σου
2962 4150 3079 4202 ἐστὶ
3112 4152 3366 4219 κτήματα
3390 4162 3437 4208 ο.

1849 4233 1964 4287 Οὐκ
1999 4231 2114 4286 ἐστι
2146 4232 2203 4285 δὲ
2240 4230 2414 4295 οὕτως
2446 4231 2686 4301 εὐπόρου
2715 4231 2986 4284 Δεσπότου
3016 4232 3201 4286 δοῦλον
3231 4234 3441 4302 πένητα

1848 4312 2012 4376 εἶναι,
2053 4314 2151 4368 ἐὰν
2186 4314 2317 4367 ἵλεω
2348 4314 2439 4365 τὸν
2481 4313 2676 4366 ἑαυτοῦ
2711 4313 2916 4385 Κύριον
2948 4314 3067 4386 ἔχῃ.
3096 4316 3169 4368 Τὸ
3194 4334 3441 4388 παρατη-

1853 4401 1967 4471 ρεῖν
1992 4398 2209 4469 ἡμέρας
2251 4396 2311 4449 οὐ
2342 4397 2743 4469 Χριστιανικῆς
2779 4396 3122 4467 φιλοσοφίας,
3156 4399 3286 4453 ἀλλ’
3325 4399 3441 4453 Ἑλ-

1848 4483 2077 4553 ληνικῆς
2107 4479 2320 4549 πλάνης
2338 4480 2507 4533 ἐστίν.
2541 4480 2637 4543 Εἰς
2651 4479 2749 4551 τὴν
2785 4481 2897 4534 ἀνω
2924 4482 3080 4535 πόλιν
3110 4484 3437 4555 ἀπεγράψω,

1849 4568 1931 4628 εἰς
1963 4564 2062 4635 τὴν
2093 4564 2212 4617 ἐκεῖ
2238 4561 2520 4618 πολιτείαν
2565 4562 2762 4626 τελεῖς,
2796 4564 3050 4632 ἀγγέλοις
3082 4566 3278 4620 σαυτὸν
3311 4568 3442 4621 ἀνα-

1852 4648 2011 4721 μίξας
2034 4665 2048 4678 ·
2076 4640 2137 4701 οὐ
2165 4646 2265 4700 οὐκ
2303 4645 2419 4699 ἐστι
2444 4647 2559 4715 φῶς
2582 4646 2662 4709 εἰς
2690 4645 2882 4710 σκότος
2911 4647 3099 4717 λῆγον.
3123 4649 3237 4702 οὐθ’
3259 4651 3440 4721 ἡμέρα

1848 4735 1930 4797 εἰς
1954 4731 2129 4812 νύκτα
2149 4729 2484 4793 τελευτῶσα,
2512 4728 2650 4783 ἀλλά
2665 4729 2959 4793 διαπαντὸς
2986 4731 3188 4803 ἡμέρα,
3211 4732 3439 4786 διαπσν..

1850 4816 1941 4880 τὸς
1975 4814 2113 4885 φῶς.
2152 4813 2299 4885 Πρὸς
2340 4815 2527 4866 ἐκεῖνα
2573 4813 2753 4868 τοίνυν
2794 4814 3085 4885 βλέπωμεν
3122 4816 3437 4880 διαπαντός.

1855 4898 1934 4954 Τὰ
1964 4898 2088 4952 ἅνω
2116 4897 2247 4968 γὰρ,
2281 4897 2439 4967 φησὶ,
2470 4894 2717 4964 ζητεῖτε,
2745 4893 2817 4952 οὗ
2836 4900 2869 4951 ὁ
2893 4899 3148 4965 Χριστός
3173 4899 3346 4952 ἐστιν
3368 4900 3443 4953 ἐν

1849 4972 2035 5047 δεξιᾷ
2049 4980 2156 5035 τοῦ
2190 4980 2338 5035 Θεοῦ
2366 4978 2724 5049 καθήμενος.
2745 4980 2917 5033 Οὐδὲν
2938 4980 3082 5051 ἔχεις
3096 4982 3275 5036 κοινὸν
3302 4982 3441 5054 πρὸς

1848 5063 1951 5136 τὴν
1976 5064 2104 5135 γῆν,
2136 5063 2268 5117 ἔνθα
2316 5063 2473 5134 ἡλίου
2502 5063 2717 5135 δρόμοι,
2746 5064 2844 5117 καὶ
2872 5066 3134 5135 περίοδοι,
3171 5065 3264 5119 καὶ
3296 5067 3439 5137 ἡμέ-

1853 5163 1975 5221 ραι·
2009 5147 2125 5201 ἀλλ’
2155 5146 2251 5201 ἐὰν
2289 5147 2467 5219 ὀρθῶς
2496 5147 2617 5218 ζῇς,
2652 5148 2686 5217 ἡ
2713 5146 2809 5212 νὺξ
2843 5148 3029 5218 ἡμέρα
3074 5165 3158 5201 σοι
3189 5148 3400 5217 γίνεται
3421 5167 3435 5181 ·

1849 5231 2041 5305 ὥσπερ
2077 5226 2171 5285 οὖν
2201 5232 2315 5294 τοῖς
2352 5232 2409 5283 ἐν
2440 5229 2701 5300 ἀσελγείᾳ
2743 5230 2839 5283 καὶ
2877 5230 3019 5304 μέθῃ
3054 5231 3147 5285 καὶ
3170 5232 3440 5305 ἀκολασίᾳ

1852 5314 2061 5387 βιοῦσιν
2100 5314 2342 5386 ήήμέρα
2364 5312 2545 5367 αὐτῶν
2577 5312 2715 5385 πρὸς
2744 5313 2805 5367 τὺ
2840 5314 2942 5385 τῆς
2974 5317 3170 5379 νυκτῖς
3201 5318 3439 5387 μεταφέ-

1853 5416 2004 5470 ρεται
2035 5398 2249 5461 σκότος,
2300 5397 2361 5450 οὐ
2415 5396 2511 5449 τοῦ
2550 5396 2703 5468 ήλίου
2753 5397 3139 5468 σϐεννυμένου,
3170 5399 3307 5453 άλλά
3341 5400 3439 5472 τῆς

1848 5482 2077 5538 ἐκείνων
2124 5480 2363 5545 διανοίας
2415 5483 2483 5552 τῇ
2529 5479 2670 5552 μέθῃ
2719 5480 3134 5553 σκοτιζομένης.
3170 5481 3245 5536 Τὸ
3299 5494 3440 5555 πρὸς

1912 5659 2285 5739 δίψει-θόοις
2331 5658 2628 5739 πανηγύρεις.
2672 5661 2849 5739 Tucia
2885 5663 3102 5739 )._ap.1rpa‘z;
3126 5667 3320 5730 ἡμέρας,
3360 5655 3445 5729 ἑῆς

1848 5729 2001 5837 ῒυχῆς
2022 5724 2088 5770 ἔτι
2114 5722 2454 5793 ἐσκοςισμένης
2490 5722 2666 5783 οὐσης;
2712 5726 2768 5772 Εἰ
2808 5722 2859 5773 δὲ
2896 5722 2989 5792 ἄρα
3014 5722 3059 5774 τι
3109 5722 3453 5795 κάρτξώῷχσιῄὶ

1880 5789 1944 5834 πὸ
1975 5784 2219 5837 νεομηνίας
2242 5785 2349 5837 βου)
2361 5801 2400 5831 ει

1880 5785 1944 5834 πὸ
1975 5785 2219 5844 νεομηνίας
2242 5785 2349 5844 βου)
2361 5801 2400 5831 ει

1914 5850 1937 5879 ί
1967 5849 2075 5897 Duo
2096 5860 2207 5895 mas.
2235 5846 2419 5896 habent
2443 5848 2698 5907 κτίσματα.
