3958 6400
129 374 238 432 957

122 486 269 543 tales
293 487 348 541 in
371 485 719 545 admiratione
739 488 956 559 habere,
978 498 1032 545 et
1052 490 1307 560 majorem
1332 506 1396 547 ex
1423 491 1527 547 illis
1555 492 1705 548 volu-

124 589 333 650 ptatem
374 593 599 649 capere,
630 588 685 636 et
709 580 950 637 lucernas
975 581 1028 636 in
1058 580 1173 637 loro
1194 581 1508 649 accendere,
1534 592 1589 639 et
1614 597 1709 639 co-

122 684 293 725 ronas
332 670 588 741 plectere,
631 672 850 742 puerilis
894 673 1172 744 cujusdam
1214 675 1458 747 amentiae
1496 682 1597 729 est.
1627 675 1711 751 Ab

124 761 233 817 hac
248 760 357 832 jam
382 762 738 819 imbecillitate
762 764 1013 820 liberatus
1032 779 1112 826 es.
1130 774 1183 820 et
1206 764 1258 819 in
1280 765 1450 820 virum
1469 765 1704 831 evasisti,

120 862 180 907 et
208 854 265 908 in
294 853 560 910 caelestem
582 854 878 927 adscriptas
903 870 963 912 es
993 856 1365 928 rempublicam
1390 898 1406 924 ,
1439 872 1544 933 non
1580 871 1711 928 ergo

120 944 178 998 in
221 942 343 999 t‘uro
370 944 630 1000 aeeendas
668 945 843 1001 lumen
886 946 1171 1010 sensibile.
1197 947 1292 1002 sed
1319 947 1370 1023 iu
1400 945 1582 1003 animo
1615 961 1707 1002 ac-

120 1034 299 1092 cendt:
321 1034 503 1091 lumen
528 1035 819 1105 spirituale.
849 1035 1035 1090 ιιι-σαι
1053 1038 1204 1102 enim,
1228 1036 1414 1108 inquit,
1436 1036 1527 1113 tua;
1547 1048 1710 1093 vestra

119 1143 301 1182 coram
327 1127 629 1192 hominibus,
662 1138 717 1183 ut
744 1129 943 1184 videant
968 1129 1099 1185 bona
1124 1147 1283 1201 opera
1300 1140 1465 1207 vestra
1483 1172 1499 1196 ,
1520 1141 1568 1186 et
1589 1130 1707 1204 glo-

116 1220 204 1273 ria
243 1216 476 1288 ofﬁciant
501 1215 708 1276 Patrem
731 1232 945 1276 uestrum
969 1223 1214 1277 cmlestem
1247 1221 1468 1294 (Matth.
1497 1223 1550 1278 5.
1580 1220 1705 1294 {6).

120 1307 255 1364 Haec
283 1309 375 1364 lux
398 1309 616 1365 multam
645 1310 801 1368 aii'ert
821 1312 912 1368 tibi
933 1316 1440 1383 compensationem.
1468 1312 1585 1369 Noli
1610 1313 1708 1369 do-

122 1415 250 1455 mus
278 1408 381 1455 tute
407 1401 548 1460 fures
572 1403 731 1458 scrtis
753 1418 1013 1460 coronare
1034 1405 1075 1468 ί.
1101 1403 1195 1459 sed
1222 1405 1378 1460 talem
1402 1406 1521 1460 vita:
1545 1405 1705 1461 ratio-

122 1505 254 1545 nem
278 1491 504 1559 exhibe,
535 1499 592 1547 ut
627 1491 847 1563 iustitia
879 1509 1129 1549 coronam
1158 1494 1317 1565 capiti
1346 1495 1644 1565 impositam
1672 1510 1704 1551 ιι

117 1582 325 1639 Clu-isti
347 1599 504 1639 manu
523 1586 772 1656 accipias.
795 1585 935 1642 Nihil
957 1596 1175 1653 temere,
1197 1586 1327 1641 nihil
1344 1586 1707 1657 imprudenter

121 1675 217 1729 fiat
247 1691 263 1728 :
294 1675 366 1730 ita
390 1676 531 1732 enim
557 1676 750 1732 Paulus
772 1679 1044 1749 prmeepit,
1071 1679 1250 1735 omnia
1280 1678 1332 1733 in
1356 1678 1582 1749 gloriam
1611 1678 1705 1734 Dei

121 1778 181 1822 ut
206 1767 511 1825 faceremus
537 1786 553 1825 :
580 1769 700 1826 Siue
716 1771 867 1836 enim,
891 1771 1079 1842 inquit,
1098 1771 1257 1839 editis,
1286 1772 1389 1825 sive
1409 1770 1594 1837 bibitis,
1615 1786 1704 1826 seu

117 1859 247 1928 quid
270 1859 460 1930 facitis,
488 1861 659 1916 omnia
682 1862 752 1915 ad
776 1850 991 1933 gloriam
1013 1861 1107 1916 Dei
1125 1862 1326 1934 faciatis
1361 1861 1436 1934 (Ι.
1464 1860 1583 1917 Cor.
1611 1862 1698 1917 10.

118 1948 234 2022 5|).
268 1953 337 2006 At
359 1953 643 2018 quomodo,
668 1953 895 2025 inquies,
914 1952 1076 2009 edere
1100 1962 1153 2008 et
1178 1953 1358 2009 bibere
1385 1953 1452 2009 ad
1478 1954 1698 2024 gloriam

120 2040 216 2094 Dei
246 2043 562 2110 possumus?
588 2042 817 2099 Accerse
842 2057 1147 2113 pauperem,
1167 2043 1474 2114 participem
1501 2058 1701 2100 mensas

119 2140 230 2186 tua:
258 2131 422 2188 facias
444 2133 710 2188 Christum
728 2176 743 2202 ,
782 2143 836 2188 et
859 2133 924 2188 ad
953 2133 1175 2205 gloriam
1205 2134 1295 2189 Dei
1321 2134 1496 2201 edisti,
1525 2149 1588 2189 ac
1615 2133 1700 2189 bi-
1732 2122 1745 2141 \

121 2221 267 2276 bisti.
300 2223 495 2277 Atnon
518 2222 617 2278 hoc
634 2226 805 2281 solum
830 2224 1077 2295 praecepit
1096 2223 1161 2278 ad
1186 2225 1407 2296 gloriam
1436 2224 1528 2280 Dei
1558 2223 1696 2293 ﬁeri,

116 2310 217 2366 sed
241 2320 298 2368 et
323 2312 524 2384 reliqua
550 2315 747 2381 omnia,
777 2324 833 2368 ut
858 2315 910 2369 in
938 2313 1108 2368 furtim
1134 2315 1241 2382 ire,
1272 2315 1415 2370 domi
1440 2331 1500 2371 se
1522 2316 1696 2371 conti.

116 2416 252 2457 uere
277 2420 291 2455 :
326 2401 440 2458 lucc
469 2413 687 2474 utraque
707 2415 924 2475 propter
949 2405 1111 2469 Deum
1140 2404 1287 2467 fiant.
1335 2408 1407 2460 At
1430 2406 1698 2476 quomodo

117 2499 345 2561 utraque
369 2492 469 2547 ista
494 2493 620 2548 licut
645 2504 861 2563 prepter
891 2495 1093 2549 Deum?
1133 2495 1356 2564 Quando
1397 2496 1467 2550 ad
1510 2496 1696 2552 Eccle-

115 2581 257 2636 siam
284 2582 494 2637 accedis
515 2624 532 2649 ,
571 2585 782 2655 quando
821 2586 1156 2656 precationis,
1195 2586 1406 2657 quando
1440 2587 1697 2644 docti-inre

116 2672 413 2740 spiritualis
453 2674 715 2746 particeps
749 2690 828 2742 es,
873 2676 987 2733 haec
1034 2678 1332 2747 progressio
1372 2677 1438 2733 ad
1474 2678 1696 2749 gloriam

118 2763 216 2818 Dei
256 2773 359 2820 est.
410 2766 612 2821 Rursus
636 2767 779 2823 domi
807 2769 965 2830 etiam
993 2770 1116 2825 licet
1142 2780 1357 2842 propter
1382 2773 1547 2828 Deum
1578 2789 1694 2829 ma.

116 2869 269 2909 uere.
297 2854 612 2922 Quomodo?
636 2867 726 2913 aut
754 2873 855 2929 qua
884 2860 1129 2915 ratione?
1173 2860 1271 2918 Ubi
1310 2862 1576 2919 audiveris
1608 2871 1697 2918 tu-

115 2944 318 3001 multus
345 2945 707 3013 immodestos,
739 2964 958 3019 pompas
985 2949 1274 3006 diabolicas
1297 2994 1313 3019 ,
1346 2954 1500 3009 malis
1538 2963 1697 3025 atque

115 3033 591 3104 intemperantihus
618 3039 917 3094 hominibus
943 3040 1115 3096 forum
1142 3042 1352 3112 plenum
1382 3059 1524 3111 esse,
1551 3045 1693 3101 domi

114 3136 353 3190 maneto,
380 3134 435 3180 et
458 3142 490 3182 a
517 3128 668 3184 turba
699 3130 785 3184 tali
810 3130 1086 3197 discedite,
1129 3141 1187 3188 et
1225 3133 1290 3189 ad
1333 3134 1555 3205 gloriam
1603 3136 1695 3191 Dei

119 3218 211 3272 tibi
243 3219 505 3279 mansisti.
552 3221 1006 3291 Quemadmodum
1050 3225 1190 3279 enim
1232 3235 1343 3281 tum
1383 3227 1533 3282 domi
1572 3242 1696 3298 per-

115 3310 347 3378 mansio,
372 3320 482 3366 tum
509 3315 743 3382 egressio
764 3315 924 3381 foras,
956 3317 1033 3372 sic
1063 3326 1171 3372 tum
1201 3318 1334 3385 laus,
1366 3327 1478 3375 tum
1499 3321 1698 3391 vitupeo

118 3403 253 3456 ratio
282 3417 492 3473 quoque
511 3404 581 3458 ad
606 3405 698 3460 Dei
722 3407 941 3476 gloriam
968 3423 1086 3463 esse
1111 3418 1303 3479 potest.

187 3493 457 3558 Quomodo
496 3512 767 3564 possumus
805 3509 855 3552 et
889 3500 1098 3554 laudare
1121 3511 1167 3554 et
1194 3503 1473 3572 uituperare
1491 3502 1698 3575 tul-glo-

116 3588 247 3642 riam
293 3588 501 3644 DeL—
528 3591 804 3659 Quomodo
841 3604 1019 3649 autem
1066 3594 1132 3649 ad
1177 3586 1397 3665 gloriam
1437 3596 1531 3651 Dei
1574 3597 1698 3652 licet

114 3679 350 3747 atumem
380 3678 597 3737 laudare
631 3696 694 3736 ac
719 3684 1059 3752 vituperare?
1105 3683 1314 3740 Sedetis
1338 3700 1480 3756 saepe
1506 3686 1556 3740 in
1582 3686 1699 3740 olli-

115 3772 286 3839 ciuis,
316 3772 510 3827 videtis
536 3775 808 3843 przuterire
843 3776 1084 3836 homines
1111 3777 1278 3832 malos
1313 3786 1469 3848 atque
1495 3779 1699 3849 impro-

116 3865 235 3931 bos,
262 3867 545 3934 supercilia
571 3868 966 3935 contrahentes,
990 3869 1219 3935 inﬂatos,
1243 3871 1333 3942 qui
1363 3871 1557 3927 multos
1581 3879 1701 3941 post

116 3973 176 4013 se
201 3958 463 4029 parasitos
507 3967 561 4013 et
604 3959 907 4015 adulatores
950 3961 1167 4026 ducunt,
1198 3963 1285 4032 qui
1314 3963 1571 4031 pretiosas
1599 3962 1699 4017 ha-

117 4048 245 4103 bent
265 4057 464 4115 vestes,
495 4059 548 4104 et
578 4052 742 4104 multo
768 4049 905 4105 fastu
934 4052 1273 4116 amiciuntur,
1298 4053 1588 4107 alienarum
1614 4068 1701 4108 re-

115 4155 233 4193 rum
259 4139 581 4208 direptores,
613 4149 771 4210 atque
792 4155 999 4195 avaros.
1047 4141 1143 4197 Hic
1179 4142 1222 4195 si
1262 4157 1579 4211 quemquam
1605 4155 1701 4196 au-

118 4230 317 4287 diveris
360 4230 625 4292 dicentem
653 4249 666 4285 :
694 4246 868 4286 annon
910 4231 1225 4301 praestabilis
1268 4230 1354 4289 hic
1394 4232 1492 4298 vir,
1521 4245 1700 4287 annon

119 4321 305 4375 beatus
316 4321 346 4374 74
369 4321 602 4390 incncpa,
622 4321 900 4391 redarguo,
921 4335 983 4375 os
1010 4320 1248 4387 obstrue,
1275 4322 1698 4386 commiserator,

115 4412 455 4484 lacrymure:
490 4414 589 4468 hoc
616 4424 697 4468 est
722 4414 788 4468 ad
814 4413 1035 4484 gloriam
1068 4413 1158 4466 Dei
1191 4413 1513 4482 vituperare.
1548 4412 1701 4467 Vitu-

117 4504 324 4573 peratio
365 4503 507 4557 enim
547 4504 664 4559 talis
700 4503 917 4573 reliquis
962 4502 1308 4572 praesentibus
1344 4501 1413 4556 ad
1462 4502 1698 4571 philoso-

117 4593 294 4663 phiam
321 4603 377 4649 et
403 4595 645 4649 virtutem
671 4594 946 4649 instructio
973 4603 1084 4660 est,
1108 4602 1169 4647 ut
1206 4594 1258 4647 in
1295 4609 1385 4649 res
1412 4594 1478 4649 ad
1504 4596 1702 4648 victum

116 4694 421 4753 spectantes
449 4686 621 4741 minus
647 4686 866 4740 inhient.
891 4684 1082 4753 Qumrc
1107 4685 1174 4740 ab
1200 4685 1290 4740 illo
1310 4686 1398 4756 qui
1420 4685 1507 4740 illa
1529 4684 1662 4740 dixit
1686 4701 1701 4738 :

119 4791 212 4831 cur
228 4778 415 4831 beatus
430 4777 517 4834 hic
536 4776 649 4832 est?
664 4776 798 4835 Num
814 4778 936 4848 quia
952 4776 1315 4832 admirabilem
1333 4777 1495 4833 habet
1508 4793 1700 4848 equum

118 4879 172 4922 et
198 4883 363 4923 aureo
386 4868 535 4923 l‘rerm
559 4869 912 4923 exornatum?
938 4878 1032 4923 aut
1054 4869 1174 4938 quia
1204 4883 1452 4938 magnum
1484 4868 1677 4924 famula
1694 4886 1729 4917 .-

118 4959 266 5013 tum?
301 4967 395 5013 aut
432 4960 553 5029 quia
594 4960 901 5029 pnuciuram
932 4960 1089 5014 habet
1115 4968 1341 5023 vestem,
1369 4970 1422 5016 et
1448 4961 1704 5018 ebrietate

118 5051 431 5121 deliciisque
467 5052 703 5123 quotidie
738 5054 1002 5108 solvitur?
1043 5053 1157 5108 Sed
1190 5053 1314 5108 inde
1354 5056 1517 5111 miser
1544 5065 1706 5125 atque

119 5142 304 5197 infelix
329 5151 432 5210 est,
462 5154 516 5198 et
554 5144 733 5198 multis
776 5144 1025 5216 lacrymis
1072 5145 1492 5215 prosequendus.
1538 5147 1707 5203 Video

119 5246 267 5292 certe
295 5252 389 5291 vos
414 5237 611 5292 nullam
640 5237 781 5292 illius
804 5247 1007 5308 partem
1037 5237 1257 5292 laudare
1288 5253 1465 5306 posse,
1488 5239 1593 5296 sed
1611 5255 1708 5295 ex-

121 5342 301 5389 ternas
329 5349 416 5390 res
440 5350 648 5403 omnes,
669 5352 884 5406 rqunm,
909 5334 1134 5399 frenum,
1161 5350 1356 5401 vestes,
1380 5350 1498 5406 qum
1527 5332 1705 5387 omnia

122 5428 266 5483 nulla
300 5428 440 5483 illius
468 5443 591 5499 pars
617 5428 865 5483 existunt.
899 5428 992 5484 Dic
1019 5443 1163 5500 ergo,
1198 5427 1321 5500 quid
1354 5426 1573 5481 omnino
1607 5424 1710 5480 mi—

184 5686 203 5753 '_
242 5687 317 5745 sic
337 5693 444 5753 sav:
467 5691 521 5741 et
536 5684 634 5753 dnp
658 5691 785 5741 uss;
805 5684 1041 5753 sedhanc
1062 5683 1170 5753 vita}
1188 5682 1418 5753 rationem
1441 5679 1632 5753 Iubeas,
1650 5685 1706 5753 tt}

116 5743 203 5811 tibi
233 5741 369 5798 cura:
398 5741 461 5814 sit
502 5741 729 5814 accipere.
753 5741 1221 5814 foronrnnjustitiaf,
1246 5745 1307 5797 de
1342 5741 1706 5803 humatihristt',

122 5806 264 5870 super
290 5806 598 5874 cepaticum
618 5806 639 5859 ἐ
660 5806 781 5858 nihil
802 5808 994 5871 tentare,
1022 5810 1119 5859 etc.

1533 379 1597 436 IN
1624 379 2008 440 KALENDAS.

3289 401 3384 460 95!

1815 494 1988 549 serius
2013 505 2132 569 esse
2160 500 2354 564 potest,
2379 507 2537 566 quam
2566 502 2623 548 ut
2648 506 2816 565 equus
2840 502 2895 551 et
2919 495 3043 567 equi
3069 494 3302 567 frenum,
3332 507 3385 554 et

1813 584 2039 655 vestium
2065 577 2316 654 splendor
2336 600 2399 641 ac
2424 584 2737 643 famulorum
2766 587 2904 642 bona
2927 576 3163 660 corporis
3186 588 3381 645 consti-

1814 675 1948 731 tutio
1988 670 2252 741 laudetur,
2283 677 2397 747 ipse
2423 675 2702 747 illaudatus
2744 693 2961 750 prorsus
3006 670 3389 749 praetereatur?

1811 763 1952 831 Quid
1989 778 2058 821 eo
2100 765 2312 821 homine
2349 767 2667 841 pauperius,
2701 759 2791 838 qui
2817 783 2936 823 cum
2966 759 3170 824 nullum
3195 769 3388 826 habeat

1810 854 2009 909 borium
2038 857 2328 927 proprium,
2358 856 2443 912 vel
2465 856 2608 928 quod
2631 855 2755 912 hinc
2782 856 2949 927 possit
2974 858 3184 915 auferre
3201 899 3218 927 ,
3253 858 3385 914 alie-

1812 944 1897 1000 nis
1919 944 2090 1001 solum
2115 946 2278 1002 rebus
2295 947 2618 1003 exornetur?
2644 947 2920 1020 Prnprium
2939 949 3083 1004 enim
3104 964 3389 1004 ornamen-

1813 1045 1923 1092 tum
1943 1036 2242 1108 divitichue
2270 1047 2465 1093 nostra
2498 1045 2641 1103 sunt,
2671 1052 2779 1093 non
2817 1036 3017 1102 famuli,
3050 1054 3155 1092 non
3185 1047 3385 1104 vestes,

1809 1143 1919 1183 non
1965 1127 2108 1199 equi,
2150 1126 2245 1183 sed
2289 1127 2451 1183 animi
2490 1127 2676 1192 virtus,
2719 1127 2815 1183 sed
2860 1127 3118 1184 bonorum
3163 1142 3387 1200 operum

1811 1219 2150 1285 abundantia,
2182 1219 2277 1275 sed
2308 1218 2496 1275 ﬁducia
2523 1220 2575 1274 in
2602 1220 2788 1275 Deum.
3232 1288 3241 1303 ι

1879 1311 1932 1365 4.
1966 1310 2166 1365 Rursus
2195 1325 2317 1365 cum
2347 1310 2541 1365 videris
2568 1325 2857 1381 pauperem
2882 1309 3145 1380 abjectum
3163 1352 3178 1375 ,
3219 1325 3369 1380 spre-

1809 1410 1943 1465 tum,
1971 1417 2093 1457 cum
2122 1404 2338 1472 penuria
2358 1413 2412 1458 et
2440 1403 2634 1458 virtute
2654 1403 2814 1457 vitam
2841 1403 3241 1473 trausigentem,
3271 1412 3325 1459 et
3349 1419 3379 1456 a

1807 1484 2105 1560 sodalibus,
2126 1494 2217 1565 qui
2245 1502 2420 1550 tecum
2450 1503 2594 1561 sunt,
2620 1494 2872 1550 miserum
2891 1494 3144 1559 habitum,
3170 1494 3384 1550 laudato

1807 1585 1989 1640 illum:
2017 1584 2132 1639 inec
2156 1586 2524 1654 pmtereuntis
2548 1586 2690 1652 laus,
2719 1584 2982 1640 institutio
3004 1595 3086 1640 est
3112 1594 3165 1640 et
3189 1584 3379 1640 aditu!“

1807 1677 1936 1732 tatio
1980 1676 2047 1731 ad
2091 1676 2282 1732 bonam
2303 1684 2359 1731 et
2385 1675 2660 1731 honestam
2686 1676 2845 1730 vitam
2869 1675 3283 1745 transigendam.
3323 1675 3377 1731 Si

1804 1768 2069 1833 dixerint,
2101 1781 2436 1823 :erumnosus
2467 1775 2522 1822 et
2549 1766 2711 1823 miser
2753 1775 2869 1822 est:
2916 1775 2973 1820 tu
3021 1774 3204 1821 contra
3235 1766 3379 1820 illum

1805 1859 2042 1915 omnium
2070 1857 2432 1913 beatissimum
2457 1855 2684 1927 prmdica
2706 1897 2722 1924 ,
2743 1855 2838 1926 qui
2861 1855 3027 1910 Deum
3054 1854 3220 1910 habet
3244 1856 3381 1911 ami-

1804 1966 1925 2006 cum
1958 1990 1975 2016 ,
2018 1949 2113 2021 qui
2165 1950 2344 2004 virtuti
2388 1948 2685 2014 incumbit,
2731 1948 2822 2019 qui
2850 1946 3059 2003 divitias
3089 1963 3194 2003 non
3212 1947 3382 2004 ﬂuxas

1802 2041 2072 2111 possidet,
2103 2042 2193 2112 qui
2221 2040 2600 2097 conscientiam
2629 2038 2786 2094 habet
2807 2054 3013 2110 puram.
3058 2038 3194 2107 Quid
3236 2040 3378 2094 enim

1804 2131 1881 2187 illi
1923 2131 2249 2186 incommodi
2280 2141 2363 2187 est
2387 2172 2402 2195 ,
2446 2131 2493 2185 si
2521 2130 2759 2200 pecuniis
2786 2129 3011 2185 terrenis
3038 2136 3229 2199 egeat,
3258 2142 3377 2183 cum

1800 2223 1920 2278 caeli
1962 2233 2017 2279 et
2057 2223 2345 2279 cmlestium
2377 2222 2725 2278 hereditatem
2775 2221 3016 2277 aditurus
3059 2221 3172 2275 sit?
3212 2220 3269 2275 Si
3322 2230 3380 2275 tu

1801 2330 1924 2372 cum
1945 2315 2047 2370 illis
2073 2314 2151 2370 sic
2175 2313 2548 2384 disputaveris,
2566 2323 2620 2369 et
2647 2314 2766 2368 illos
2785 2323 2945 2383 atque
2969 2313 3105 2369 alios
3130 2313 3378 2369 institue-

1802 2408 1878 2463 ris
1899 2449 1915 2468 ,
1940 2422 2184 2497 magna")
2199 2406 2423 2477 recipies
2437 2415 2545 2462 tum
2563 2405 2965 2476 vituperationis
2981 2414 3089 2460 tum
3114 2404 3380 2460 laudatio-

1800 2497 1884 2554 nis
1904 2507 2008 2554 tua:
2035 2495 2359 2565 mercedem,
2382 2513 2501 2553 cum
2521 2506 2745 2571 utraque
2760 2496 2825 2550 ad
2838 2495 3060 2566 gloniam
3077 2496 3167 2551 Dei
3196 2495 3373 2551 facias.

1799 2589 1952 2659 Quod
1975 2601 2151 2645 autem
2179 2604 2510 2660 nequaquam
2541 2597 2740 2644 temere
2751 2587 2985 2642 animum
3004 2595 3145 2643 tuum
3163 2586 3245 2642 his
3257 2601 3380 2642 ver-

1801 2684 1882 2738 bis
1909 2682 2237 2754 pcllexerim,
2260 2681 2353 2737 sed
2370 2679 2511 2753 quod
2530 2696 2624 2751 per
2638 2695 2824 2750 magna
2842 2678 3082 2750 quaedam
3100 2679 3186 2743 iis,
3201 2679 3287 2749 qui
3307 2678 3380 2732 ita

1799 2773 1977 2828 animo
2003 2773 2271 2828 constituti
2302 2781 2443 2837 sunt,
2462 2786 2491 2825 a
2520 2772 2627 2826 Deo
2647 2769 3007 2839 compensatio
3036 2768 3206 2822 futura
3221 2767 3311 2834 sit,
3331 2775 3386 2821 et

1800 2869 1854 2925 in
1874 2884 2083 2925 summa
2096 2868 2198 2924 hoc
2219 2867 2408 2921 virtute
2437 2865 2708 2929 habeatur,
2722 2864 2791 2919 ita
2818 2863 2886 2918 de
2907 2864 3008 2918 illis
3027 2861 3204 2932 quisic
3224 2860 3383 2916 vitam

1799 2959 1991 3029 degunt
2010 2967 2261 3014 statuere:
2280 2957 2399 3011 audi
2413 2956 2535 3027 quid
2555 2955 2807 3025 propheta
2823 2952 3043 3021 dicat,et
3053 2953 3103 3006 in
3120 2966 3225 3022 quo
3241 2957 3387 3005 recte

1805 3051 2062 3106 factorum
2094 3063 2315 3104 numero
2354 3055 2535 3117 ponat,
2568 3056 2676 3100 tum
2718 3044 2885 3098 malos
2905 3041 3149 3096 homines
3174 3055 3270 3110 pro
3296 3038 3383 3092 ni-

1803 3142 1913 3198 hilo
1936 3140 2151 3203 habere,
2181 3149 2291 3193 tum
2315 3139 2563 3192 timentes
2591 3135 2753 3189 Deum
2775 3132 2939 3203 gloria
2965 3130 3196 3185 allicere.
3227 3129 3382 3183 Post-

1804 3247 1961 3304 quam
2010 3231 2152 3285 enim
2192 3229 2421 3299 reliquas
2451 3227 2673 3281 virtutes
2719 3229 3194 3279 commemorasset
3220 3219 3382 3283 illius,

1804 3324 1895 3393 qui
1925 3338 1953 3377 a
1987 3323 2096 3376 Deo
2126 3318 2467 3376 honorandus
2492 3326 2666 3383 esset,
2697 3324 2753 3371 et
2781 3314 3002 3370 dixisset
3025 3313 3237 3383 qualem
3261 3325 3389 3367 esse

1806 3416 1957 3471 illum
1982 3420 2271 3484 oporteret,
2300 3411 2388 3481 qui
2408 3411 2458 3464 iu
2486 3417 2671 3465 sancto
2699 3407 2840 3461 illius
2865 3403 3206 3463 tabernaculo
3231 3400 3381 3455 habi-

1807 3519 2013 3563 taturus
2035 3514 2200 3569 esset,
2226 3506 2325 3558 hoc
2342 3511 2445 3567 est,
2474 3501 2797 3570 inculpatum
2817 3539 2833 3564 ,
2863 3507 2918 3552 et
2941 3492 3380 3563 coleutemjusti-

1807 3599 1955 3660 tiam,
1986 3607 2043 3652 et
2066 3611 2095 3649 a
2127 3594 2356 3665 nequitia
2387 3606 2635 3657 vacuum,
2660 3592 2826 3645 etiam
2848 3584 3215 3654 hocsultjecit:
3255 3597 3379 3638 eum

1804 3688 2047 3753 dixisset,
2075 3688 2173 3755 Qui
2197 3703 2298 3741 non
2319 3685 2525 3739 dolosus
2555 3684 2843 3752 [αἰιιιίηφια
2865 3696 2979 3744 sua,
3011 3694 3099 3732 nec
3124 3677 3240 3749 fecit
3262 3692 3384 3746 pro.-

1803 3782 1942 3836 a‘imo
1970 3796 2060 3835 suo
2086 3776 2276 3832 nmium
2296 3794 2314 3842 ;
2336 3775 2532 3846 adjecit
2556 3792 2570 3828 :
2601 3774 2687 3828 Ad
2721 3771 2935 3825 nihilum
2976 3769 3222 3822 deductus
3241 3777 3311 3821 est
3333 3766 3397 3827 in

1806 3880 2071 3940 consprctu
2094 3870 2202 3940 ejus
2230 3867 2501 3936 malignus,
2532 3866 2758 3919 timentes
2785 3872 2957 3917 autem
2982 3860 3260 3915 Dominum
3277 3858 3389 3929 glo-

1805 3961 2050 4032 τίαησιεξι
2082 3960 2099 4030 (
2130 3959 2273 4014 Ρεαισ.
2320 3959 2406 4013 tt.
2450 3958 2503 4013 5.
2540 3956 2574 4010 t
2600 3953 2642 4027 )η.
2690 3955 2784 4008 liis
2831 3952 3008 4007 verbis
3060 3950 3390 4005 demonstrat

1807 4071 1972 4110 unum
2003 4055 2120 4122 ejus
2150 4053 2379 4107 cilicium
2405 4065 2545 4115 esse,
2580 4048 2746 4105 malos
2770 4056 3114 4100 contemnere
3134 4083 3150 4106 ,
3171 4040 3389 4096 laudare

1810 4156 1866 4201 et
1897 4146 2055 4200 beare
2079 4144 2251 4200 bonos
2281 4159 2293 4194 :
2325 4151 2381 4195 ct
2409 4140 2531 4194 alibi
2565 4138 2709 4192 idem
2751 4133 3068 4204 signiﬁcavit
3090 4146 3211 4186 cum
3239 4130 3387 4197 dice-

1807 4245 1921 4291 ret:
1957 4233 2095 4287 Mihi
2111 4243 2278 4287 autem
2315 4232 2465 4285 nimis
2503 4227 2736 4283 honorati
2758 4233 2877 4289 sunt
2915 4224 3066 4288 amici
3101 4222 3196 4288 uti,
3233 4220 3387 4286 Deus,

1806 4327 1957 4381 nimis
1999 4326 2315 4392 confortatus
2343 4331 2417 4381 est
2445 4319 2759 4389 principatus
2812 4329 2988 4370 eorum
3033 4314 3053 4383 ι
3080 4311 3229 4365 Psol;
3263 4311 3385 4365 liis.

1808 4421 1874 4476 l'i
1901 4421 1941 4488 ).
1970 4418 2137 4486 Quem
2186 4416 2328 4470 Deus
2380 4411 2561 4467 laudat
2589 4451 2603 4475 ,
2636 4418 2692 4464 tu
2740 4421 2809 4471 ne
2854 4407 3141 4475 vitupercs.
3190 4400 3392 4457 Laudat

1807 4522 1985 4567 autem
2012 4524 2155 4572 eum,
2186 4506 2275 4576 qui
2303 4519 2423 4559 cum
2469 4501 2675 4571 justitia
2719 4498 2885 4563 vivit,
2917 4496 3161 4566 quamvis
3190 4507 3391 4563 pauper

1806 4607 1896 4660 sit.
1921 4605 2090 4673 Quem
2125 4603 2264 4656 Deus
2276 4605 2572 4663 aversatur,
2591 4604 2653 4649 tu
2665 4609 2741 4648 ne.
2754 4589 3050 4647 laudaveris
3071 4605 3089 4643 ι
3116 4595 3391 4643 aversatur

1809 4709 1987 4753 autem
2012 4708 2224 4750 omnem
2256 4692 2345 4762 qui
2371 4706 2492 4745 cum
2521 4686 2755 4758 nequitia
2778 4684 2927 4749 vivit,
2948 4679 3193 4752 quamvis
3208 4677 3388 4732 multis

1810 4791 1996 4862 Opibus
2017 4785 2368 4844 circumfluat.
2393 4781 2497 4838 Sed
2526 4780 2641 4835 sive
2665 4775 2963 4835 laudaveris
2988 4813 3007 4840 ,
3035 4773 3146 4862 sive
3187 4770 3393 4862 vitupe~

1810 4859 2032 4947 γάνει-ιε,
2068 4887 2290 4946 utraque
2313 4874 2383 4928 ad
2403 4872 2493 4929 Dei
2509 4870 2838 4924 voluntatem
2856 4864 3034 4925 facias.
3058 4861 3206 4929 Licet
3232 4859 3397 4915 etiam

1811 4973 1877 5029 ad
1907 4971 2130 5043 gloriam
2163 4967 2255 5022 Dei
2296 4966 2595 5034 objurgare.
2636 4960 2756 5028 Quo
2778 4955 2991 5011 tandem
3016 4951 3221 5009 modo}
3258 4949 3393 5043 Erga

1814 5038 2000 5120 servos
2025 5070 2236 5114 nostros
2279 5071 2419 5125 sa'pe
2447 5054 2627 5109 animo
2663 5060 3100 5105 commovetuus:
3128 5038 3405 5113 quomodo

1812 5162 1989 5209 autem
2023 5151 2151 5205 licet
2195 5138 2415 5218 propter.
2437 5146 2599 5197 Deum
2630 5134 2957 5209 ohjurgareis
2986 5133 3045 5190 Si
3070 5131 3283 5197 ebrium
3304 5136 3402 5185 aut-

1814 5245 2077 5301 fureutem
2104 5241 2301 5296 videris
2327 5238 2410 5293 vel
2440 5249 2656 5291 servum
2677 5275 2692 5297 ,
2736 5230 2825 5286 vel
2852 5227 3102 5291 amicum,
3132 5221 3405 5283 velalium.

1813 5335 2115 5406 quempiam
2140 5330 2495 5403 propinquant
2541 5334 2687 5389 tuum
2716 5361 2734 5389 ,
2765 5327 2863 5375 aut
2900 5318 2952 5389 in
2984 5318 3247 5373 theatnum
3273 5328 3397 5377 cur,

1770 5434 1777 5441 °
1815 5439 2042 5487 rentem,
2074 5432 2166 5479 aut
2190 5422 2418 5479 animam
2443 5432 2592 5474 suam
2624 5413 2755 5470 nihil
2782 5418 3079 5474 curantem,
3102 5415 3197 5478 aut
3212 5406 3399 5477 iuran-

1815 5526 1947 5582 tem,
1971 5524 2065 5570 aut
2093 5514 2442 5584 pejerantem,
2477 5514 2575 5562 aut
2595 5503 2941 5560 mentientem
2966 5515 2985 5554 :
3011 5497 3346 5565 stotnacltsre
3375 5531 3396 5560 ,

1815 5608 2022 5680 punito,
2051 5619 2268 5670 revoca,
2298 5601 2523 5670 corrige,
2551 5595 2749 5653 etbtcc
2777 5592 2955 5651 omnia
2984 5596 3203 5661 propter
3227 5587 3396 5680 Deum

1818 5674 2006 5756 iecisti.
2030 5698 2088 5754 Si
2111 5712 2233 5766 eiga
2263 5704 2318 5750 te
2345 5698 2651 5765 peccantem
2676 5684 2875 5742 videris
2892 5724 2909 5751 ,
2938 5689 3035 5741 aut.
3055 5674 3395 5750 aliquam!-
3442 5716 3447 5733 .

1819 5792 1920 5847 iicii
1944 5799 2145 5861 parum
2169 5802 2297 5859 erga
2315 5796 2367 5849 te
2389 5784 2469 5840 sui
2500 5777 2989 5855 prmtermittcutem
3019 5816 3033 5840 ,
3060 5770 3272 5845 mlpllle
3302 5766 3403 5825 hoc
