3958 6396
585 424 695 484 959

592 545 657 609 ei,
683 552 739 599 et
759 542 1010 599 remisisti
1040 551 1257 614 propter
1282 543 1472 599 Deum.
1495 540 1649 597 Nune
1672 555 1798 597 vero
1818 540 1971 597 multi
1994 547 2182 597 contra

588 636 791 691 t’aciunt
831 650 954 691 cum
990 649 1116 706 erga
1140 634 1341 689 amicos
1373 672 1389 700 ,
1423 641 1535 688 tum
1560 647 1685 703 erga
1711 646 1898 691 servos
1927 647 1941 685 :
1971 629 2190 702 quando

588 728 733 782 enim
757 742 884 797 erga
912 741 972 782 se
992 726 1081 780 alii
1104 733 1345 796 peccant,
1367 724 1548 780 acerbi
1573 723 2039 794 inexorabilesque
2064 730 2191 777 sunt

587 817 822 887 iudices:
850 818 1064 888 quando
1092 825 1273 872 autem
1305 816 1358 871 in
1399 816 1566 871 Deum
1609 815 1984 872 contumeliosi
2010 824 2135 870 sunt
2165 855 2182 880 ,

586 918 641 964 et
666 925 792 965 suas
818 910 1056 980 ipsorum
1087 909 1317 981 perdunt
1341 910 1547 964 animas
1574 947 1594 976 ,
1625 908 1828 964 nullam
1850 909 1970 979 ejus
1999 908 2077 963 rei
2105 923 2191 963 ra~

592 1002 792 1057 tionem
834 1002 1051 1057 habent.
1097 1001 1302 1057 Rursus
1349 1001 1506 1057 amici
1538 1001 1632 1057 tibi
1684 999 1995 1070 acquirendi
2023 1000 2192 1079 sunt?

591 1093 817 1163 Propter
862 1093 1030 1149 Deum
1066 1093 1349 1164 acquirito.
1392 1093 1597 1147 inimici
1630 1092 1723 1148 tibi
1744 1092 1989 1162 capiendi
2028 1092 2192 1147 sunt?

591 1183 820 1254 Propter
863 1185 1028 1240 Deum
1058 1185 1255 1255 capito.
1312 1186 1386 1240 At
1412 1184 1680 1255 quomodo
1718 1184 1876 1240 amici
1905 1194 1961 1240 et
1990 1184 2191 1240 inimici

592 1286 811 1348 propter
834 1276 1001 1334 Deum
1023 1276 1339 1348 acquirendi
1365 1277 1531 1332 sunt?
1556 1277 1739 1333 Sinon
1768 1277 2033 1346 amicitias
2072 1276 2190 1331 illas

589 1370 924 1441 colligamus,
943 1369 1086 1425 unde
1114 1369 1370 1440 pecunias
1396 1383 1609 1440 cogere,
1636 1383 1837 1424 inausa:
1859 1369 2191 1425 consortium

591 1462 794 1519 habere
818 1504 834 1530 ,
859 1461 1155 1533 humanum
1176 1460 1533 1536 patrocinium
1572 1461 1830 1531 consequi
1855 1460 2150 1530 poterimus
2176 1477 2191 1515 :

591 1554 689 1610 sed
738 1554 861 1610 illos
911 1568 1301 1624 prosequamur
1350 1561 1407 1608 et
1455 1552 1793 1623 acquiramus
1827 1551 2068 1618 amicos,
2101 1550 2192 1621 qui

591 1653 825 1703 utentem
854 1651 1094 1701 nostram
1124 1643 1389 1700 moderari
1415 1682 1435 1711 ,
1466 1643 1748 1699 consulere
1775 1643 1997 1698 honesta
2020 1683 2036 1707 ,
2071 1657 2193 1712 pee-

592 1746 780 1792 cantes
807 1737 1110 1807 increpare,
1142 1735 1515 1807 delinquentes
1533 1749 1782 1805 arguere,
1819 1734 2199 1804 supplantatos

593 1828 822 1898 erigere,
850 1827 1078 1884 consilio
1098 1842 1163 1883 ac
1190 1828 1439 1897 precibus
1465 1841 1620 1896 opem
1647 1825 1791 1882 ferre
1809 1867 1827 1894 ,
1856 1835 1912 1883 et
1937 1825 2004 1880 ad
2028 1827 2195 1882 Deum

592 1918 862 1979 adducere
887 1927 1129 1989 possunt.
1157 1918 1363 1974 Rursus
1403 1918 1651 1974 inimicos
1697 1918 1829 1973 licet
1855 1917 2035 1977 facere
2068 1932 2197 1988 pro-

485 2017 488 2020 ’
593 2018 711 2079 pter
744 2008 932 2064 Deum.
964 2008 1022 2065 Si
1052 2009 1251 2065 videris
1282 2009 1513 2080 aliquem
1541 2010 1984 2079 intemperantem
2005 2049 2021 2077 ,
2049 2008 2197 2063 nefa-

595 2098 755 2163 rium,
781 2099 1035 2169 nequitia:
1049 2099 1288 2169 plenum,
1315 2098 1656 2169 Opinionibus
1668 2099 1893 2170 impuris
1914 2099 2192 2166 refertum,

596 2191 1025 2260 supplantantem
1051 2201 1104 2246 te
1127 2205 1191 2245 ac
1213 2190 1306 2246 tibi
1332 2205 1529 2245 nocere
1557 2190 1881 2261 cupientem,
1904 2189 2117 2255 recede,
2143 2198 2199 2245 et

597 2281 806 2337 resilias
824 2281 892 2337 ab
920 2283 1011 2337 illo
1030 2299 1044 2335 :
1073 2282 1151 2337 sic
1174 2282 1318 2337 enim
1338 2281 1585 2338 Christus
1599 2282 1754 2352 jubet
1772 2300 1786 2339 :
1804 2280 1867 2336 Si
1886 2282 2062 2336 oculus
2081 2292 2198 2337 tuus

600 2376 777 2428 dexter
788 2374 1105 2429 scandalizat
1129 2384 1195 2443 te,
1215 2390 1333 2429 erue
1352 2390 1487 2440 eum,
1507 2382 1557 2428 et
1577 2373 1773 2444 projice
1808 2373 1894 2428 abs
1917 2383 1965 2427 te
1983 2372 2193 2444 (Matth.

597 2463 653 2519 5.
669 2464 785 2535 29).
805 2464 918 2520 Hoc
934 2479 1126 2534 nempe
1149 2464 1418 2534 praecepit,
1439 2464 1709 2520 utamicos
1720 2478 1854 2535 quos
1871 2479 2024 2535 reque
2040 2475 2198 2535 atque

596 2558 780 2614 oculos
824 2573 981 2613 caros
1022 2557 1186 2614 habes
1216 2598 1232 2624 ,
1279 2566 1336 2614 et
1360 2559 1428 2614 ad
1452 2573 1666 2615 omnem
1690 2558 1992 2631 vitmusum
2014 2572 2200 2613 neces-

596 2648 804 2717 sarios,
851 2650 898 2704 si
921 2649 1114 2705 animae
1144 2648 1303 2704 saluti
1335 2656 1587 2717 noceant,
1619 2657 1863 2717 ampules
1879 2659 1928 2703 et
1956 2646 2195 2717 abjicias.

599 2741 654 2797 Si
690 2741 741 2795 in
768 2750 967 2799 canum
994 2740 1271 2796 hominum
1302 2739 1599 2811 prodieris,
1623 2748 1679 2795 et
1705 2741 1864 2794 verba
1887 2741 2053 2795 multa
2076 2755 2199 2795 cum

600 2832 721 2889 aliis
742 2830 952 2898 feceris,
974 2840 1190 2901 propter
1212 2832 1378 2887 Deum
1401 2830 1505 2886 hoc
1521 2829 1682 2885 facito
1698 2848 1712 2886 :
1726 2831 1773 2885 si
1802 2831 2052 2896 tacueris,
2070 2846 2197 2901 pro-

599 2934 720 2993 pter
738 2923 903 2978 Deum
923 2932 1117 2979 taceto.
1133 2924 1202 2978 At
1221 2921 1488 2993 quomodo
1516 2923 1570 2978 in
1596 2933 1737 2978 coetu
1763 2925 1964 2979 versari
1984 2934 2201 2995 propter

600 3015 768 3071 Deum
788 3014 953 3071 licet?
972 3016 1027 3073 Si
1050 3030 1171 3071 cum
1197 3015 1319 3070 aliis
1338 3015 1552 3083 sedens,
1568 3031 1674 3071 non
1699 3015 1768 3071 de
1791 3017 1951 3072 rebus
1976 3016 2203 3071 saecula-

600 3108 747 3162 ribus
774 3107 1031 3176 disseras,
1059 3122 1232 3179 neque
1254 3107 1322 3164 de
1350 3106 1415 3163 iis
1443 3123 1561 3178 quae
1582 3108 1736 3163 nobis
1762 3107 1920 3177 plane
1955 3122 2141 3178 parum
2177 3147 2193 3173 ,

599 3210 695 3261 aut
723 3199 857 3255 nihil
876 3200 1188 3256 conducunt
1214 3241 1231 3267 ,
1259 3198 1356 3256 sed
1379 3198 1447 3256 de
1467 3200 1727 3271 religione
1749 3207 1929 3254 nostra
1963 3241 1979 3267 ,
2021 3199 2090 3255 de
2109 3216 2203 3271 ge-

600 3290 798 3358 henna,
827 3290 897 3349 de
925 3306 1092 3363 regno
1116 3292 1397 3359 calorum,
1426 3306 1535 3346 non
1561 3302 1742 3347 autem
1772 3290 1840 3347 de
1883 3292 2045 3346 rebus
2082 3291 2199 3346 ina-

601 3387 758 3442 nibus
785 3393 879 3440 aut
899 3384 1330 3457 supervacaneis,
1348 3384 1500 3454 cujus
1513 3383 1724 3456 generis
1745 3383 1863 3440 huic
1885 3393 2043 3440 sunt:
2071 3383 2203 3452 Quis

601 3479 972 3549 magistratum
1000 3477 1155 3533 iniit?
1192 3478 1324 3546 Quis
1350 3479 1718 3550 magistratum
1746 3478 1962 3534 amisit“!
1990 3477 2104 3547 Qua
2131 3477 2201 3534 de

602 3583 765 3625 causa
785 3569 869 3625 hic
891 3568 1175 3624 mulctatus
1201 3569 1330 3625 est?
1359 3567 1510 3624 Unde
1536 3568 1624 3624 ille
1648 3567 1887 3624 lucratus
1913 3579 2017 3635 est,
2043 3578 2098 3624 et
2125 3568 2203 3624 lo-

605 3660 1002 3730 cupletissimus
1021 3661 1224 3717 evasit?
1253 3660 1392 3730 Quid
1422 3662 1511 3717 ille
1534 3661 1660 3716 huic
1685 3661 1903 3731 reliquit
1931 3662 2203 3717 moriens?

613 3751 895 3820 Quomodo
921 3752 1011 3809 ille
1033 3753 1101 3808 ab
1123 3752 1421 3809 hereditate
1447 3751 1636 3818 abfuit,
1667 3769 1790 3809 cum
1812 3753 1865 3807 in
1894 3753 2080 3823 primis
2108 3753 2204 3809 be-

604 3844 823 3900 rcdibus
842 3858 902 3900 se
926 3843 993 3898 ad
1015 3844 1356 3900 scribendum
1375 3845 1677 3914 putaverit?
1699 3845 1779 3899 Ac
1803 3846 1971 3899 multa
1991 3845 2092 3899 alia
2119 3844 2205 3901 his

605 3935 819 3992 similia.
851 3936 928 3992 De
955 3935 1040 3990 his
1060 3935 1221 3992 rebus
1244 3945 1422 3990 autem
1454 3950 1630 4006 neque
1655 3950 1755 3992 nos
1779 3935 2202 4003 confabulemur,

605 4045 783 4101 neque
806 4029 941 4086 alios
964 4029 1292 4085 confabulari
1319 4029 1723 4099 permittamus;
1771 4029 1865 4084 sed
1890 4028 2202 4084 considere-

607 4138 730 4178 mus
759 4122 936 4192 potius
965 4122 1158 4192 quibus
1185 4121 1342 4177 dictis
1385 4129 1476 4176 aut
1522 4120 1679 4176 factis
1708 4121 1819 4176 Deo
1849 4121 2202 4191 placebimus.

607 4213 815 4269 Rursus
845 4214 1048 4284 poteris
1075 4222 1294 4283 propter
1323 4212 1490 4269 Deum
1515 4212 1695 4279 silere,
1723 4212 2031 4283 exagitatus
2050 4254 2064 4278 ,
2088 4213 2229 4268 vio—-

608 4307 769 4374 latus,
798 4306 1002 4361 infinita
1031 4305 1169 4360 mala
1198 4320 1405 4375 passus,
1434 4305 1480 4360 si
1508 4303 1648 4360 feras
1670 4319 1955 4375 generose,
1974 4314 2029 4360 et
2058 4304 2205 4359 nulla

611 4396 894 4453 maledicta
922 4395 1124 4453 referas
1145 4396 1221 4451 illi
1247 4398 1335 4467 qui
1367 4395 1484 4451 hate
1509 4395 1830 4468 designavit.
1875 4396 1990 4453 Non
2019 4404 2201 4452 autem

608 4489 830 4546 laudare
850 4490 1021 4544 solum
1044 4499 1098 4544 et
1119 4490 1420 4559 vituperare
1441 4530 1456 4553 ,
1509 4503 1608 4544 nec
1635 4488 1780 4544 domi
1829 4504 2048 4545 manere
2074 4530 2091 4556 ,
2117 4498 2208 4544 aut

611 4580 756 4635 foras
787 4581 885 4647 ire,
913 4595 1019 4635 non
1039 4580 1202 4651 loqui,
1224 4588 1316 4635 aut
1335 4580 1516 4645 silere,
1534 4579 1627 4635 sed
1645 4581 1806 4636 etiam
1825 4579 1974 4645 ﬂere,
2000 4580 2204 4646 dolere,

614 4684 668 4725 et
695 4670 862 4725 lmtari
907 4684 1119 4740 quoque
1154 4669 1223 4725 ad
1257 4671 1482 4740 gloriam
1514 4670 1610 4725 Dei
1637 4667 1782 4724 licet.
1811 4670 2037 4738 Quando
2061 4670 2207 4727 enim

616 4762 702 4818 vel
729 4761 947 4816 fratrent
967 4762 1167 4818 videris
1195 4771 1527 4832 peccantem,
1557 4762 1642 4817 vel
1671 4763 1900 4832 teipsum
1933 4765 1987 4818 in
2018 4779 2210 4835 pecca-

616 4864 730 4910 tum
755 4853 969 4924 aliquod
995 4852 1295 4924 delapsum,
1327 4853 1525 4910 deinde
1546 4854 1866 4924 ingemiscas
1890 4895 1906 4921 ,
1940 4869 2004 4911 ac
2027 4855 2208 4910 animo

615 4945 1021 5013 mcereas,haud
1044 4944 1406 5016 pmoitendam
1426 4945 1654 5000 salutem
1669 4961 1734 5001 ex
1756 4944 1859 5000 hoc
1878 4944 2206 5001 lucrifecisti:

613 5037 1069 5109 quemadmodum
1086 5037 1284 5093 Paulus
1310 5037 1424 5091 ait:
1474 5037 1575 5102 Qui
1623 5036 1898 5091 secundum
1917 5035 2087 5092 Deum
2111 5037 2210 5093 do-

615 5130 694 5183 lor
715 5138 810 5196 est,
830 5129 1047 5184 salutem
1065 5127 1206 5182 haud
1227 5126 1572 5199 pamitendam
1598 5127 1746 5197 efficit
1767 5126 1847 5197 (2.
1870 5126 1990 5183 Cor.
2013 5129 2067 5182 7.
2092 5129 2207 5201 l0).

614 5222 672 5280 Si
697 5222 977 5280 ﬂorentem
1004 5221 1430 5278 alterumideas
1448 5261 1464 5286 ,
1492 5220 1662 5275 nolito
1688 5221 1761 5275 illi
1789 5220 2047 5278 continuo
2072 5222 2211 5278 invi-

619 5314 769 5382 dere,
802 5314 898 5370 sed
929 5316 1077 5381 Deo,
1100 5314 1192 5385 qui
1242 5325 1350 5369 tam
1401 5312 1720 5384 praclarum
1769 5312 1949 5369 ell‘ecit
1991 5314 2210 5370 fratrem

621 5418 771 5464 tuum
795 5447 812 5473 ,
839 5407 1062 5479 perinde
1080 5422 1146 5463 ac
1169 5407 1238 5463 de
1263 5406 1494 5478 pr0priis
1533 5405 1690 5462 bouis
1716 5404 1915 5477 gratias
1939 5407 2080 5477 agito
2111 5447 2127 5475 ,
2156 5415 2213 5463 et

619 5500 781 5570 hujus
803 5500 1003 5556 laetitia:
1030 5514 1381 5571 permagnum
1412 5498 1579 5555 habes
1606 5497 1860 5555 fructum.

693 5594 750 5650 5.
788 5591 1086 5648 Invidorum
1108 5590 1408 5647 miserabilis
1427 5591 1759 5646 conditio.—
1791 5590 1928 5658 Quid
1954 5591 2097 5646 enim
2127 5593 2211 5647 in-

622 5687 760 5742 vidis
799 5684 1104 5741 horninibus
1127 5691 1214 5740 est
1238 5682 1617 5751 miserabilius,
1660 5682 1855 5754 quibus
1892 5698 2014 5738 cum
2058 5683 2215 5740 liceat

626 5774 860 5845 gaudere
891 5815 908 5842 ,
950 5783 1007 5830 et
1033 5776 1263 5829 fructum
1289 5774 1487 5828 laztitiae
1506 5788 1617 5829 suae
1641 5788 1834 5844 capere
1856 5816 1871 5841 ,
1903 5775 2004 5845 ipsi
2035 5784 2212 5831 tamen

629 5867 834 5922 malunt
861 5874 1079 5937 propter
1106 5866 1310 5924 alienas
1336 5863 1613 5927 felicitates
1642 5865 1827 5924 dolere
1847 5885 1861 5938 ;
1885 5880 1937 5928 et
1967 5888 2089 5930 cum
2112 5871 2210 5928 do-

1285 424 1344 484 S.
1382 423 1661 483 JOANNIS
1694 421 2170 493 CHRYSOSTOMI
2210 417 2528 478 ARCHIEP.
2567 410 3101 511 CONSTANTINOP‘.
3282 473 3287 477 .
3748 443 3824 504 κο

2301 536 2417 593 lore
2457 536 2574 607 ipso
2599 553 2811 608 pinnam
2851 554 2881 594 a
2910 540 3029 598 Deo.
3052 583 3068 610 ,
3095 550 3152 599 et
3197 545 3513 617 supplicium
3556 551 3820 620 intolerabile

2294 629 2610 684 arcessere?
2633 629 2899 686 Caeterum
2942 632 3070 702 quid
3117 631 3305 693 laudes
3345 647 3402 694 et
3440 640 3818 715 vituperationes,

2296 718 2512 776 dolores
2534 731 2590 777 et
2612 720 2824 779 laetitias
2842 737 3239 794 commemoro;
3260 728 3349 785 ubi
3368 730 3525 787 etiam
3546 747 3577 789 a
3597 732 3820 798 levissimis

2296 813 2462 870 rebus
2478 823 2532 872 et
2555 814 2829 873 vilissimis
2854 817 3393 878 maximasutilitates
3422 826 3740 896 percipiemus
3757 873 3769 896 ,
3789 837 3821 889 si

2299 915 2517 978 propter
2558 907 2725 963 Deum
2770 907 2945 979 ipsum
2974 924 3068 968 eas
3095 910 3399 970 faciamus?
3443 914 3572 984 Quid
3612 921 3730 977 enim
3764 937 3819 981 est

2299 1006 2520 1052 tonsura
2570 998 2801 1054 crinium
2848 999 3048 1057 vilius?
3118 1001 3231 1058 lloc
3278 1013 3456 1061 tamen
3502 1007 3616 1069 licet
3658 1023 3821 1082 propter.

2299 1087 2467 1143 Deum
2496 1086 2693 1147 facere.
2722 1090 2949 1159 Quando
2968 1092 3110 1148 enim
3137 1108 3346 1151 comam
3369 1111 3475 1152 non
3490 1107 3815 1172 composueris,

2299 1194 2473 1250 neque
2496 1181 2699 1237 vultum
2721 1190 2872 1238 tuum
2893 1185 3171 1240 ornaveris
3193 1226 3209 1256 ,
3235 1202 3411 1258 neque
3439 1196 3491 1245 te
3514 1191 3578 1246 ad
3604 1192 3829 1253 illecebras.

2299 1287 2364 1329 ac
2386 1274 2650 1330 lenocinia
2679 1290 2889 1345 eorum,
2912 1277 3004 1349 qui
3034 1288 3087 1335 te
3108 1280 3384 1336 intuentur
3402 1324 3416 1349 ,
3444 1287 3728 1354 compseris,
3752 1288 3816 1345 sed

2301 1362 2502 1419 inculte
2525 1405 2544 1435 ,
2583 1374 2639 1422 et
2661 1375 2917 1437 quantum
2947 1383 3074 1424 usus
3097 1370 3200 1426 fert
3225 1410 3244 1438 ,
3297 1372 3521 1441 teipsum
3546 1380 3814 1446 appararent

2304 1468 2531 1527 tantum,
2565 1469 2786 1532 propter
2803 1462 2974 1518 Deum
3001 1463 3210 1531 fecisti,
3235 1473 3293 1521 et
3317 1466 3433 1536 ejus
3456 1468 3723 1524 mercedem
3759 1486 3815 1525 re-

2300 1553 2545 1623 portabis
2567 1596 2583 1620 ,
2628 1563 2739 1609 tum
2779 1556 2906 1627 quia
2951 1558 3300 1627 cupiditatem
3328 1562 3615 1630 repressisti
3638 1562 3812 1631 malam,

2302 1653 2412 1699 tum
2442 1644 2566 1715 quia
2596 1646 2941 1703 ambitionem
2960 1647 3320 1718 importunam
3346 1653 3633 1708 coercuisti.
3655 1652 3815 1709 Sieniu

2300 1734 2392 1805 qui
2427 1735 2678 1806 poculum
2708 1736 2898 1808 frigide
2923 1739 3098 1794 solum
3125 1740 3219 1796 dat
3247 1750 3466 1812 propter
3510 1743 3685 1809 Deum,
3709 1748 3812 1815 regni

2301 1826 2555 1880 caelorum
2594 1824 2946 1884 hereditatem
2976 1829 3371 1903 adibitUIatth.
3395 1832 3481 1888 l0.
3506 1831 3625 1904 42):
3646 1834 3810 1905 quiem-

2303 1918 2391 1973 nia
2416 1917 2601 1975 fecerit
2626 1928 2846 1990 propter
2872 1921 3062 1984 Deum.
3089 1923 3372 1980 considera
3399 1934 3634 1995 quantam
3659 1927 3811 1982 habebit

2304 2011 2817 2082 compensationem.
2845 2012 2985 2082 Quin
3015 2024 3072 2071 et
3096 2025 3318 2086 propter
3350 2016 3511 2072 Deum
3536 2017 3756 2081 incedere,
3774 2027 3807 2072 et

2303 2111 2524 2173 propter
2546 2104 2711 2159 Deum
2744 2104 2940 2162 intueri
2968 2121 3275 2177 possumus.
3303 2108 3373 2163 At
3394 2109 3642 2179 quomodo
3674 2108 3810 2163 intueri-

2303 2206 2357 2253 et
2379 2196 2630 2254 incedere
2655 2207 2875 2270 propter
2898 2199 3070 2256 Deum
3108 2200 3279 2257 licet?
3320 2199 3539 2267 Quando
3558 2215 3651 2254 non
3670 2199 3722 2253 ad
3744 2199 3805 2252 im-

2305 2289 2623 2359 probitatem
2649 2292 2852 2347 curris:
2880 2292 3105 2360 Quando
3126 2307 3232 2348 non
3259 2293 3313 2348 in
3340 2292 3557 2348 alienam
3589 2289 3806 2359 pulchritu-

2303 2381 2481 2438 dinem
2507 2382 2671 2438 nimis
2690 2383 2948 2454 inquiris:
2973 2383 3189 2455 quando
3219 2384 3497 2439 mulierem
3521 2389 3809 2438 occurrentem

2303 2471 2510 2539 videns,
2534 2472 2774 2529 refrenas
2793 2474 2997 2542 oculos,
3015 2484 3070 2530 et
3092 2475 3287 2531 timore
3309 2473 3400 2530 Dei
3419 2473 3578 2528 munis
3589 2479 3809 2541 aspectum.

2306 2561 2406 2617 hoc
2429 2572 2646 2633 propter
2675 2563 2844 2619 Deum
2877 2563 3045 2619 facis:
3081 2563 3298 2635 quando
3337 2579 3441 2619 non
3470 2561 3683 2634 pretiosis
3701 2558 3815 2613 vestit

2304 2651 2405 2708 bus
2430 2660 2487 2708 et
2508 2653 2770 2720 delicatis,
2800 2653 2895 2709 sed
2919 2654 2985 2709 iis
3012 2670 3130 2725 qua:
3156 2664 3339 2726 tegere
3380 2668 3477 2710 nos
3499 2653 3612 2707 satis
3633 2658 3809 2721 possm".

2305 2744 2595 2800 induimur.
2609 2744 2717 2801 Sed
2727 2754 2782 2801 et
2798 2745 2867 2801 ad
2888 2746 3025 2801 imos
3048 2761 3215 2817 usque
3225 2746 3435 2802 calceos
3451 2744 3695 2799 demittere
3709 2739 3814 2793 hunc

2304 2851 2513 2892 morem
2552 2836 2698 2892 licet.
2748 2837 2998 2907 Eousque
3026 2838 3168 2893 enim
3200 2836 3442 2892 mollitiei
3470 2835 3690 2902 luxusque
3708 2828 3807 2883 dela-

2305 2926 2385 2997 psi
2403 2936 2529 2981 sunt
2545 2927 2718 2994 multi,
2734 2935 2792 2983 ut
2812 2937 2868 2984 et
2886 2927 3095 2985 calceos
3113 2937 3397 2995 exornent,
3411 2934 3465 2983 et
3479 2923 3605 2980 omni
3615 2937 3668 2976 ex
3687 2928 3808 2991 parte.

2305 3032 2457 3088 mque
2481 3033 2544 3074 ac
2563 3017 2755 3074 faciem
2785 3034 2936 3074 suam
2956 3019 3046 3074 alii
3066 3029 3412 3088 componant,
3441 3016 3624 3072 variare
3638 3010 3807 3071 soleant,

2306 3108 2447 3178 Quod
2472 3109 2665 3163 anima:
2694 3109 2915 3178 impura:
2942 3123 3006 3165 ac
3031 3107 3337 3179 depravatae
3356 3109 3554 3178 signum
3569 3110 3652 3157 est.
3668 3100 3809 3166 Quam-

2305 3216 2465 3271 quam
2501 3202 2643 3256 cnim
2664 3202 3009 3272 perexiguum
3034 3201 3137 3257 hoc
3157 3216 3283 3258 esse
3298 3200 3548 3264 videatur,
3567 3207 3708 3250 tamen
3728 3201 3808 3242 tum

2307 3292 2363 3347 in
2390 3292 2520 3348 viris
2551 3334 2566 3359 ,
2591 3303 2702 3348 tum
2731 3294 2784 3348 in
2815 3292 3026 3348 feminis
3052 3308 3304 3364 magnum
3332 3290 3541 3363 perditae
3566 3282 3722 3342 mentis
3746 3293 3802 3330 ar-

2306 3393 2616 3455 gumentum
2642 3393 2744 3440 est.
2803 3383 3011 3441 Licebit
3035 3398 3165 3456 ergo
3206 3392 3267 3441 et
3311 3381 3498 3439 calceis
3519 3377 3633 3448 ipsis
3655 3378 3801 3442 [ποριεῖ

2295 3473 2477 3533 ’ῡθυω
2502 3476 2577 3532 uti
2604 3516 2622 3544 ,
2672 3491 2795 3532 cum
2834 3477 3055 3533 omnino
3080 3489 3235 3532 usum
3272 3473 3548 3546 quaerimus
3574 3507 3590 3535 ,
3633 3474 3678 3520 et
3711 3460 3798 3514 hunc

2308 3567 2630 3625 utendorum
2657 3568 2960 3625 calceorum
2987 3567 3206 3624 modum
3256 3564 3603 3624 habuerimus.
3624 3557 3795 3625 Ingressl

2308 3660 2452 3716 enim
2470 3668 2524 3716 et
2551 3660 2749 3715 amictu
2772 3675 2872 3715 nos
2887 3660 3054 3715 Deum
3077 3659 3248 3731 gloria
3275 3658 3483 3714 afficere
3502 3652 3801 3723 posse.00$'l°'

2308 3765 2400 3807 see
2423 3765 2491 3807 ex
2519 3766 2607 3818 eo,
2634 3751 2777 3821 quod
2807 3751 3020 3822 sapiens
3048 3750 3271 3823 quidam
3305 3749 3431 3807 olim
3455 3745 3579 3801 dixit
3603 3760 3616 3796 '.
3647 3733 3803 3823 Vestitu

2308 3841 2404 3896 viri
2427 3881 2443 3909 ,
2483 3850 2531 3896 et
2557 3818 2691 3894 risus
2718 3818 2965 3906 dentium,
2991 3849 3036 3895 et
3064 3818 3294 3896 incessus
3331 3836 3510 3910 pedum
3541 3818 3801 3921 ἱηάὶοαηῑξξο·

2310 3931 2693 4005 minem(Eccli.
2728 3932 2814 3990 l9.
2842 3932 2958 4006 27).
2984 3932 3209 4000 Quando
3237 3933 3381 3989 enim
3420 3928 3622 3984 honeste
3644 3920 3800 3969 νεδυιίν

2309 4025 2584 4097 gravitatis
2614 4024 2779 4096 pleni,
2825 4033 2880 4080 et
2920 4024 3142 4080 multam
3166 4024 3222 4079 in
3247 4021 3392 4080 omni
3420 4032 3479 4075 re
3502 4006 3800 4103 gerenda

2310 4116 2538 4172 destiam
2565 4115 2882 4172 adhibentes
2921 4114 3198 4186 prodimus
3228 4131 3245 4168 :
3279 4112 3369 4186 qui
3395 4104 3632 4166 infidelis,
3652 4108 3721 4165 (ιω
3742 4102 3796 4141 In-

2313 4218 2648 4279 temperans,
2691 4207 2784 4278 qui
2811 4206 3147 4263 turbulentus
3188 4214 3277 4262 est
3319 4204 3437 4267 vir,
3480 4198 3524 4252 is
3563 4187 3797 4263 quamquam

2314 4299 2744 4356 inconsideratus
2770 4297 2931 4354 fuerit
2957 4340 2973 4364 ,
3003 4306 3182 4353 tamen
3213 4297 3387 4366 primo
3431 4296 3620 4361 quoque

2313 4391 2365 4446 in
2391 4391 2619 4462 aliquem
2643 4390 2758 4460 ejus
2782 4359 2993 4460 generis
3017 4359 3291 4444 hominem
3321 4359 3540 4443 intuens,
3563 4369 3679 4428 omni
3701 4359 3798 4462 ίιιιξξιι

2313 4458 2684 4537 admiratione
2707 4458 3075 4552 prosequetur.
3106 4478 3164 4534 Si
3184 4490 3403 4535 uxorem
3418 4458 3799 4560 “ETW”???

2313 4582 2432 4643 pter
2453 4573 2617 4629 Deum
2635 4547 2738 4627 hoc
2758 4547 3034 4639 faciamus,
3054 4584 3159 4627 non
3177 4578 3235 4626 ut
3254 4565 3519 4625 facultates
3541 4547 3794 4643 maiores

2313 4635 2610 4733 quiramus,
2641 4660 2738 4718 sed
2762 4669 2820 4717 ut
2836 4635 3028 4717 animm
3051 4660 3383 4716 nobilitatem
3409 4646 3713 4733 inquiramllfi

2314 4723 2659 4826 pecuniarum
2685 4753 3086 4821 abundantiam,
3115 4768 3221 4809 non
3248 4749 3498 4820 majorum
3524 4723 3793 4826 εριςιιάοτῗῗ

2314 4812 2410 4902 sed
2436 4860 2645 4901 morum
2664 4845 2915 4901 virtutem
2940 4812 3323 4916 persequamur
3338 4848 3393 4896 et
3409 4824 3710 4916 modestiam:
3720 4812 3793 4916 illi”

2316 4940 2538 5007 sociam,
2568 4954 2675 4993 non
2713 4938 3098 4995 lenociniorum
3137 4938 3383 4994 comitem
3402 4904 3796 5039 capif'Tﬁ‘Cvjlb;

2316 5048 2435 5089 rum
2456 5032 2582 5105 quid
2606 5046 2742 5102 opus
2767 5040 2854 5088 est
2876 5032 3055 5088 omnia
3080 5014 3530 5086 commemorare?
3563 5006 3744 5105 Licet—Villl

2317 5142 2381 5183 ex
2413 5088 2618 5196 iislquat
2645 5088 2790 5180 dicta
2811 5131 2956 5191 sunt,
2986 5122 3191 5193 singula
3216 5135 3333 5192 quae
3352 5116 3477 5215 ﬁunt
3500 5108 3581 5215 aut

2318 5231 2653 5289 percurrere,
2684 5225 2740 5271 et
2757 5216 2937 5271 omnia
2966 5225 3187 5286 propter
3230 5214 3392 5269 Deum
3420 5182 3760 5314 fzicerc..l:3:0::

2319 5266 2653 5289 ,μη---πη
2690 5266 2738 5271 -ν
2763 5266 2937 5271 -----τ-
2969 5266 3178 5286 τ-ντίνν
3230 5266 3255 5269 ί
3284 5266 3297 5268 -
3402 5300 3414 5311 ,
3453 5296 3462 5306 .
3711 5266 3796 5317 ιιυιν

2318 5309 2964 5381 mcrcatoresnavigantes
2988 5308 3176 5383 maria,
3205 5317 3259 5362 el
3279 5303 3343 5361 ad
3370 5284 3782 5410 οινιωιθῗεῖιὲῗιῗὶυιιι

2320 5415 2421 5472 tes,
2445 5420 2550 5460 non
2578 5404 2726 5474 prius
2752 5403 2949 5458 abeunt
2966 5417 2997 5457 a
3020 5378 3196 5472 portu,
3227 5409 3281 5456 et
3308 5396 3359 5451 in
3383 5392 3538 5483 ferunt

2319 5463 2479 5571 quam
2510 5463 2807 5566 intelligant
2833 5463 3047 5565 aliquod
3076 5463 3284 5549 lucrum
3331 5489 3495 5571 inesse
3520 5473 3564 5525 in
3589 5463 3729 5571 mel-fl:

2323 5534 2479 5571 Ὶυαιιι
2510 5534 2807 5566 ιιιιιιιιδσιιη
2833 5534 3047 5565 ιιι-ιιι-νυ
3076 5534 3284 5549 una“...
3331 5534 3434 5542 ---νγ
3477 5570 3486 5580 Ι
3675 5540 3719 5592 ’ἦ
3741 5534 3787 5586 Ιη-

2323 5592 2459 5647 niis:
2490 5591 2568 5646 sic
2589 5606 2686 5644 nec
2713 5596 2767 5643 tu
2795 5587 3083 5659 quidquam
3112 5587 3292 5651 facias,
3321 5592 3415 5636 nec
3440 5570 3569 5627 dtcas
3592 5596 3605 5622 ,
3630 5562 3707 5654 in:
3764 5640 3793 5656 ω

2323 5700 2469 5713 mm...
2499 5683 2709 5713 ..ιιι-..ιλιι
2738 5681 2925 5713 [mimos
2975 5681 3266 5713 ρΜηηΑιιηει
3295 5678 3473 5713 neum.
3509 5656 3576 5713 ΝΟ
3596 5646 3708 5701 dicas
3726 5642 3771 5679 ab

3460 5669 3576 5717 .Νο

2323 5729 2471 5741 “""'
2498 5729 2711 5786 ""‘.""
2738 5729 2930 5737 ""“"
2975 5729 3267 5784 ““’,“““““
3296 5729 3320 5733 ⁷
3530 5754 3603 5798 nm
3643 5729 3788 5783 facere:
3875 5729 3877 5803 γ

2323 5786 2426 5832 tem
2471 5788 2738 5832 neminem
2782 5787 2941 5842 posse
2986 5788 3165 5828 omnia
3213 5774 3419 5842 propter
3460 5753 3552 5842 De.
3611 5840 3623 5842 _
3664 5816 3788 5842 mm
3876 5810 3877 5823 χ

2784 5816 2941 5842 ,,.,--.,
2988 5816 3165 5828 ν........
3213 5816 3380 5842 νην
3543 5836 3552 5846 ε
3665 5817 3675 5829 ,
3770 5826 3788 5841 ,
3876 5816 3877 5823 η

2322 5868 2534 5941 quando
2576 5866 2719 5924 enim
2744 5865 3126 5936 calceameuta,
3155 5858 3411 5922 caesaries,
3439 5840 3641 5902 vestitus,
3662 5816 3878 6277 nucesJ

2320 5700 2471 5741 crum
2498 5683 2711 5754 aliquod
2738 5681 2931 5737 habeat
2975 5681 3267 5738 secundum
3295 5678 3452 5733 Deum
