3958 6358
68 288 155 348 959
1425 296 1494 354 IN
1529 294 1623 352 ΚΑ

1722 294 1914 353 NDAS.

68 415 113 466 θι
133 445 149 474 ,
184 402 273 459 καὶ
301 406 576 470 συνζγνως
605 399 692 455 διὰ
717 398 807 453 τὸν
836 394 990 454 Θεὸν.
1026 398 1164 453 Νυνὶ
1195 398 1250 451 δὲ
1282 397 1466 452 πολλοὶ
1503 401 1628 454 τοὺ-

82 489 268 545 ναντίον
312 486 543 550 ποιοῦσι,
590 485 684 538 καὶ
733 484 827 538 ἐπὶ
865 483 973 537 τῶν
1017 484 1222 552 φίλων,
1258 483 1372 535 καῖ’
1398 484 1491 536 ἐπὶ
1525 484 1634 538 τῶν

76 569 469 627 οἰκετῶνῙΟταν
496 569 597 639 μὲν
618 568 728 641 γάρ
754 570 835 631 εἰς
857 568 1053 630 αὐτοὺς
1075 567 1416 638 ἁμάρτωσιν,
1444 567 1634 640 πικροὶ

79 656 158 711 καὶ
183 652 544 722 ἁσύγγνωστοι
577 654 819 722 γίνονται
845 650 1128 705 δικασταί’
1159 651 1288 704 ὅταν
1327 650 1383 703 δὲ
1427 651 1508 714 είς
1542 650 1634 705 τὸν

76 741 192 794 Θεὸν
238 735 573 808 ἐνυϐρίζωσι,
606 738 702 789 ml
748 735 850 799 τὰς
894 734 1108 788 ἑαυτῶν
1144 734 1388 787 ἀπόλωσι
1431 734 1630 806 ψυχάς,

74 824 242 877 οὐδένα
266 821 542 875 ποιοῦνται
569 819 747 888 λόγον.
784 819 974 882 Πάλιν,
1014 817 1205 888 φίλους
1237 819 1461 888 ποιῆσαι
1490 820 1630 891 χρή;

76 908 157 961 Διά
189 906 278 960 τὸν
309 904 439 958 Θεὸν
462 904 708 974 ποίησον.
727 902 987 975 Ἐχθρούς
1007 903 1231 973 ποιῆσαι
1255 903 1392 974 χρή;
1420 903 1520 955 Διά
1541 904 1633 957 τὸν

72 991 187 1044 Θεὸν
213 988 451 1059 ποίησον.
484 988 594 1041 Καὶ
627 986 745 1050 πῶς
779 987 895 1040 ἐστι
936 985 1124 1056 φίλους
1161 986 1387 1056 ποιῆσαι
1417 985 1508 1039 διά
1541 986 1633 1041 τὸν

74 1072 185 1125 Θεὸν
223 1072 315 1125 ml
354 1070 611 1143 ἐχθρούς;
641 1072 739 1123 Ἂν
767 1070 843 1141 μὴ
875 1068 976 1133 τὰς
1004 1069 1188 1140 φιλίας
1222 1070 1438 1134 ἐκείνας
1471 1070 1632 1139 ἐφελ-

74 1155 294 1227 κὼμεθα,
323 1155 443 1209 ὅθεν
469 1155 586 1208 ἐστὶ
612 1157 870 1227 χρήματα
903 1154 1108 1221 λαϐεῖν,
1141 1154 1265 1208 ὃθεν
1302 1156 1631 1224 κοινωνῆσαι

72 1240 345 1313 τραπέζης,
373 1239 496 1293 ὅθεν
532 1240 868 1311 προστασίας
900 1237 1249 1313 ἀνθρωπίνης
1280 1242 1485 1309 τυχεῖν,
1516 1238 1630 1292 ἀλλ’

74 1325 287 1388 ἐκείνους
310 1324 633 1396 θηρεύωμεν
661 1327 757 1379 καὶ
787 1323 1031 1395 ποιῶμεν
1068 1322 1275 1394 φίλους,
1304 1324 1432 1385 τοὺς
1472 1322 1633 1376 δυνα-

76 1409 246 1479 μένους
274 1407 434 1479 ἡμῶν
470 1405 558 1461 ἀεὶ
585 1409 844 1481 ρυθμίσαι
878 1408 975 1480 τὴν
1002 1408 1201 1481 ψυχὴν,
1228 1407 1630 1480 συμϐουλεῦσαι

73 1495 128 1548 τὰ
145 1493 340 1556 δέοντα,
377 1493 782 1564 ἁμαρτάνουσιν
809 1493 1150 1565 ἐπιτιμῆσαι,
1178 1492 1632 1564 πλημμελοῦντας

75 1578 282 1647 ἐλέγξαι,
315 1577 841 1649 ὑποσκελιζομένους
872 1577 1200 1650 άνορθῶσαι,
1226 1578 1321 1631 καὶ
1350 1576 1627 1649 συμϐουλῇ

74 1663 151 1716 καὶ
179 1663 357 1733 εὐχαῖς
384 1660 717 1733 βοηθοῦντας
742 1664 1118 1733 προσαγαγεῖν
1161 1662 1240 1733 τῷ
1277 1661 1414 1733 Θεῷ.
1460 1662 1629 1716 Πάλιν

72 1747 269 1817 ἐχθροὺς
298 1745 477 1812 ἔξεστι
523 1746 747 1817 ποιῆσαι
772 1747 860 1800 διά
903 1747 996 1800 τὸν
1028 1745 1180 1800 Θεόν.
1199 1747 1325 1800 Ἐὰν
1362 1748 1476 1819 ἴδῃς
1507 1746 1628 1801 τινὰ

72 1831 356 1892 ἀκόλαστον,
407 1829 607 1902 μιαρὸν
632 1870 646 1891 ,
696 1829 963 1901 πονηρίας
1015 1831 1255 1899 γέμοντα
1278 1870 1293 1894 ,
1341 1829 1628 1901 δογμάτων

72 1915 367 1986 ἀκαθάρτων
426 1914 896 1985 πεπληρωμένον.
948 1914 1374 1980 ὑποσκελίζοντά
1431 1932 1491 1968 σε
1533 1915 1629 1969 ml

72 1999 505 2070 παραϐλάπτοντά
538 2016 619 2066 σε,
658 1998 925 2068 ἀπόστηθι
949 2000 1042 2052 ml
1066 2000 1629 2070 ἀποπήδησον,καθά-

72 2100 158 2155 περ
196 2084 281 2136 ml
304 2085 332 2137 6
355 2083 595 2153 Χριστὸς
627 2083 911 2136 ἐκέλευσεν
941 2083 1111 2136 εἰπών
1132 2100 1145 2113 ·
1185 2083 1327 2137 Ἐὰν
1347 2086 1380 2137 ὁ
1412 2084 1629 2153 ὀφθαλ-

68 2167 161 2235 μός
186 2182 294 2223 σου
323 2171 355 2222 ὀ
375 2166 578 2233 δεξιός
600 2167 972 2237 σκανδαλίζῃ
1003 2185 1095 2229 σε,
1114 2167 1288 2233 ἐξελε
1316 2170 1505 2223 αὐτὸν
1528 2169 1626 2224 καὶ

69 2248 198 2313 ,ϐάλε
236 2251 350 2306 ἀπὸ
382 2250 528 2315 σοῦ,
556 2249 794 2303 κελεύων
823 2252 952 2314 τοὺς
982 2252 1168 2322 φίλους
1201 2251 1463 2317 ἐκείνους,
1498 2253 1625 2317 τοὺς

70 2335 117 2386 ἐν
137 2335 411 2407 ὀφθαλμῶν
447 2334 602 2400 τάξει
632 2336 913 2400 ποθεινοὺς
942 2336 1121 2400 ὅντας,
1159 2338 1255 2390 ml
1297 2335 1625 2405 ἀναγκαίους

71 2419 116 2471 ἐν
158 2422 259 2485 τοῖς
304 2420 587 2491 βιωτικοῖς
634 2421 977 2493 πράγμασιν.
1012 2421 1366 2484 ἀποκόπτειν,
1407 2421 1500 2475 ml
1533 2424 1625 2476 ἐκ·

70 2503 315 2572 emam,
346 2506 412 2560 ἂν
448 2505 920 2578 παραϐλάπτωσιν
954 2507 1035 2569 είς
1060 2506 1158 2577 τὴν
1191 2507 1289 2577 τῆς
1321 2505 1500 2577 ψυχῆς
1527 2525 1626 2561 σω-

69 2588 232 2657 τηρίαν
262 2590 422 2661 ἡμᾶς.
440 2590 545 2642 ’Ἂν
578 2589 850 2658 συλλόγων
881 2592 1164 2661 κοινωνῇς,
1192 2592 1285 2643 ml
1313 2590 1473 2659 λόγον
1498 2593 1627 2645 ἀπο-

68 2673 220 2746 τείνῃς
250 2674 488 2746 μακρὸν,
533 2674 622 2728 διά
648 2674 740 2727 τὸν
770 2674 900 2727 Θεὸν
931 2676 1025 2728 καὶ
1050 2674 1210 2728 τοῦτο
1237 2675 1485 2746 ποίησον,
1521 2674 1625 2729 κᾶν

68 2758 217 2825 σιγᾷς,
245 2756 328 2811 διὰ
351 2758 458 2812 τὸν
484 2757 617 2810 Θεὸν
644 2756 768 2829 σίγη
778 2774 889 2813 σον.
935 2758 1046 2810 Kal
1072 2757 1188 2821 πῶς
1218 2757 1335 2811 ἐστι
1366 2757 1623 2827 συλλόγου

68 2843 301 2894 κοινωνεῖν
324 2842 411 2896 διὰ
450 2842 544 2896 τὸν
582 2840 746 2907 Θεόν;
779 2843 877 2895 Ἂν
910 2842 1327 2913 συγκαθήμενός
1353 2859 1486 2903 τισιν
1514 2860 1623 2914 μη-

64 2920 138 2974 δὲν
173 2926 289 2995 περὶ
334 2924 618 2996 βιωτικῶν
664 2926 886 2997 διαλέγῃ
940 2926 1305 2997 πραγμάτων,
1348 2926 1482 2997 μηδὲ
1514 2926 1624 2980 τῶν

65 3003 216 3059 ἁπλῶν
251 3008 340 3062 καὶ
383 3008 522 3079 εικῆ
570 3009 665 3062 ml
700 3008 852 3062 οὐδὲν
878 3010 1010 3079 ἡμῖν
1041 3009 1450 3080 προσηκόντων,
1486 3008 1625 3063 ἀλλὰ

67 3090 167 3159 περὶ
206 3091 527 3161 φιλοσοφίας
557 3092 659 3163 τῆς
689 3092 990 3163 ἡμετέρας,
1034 3092 1164 3162 περὶ
1204 3092 1451 3163 γεέννης,
1493 3091 1659 3164 περὶ,

65 3170 299 3242 βασιλείας
321 3176 601 3250 οὐρανῶν,
635 3176 774 3229 ἀλλά
804 3177 877 3247 μὴ
902 3176 973 3229 τὰ
997 3176 1226 3247 περιττά
1247 3177 1341 3230 ml
1358 3177 1620 3247 ἀνόνητα,

66 3255 173 3310 οἷον·
200 3260 273 3326 τίς
308 3262 495 3333 ἀρχῆς
523 3260 694 3333 ἐπέϐη
716 3277 730 3325 ;
756 3260 838 3325 τίς
863 3260 1140 3333 παρελύθη
1167 3262 1268 3332 τῆς
1304 3264 1513 3334 ἀρχῆς;
1540 3263 1623 3316 τί·

76 3359 139 3406 νος
160 3341 239 3398 οὖν
261 3346 442 3400 ἐνεκεν
474 3347 504 3399 6
530 3346 678 3398 δεῖνα
702 3344 1001 3415 ἐζημίωται
1022 3361 1035 3410 ;
1054 3345 1217 3398 πόθεν
1240 3348 1267 3399 6
1297 3346 1443 3400 δεῖνα
1465 3347 1624 3419 ἐκέρ-

79 3424 169 3480 δανε
224 3430 314 3484 ml
376 3428 536 3501 [704]
592 3427 970 3500 εὐπορώτερος
1030 3429 1256 3497 γέγονε;
1303 3430 1357 3482 τί
1402 3430 1621 3485 κατέλι-

77 3524 150 3561 πεν
174 3514 198 3565 ὁ
223 3512 363 3567 δεῖνα
410 3513 493 3585 τῷ
542 3513 675 3566 δεῖνι
707 3512 1006 3578 τελευτῶν;
1041 3513 1161 3578 πῶς
1192 3514 1248 3567 δέ
1279 3517 1307 3568 6
1333 3515 1480 3569 δεῖνα
1514 3517 1623 3570 άπ-

72 3590 243 3663 ἐτνχεν,
267 3598 345 3659 εἰς
365 3598 497 3660 τοὺς
527 3596 779 3667 πρώτους
807 3596 918 3649 τῶν
944 3597 1301 3669 κληρονόμων
1341 3599 1623 3670 ἐγγραφήσ-

73 3676 227 3731 σεσθαι
254 3680 665 3751 προσδοκήσας
715 3680 811 3733 καὶ
860 3680 1031 3734 πολλά
1058 3682 1221 3752 ἕτερα
1245 3684 1487 3737 τοιαῦτα.
1525 3685 1617 3756 Μὴ

68 3757 118 3829 δὴ
153 3761 212 3815 τὰ
251 3764 468 3818 τοιαῦτα
501 3763 906 3836 διαλεγώμεθα,
945 3765 1078 3836 μηδέ
1117 3766 1319 3838 ἐτέρων
1344 3768 1619 3837 διαλεγόν-

68 3860 155 3896 των
186 3848 531 3920 ἀνεχώμεθα⁶
566 3849 704 3902 ἀλλά
737 3849 1031 3920 σκοπῶμεν
1074 3850 1128 3903 τί
1162 3851 1470 3918 ποιοῦντας,
1498 3853 1530 3926 ἦ
1564 3854 1619 3908 τί

67 3925 288 3997 λέγοντας
321 3933 466 3987 ἐστιν
501 3933 703 4005 ἀρέσαι
731 3933 869 4005 Θεῷ.
898 3934 1067 3989 Πάλιν
1110 3935 1226 3990 ἐστι
1268 3938 1490 4010 σιγῆσαι
1522 3925 1617 3994 έδιά

66 4010 139 4062 τὸν
158 4014 297 4077 Θεὸν,
323 4015 702 4091 ὑϐριζόμενος,
731 4016 1158 4090 λοιδορούμενος,
1193 4020 1364 4089 μυρία
1393 4021 1617 4093 πάσχων

68 4095 205 4159 mi,
237 4097 298 4151 ἂν
332 4100 507 4172 φέρῃς
540 4100 823 4168 γενναίως,
855 4102 949 4154 ml
985 4100 1151 4171 μηδὲν
1186 4102 1338 4173 ῥῆμα
1370 4102 1617 4175 βλάσφη-

70 4192 147 4243 μον
174 4179 451 4256 ἐξενέγκῃς
474 4184 555 4243 είς
576 4182 665 4235 τὸν
684 4183 857 4237 ταῦτα
881 4183 1157 4238 ποιοῦντα.
1191 4186 1305 4238 Οὐκ
1335 4186 1616 4240 ἐπαινέσαι

66 4257 110 4310 δὲ
138 4265 220 4316 ml
248 4265 403 4336 ψέξαι
436 4267 619 4339 μόνον,
653 4268 774 4321 οὐδὲ
819 4267 965 4321 ἔνδον
1003 4269 1183 4337 μεῖναι
1221 4270 1317 4322 καλ¹
1354 4268 1612 4336 ἐξελθεῖν,

66 4343 162 4399 οὐδὲ
191 4349 523 4419 φθέγξασθαι
556 4353 648 4406 ml
673 4352 920 4422 σιγῆσαι,
948 4351 1082 4405 ἀλλά
1118 4353 1213 4407 ml
1244 4352 1479 4408 κλαῦσαι
1520 4356 1616 4409 καὶ

64 4423 355 4503 λυπηθῆναι,
385 4435 479 4488 ml
522 4434 754 4507 ἡσθῆναι
797 4436 890 4489 ml
937 4435 1308 4507 εὐφρανθῆναι
1354 4435 1502 4490 ἔστιν
1536 4440 1617 4503 είς

61 4508 191 4594 δόξαν
216 4518 546 4573 Θεοῦ.“οταν
587 4519 696 4591 γὰρ
738 4520 853 4592 ἴδῃς
891 4521 924 4592 ἢ
951 4520 1177 4589 ἀδελφὸν
1206 4523 1613 4594 ἁμαρτάνοντα,

62 4592 287 4661 ἢσαυτὸν
320 4602 729 4674 παραπτώματι
764 4602 1152 4676 περιπεσόντα,
1195 4592 1616 4678 εἶταστενάξῃς

65 4681 137 4732 καὶ
177 4683 438 4760 λυπηθῇς,
465 4688 762 4760 ἐκέρδανας
808 4687 917 4741 ἀπὸ
956 4687 1051 4758 τῆς
1109 4687 1287 4758 λύπης
1339 4691 1614 4760 σωτηρίαν

65 4759 460 4842 ἀμεταμέλητον,
512 4771 764 4841 καθάπερ
810 4771 839 4823 6
882 4770 1094 4834 Παῦλός
1139 4787 1336 4842 φησιν·
1390 4771 1454 4827 Ἡ
1496 4759 1613 4841 γὰρ

62 4848 185 4902 κατὰ
215 4853 358 4908 Θεὸν
382 4856 549 4923 λύπη
584 4854 887 4921 σωτηρίαν
913 4853 1365 4923 ἀμεταμέλητον
1400 4872 1611 4923 κατερ-

57 4929 379 4996 γάζὲται.Ἃν
420 4938 537 5010 ἴδῃς
559 4938 586 4978 ι’
616 4938 1008 5009 εὐδοκιμοῦντα
1036 4938 1245 5009 ἕτερον,
1276 4935 1396 4993 εἶτα
1424 4940 1498 5012 μὴ
1522 4941 1614 5013 βα-

57 5015 253 5097 αξιήνῃς,
285 5019 400 5073 ἀλλ’
433 5020 510 5084 ὡς
553 5021 646 5075 ἐπὶ
692 5022 911 5086 οἰκείοις
955 5021 1178 5090 ἀγαθοῖς
1210 5023 1612 5097 εὐχαριστήσῃς

50 5093 115 5164 τῷ
146 5098 278 5172 Θεῷ,
305 5102 386 5174 τῷ
412 5106 701 5177 ποιήσαντι
728 5104 978 5176 λαμπρόν
1006 5121 1100 5157 σου
1129 5104 1222 5157 τὸν
1252 5093 1501 5177 ἀδελφὸν,
1517 5093 1610 5161 καὶ

46 5178 131 5248 τῆς
153 5187 318 5255 χαρᾶς
340 5185 552 5260 ταύτης
591 5186 760 5242 πολύν
784 5187 979 5252 ἔλαϐες
1000 5187 1092 5242 τὸν
1121 5188 1335 5260 μισθόν.

33 5499 344 5584 ξίξ-δένς
379 5514 550 5572 magis
582 5515 964 5584 prqptiguquan;
997 5515 1187 5584 Manlii,
1210 5504 1456 5584 quiflegil
1489 5520 1606 5584 βάλ-

33 5566 231 5616 “Philam
260 5566 483 5621 notans?
533 5591 551 5622 ι
584 5566 687 5625 ’καί
713 5566 900 5642 βάλλειν
932 5566 1079 5630 deesl
1113 5566 1601 5691 in'd‘uobuﬁs;r‘n§§::p

34 5642 90 5692 τ’.
135 5686 144 5692 _
1398 5657 1511 5692 ‘nrr.

33 5681 103 5787 m1:
97 5686 243 5787 ﬁt“:
239 5694 581 5787 iaag’klorcl.
600 5701 749 5754 habet
770 5704 937 5760 οὕτως.
953 5703 1063 5756 Mox
1083 5701 1282 5769 quidam
1529 5707 1605 5756 ἐπὶ

85 5757 189 5805 Ναὶς
210 5757 411 5817 ἀγαθοῖς.

3218 291 3325 348 οδο

1813 402 1944 456 ε’.Τί
1972 401 2166 472 γένοιτ’
2190 403 2256 458 ἂν
2279 400 2393 466 οὖν,
2424 404 2545 458 είπέ
2574 422 2685 477 μοι,
2709 403 2818 459 τῶν
2844 403 3130 476 βασκάνων
3160 403 3330 458 ἐλεει-

1735 485 1969 557 νότερον,
1989 486 2117 539 ὃταν
2145 487 2264 553 ἐξὸν
2295 489 2389 543 ml
2419 490 2627 559 χαίρειν
2660 488 2755 542 ml
2787 486 3091 559 κερδαίνειν
3118 486 3207 540 διά
3229 490 3329 558 τὴν

1733 570 1932 642 χαράν,
1965 571 2120 625 αὐτοὶ
2145 572 2238 625 καὶ
2268 573 2555 627 λυπεῖσθαι
2576 573 2839 645 αἱρῶνται
2869 574 3070 645 μᾶλλον
3092 573 3187 626 ἐπὶ⁵
3207 576 3327 637 ταῖς

1732 654 1841 708 τῶν
1872 655 2074 729 ἐτέρων
2115 656 2526 729 εὐδοκιμήσεσι,
2552 657 2650 712 καὶ
2702 657 2841 731 μετά
2884 658 2983 729 τῆς
3026 656 3203 729 λύπης
3246 658 3327 711 ἔτι

1732 737 1826 790 ml
1875 738 2098 792 κόλασιν
2148 741 2485 794 ἐπισπᾶσθαι
2530 740 2685 813 παρά
2718 739 2813 794 τοῦ
2844 740 3003 808 Θεοῦ,
3030 742 3126 795 καί
3155 758 3328 813 τιμω-

1733 820 1858 893 ρίαν
1886 822 2192 895 ἀφόρητον;
2226 824 2337 879 Καὶ
2365 825 2419 879 τί
2445 824 2552 897 χρὴ
2581 823 2760 895 λέγειν
2793 826 3067 892 ἐπαίνους,
3100 825 3195 880 ml
3227 825 3325 895 ψό-

1732 919 1886 973 γους,
1920 907 2017 959 ml
2060 906 2260 973 λύπας,
2292 908 2388 963 ml
2431 908 2624 980 χαρὰς,
2652 910 2787 963 ὅπου
2829 926 2894 979 γε
2936 909 3033 963 ml
3084 907 3192 962 ἀπὸ
3217 908 3325 962 τῶν

1734 990 2078 1060 μικροτάτων
2103 992 2282 1045 αὐτῶν
2322 991 2417 1046 ml
2456 991 2857 1047 εὐτελεστάτων
2891 993 3232 1066 πραγμάτων
3257 992 3326 1047 τά

1734 1072 1948 1143 μέγιστ’
1987 1072 2103 1127 ἔστι
2154 1073 2576 1146 καρπώσασθαι,
2621 1076 2688 1130 ἂν
2726 1075 2814 1130 διὰ
2867 1076 2960 1131 τὸν
3006 1075 3139 1129 Θεὸν
3185 1074 3325 1129 αὐτά

1732 1157 2017 1229 ποιῶμεν;
2053 1159 2119 1212 Τί
2148 1160 2257 1232 γάρ
2284 1159 2380 1213 τοῦ
2412 1159 2704 1232 κείρασθαι
2732 1159 3146 1233 εὐτελεττερονς
3183 1160 3323 1214 Ἀλλ’

1731 1241 1850 1295 ἔστι
1897 1244 1994 1296 ml
2036 1242 2198 1297 τοῦτο
2230 1244 2458 1314 ποιῆσαι
2485 1243 2573 1298 διὰ
2605 1244 2697 1299 τὸν
2739 1244 3071 1300 Θεόν.”οταν
3105 1244 3215 1318 γάρ
3246 1246 3321 1316 μὴ

1728 1327 1831 1398 τὴν
1872 1328 2049 1399 κόμην
2077 1329 2286 1401 διαθῇς,
2320 1328 2454 1400 μηδέ
2487 1329 2839 1402 καλλωπίσῃς
2866 1329 2965 1402 τὴν
3003 1330 3149 1399 ὄψιν,
3185 1330 3321 1400 μηδέ

1731 1410 1870 1482 πρὸς
1896 1411 2090 1484 δέλεαρ
2122 1413 2213 1466 ml
2253 1413 2471 1485 ἀπάτην
2507 1411 2616 1468 τῶν
2648 1412 2900 1486 ὁρώντων
2933 1413 3125 1466 σαυτὸν
3154 1431 3323 1466 κατα-

1729 1495 2049 1568 κοσμήσῃς,
2083 1496 2197 1550 ἀλλ’
2231 1495 2417 1559 ἁπλῶς
2464 1497 2558 1550 ml
2600 1496 2675 1561 ὡς
2728 1496 2886 1567 ἔτυχε
2961 1496 3055 1553 ml
3106 1497 3230 1550 ὅσον
3287 1498 3321 1568 ἡ

1728 1578 1890 1649 χρεία
1938 1580 2162 1634 ἀπαιτεῖ
2204 1580 2387 1652 μόνον,
2422 1579 2511 1635 διά
2540 1578 2632 1633 τὸν
2664 1580 2797 1634 Θεὸν
2836 1579 2995 1633 τοῦτο
3034 1579 3319 1651 ἐποίησας.

1728 1661 1824 1714 καὶ
1850 1662 2070 1727 πάντως
2102 1663 2246 1727 ἔξεις
2285 1663 2378 1717 τὸν
2415 1662 2628 1735 μισθὸν,
2663 1663 2745 1716 ὅτι
2793 1662 3089 1734 ἐπιθυμίαν
3132 1664 3324 1717 ἐκόλασ-

1729 1760 1827 1808 σας
1872 1747 2136 1817 πονηρὰν,
2179 1747 2273 1801 καὶ
2316 1746 2629 1818 φιλοτιμίαν
2674 1746 2902 1819 ἄκαιρον
2935 1746 3219 1816 ἐνέκοψας.
3257 1748 3321 1800 El

1726 1827 1834 1900 γάρ
1876 1831 1906 1883 6
1950 1828 2211 1901 ποτήριον
2262 1830 2422 1900 μόνον
2466 1830 2676 1902 ψυχροῦ
2720 1830 2845 1895 δοὺς
2895 1830 2985 1884 διά
3031 1830 3124 1884 τὸν
3163 1830 3318 1894 Θεὸν,

1728 1911 2008 1982 βασιλείαν
2056 1914 2305 1986 οὐρανῶν
2354 1914 2778 1987 κληρονομήσει,
2834 1917 2863 1969 6
2914 1914 3090 1968 πάντα
3148 1914 3321 1969 ποιῶν

1724 1996 1811 2049 διά
1838 1997 1929 2050 τὸν
1957 1997 2091 2051 Θεὸν
2112 1998 2365 2069 ἐννόησον
2398 1998 2571 2070 πόσης
2606 1997 2975 2051 ἀπολαύσεται
3018 1997 3121 2070 τῆς
3160 1999 3320 2069 ἀμοι-

1725 2080 2013 2151 ϐῆς.Ἔστι
2064 2083 2159 2136 ml
2209 2082 2445 2153 βαδίζειν
2487 2082 2574 2135 διὰ
2624 2081 2715 2135 τὸν
2768 2081 2921 2146 Θεὸν,
2959 2083 3055 2136 καὶ¹
3102 2082 3320 2153 βλέπειν
3432 2090 3435 2093 ’

1723 2166 1811 2220 διά
1851 2166 1943 2221 τὸν
1989 2165 2143 2221 Θεόν.
2171 2167 2297 2232 Πῶς
2347 2167 2464 2222 ἔστι
2516 2166 2736 2238 βλέπειν
2778 2165 2868 2220 διά
2915 2166 3009 2220 τὸν
3036 2165 3193 2234 Θεὸν,
3223 2167 3319 2221 ml

1726 2249 1997 2320 βαδίζειν;
2044 2249 2212 2304 Ὀταν
2266 2250 2341 2322 μὴ
2394 2249 2531 2321 πρὸς
2586 2249 2854 2322 πονηρίαν
2911 2249 3134 2322 τρέχῃς,
3187 2249 3320 2304 ὅταν

1731 2333 1807 2404 μὴ
1864 2333 2205 2407 περιεργάζῃ
2258 2334 2328 2388 τά
2386 2334 2644 2402 ἀλλότρια
2717 2332 2887 2406 κάλλη
2922 2373 2937 2395 ,
3001 2332 3129 2387 ὅταν
3192 2331 3319 2387 ίδὼν

1722 2418 1951 2484 γυναῖκα
1988 2418 2336 2483 ἀπαντῶσαν,
2361 2416 2668 2490 χαλινώσῃς
2704 2416 2797 2470 τὸν
2824 2413 3125 2486 ὀφθαλμὸν,
3149 2412 3317 2485 τειχί-

1725 2515 1824 2569 σῃς
1847 2498 1945 2571 τὴν
1969 2498 2091 2569 δψιν
2114 2499 2192 2572 τῷ
2215 2499 2310 2553 τοῦ
2352 2499 2487 2553 Θεοῦ
2530 2499 2703 2570 φόϐῳ,
2734 2498 2826 2553 διά
2861 2498 2952 2552 τὸν
2995 2498 3129 2552 Θεὸν
3165 2498 3315 2551 τοῦτ’

1723 2582 1989 2653 ἐποίησας
2009 2602 2021 2613 ·
2050 2584 2180 2637 ὅταν
2203 2583 2272 2637 τά
2307 2582 2384 2654 μὴ
2435 2582 2729 2650 πολυτελῆ,
2759 2582 2854 2636 ml
2892 2580 3316 2653 μαλακωτέρους

1723 2668 1872 2738 ἡμᾶς
1916 2667 2211 2733 ποιοῦντα,
2264 2668 2401 2722 ἀλλά
2436 2667 2505 2721 τά
2550 2667 2827 2737 δυνάμενα
2870 2667 3017 2738 ἡμᾶς
3067 2665 3313 2731 σκέπειν,

1722 2751 1894 2804 ταῦτα
1933 2751 2393 2824 περιϐαλλώμεθα
2429 2751 2611 2822 μόνον.
2652 2752 2809 2803 Ἐστι
2835 2750 2930 2804 ml
2962 2749 3157 2821 μέχρις
3183 2749 3315 2803 ὐπο-

1734 2833 1801 2904 δη
1810 2835 1995 2904 μάτων
2010 2836 2199 2889 τοῦτον
2228 2835 2517 2905 ἐξαγαγεῖν
2532 2835 2623 2889 τὸν
2647 2834 2831 2906 νόμον.
2863 2835 2975 2888 Kal
2993 2834 3104 2906 γάρ
3125 2832 3314 2886 πολλοὶ

1724 2923 1858 2993 πρὸς
1889 2923 2050 2976 τοῦτο
2080 2922 2341 2993 βλακείας
2370 2922 2466 2977 καὶ
2494 2922 2733 2986 ἀσωτίας
2768 2920 3080 2990 ἐξώλισθον,
3113 2919 3189 2984 ὡς
3218 2918 3314 2973 ml

1721 3007 1790 3058 τά
1814 3005 2136 3077 ὑποδήματα
2167 3005 2551 3072 καλλωπίζειν,
2602 3006 2695 3059 ml
2722 3005 2985 3059 πάντοθεν
3028 3003 3168 3058 αὐτά
3192 3021 3315 3057 ποι-

1722 3087 1947 3151 κίλλειν,
1983 3089 2081 3159 οὐχ
2113 3083 2278 3161 ἦττον
2319 3088 2351 3160 ἢ
2387 3089 2485 3152 τὰς
2516 3088 2668 3159 ὄψεις
2702 3089 2882 3161 ἕτεροι
2904 3105 2919 3119 ’
2955 3087 3094 3158 ὅπερ
3129 3085 3310 3158 ψυχῆς

1721 3174 1870 3225 ἐστιν
1891 3171 2205 3245 ἀκαθάρτου
2229 3174 2325 3226 καὶ
2353 3173 2778 3244 διεφθαρμένης.
2815 3173 2877 3225 Εἰ
2899 3172 3008 3244 γὰρ
3037 3172 3131 3225 καὶ
3178 3173 3312 3226 αὐτὸ

1724 3254 1919 3326 μικρὸν
1948 3251 2087 3309 εἷναι
2124 3256 2306 3322 δοκεῖ,
2356 3256 2493 3310 ἀλλά
2531 3255 2775 3328 μεγάλης
2808 3255 3067 3321 ἐξωλείας
3110 3255 3310 3325 δεῖγμα

1720 3340 1815 3392 καὶ
1832 3339 2055 3410 ἐλεγχος
2074 3338 2140 3393 ἂν
2166 3339 2250 3411 εἴη
2268 3338 2448 3405 τοῦτο,
2469 3341 2561 3393 ml
2583 3341 2673 3393 ἐπ’
2694 3339 3015 3407 ἀνδρῶνκαὶ
3040 3339 3133 3392 ἐπ)⁸
3155 3337 3308 3409 [705]
3346 3388 3349 3393 .

1719 3423 2013 3491 γυναικῶν.
2055 3422 2270 3487 Ἔξεστι
2294 3424 2472 3477 τοίνυν
2500 3423 2594 3476 καὶ
2618 3422 2930 3494 ὑποδήμασι
2963 3422 3198 3495 χρῆσθαι
3219 3422 3312 3476 διὰ

1719 3506 1811 3560 τὸν
1836 3505 1990 3570 Θεὸν,
2016 3507 2144 3569 ὅταν
2173 3506 2448 3577 πανταχοῦ
2479 3506 2576 3578 τὴν
2605 3507 2794 3578 χρείαν
2824 3507 3193 3578 ἐπιζητῶμεν,
3213 3507 3312 3561 καὶ

1719 3589 1877 3644 τοῦτο
1919 3590 2117 3659 μέτρον
2142 3590 2244 3660 τῆς
2274 3590 2630 3655 ἀπολαύσεως
2658 3590 2961 3662 ποιώμεθα.
2983 3592 3093 3645 Kal
3112 3593 3193 3645 ὅτι
3217 3591 3311 3645 καὶ

1719 3674 1809 3728 διὰ
1853 3674 2116 3745 βαδίσεως
2144 3676 2237 3727 ml
2260 3674 2348 3728 διά
2390 3675 2581 3746 στολῆς
2622 3674 2714 3729 ἐστ
2766 3675 2857 3728 τὸν
2884 3675 3016 3728 Θεὸν
3061 3674 3306 3740 δοξάσαι,

1720 3758 1955 3812 ἄκουσον
1975 3758 2029 3811 τί
2061 3775 2194 3829 φησι
2220 3760 2383 3829 σοφός
2413 3776 2499 3823 τις
2520 3760 2684 3831 ἀνήρ·
2701 3758 3039 3830 Στολισμὸς
3063 3759 3306 3829 ἀνδρὸς,

1721 3842 1820 3896 καὶ
1855 3841 2047 3912 γέλως
2078 3842 2364 3908 ὀδόντων,
2396 3843 2494 3897 καί
2530 3842 2704 3913 βῆμα
2729 3843 2917 3910 ποδὸς
2947 3844 3308 3914 ἀναγγέλλει

1718 3927 1793 3980 τὰ
1836 3928 1971 3995 περὶ
2031 3928 2243 3982 αὐτοῦ.
2289 3928 2461 3983 Ὅταν
2524 3929 2631 3999 γάρ
2684 3929 3113 4000 κατεσταλμένοι
3170 3928 3307 4000 [ml

1720 4010 1957 4082 σεμνοὶ],
1984 4013 2078 4066 ml
2108 4012 2439 4084 σεμνότητος
2477 4014 2762 4085 γέμοντες,
2796 4014 2891 4068 καὶ
2921 4014 3120 4085 πολλὴν
3169 4029 3305 4067 παν-

1717 4094 1947 4165 ταχόθεν
1970 4096 2408 4167 ἐπιδεικνύμενοι
2439 4097 2538 4167 τὴν
2564 4097 2919 4169 σωφροσύνην
2948 4097 3267 4167 φαινώμεθα
3285 4115 3303 4132 ο

1718 4181 1815 4232 ml
1854 4179 1963 4232 ἀπὸ
1999 4179 2163 4251 ψιλῆς
2211 4180 2313 4250 τῆς
2356 4179 2647 4251 συντυχίας
2682 4181 2776 4234 καὶ
2807 4183 2836 4234 6
2867 4182 3120 4244 ἄπιστος.
3151 4181 3245 4234 καὶ
3275 4184 3305 4235 6

1718 4262 2038 4325 ἀκόλαστος,
2066 4265 2161 4316 καὶ
2192 4264 2219 4314 6
2248 4261 2560 4334 θορυϐώδης
2588 4263 2681 4317 τὸν
2713 4263 2956 4317 τοιοῦτον
3005 4262 3129 4319 ίδὼν
3175 4264 3305 4318 θαυ-

1721 4345 1974 4416 μάσεται,
2003 4345 2106 4399 κᾶν
2121 4346 2375 4399 ἁπάντων
2398 4346 2753 4418 ἀναισθητότε
2763 4363 2853 4419 ρος
2935 4347 3055 4402 Κᾶν
3070 4351 3305 4417 γυναῖκα

1718 4429 2004 4499 ἀγώμεθα,
2040 4429 2127 4483 διὰ
2158 4429 2250 4483 τὸν
2285 4428 2419 4482 Θεὸν
2448 4430 2605 4483 τοῦτο
2651 4429 2916 4500 ποιῶμεν,
2948 4430 3035 4484 ἵνα
3084 4448 3300 4502 σωφρο-

1718 4513 1916 4583 νῶμεν,
1947 4513 2047 4582 οὐχ
2076 4512 2162 4565 ἵνα
2186 4512 2286 4583 τὴν
2302 4511 2489 4565 οὐσίαν
2509 4513 2894 4585 εὐπορωτέραν
2914 4512 3300 4586 ἐργαζώμεθα,

1719 4595 1806 4649 ἵνα
1839 4594 2017 4665 ψυχῆς
2051 4595 2332 4663 εὐγένειαν
2363 4596 2733 4668 ἐπιζητῶμεν,
2767 4596 2841 4668 μὴ
2870 4600 3168 4669 χρημάτων
3200 4616 3300 4651 πε-

1718 4680 1986 4752 ριουσίαν,
2042 4680 2180 4749 μηδὲ
2203 4680 2485 4751 προγόνων
2510 4682 2890 4752 περιφάνειαν,
2919 4682 3055 4736 ἀλλά
3081 4684 3300 4754 τρόπων

1715 4763 1915 4834 ἀρετὴν
1939 4763 2033 4816 ml
2061 4763 2393 4817 ἐπιείκειαν
2431 4765 2773 4837 συνέμπορον
2810 4765 2903 4819 τοῦ
2935 4765 3051 4836 βίου
3088 4767 3301 4838 λαμϐά-

1714 4864 1917 4917 νωμεν,
1948 4847 2070 4917 οὐχὶ
2107 4848 2409 4918 καπηλείας
2450 4849 2728 4902 κοινωνόν.
2759 4849 2869 4902 Kal
2896 4850 2949 4902 τί
2993 4851 3075 4903 δεῖ
3121 4852 3301 4905 πάντα

1715 4930 2080 4999 καταλέγεινς
2125 4931 2343 4996 Ἔξεστι
2377 4931 2486 5004 γάρ
2538 4932 2726 4986 λοιπὸν
2780 4934 2912 5005 ἡμῖν
2964 4936 3030 4988 ἐκ
3082 4935 3190 4990 τῶν
3222 4938 3300 4989 εἰ·

1717 5032 1784 5086 ρη
1794 5014 1968 5087 μένων
1994 5014 2227 5068 ἕκαστον
2252 5016 2525 5086 ἐφοδεύειν
2554 5017 2664 5070 τῶν
2690 5018 2990 5089 γινομένων
3014 5020 3109 5073 ml
3132 5037 3300 5090 πρατ-

1712 5096 1978 5169 τομένων,
2004 5098 2096 5150 καὶ
2116 5098 2292 5153 πάντα
2324 5099 2412 5154 διά
2433 5099 2524 5154 τὸν
2548 5100 2680 5154 Θεὸν
2697 5103 2889 5157 ποιεῖν.
2913 5104 3024 5156 Kal
3048 5103 3298 5176 καθάπερ

1712 5183 1764 5235 οί
1794 5180 2027 5253 ἔμποροι
2054 5182 2442 5254 περιπλέοντες
2478 5185 2539 5237 τὸ
2569 5185 2826 5253 πέλαγος,
2872 5187 2968 5241 καὶ
2994 5187 3074 5251 είς
3114 5187 3297 5252 πόλεις

1710 5264 2051 5336 ὁρμίζοντες,
2100 5267 2160 5319 οὐ
2190 5268 2458 5339 πρότερον
2508 5268 2862 5324 ἀποϐαίνουσι
2910 5270 3004 5325 τοῦ
3054 5271 3294 5342 λιμένος,

1710 5348 1833 5401 οὐδὲ
1862 5350 1943 5411 είς
1969 5349 2068 5420 τὴν
2095 5350 2303 5421 ἀγορὰν
2323 5351 2729 5419 ἀναϐαίνουσιν,
2759 5354 2866 5417 ἕως
2891 5353 2958 5408 ἂν
2992 5355 3294 5423 πύθωνται,

1709 5431 1792 5485 ὅτι
1823 5430 2014 5500 κέρδος
2035 5432 2148 5504 ἔχει
2175 5451 2229 5487 τι
2256 5435 2365 5489 τῶν
2391 5437 2509 5490 ἐκεῖ
2532 5438 2967 5510 ἀποτεθειμένων
2992 5455 3006 5469 ·
3032 5437 3173 5493 οὕτω
3200 5441 3296 5494 ml

1712 5516 1777 5599 σύ
1802 5515 1971 5599 μηδὲν
1996 5517 2136 5588 μήτε
2163 5518 2398 5594 πράξῃς,
2417 5523 2541 5592 μήτ’
2567 5523 2749 5595 εἴπῃς,
2780 5523 2847 5577 ἂν
2873 5523 2947 5594 μὴ
2977 5523 3166 5597 κέρδος
3195 5524 3293 5599 ἔχῃ

1680 5656 1683 5659 _
1709 5596 1772 5651 τὸ
1793 5598 1936 5652 κατά
1959 5599 2117 5654 Θεόν.
2137 5601 2248 5655 Kal
2271 5605 2345 5675 μή
2374 5621 2464 5674 μοι
2493 5605 2617 5674 λέγε
2643 5607 2726 5659 ὅτι
2756 5607 2816 5659 οὐ
2849 5596 3071 5660 δυνατὸν
3091 5607 3181 5660 διά
3206 5596 3295 5661 τὸν

1678 5722 1681 5729 .
1711 5680 1844 5735 Θεὸν
1888 5682 2068 5738 πάντα
2096 5689 2291 5742 ποιεῖν.
2318 5686 2487 5743 Ὅταν
2513 5690 2622 5762 γάρ
2655 5692 2927 5755 ὑπόδεσις,
2961 5692 3054 5745 ml
3086 5692 3256 5762 κουρᾶ
3275 5732 3291 5757 ,

1715 5764 1813 5820 ml
1834 5767 2065 5839 ἱματίων
2089 5769 2269 5845 στολὴ,
2296 5773 2389 5829 καὶ
2406 5772 2633 5846 βάδισις,
2662 5777 2756 5833 ml
2773 5776 2915 5849 ὄψις,
2940 5777 3034 5832 ml
3049 5777 3292 5851 ῥήματα,
