3958 6364
111 335 232 393 961

107 476 238 528 sus,
273 468 542 532 aspectus,
571 456 733 513 verba
755 496 772 523 ,
798 467 1082 511 consessus
1102 493 1116 518 ,
1141 453 1412 522 ingressus
1439 493 1454 516 ,
1491 453 1666 508 exitus
1690 491 1712 523 ,

107 553 339 610 facetia:
365 592 382 616 ,
410 549 775 615 laudationes,
809 544 1253 616 vituperationes,
1299 543 1720 599 commendatio-

110 662 246 712 nes,
276 643 548 709 amicitiae,
577 637 866 694 inimicitia:
883 646 1107 708 possunt
1133 647 1352 706 propter
1376 636 1543 690 Deum
1568 635 1718 691 fieri:

107 737 252 808 quid
282 743 469 798 restat,
496 733 539 786 si
559 731 899 792 voluerimus,
921 727 1061 799 quod
1090 743 1194 781 non
1220 726 1484 796 possimus
1505 737 1722 796 propter

111 832 303 887 Deum
331 825 544 882 facere?
569 823 706 890 Quid
732 822 966 877 careeris
990 819 1301 875 custodibus
1326 819 1561 874 deterius
1603 833 1723 874 esse

109 921 346 996 potest?
394 919 580 974 Nutttte
607 919 719 970 hinc
743 915 850 969 vita
874 914 1112 967 omnium
1137 911 1460 982 nequissima
1496 926 1617 966 esse
1639 909 1720 964 vi.

112 1014 327 1074 detur?
365 1014 513 1068 Licet
541 1021 719 1065 tamen
747 1009 795 1063 ei
825 1007 917 1078 qui
954 1005 1085 1061 \elit
1133 1005 1258 1060 inde
1287 1005 1496 1060 lucrum
1537 1018 1724 1075 repor-

111 1119 266 1171 tare,
283 1103 500 1176 quando
521 1101 712 1154 vinetis
724 1098 912 1169 parcit,
935 1095 1358 1167 quandoinjuste
1379 1095 1430 1149 in
1449 1109 1723 1151 carcerem

111 1197 405 1268 conjectos
423 1201 598 1258 curat,
618 1200 675 1246 et
703 1192 755 1245 in
784 1188 974 1244 alienis
993 1187 1387 1243 calamitatibus
1411 1202 1518 1240 non
1558 1201 1725 1256 uego-

114 1291 295 1346 tiatur
333 1305 350 1342 :
379 1285 592 1358 quando
631 1281 930 1338 communis
975 1279 1286 1350 proponitur
1313 1277 1561 1332 omnibus
1588 1276 1727 1330 affli-

115 1386 232 1439 ctis
267 1391 479 1454 portus.
520 1377 596 1432 lta
635 1384 818 1430 custos
841 1373 1074 1429 carceris
1105 1371 1253 1426 Pauli
1284 1371 1509 1425 salutem
1536 1379 1724 1426 nactus

117 1485 212 1531 est
241 1476 268 1546 (
295 1476 407 1527 Act.
437 1471 525 1527 16.
547 1471 637 1525 27.
667 1486 778 1542 sqq.
816 1470 869 1538 )z
905 1465 1044 1520 unde
1070 1466 1235 1534 liquet
1261 1479 1359 1518 nos
1383 1479 1449 1519 ex
1479 1463 1726 1519 munibus

120 1568 319 1630 rebus,
355 1565 401 1620 si
425 1564 772 1628 voluerimus,
804 1560 1006 1614 lucrum
1039 1557 1214 1612 facere
1235 1570 1415 1626 posse.
1552 1550 1561 1562 ⁸

199 1659 257 1714 6.
287 1655 454 1726 Quid,
483 1668 692 1725 quaeso,
722 1650 870 1707 cattle
895 1649 1160 1719 indignius
1182 1662 1302 1703 esse
1329 1645 1542 1718 potest?
1567 1647 1726 1701 Atta-

123 1765 256 1806 men
283 1746 543 1820 justitiam
573 1744 766 1800 afferre
795 1742 965 1813 potuit
987 1741 1148 1796 etiam
1179 1741 1277 1796 hoc
1304 1739 1527 1804 facinus,
1557 1738 1608 1794 ei
1635 1737 1726 1808 qui

123 1842 427 1898 admiserat
456 1855 469 1891 :
498 1836 629 1892 tanti
655 1844 737 1891 est
766 1844 983 1904 propter
1012 1832 1178 1886 Deum
1208 1821 1496 1901 quidquam
1525 1829 1723 1885 facere.

124 1937 202 1990 At
230 1929 502 2004 quomodo
528 1923 1160 1999 potuitcazdesjustitiam
1177 1921 1404 1976 afferre?
1431 1920 1729 1974 Madianita:

124 2028 262 2084 olim
292 2024 542 2080 volebant
567 2020 832 2077 infensum
864 2019 1026 2074 Deum
1056 2016 1256 2072 Judmis
1287 2018 1462 2070 facere
1482 2057 1497 2079 ,
1526 2013 1625 2069 hac
1645 2015 1728 2068 via

125 2116 380 2174 arbitrati
408 2130 468 2170 se
496 2115 614 2169 illos
640 2125 891 2182 superare
922 2123 1077 2180 posse
1101 2145 1117 2176 ,
1155 2108 1200 2162 si
1232 2106 1602 2162 benevolentia
1635 2105 1730 2160 Dei

129 2211 259 2266 illos
297 2209 605 2279 privarent;
653 2203 857 2274 puellas
896 2211 1251 2264 exornantes,
1282 2209 1337 2254 et
1375 2198 1428 2252 in
1458 2198 1726 2253 exercitus

132 2311 434 2373 conspectu
453 2299 801 2360 collocantes,
833 2293 1269 2350 lenocinabantur
1298 2306 1413 2357 eos,
1447 2301 1500 2346 et
1524 2291 1589 2345 ad
1620 2299 1733 2344 stu-

131 2412 297 2468 prum
319 2397 512 2467 primo,
535 2391 728 2447 deinde
753 2391 912 2444 etiam
934 2388 1000 2443 ad
1023 2388 1346 2457 impietatem
1376 2385 1729 2441 adducebant.

133 2489 252 2548 Hoc
277 2503 403 2546 cum
423 2485 647 2542 vidisset
673 2483 900 2540 Phineas
926 2524 942 2550 ,
978 2482 1112 2537 duos
1149 2481 1202 2535 in
1243 2481 1356 2550 ipsa
1383 2478 1734 2535 fornicatione

136 2580 585 2653 deprehendens,
628 2577 870 2634 districto
909 2573 1084 2646 gladio
1130 2583 1384 2642 utrosque
1415 2571 1731 2634 transfodit,

138 2675 345 2746 Deique
374 2673 506 2728 iram
536 2687 567 2726 a
597 2670 860 2726 destinata
887 2667 1148 2723 sententia
1170 2664 1386 2719 deduxit
1407 2662 1596 2734 (Nam.
1615 2663 1733 2732 25).

138 2770 221 2825 Ae
245 2768 454 2822 facinus
476 2764 692 2836 quidem
722 2762 894 2833 ipsum
921 2759 1097 2816 caedes
1131 2759 1230 2813 l'uit
1261 2777 1276 2814 :
1309 2757 1514 2812 fructus
1553 2766 1732 2811 autem

139 2863 308 2926 illius,
333 2860 567 2915 omnium
593 2854 982 2926 perdendorum
1011 2851 1156 2906 salus
1184 2867 1198 2904 :
1230 2848 1370 2905 unde
1397 2858 1453 2903 et
1472 2848 1732 2918 justitiam

139 2952 324 3009 attulit
341 2951 412 3018 ei,
444 2949 533 3020 qui
560 2949 661 3002 hoc
689 2946 834 3002 fecit.
866 2944 935 2999 Et
961 2958 1064 2998 non
1093 2941 1252 2996 modo
1278 2955 1383 2995 non
1413 2954 1600 2994 manus
1623 2937 1740 2992 haze

141 3042 324 3098 caules
361 3039 658 3110 inquinavit
687 3077 704 3100 ,
746 3037 842 3091 sed
885 3034 1053 3088 multo
1095 3032 1256 3087 etiam
1303 3028 1544 3099 puriorcs
1587 3026 1734 3082 fecit.

144 3138 324 3209 Atque
349 3134 400 3188 id
421 3133 544 3204 jure
567 3130 779 3202 quidem
805 3145 819 3182 :
849 3142 954 3182 non
982 3126 1124 3181 enim
1149 3139 1216 3180 ex
1240 3137 1426 3179 eorum
1451 3121 1576 3176 odio
1604 3133 1739 3190 quos

144 3225 438 3294 interfecit,
463 3237 514 3281 et
541 3223 758 3288 invidia,
789 3219 886 3276 sed
915 3229 974 3274 ut
996 3233 1204 3279 eorum,
1226 3216 1317 3286 qui
1342 3212 1737 3283 superfuerant,

145 3320 308 3378 saluti
346 3318 684 3383 consuleret,
718 3315 818 3369 hoc
846 3310 1101 3382 suscepit.
1153 3298 1297 3362 Duos
1340 3303 1646 3369 interfecit,
1689 3311 1744 3357 et

149 3414 414 3472 infinitam
463 3410 736 3466 hominum
781 3405 1170 3462 multitudinem
1217 3401 1469 3458 servavit.
1514 3396 1744 3453 Perinde

151 3517 332 3563 autem
362 3503 490 3560 fecit
514 3517 578 3558 ac
602 3499 797 3557 medici
825 3499 1022 3565 solent,
1048 3495 1137 3567 qui
1171 3505 1347 3564 partes
1370 3490 1611 3560 corporis
1642 3503 1744 3558 pu-

151 3605 450 3655 trescentes
469 3591 809 3664 amputando,
836 3591 1098 3661 integrum
1119 3596 1173 3641 et
1192 3598 1380 3640 sanum
1401 3595 1595 3651 corpus
1615 3595 1746 3633 eon-

153 3698 373 3750 servant
403 3707 418 3744 :
451 3687 530 3743 sic
557 3695 611 3742 et
651 3685 740 3740 ille
778 3681 923 3739 fecit.
970 3680 1260 3750 Propterea
1304 3675 1584 3731 Psalmista
1622 3672 1698 3725 ait
1728 3688 1742 3724 :

155 3784 308 3839 Stetit
337 3779 556 3836 Phinees
574 3819 591 3846 ,
623 3787 669 3832 et
701 3775 916 3848 placauit
935 3812 950 3839 ,
979 3783 1024 3827 st
1051 3771 1258 3826 cessavit
1284 3767 1562 3839 quassatio,
1585 3774 1633 3819 et
1658 3779 1744 3818 re-

155 3886 391 3949 putatum
406 3885 478 3930 est
499 3874 576 3928 illi
600 3872 668 3926 ad
681 3871 958 3939 justitiam,
985 3883 1018 3921 a
1045 3865 1365 3938 generatione
1385 3861 1453 3915 ad
1477 3859 1753 3933 generatio-

158 3985 273 4024 nem
294 4009 310 4033 ,
340 3981 496 4036 usque
536 3964 589 4017 in
625 3961 982 4031 sempiternum
1007 3958 1026 4030 (
1057 3957 1203 4012 Psal.
1235 3954 1358 4010 l05.
1387 3951 1457 4008 50
1481 3949 1500 4023 )
1527 3968 1540 4005 :
1574 3949 1752 4019 itaque

159 4056 477 4116 immortalis
493 4055 649 4124 hujus
665 4063 810 4108 recte
826 4052 946 4106 lacti
965 4048 1216 4105 memoria
1236 4052 1527 4117 permanet.
1549 4042 1752 4096 Rursus

159 4150 296 4205 alius
330 4147 502 4202 oravit
526 4154 581 4200 et
604 4143 872 4200 lacessivit
905 4141 1070 4196 Deum
1099 4157 1114 4194 :
1142 4139 1275 4193 adeo
1302 4147 1385 4191 est
1411 4133 1611 4204 aliquid
1647 4147 1753 4186 non

159 4251 382 4317 propter
412 4242 580 4298 Deum
624 4239 803 4295 facere
834 4257 849 4293 :
880 4235 1206 4293 Pharisaaum
1248 4232 1369 4286 dico
1417 4228 1586 4302 (Luc.
1619 4215 1687 4281 l8
1707 4225 1752 4295 ).

154 4316 270 4396 Sed
293 4331 742 4405 quemadmodum
770 4329 1000 4385 Phinees
1027 4325 1188 4381 etiam
1211 4337 1334 4378 cum
1361 4319 1560 4376 caedem
1589 4316 1750 4370 fecis-

1145 334 1457 397 ιιυιιιωαιίς
1500 335 1588 396 DE
1626 333 1924 398 LAZARO.
1954 373 2022 385 --
2052 333 2400 401 MONITUM.

3309 353 3417 410 90?.

1820 464 1941 521 set,
1971 457 2235 526 gratiosus
2263 459 2404 530 apud
2447 461 2614 518 Deum
2659 461 2794 520 fuit:
2824 463 2904 520 sic
2929 472 2984 520 et
3028 465 3129 521 iste
3171 482 3278 522 non
3318 482 3413 537 per

1826 549 2185 618 precationem
2207 553 2447 620 offendit,
2474 553 2570 609 sed
2593 569 2692 624 per
2715 556 2877 610 animi
2901 556 3255 623 affectionem,
3281 575 3416 627 qua-

1825 653 1948 693 cum
1976 641 2312 710 precabatur,
2341 644 2621 714 prolapsus
2644 653 2746 701 est.
2776 647 2852 701 lta
2875 646 3036 702 etiam
3064 648 3109 702 si
3138 646 3417 716 spirituale

1825 729 2022 799 aliquid
2047 731 2241 799 fuerit,
2274 733 2319 788 si
2351 744 2528 790 tamen
2556 745 2775 806 pr0pter
2803 737 2971 792 Dettm
3000 753 3105 792 non
3137 738 3262 806 fiat,
3291 743 3428 794 cum

1827 822 2016 890 primis
2043 823 2190 878 illum
2219 825 2394 892 liedit,
2425 827 2515 897 qui
2556 828 2699 882 facit.
2733 828 3193 895 Quemadmodum
3228 831 3272 885 si
3311 831 3416 885 ali-

1827 913 1952 982 quid
1993 916 2250 971 saeculare
2289 929 2505 988 propter
2543 919 2707 974 Deum
2744 921 2854 987 fiat,
2883 920 3168 976 admodum
3202 920 3418 991 adjuvat

1828 1017 1972 1069 cum,
2001 1004 2090 1074 qui
2132 1020 2252 1061 cum
2293 1008 2537 1078 religiosa
2583 1009 2636 1064 id
2680 1010 2805 1065 facit
2850 1021 3048 1066 mente.
3094 1011 3230 1078 Quid
3270 1013 3416 1067 enim

1827 1097 1975 1152 crede
2002 1100 2212 1168 gravius
2239 1111 2333 1156 aut
2367 1103 2677 1159 horribilius
2705 1118 2824 1159 esse
2853 1104 3067 1174 potest?
3094 1105 3301 1159 Justum
3333 1115 3414 1158 ta-

1828 1203 1952 1243 men
1981 1189 2158 1246 effecit
2181 1206 2303 1246 eum
2333 1193 2424 1263 qui
2467 1193 2519 1247 ld
2547 1207 2706 1248 ausus
2733 1204 2833 1248 est.
2856 1194 3076 1261 Qualem
3101 1209 3229 1265 ergo
3253 1203 3415 1249 excu-

1827 1281 2086 1338 Sationem
2114 1284 2429 1340 habebimus
2452 1301 2548 1341 nos
2569 1328 2583 1352 ,
2607 1287 2697 1357 qui
2714 1287 2938 1342 dicimus
2963 1302 3025 1342 ex
3051 1288 3298 1342 omnibus
3326 1303 3415 1342 re-

1829 1371 1930 1427 bus
1949 1373 2262 1430 lucrifacere
2284 1385 2338 1430 ct
2357 1376 2536 1431 omnia
2565 1387 2782 1447 propter
2804 1377 2970 1431 Deum
2999 1392 3094 1431 nos
3115 1379 3286 1432 facere
3308 1393 3416 1434 non

1830 1477 1989 1532 posse
2009 1505 2022 1529 ,
2051 1480 2172 1520 cum
2213 1466 2546 1522 inveniamus
2573 1468 2734 1522 etiam
2761 1467 2852 1538 qui
2872 1483 2903 1522 e
2933 1467 3080 1523 aede
3109 1468 3311 1523 lucrum
3342 1469 3418 1522 fe.

1829 1557 2056 1610 ccrunt?
2083 1556 2140 1612 Si
2161 1557 2396 1612 animum
2417 1557 2697 1614 advertere
2727 1559 3068 1624 voluerimus,
3093 1559 3205 1612 sive
3229 1572 3418 1613 emen-

1829 1647 1990 1714 dum,
2021 1649 2135 1703 sive
2176 1649 2514 1704 vendendum
2556 1637 2663 1716 sit,
2712 1651 2766 1704 in
2805 1657 2914 1704 tota
2949 1651 3054 1704 vita
3086 1649 3417 1722 spiritualem

1832 1740 1972 1795 hanc
1996 1749 2348 1796 mercaturam
2376 1742 2635 1798 faciemus
2666 1759 2679 1796 :
2713 1751 2770 1796 ut
2797 1743 2842 1796 si
2873 1741 3107 1812 legitimo
3135 1742 3306 1811 pretio
3336 1741 3420 1796 ni-

1831 1828 1907 1884 hil
1935 1831 2162 1901 amplius
2190 1833 2544 1903 requiramus,
2572 1832 2938 1887 difficultatem
2965 1839 3194 1888 annona:
3218 1847 3419 1903 nequa-

1832 1937 1992 1992 quam
2009 1923 2375 1992 observemus,
2398 1934 2452 1979 et
2475 1935 2584 1979 tum
2602 1925 2881 1996 egentibus
2901 1921 3272 1979 divendamus.
3299 1923 3419 1978 Ma-

1835 2015 2044 2069 ledictus
2071 2017 2235 2080 enim,
2262 2016 2451 2100 inquit,
2483 2009 2588 2081 ille,
2616 2017 2703 2086 qui
2729 2015 2967 2087 frumenti
2993 2017 3250 2068 caritatem
3275 2017 3425 2085 auget

1835 2107 1855 2178 (
1886 2106 2038 2162 Prov.
2068 2108 2153 2164 ll.
2176 2107 2304 2180 26).
2331 2107 2437 2164 Sed
2463 2107 2587 2179 quid
2613 2116 2822 2176 Oportet
2847 2107 3054 2178 singula
3079 2119 3421 2176 percensere.

1836 2201 1955 2258 Uno
1983 2204 2229 2272 exemplo
2265 2203 2443 2256 omnia
2473 2201 2772 2272 colligenda
2808 2200 3037 2256 fuerant.
3073 2200 3426 2268 Quemadmo-

1835 2297 1962 2352 dum
1991 2298 2132 2352 enim
2159 2296 2512 2351 a-dilicatores
2540 2311 2661 2350 cum
2693 2309 2901 2349 murum
2927 2293 3248 2348 exstructuri
3277 2300 3426 2357 sunt,

1837 2389 2089 2443 amussim
2117 2389 2186 2444 ab
2207 2390 2399 2458 angulo
2419 2388 2486 2442 ad
2511 2387 2761 2458 angulum
2784 2372 3003 2448 ducunt,
3031 2394 3190 2454 atque
3218 2384 3288 2438 ita
3314 2398 3428 2438 mu-

1839 2498 1958 2537 rum
1985 2490 2318 2546 construunt,
2345 2491 2402 2535 ut
2430 2480 2648 2534 minime
2674 2478 2952 2548 iumqualis
2979 2476 3094 2546 ejus
3120 2475 3430 2545 superficies

1840 2577 2062 2630 exsis‘tat
2094 2592 2106 2628 :
2130 2576 2208 2628 sic
2235 2581 2288 2627 et
2316 2586 2413 2626 nos
2439 2587 2536 2642 pro
2560 2569 2759 2624 amussi
2785 2569 3006 2623 verbum
3039 2567 3141 2620 hoc
3169 2565 3427 2620 adhibea-

1840 2682 1960 2722 mus
1985 2665 2123 2737 quod
2150 2664 2289 2735 apud
2304 2662 2342 2716 A
2351 2660 2615 2733 postolum
2645 2666 2727 2717 est
2750 2677 2765 2714 :
2788 2660 2906 2716 Sive
2930 2659 3098 2726 editis,
3120 2658 3221 2712 sive
3242 2655 3426 2722 bibitis,

1840 2761 1942 2815 sive
1983 2759 2104 2832 quid
2140 2759 2282 2814 aliud
2326 2759 2492 2830 facitis
2521 2797 2536 2822 ,
2580 2755 2750 2810 omnia
2784 2756 2850 2808 ad
2887 2753 3102 2825 gloriam
3146 2750 3238 2804 Dei
3284 2749 3434 2821 facite

1845 2852 1865 2926 (
1889 2853 1937 2906 i.
1967 2851 2084 2907 Cor.
2107 2849 2193 2905 l0.
2215 2848 2328 2922 51).
2355 2849 2477 2905 Sive
2493 2864 2620 2918 ergo
2643 2859 2941 2916 precemur,
2969 2843 3082 2897 sive
3108 2841 3434 2911 jejunemus,

1843 2946 1956 3002 sive
1979 2957 2312 3009 accusemus,
2333 2940 2445 2996 sive
2465 2939 2850 3003 condonemus,
2888 2937 3001 2990 sive
3020 2933 3296 2988 laudemus
3326 2932 3440 2986 sive

1844 3039 2247 3106 vituperemus,
2291 3035 2404 3088 sive
2449 3029 2810 3101 iugrediamur
2850 3028 2964 3082 sive
2990 3038 3279 3088 exeamus,
3325 3021 3438 3077 sive

1846 3129 2142 3184 vendamus
2178 3127 2292 3182 sive
2331 3136 2590 3189 emamus,
2627 3121 2740 3176 sive
2768 3127 3038 3174 taceamus
3063 3116 3176 3170 sive
3201 3113 3440 3183 dispute—

1847 3235 1987 3287 mus,
2019 3220 2131 3276 sive
2150 3217 2289 3272 aliud
2317 3215 2441 3287 quid
2468 3214 2761 3269 faciamus:
2790 3209 2971 3265 omnia
2993 3207 3058 3262 ad
3084 3206 3308 3277 gloriam
3338 3203 3440 3258 Dei

1848 3313 2139 3376 faciamus,
2172 3319 2227 3366 et
2253 3310 2298 3364 si
2342 3308 2467 3379 quid
2497 3306 2562 3361 ad
2592 3305 2814 3376 gloriam
2856 3303 2948 3356 Dei
2992 3314 3099 3354 non
3137 3297 3434 3369 pertineat,

1850 3405 1980 3462 illud
2010 3419 2180 3474 neque
2208 3402 2348 3456 facto
2367 3441 2384 3469 ,
2413 3413 2582 3469 neque
2603 3397 2745 3452 dicto
2769 3410 2798 3449 a
2826 3393 2978 3448 nobis
3005 3399 3318 3460 usurpetur;
3346 3385 3442 3442 sed

1853 3515 1950 3571 pro
1978 3498 2166 3554 baculo
2197 3508 2408 3565 magno,
2439 3507 2537 3563 pro
2565 3490 2752 3556 armis,
2781 3502 2877 3557 pro
2907 3483 3176 3556 praesidio,
3201 3497 3297 3552 pro
3326 3480 3444 3534 the-

1853 3590 2026 3646 sauris
2047 3585 2343 3652 immensis,
2359 3583 2682 3652 ubicumque
2707 3580 2893 3644 simus,
2920 3576 3024 3631 hoc
3046 3574 3244 3629 dictum
3267 3571 3446 3624 animo

1856 3682 2208 3741 inscribentes
2228 3720 2244 3746 ,
2277 3677 2555 3734 nobiscqu
2580 3670 3021 3728 circumferamus
3040 3709 3055 3734 ,
3086 3674 3145 3720 ut
3171 3663 3347 3719 omnia
3376 3658 3446 3714 ad

1855 3775 2076 3848 gloriam
2109 3770 2203 3827 Dei
2241 3770 2526 3832 facientes,
2557 3766 2836 3834 loquentes
2860 3802 2875 3826 ,
2910 3757 3260 3828 suscipientes
3281 3797 3296 3822 ,
3333 3762 3446 3807 tum

1860 3846 1964 3929 hic.
1996 3878 2108 3922 tum
2135 3875 2255 3937 post
2281 3863 2436 3934 hujus
2466 3861 2590 3916 vita:
2619 3854 3104 3929 peregrinationem
3133 3849 3355 3924 gloriam
3380 3846 3450 3900 ab

1859 3978 1924 4017 eo
1951 3972 2363 4028 consequamur.
2395 3953 2483 4008 Ait
2506 3952 2650 4006 enim
2681 3967 2695 4003 :
2729 3946 2906 4002 Gloria
2926 3944 3193 4016 adicientes
3217 3957 3316 4006 me,
3346 3939 3449 4010 glo-

1859 4055 1937 4108 ria
1958 4053 2174 4123 aﬂiciam
2199 4050 2270 4121 (l.
2297 4035 2426 4117 Reg.
2448 4045 2504 4098 2.
2535 4042 2649 4114 30).
2672 4039 2790 4095 Non
2817 4037 2972 4093 dictis
2997 4049 3146 4104 ergo,
3171 4031 3268 4087 sed
3297 4030 3451 4084 factis

1862 4121 2158 4214 ipsisﬁillum
2182 4138 2394 4193 assidue
2417 4135 2584 4205 gloria
2607 4131 2901 4186 afficiamus
2939 4123 3059 4180 eum
3082 4123 3293 4182 Christo,
3340 4121 3453 4175 Deo

1864 4248 2047 4293 nostro
2080 4250 2094 4288 :
2126 4233 2246 4304 quia
2279 4232 2428 4285 illum
2451 4228 2607 4284 decet
2630 4223 2809 4280 omnis
2834 4220 3022 4291 gloria,
3056 4217 3229 4272 honor
3251 4222 3306 4269 et
3323 4211 3455 4266 ado-

1864 4332 2022 4394 ratio,
2045 4339 2186 4382 nunc
2203 4331 2260 4380 et
2276 4335 2490 4391 semper
2517 4317 2650 4374 etin
2675 4313 2871 4371 saecula
2890 4309 3228 4368 saeculorum.
3255 4305 3450 4360 Amen.

367 4575 422 4580 ..
916 4561 1138 4574 ,⁴,,
1197 4559 1349 4570 ,.›.
1422 4557 1449 4564 .,
1515 4555 1521 4562 .
1611 4554 1726 4566 .,,.,
1785 4553 1794 4562 ,
2003 4549 2008 4554 .
2847 4550 2850 4556 1

183 4587 377 4601 ._————
408 4557 2606 4612 Μ...
2693 4555 2779 4564 ...-
2795 4555 2841 4564 __.
2860 4546 3430 4578 $r#.___.

1607 4714 2002 4780 MONITUM.

183 4931 419 4997 prorsus
454 4917 603 4974 nulla
649 4929 772 4971 esse
815 4911 1169 4985 prebatim'us
1211 4923 1267 4963 tn
1311 4903 1515 4962 Monite
1564 4911 1768 4973 prince-

189 4993 342 5070 denti
373 5011 443 5066 ad
475 5007 761 5063 homiliam
788 5005 843 5058 in
874 5001 1166 5064 Kalendas,
1195 4998 1289 5054 ubi
1320 4995 1446 5050 vide
1482 4993 1581 5050 sis.

267 5099 445 5157 Hasce
467 5101 601 5152 vero
639 5093 935 5150 conciones
966 5097 1366 5157 consequenter
1401 5084 1610 5149 habuit,
1637 5097 1772 5153 pau-

192 5193 388 5263 cisque
439 5187 779 5259 interpositis
823 5186 964 5240 inter
1007 5180 1252 5251 singulas
1303 5178 1517 5233 diebus.
1569 5173 1770 5230 Earum

197 5289 364 5356 porro
402 5293 629 5340 cursum
681 5280 1019 5347 intercepere
1051 5274 1188 5329 lasta
1237 5272 1412 5360 sancti
1442 5269 1676 5340 Babylae,
1721 5273 1776 5322 et

198 5382 516 5434 Sanctorum
547 5371 823 5430 JuVentini
850 5382 907 5426 et
934 5367 1217 5423 Maximini
1258 5370 1582 5436 martyrum,
1631 5377 1772 5432 quo-

193 5477 318 5528 runt
347 5471 596 5527 eaeomia
622 5472 683 5522 ut
705 5467 1006 5523 celebraret
1031 5461 1481 5533 Chrysostomus,
1515 5465 1768 5526 quartam

193 5565 265 5619 de
289 5562 499 5617 Lazaro
524 5559 809 5615 homiliam
836 5557 1046 5628 aliquot
1078 5554 1270 5610 diebus
1311 5550 1520 5606 tardius
1557 5549 1769 5616 habuit,

197 5655 402 5725 utipsé
448 5659 644 5706 monet
671 5649 830 5704 initio
876 5657 1107 5718 quartae.
1171 5644 1318 5700 Cave
1378 5650 1559 5696 autem
1615 5649 1771 5710 putes

204 5745 370 5812 illam,
398 5757 565 5816 quam
587 5742 790 5801 ibidem
820 5748 1109 5806 memorat,
1145 5738 1201 5794 in
1229 5737 1484 5794 sanctum
1514 5731 1772 5806 Babylam

1863 4899 2208 4963 concionem,
2243 4910 2366 4952 esse
2391 4894 2591 4950 librum
2614 4892 2766 4946 illum
2797 4889 3066 4960 prolixum
3107 4887 3163 4943 in
3190 4895 3438 4943 sanctum

1865 4995 2128 5067 Babylam
2176 5000 2231 5048 et
2275 4997 2469 5045 eontra
2505 4985 2756 5055 gentiles,
2790 4990 2850 5036 ut
2896 4979 3230 5035 existimavit
3274 4984 3328 5029 et
3388 4976 3440 5028 in

1869 5065 2118 5156 margine
2141 5082 2352 5138 notavit
2387 5078 2592 5134 Fronto
2638 5075 2888 5129 bucinus.
2947 5069 3086 5124 Nam
3128 5075 3188 5122 ut
3239 5067 3291 5120 in
3328 5065 3444 5120 llo-

1869 5179 1986 5233 nito
2012 5176 2078 5231 ad
2115 5172 2395 5228 homiliam
2423 5169 2478 5224 in
2505 5165 2759 5237 Babylam
2781 5171 2836 5218 et
2854 5162 2918 5217 ad
2944 5173 3217 5214 annexum
3245 5156 3444 5209 librum

1872 5271 2141 5334 dicemus,
2169 5266 2260 5321 hic
2307 5265 2422 5334 ipse
2453 5262 2587 5316 liber
2617 5271 2894 5324 nunquam
2924 5252 3027 5308 fuit
3072 5252 3126 5305 in
3154 5258 3299 5305 emta
3349 5247 3450 5302 Ee-

1875 5363 2062 5418 clesiaa
2111 5355 2539 5430 pronuntiatus;
2577 5360 2678 5406 nec
2719 5349 2789 5404 ob
2825 5346 3195 5417 prolixitatem
3231 5341 3450 5412 potuit:

1873 5454 1972 5510 sed
2002 5452 2181 5522 agitur
2215 5448 2324 5503 illic
2355 5449 2422 5501 de
2456 5443 2682 5498 homilia
2727 5443 2781 5496 in
2823 5437 3102 5509 Babylam,
3156 5443 3218 5490 ut
3251 5434 3451 5503 cuique

1874 5561 1990 5601 rem
2029 5539 2338 5612 inspieienti
2371 5537 2548 5606 palam
2589 5535 2715 5590 erit.

1952 5636 2199 5703 Quatuor
2223 5632 2464 5702 priorum
2517 5630 2586 5683 de
2625 5625 2835 5681 Lazaro
2883 5621 3236 5678 homiliarum
3283 5620 3455 5673 inter-

1877 5725 2112 5800 pretatio
2150 5735 2232 5780 est
2271 5720 2505 5787 Erasmi,
2539 5718 2749 5790 aliquot
2784 5717 2837 5772 iu
2878 5714 3014 5772 locis
3035 5710 3343 5769 emendata.
