3958 6360
470 2712 476 2719 .
568 2672 878 2743 citharaque
925 2673 1094 2730 fuistis
1140 2675 1356 2746 Spiritui
1401 2671 1588 2734 sancto

623 279 726 337 963

1373 306 1430 366 8.
1468 309 1744 368 JOANNIS
1781 308 2244 367 CllRYSOSTOMI
2285 309 2603 369 ARClﬂEP.
2647 310 3186 370 CONSTANTINOP.

602 1016 868 1060 Βοκηη
913 1015 1246 1060 POSTBIDIE
1289 1015 1618 1062 κΑιΕΝυΛε
1661 1018 2024 1062 ANTIOCHIE
2084 1020 2146 1062 Bt

2251 1021 2320 1064 ΓΔ
2378 1022 2461 1063 DE
2505 1022 2610 1076 HS,
2657 1021 2764 1074 QUI
2834 1022 3306 1079 INBBBIANTUR,
3351 1025 3547 1080 DEQUE
3584 1029 3651 1074 118
3701 1031 3776 1086 σω

681 1096 1030 1138 (ΞΟΜΜΕΔΝΤ
1059 1097 1142 1138 ΔΙ)
1183 1096 1502 1140 CAUPONAS
1528 1125 1546 1154 ,
1594 1097 1831 1150 QUIQUE
1885 1099 2146 1142 CHOBEM

2251 1101 2472 1143 FUCUNT
2515 1103 2632 1143 PER
2677 1103 3025 1147 CIVITATEM
3071 1107 3086 1145 ε

3137 1105 3473 1149 PRAETEREA
3511 1108 3656 1161 QUOD
3689 1112 3776 1155 NON

678 1175 1007 1217 OPORTEAT
1049 1175 1522 1219 PBECEPTOBEM
1565 1177 1931 1220 DESPERABB
1975 1180 2058 1220 DE
2102 1179 2471 1236 DISCIPULIS,
2505 1182 2761 1224 ETIAMSI
2806 1183 2868 1225 IN
2900 1183 3185 1228 Ριιιεδιῑηε
3222 1184 3343 1228 NON
3369 1185 3774 1234 OBTEMPBRBNT:

681 1254 1011 1297 POSTREMO
1055 1255 1136 1296 DE
1180 1254 1420 1298 LAZARO
1462 1256 1745 1300 MENDlCO
1813 1259 1890 1300 AC
1933 1258 2015 1300 DE
2059 1258 2298 1301 DIVITE.

1115 1585 1300 1628 cuncto
1338 1589 1494 1628 rantis
1528 1581 1572 1646 (τι
1588 1574 1629 1639 ).

646 1665 695 1719 Ι.
741 1664 1054 1720 llcsternum
1082 1666 1244 1733 diem,
1272 1681 1392 1721 cum
1423 1676 1567 1722 esset
1596 1668 1784 1721 festum
1813 1666 2042 1732 Satanae,
2076 1664 2152 1721 fe-

571 1759 718 1812 cistis
750 1759 940 1814 festum
973 1760 1202 1829 Spiritus
1225 1802 1241 1827 ,
1278 1760 1398 1829 quia
1431 1759 1598 1815 multo
1624 1774 1744 1814 cum
1785 1759 1946 1814 animi
1975 1757 2152 1814 studio

573 1850 846 1918 recepistis
888 1865 972 1916 ea,
1015 1867 1133 1921 quae
1163 1867 1193 1906 a
1219 1852 1372 1906 nobis
1397 1851 1730 1920 dicebantur,
1760 1851 2152 1921 maximamque

571 1942 676 1996 diei
705 1951 905 2012 partem
936 1944 985 1996 in
1009 1958 1072 1999 eo
1097 1943 1520 2014 consumpsistis,
1540 1944 1671 1999 ebrii
1690 1943 1996 2000 temulentia
2018 1959 2153 2014 qua.

571 2034 696 2085 dam
737 2033 1043 2087 sobrietatis
1071 2034 1224 2102 plena
1249 2075 1264 2100 ,
1293 2049 1520 2105 cumque
1551 2033 1715 2090 Paulo
1739 2034 1996 2090 ducentes
2023 2035 2152 2089 ebo-

570 2137 709 2176 reas.
738 2123 850 2190 Qua
876 2123 1088 2193 quidem
1117 2139 1182 2179 ex
1219 2139 1278 2179 re
1304 2125 1453 2181 vobis
1489 2127 1754 2196 geminum
1795 2128 2024 2182 accrevit
2065 2127 2152 2182 lu-

571 2227 742 2280 crum,
771 2213 998 2283 primum
1027 2215 1165 2285 quod
1193 2215 1259 2270 ab
1286 2216 1532 2272 indecora
1559 2217 1967 2274 temulentorum
1993 2219 2152 2273 salta-

573 2307 715 2360 tione
747 2305 1074 2361 abstinuistis
1097 2349 1111 2372 ,
1159 2307 1352 2363 deinde
1386 2311 1524 2379 quod
1565 2309 1890 2380 spiritalibus
1917 2311 2152 2367 saltastis

570 2397 832 2466 tripudiis,
856 2398 1044 2468 quibus
1064 2399 1348 2469 plurimum
1365 2401 1516 2456 adest
1536 2401 1746 2457 decoris
1761 2418 1824 2458 ac
1849 2404 2146 2460 modestiae.

571 2491 649 2545 Ad
682 2489 795 2544 hmc
821 2491 962 2560 quod
992 2492 1212 2547 crateris
1239 2493 1523 2564 participes
1561 2494 1736 2550 fuistis
1759 2537 1774 2561 ,
1814 2512 1920 2551 non
1960 2511 2110 2552 mero
2131 2538 2146 2563 ,

570 2581 666 2642 sed
707 2583 928 2652 spiritali
973 2583 1214 2639 doctrina
1259 2585 1644 2654 redundantis;
1690 2597 1848 2658 atque
1887 2590 1985 2659 ipsi
2021 2589 2150 2644 tibia

1637 2696 1651 2733 :
1693 2693 1918 2750 cumque
1967 2681 2148 2735 cteteri

569 2765 764 2818 choros
800 2765 1052 2820 ducerent
1095 2766 1309 2822 diabolo
1334 2809 1350 2834 ,
1394 2784 1492 2822 vos
1529 2784 1593 2824 eo
1618 2770 1758 2839 quod
1801 2769 1902 2826 hoc
1935 2770 1988 2825 in
2031 2771 2150 2826 loco

568 2855 940 2924 versabamini,
966 2857 1262 2926 prrebuistis
1281 2875 1374 2914 vos
1402 2860 1543 2930 ipsos
1563 2875 1758 2931 organa
1785 2877 2018 2933 vasaque
2043 2863 2151 2933 spi-

567 2949 762 3015 ritalia,
793 2949 1210 3020 exhibuistisque
1241 2953 1443 3008 animas
1473 2962 1676 3008 vestras
1707 2969 1804 3010 ceu
1833 2956 2034 3011 musica
2067 2956 2148 3010 iu-

566 3051 882 3109 strumenta,
913 3059 1032 3114 qua:
1055 3042 1284 3115 Spiritus
1307 3056 1519 3102 sanctus
1547 3047 1801 3117 pulsaret,
1827 3058 1882 3104 et
1907 3051 1958 3104 in
1985 3049 2147 3104 corda

567 3143 739 3188 vestra
785 3135 1007 3206 gratiam
1053 3152 1203 3192 suam
1259 3137 1562 3209 inspiraret.
1617 3140 1768 3196 Unde
1819 3141 2148 3196 modulatum

564 3233 877 3280 concentum
900 3227 1221 3292 reddidistis,
1250 3245 1357 3284 non
1383 3231 1552 3285 solum
1580 3229 1821 3286 homines
1842 3232 2148 3288 demulcen-

565 3325 694 3382 teni,
726 3335 908 3373 verum
935 3321 1092 3375 etiam
1123 3337 1380 3392 supernas
1409 3325 1629 3377 virtutes
1665 3324 2036 3379 delectantem.

640 3408 770 3462 Muli
799 3427 896 3463 non
923 3412 1228 3479 infamandi,
1257 3414 1345 3468 sed
1361 3415 1862 3486 corrigendi.—Age
1884 3417 2062 3486 itaque
2088 3424 2145 3472 et

569 3500 726 3554 hodie
778 3501 1038 3556 adversus
1089 3503 1400 3558 ebrietatem
1453 3520 1725 3559 armemus
1755 3507 2022 3576 linguam,
2067 3509 2144 3564 is—

567 3603 780 3662 tamque
805 3593 962 3648 vitam
987 3594 1249 3650 madidam
1280 3610 1344 3651 ac
1372 3597 1680 3651 dissolutam
1708 3608 2104 3666 prosternanius
2127 3618 2142 3654 :

565 3685 931 3754 vituperemus
970 3687 1101 3742 istos
1127 3691 1214 3758 qui
1243 3689 1294 3743 in
1339 3704 1402 3744 ea
1436 3690 1560 3744 totis
1586 3689 1775 3745 diebus
1827 3701 2140 3759 versantur,

568 3791 673 3828 non
703 3783 759 3829 ut
785 3777 904 3831 illos
933 3777 1331 3847 pudefaciamus
1352 3822 1367 3847 ,
1395 3781 1486 3835 sed
1519 3790 1575 3834 ut
1616 3796 1711 3836 eos
1757 3781 1826 3835 ab
1855 3783 2143 3853 ignominia

563 3868 882 3923 liberemus:
915 3885 1020 3923 non
1050 3880 1108 3924 ut
1137 3873 1252 3925 illos
1276 3874 1480 3941 probris
1504 3873 1818 3942 afficiamus,
1852 3877 1946 3931 sed
1973 3886 2030 3932 ut
2051 3891 2144 3932 eos

563 3960 892 4028 corrigamus
926 3978 940 4016 :
967 3977 1072 4016 non
1105 3974 1162 4017 ut
1187 3964 1306 4018 illos
1337 3966 1676 4021 traducamus
1696 4007 1711 4033 ,
1743 3969 1836 4022 sed
1881 3978 1938 4024 ut
1966 3971 2031 4025 ab
2057 3971 2140 4027 in-

562 4051 685 4105 lanii
719 4053 1054 4109 traductione
1078 4096 1094 4121 ,
1144 4065 1199 4112 ct
1239 4072 1267 4111 a
1293 4058 1489 4114 diaboli
1539 4060 1785 4115 manibus
1828 4063 2138 4132 eripiamus.

558 4144 808 4214 Quisquis
835 4149 975 4199 enim
1006 4146 1057 4200 in
1091 4149 1396 4204 temulentia
1429 4160 1569 4206 totos
1600 4153 1709 4221 agit
1734 4153 1878 4220 dies,
1901 4156 2142 4225 quisquis

557 4235 609 4288 in
641 4235 844 4291 deliciis
872 4245 925 4292 et
951 4237 1363 4309 ingurgitatioue
1386 4283 1400 4308 ,
1429 4242 1529 4297 sub
1554 4243 1748 4299 diaboli
1800 4248 2138 4317 tyrannidem

557 4327 807 4382 redactus
851 4339 954 4384 est.
987 4331 1161 4399 Atque
1189 4333 1390 4387 utinam
1415 4336 1588 4389 oratio
1638 4347 1820 4393 nostra
1869 4339 2139 4408 profectus

553 4420 749 4489 aliquid
776 4420 982 4476 afferat.
1013 4423 1164 4490 Quod
1193 4425 1236 4479 si
1265 4435 1381 4495 post
1423 4437 1661 4483 nostram
1702 4431 1861 4485 etiam
1896 4432 2139 4488 admoui-

554 4512 752 4566 tionem
777 4512 828 4565 iu
855 4514 1040 4568 iisdem
1064 4517 1202 4572 vitiis
1226 4523 1699 4589 perseveraverint,
1729 4539 1797 4578 ne
1822 4524 1900 4578 sic
1921 4525 2134 4595 quidem

554 4617 652 4655 nos
699 4601 1022 4659 desistcmus
1071 4605 1178 4660 illis
1223 4609 1364 4677 quod
1432 4621 1634 4665 rectum
1689 4623 1770 4667 est
1816 4618 2131 4684 ennsuIere;

551 4693 980 4763 quandoquidem
1004 4706 1056 4750 et
1081 4711 1336 4767 aquarum
1369 4715 1550 4769 vente,
1582 4703 1789 4758 etiamsi
1835 4707 2013 4762 nullus
2039 4724 2134 4763 ve-

552 4783 662 4836 niat
689 4793 939 4854 aquatum
965 4827 980 4854 ,
1027 4799 1246 4843 manant
1296 4800 1472 4846 tamen
1505 4810 1518 4846 :
1551 4804 1604 4848 et
1641 4793 1846 4862 fontes,
1892 4800 2134 4867 quamvis

556 4873 765 4929 hauriat
789 4891 946 4930 nemo
967 4919 984 4943 ,
1014 4886 1192 4934 tamen
1224 4882 1492 4936 scatebras
1519 4880 1767 4939 emittunt
1793 4905 1807 4941 :
1837 4896 1892 4942 et
1911 4903 2094 4944 amnes
2114 4933 2129 4957 ,

547 4967 753 5020 etiamsi
773 4982 929 5022 nemo
951 4969 1114 5036 bibat,
1138 4970 1301 5023 nihilo
1328 4972 1500 5027 secius
1524 4975 1711 5028 fluunt:
1739 4977 1814 5031 sic
1843 4989 2047 5047 oportet
2078 4991 2133 5035 et

547 5055 695 5109 illum
719 5057 808 5127 qui
829 5060 1202 5128 concionatur,
1231 5065 1468 5130 quamvis
1499 5065 1676 5120 nullus
1713 5071 2012 5138 auscultet,
2048 5082 2129 5127 ta-

549 5164 671 5202 men
697 5161 952 5218 praestare
977 5154 1230 5225 quidquid
1261 5156 1312 5210 in
1343 5156 1458 5224 ipso
1484 5159 1642 5212 situm
1669 5169 1770 5214 est.

626 5238 772 5293 Verbi
791 5243 1014 5299 minister
1027 5263 1298 5318 numquam
1317 5263 1512 5303 cessare
1530 5251 1670 5304 debet
1687 5254 1748 5306 ab
1761 5254 1938 5324 oﬁicio.
1964 5256 2128 5311 ——-Si-

543 5335 756 5404 quidem
804 5335 925 5391 haec
954 5340 1039 5394 lex
1079 5341 1232 5395 nobis
1255 5381 1272 5408 ,
1301 5342 1390 5411 qui
1419 5343 1557 5398 sacri
1601 5347 1865 5401 sermonis
1902 5348 2129 5403 admini-

542 5428 857 5483 strationem
888 5432 1238 5501 suscepimus,
1264 5450 1291 5488 a
1314 5435 1542 5506 benigno
1564 5441 1869 5508 przescripta
1888 5450 1970 5495 est
1990 5441 2122 5508 Deo,
2161 5489 2166 5492 .

543 5533 612 5573 ne
638 5535 888 5588 umquam
918 5522 1058 5592 quod
1089 5525 1300 5593 quidem
1330 5527 1381 5580 in
1413 5529 1565 5584 nobis
1595 5528 1753 5584 fuerit
1775 5531 1948 5586 facere
1972 5532 2124 5586 defa-
2159 5579 2163 5584 .

543 5610 930 5679 tigemurznec
979 5616 1089 5669 ullo
1145 5625 1384 5687 tempore
1434 5621 1724 5690 sileamus,
1772 5623 1884 5678 sive
1910 5625 1980 5677 sit
2029 5625 2118 5694 qui

601 5731 677 5806 ξς)
697 5732 1007 5806 collatarcttm
1028 5741 1309 5806 Msthegiis
1329 5741 1628 5806 l8l9.71832,
1657 5743 1794 5805 1952,
1822 5745 1960 5806 1060,
1985 5746 2123 5806 1963,

541 5792 678 5855 1967,
707 5794 989 5847 uolbertiuis
1017 5812 1130 5848 vero
1161 5792 1230 5858 i9,
1257 5803 1367 5858 ωι,
1399 5805 1533 5853 1050.

2265 1571 2569 1635 auscultet,
2599 1566 2714 1627 sive
2746 1567 2820 1626 sit
2851 1569 2944 1642 qui
2982 1582 3356 1647 prmtercurrat
3396 1574 3641 1645 negligens
3663 1578 3760 1644 qud

2262 1664 2476 1720 dicitur.
2507 1663 2637 1718 Nam
2669 1671 2724 1720 et
2754 1649 3048 1733 Jcrcmias,
3081 1681 3201 1720 cum
3246 1664 3439 1720 Juduais
3467 1666 3612 1720 multa
3649 1666 3762 1719 mim-

2261 1767 2380 1814 tans
2402 1799 2417 1826 ,
2446 1758 2688 1829 malaque
2732 1759 3061 1814 imminentia
3090 1758 3380 1828 prmdicens
3401 1799 3415 1825 ,
3457 1758 3522 1813 ab
3558 1759 3762 1814 audienti-

2262 1851 2361 1906 bus
2383 1849 2806 1906 subsannaretur
2826 1891 2843 1918 ,
2890 1859 3106 1921 totoque
3135 1851 3221 1906 die
3247 1849 3500 1906 rideretur
3518 1892 3534 1918 ,
3561 1851 3765 1922 cogitabat

2261 1944 2329 1998 ab
2359 1944 2448 1998 illa
2479 1944 2757 2014 prophetia
2803 1944 3063 1999 desistere
3083 1984 3099 2011 ,
3147 1944 3396 1998 nimirum
3423 1943 3632 1997 humano
3669 1957 3763 2012 quin

2260 2033 2382 2090 dam
2409 2034 2599 2089 affectu
2632 2035 2804 2090 victus
2828 2075 2842 2100 ,
2896 2043 3090 2089 sannas
3119 2033 3240 2089 illas
3283 2041 3336 2089 et
3379 2034 3593 2088 convicia
3617 2036 3762 2104 perpeti

2261 2140 2367 2180 non
2396 2126 2576 2180 valens
2601 2169 2614 2190 ,
2641 2127 2817 2196 aitque
2849 2143 2863 2179 :
2896 2124 3086 2179 Factus
3114 2141 3230 2178 sum
3268 2125 3503 2180 ridiculus
3542 2129 3631 2178 toto
3673 2125 3755 2189 die,

2261 2216 2370 2270 dixi
2403 2229 2543 2271 :non
2569 2217 2746 2287 loquar
2769 2257 2784 2282 ,
2814 2232 2970 2286 neque
3000 2215 3268 2270 nominabo
3312 2231 3483 2270 nomen
3517 2213 3712 2278 Domini,
3735 2222 3764 2266 et

2263 2309 2432 2380 factus
2452 2319 2523 2364 est
2563 2310 2618 2364 in
2662 2326 2741 2363 me
2765 2309 2898 2363 velut
2943 2308 3076 2379 ignis
3097 2307 3291 2363 ardens
3313 2349 3328 2374 ,
3375 2317 3513 2379 atque
3533 2317 3712 2361 mtuant
3731 2307 3763 2357 in

2263 2400 2457 2456 ossibus
2501 2401 2624 2454 meis
2671 2416 2690 2455 :
2741 2399 2987 2453 dissolvor
3035 2399 3262 2469 undique
3311 2415 3400 2454 nec
3453 2414 3632 2470 possunt
3675 2396 3766 2466 fari

2259 2491 2394 2564 (Jer.
2421 2491 2514 2548 ΞΟ.
2529 2492 2580 2548 7.
2605 2490 2679 2561 9).
2699 2491 2850 2559 Quod
2877 2500 3052 2547 autem
3075 2491 3227 2556 dicit,
3247 2491 3388 2546 hunc
3404 2491 3550 2547 habet
3572 2503 3764 2544 sensum:

2261 2585 2530 2648 volebam,
2571 2583 2774 2654 inquit,
2821 2599 2851 2638 a
2882 2583 3232 2653 prmdictione
3277 2582 3539 2647 desistere,
3580 2587 3763 2650 prapter-

2260 2689 2321 2730 ea
2339 2674 2478 2745 quod
2495 2688 2598 2729 non
2625 2673 2990 2729 auscultabant
3006 2673 3172 2729 Judaei
3191 2692 3206 2727 :
3224 2682 3277 2730 et
3300 2673 3449 2729 simul
3463 2681 3600 2742 atque
3613 2671 3691 2725 hoc
3700 2683 3764 2723 eo-

2258 2767 2509 2838 gitassem
2533 2805 2550 2832 ,
2584 2766 2737 2821 irruit
2765 2767 2816 2822 in
2849 2767 3081 2820 animam
3109 2781 3286 2822 meam
3311 2765 3518 2836 spiritus
3540 2765 3608 2819 vis
3626 2804 3639 2830 ,
3660 2759 3764 2814 velut

2261 2860 2398 2929 ignis
2423 2899 2440 2927 ,
2469 2859 2750 2930 omniaque
2798 2858 2981 2914 intima
3008 2873 3125 2914 mea
3173 2857 3476 2923 succendit,
3519 2865 3765 2912 consumens

2260 2950 2475 3020 insuper
2495 2991 2510 3015 ,
2543 2958 2598 3006 et
2624 2949 2862 3005 exedens
2882 2963 3003 3004 ossa
3034 2963 3174 3015 mea,
3199 2949 3334 3005 adeo
3363 2957 3418 3004 ut
3445 2946 3696 3003 incendium
3717 2941 3764 2994 il-

2259 3041 2348 3096 lud
2377 3041 2514 3096 ferre
2536 3055 2640 3096 non
2668 3054 2902 3110 possem.
2925 3037 3078 3109 Quod
3118 3041 3162 3096 si
3195 3039 3448 3111 propheta
3475 3039 3556 3110 qui
3588 3032 3763 3106 quotidie

2258 3133 2490 3188 ludibrio
2517 3133 2836 3199 habebatur,
2879 3132 3114 3204 quotidie
3153 3133 3410 3188 conviciis
3440 3129 3761 3188 incessebatur.

2259 3225 2338 3279 sic
2383 3224 2733 3280 discruciatus
2775 3233 2888 3291 est,
2937 3240 3004 3280 eo
3031 3225 3170 3296 quod
3209 3232 3461 3280 statuerat
3501 3222 3761 3287 silerent":

2256 3315 2468 3371 tandem
2497 3332 2596 3372 nos
2616 3317 2766 3372 venia
2787 3317 2928 3387 digni
2950 3316 3308 3382 censebimur,
3325 3317 3367 3372 si
3387 3315 3471 3386 qui
3493 3312 3686 3369 nondum
3707 3316 3759 3361 ta-

2257 3407 2308 3464 le
2335 3394 2622 3479 quidquam'
2659 3410 2895 3479 perpessi
2925 3425 3110 3464 sumus
3136 3450 3150 3474 ,
3191 3417 3370 3464 tamen
3397 3409 3463 3463 ob
3486 3401 3757 3477 quorumdam

2257 3499 2631 3571 negligentiam
2670 3499 2984 3569 dejiciamus
3025 3500 3264 3554 animum
3289 3540 3305 3566 ,
3344 3509 3396 3554 et
3435 3497 3499 3552 ab
3534 3489 3757 3551 exhibenda

2258 3590 2365 3645 illis
2396 3590 2639 3646 doctrina
2664 3604 2938 3646 cessemus
2956 3632 2972 3659 ,
2997 3591 3231 3646 maxime
3255 3605 3383 3647 vero
3401 3604 3514 3646 cum
3541 3597 3632 3641 tam
3654 3580 3756 3639 mulli

2257 3684 2363 3739 sint
2390 3726 2406 3753 ,
2439 3684 2530 3754 qui
2559 3698 2620 3740 se
2648 3683 2887 3754 praibent
2914 3683 3192 3738 attentos?

2323 3775 2378 3830 2.
2408 3775 2523 3830 Non
2554 3775 2668 3830 lucc
2713 3775 2902 3846 loquor
2952 3775 3056 3831 mei
3090 3775 3400 3830 consolandi
3446 3766 3758 3834 deliniendique

2251 3869 2440 3940 gratia.
2469 3869 2600 3925 Nam
2629 3883 2749 3924 meo
2777 3869 2990 3939 quidem
3022 3869 3186 3938 ipsius
3223 3871 3401 3924 animo
3430 3863 3666 3938 persuasi,
3686 3871 3759 3927 quo

2251 3961 2632 4031 adspiravcro,
2669 3968 2726 4016 et
2763 3959 2937 4016 donec
2977 3962 3202 4015 Domino
3247 3963 3413 4016 visum
3451 3957 3594 4014 fuerit
3616 3966 3692 4008 nos
3722 3949 3756 4000 in

2252 4053 2504 4121 praesenti
2557 4052 2661 4106 vita
2691 4051 2929 4117 versari,
2959 4051 3060 4105 hoc
3101 4051 3326 4121 implere
3357 4047 3698 4105 ministerium.
3721 4045 3758 4091 el

2248 4145 2362 4199 sive
2387 4144 2506 4214 quis
2531 4143 2771 4199 attendat
2788 4185 2804 4210 ,
2847 4143 2959 4199 sive
2981 4158 3084 4197 non
3121 4143 3362 4198 attendat
3379 4182 3396 4210 ,
3424 4141 3584 4195 facere
3607 4148 3655 4190 ea
3675 4142 3756 4228 qua?

2248 4236 2649 4308 prtecipiuntur.
2696 4235 2893 4291 Verum
2937 4235 3187 4304 quoniam
3239 4244 3363 4290 sunt
3412 4228 3653 4291 nonnulli,
3692 4233 3752 4288 (11η

2247 4331 2538 4384 multorum
2585 4343 2776 4384 manus
2820 4329 3153 4396 dissolvunt,
3195 4344 3368 4399 neque
3411 4321 3622 4382 contenti
3654 4310 3782 4387 quoii

2245 4421 2347 4490 ipsi
2379 4421 2510 4475 nihil
2550 4421 2794 4475 utilitatis
2823 4420 3054 4475 afferunt
3080 4421 3203 4475 vita:
3233 4429 3430 4476 nostra:
3450 4459 3464 4483 ,
3502 4415 3639 4470 etiam
3664 4405 3754 4462 alio-

2243 4530 2363 4570 rum
2393 4513 2626 4569 studium
2661 4529 2723 4568 ac
2750 4513 3013 4569 fervorem
3040 4513 3348 4584 refrigerant
3374 4510 3547 4567 sannis
3570 4520 3622 4560 ac
3637 4501 3752 4556 dicte-

2243 4606 2338 4661 riis
2363 4646 2378 4672 ,
2409 4606 2536 4661 dum
2563 4606 2709 4660 aiunt
2735 4622 2748 4658 :
2773 4605 2958 4661 desine
2982 4607 3117 4661 bene
3145 4605 3424 4660 consulere
3441 4645 3456 4670 ,
3478 4599 3649 4655 desiste
3669 4601 3748 4645 m0-

2243 4712 2407 4763 nere,
2439 4697 2626 4752 nolunt
2674 4698 2767 4752 tibi
2810 4699 3148 4762 auscultarc;
3198 4713 3268 4752 ne
3296 4696 3417 4768 quid
3464 4693 3528 4749 sit
3565 4686 3642 4744 tibi
3669 4693 3750 4737 cui"

2242 4789 2351 4844 illis
2377 4791 2722 4846 commercii:
2763 4791 3014 4860 quoniam
3043 4805 3170 4860 ergo
3197 4799 3324 4844 sunt
3365 4786 3565 4858 quidam
3605 4781 3682 4834 ista
3703 4774 3752 4824 Ιο-

2244 4890 2473 4951 quentes
2496 4922 2511 4946 ,
2537 4881 2883 4936 inhumanam
2929 4880 3067 4936 hanc
3112 4879 3428 4935 sententiam
3451 4917 3466 4943 ,
3499 4871 3753 4932 insidiasque

2239 4971 2529 5028 diabolicas
2558 4979 2812 5026 excutere
2857 4972 3046 5026 volens
3070 4986 3101 5025 e
3132 4971 3412 5024 multorum
3447 4964 3642 5025 animis,
3669 4953 3752 5024 plu-

2237 5065 2385 5120 ribus
2411 5063 2512 5118 hac
2538 5064 2606 5118 de
2633 5079 2692 5118 re
2719 5064 2946 5119 dissero.
2975 5065 3247 5135 Siquidem
3267 5073 3321 5118 et
3339 5060 3448 5116 beri
3475 5057 3584 5113 novi
3609 5047 3752 5106 multos

2238 5155 2326 5225 qui
2381 5155 2503 5209 talia
2550 5155 2711 5209 verba
2763 5155 3112 5224 protulerint,
3160 5155 3250 5225 qui
3288 5170 3408 5210 cum
3446 5141 3752 5215 conspicerent

2237 5249 2445 5318 aliquos
2471 5248 2522 5302 in
2553 5263 2792 5318 caupona
2819 5247 3102 5304 detrivisse
3127 5256 3364 5318 tempus,
3408 5258 3520 5299 cum
3544 5239 3636 5293 risu
3662 5242 3751 5284 san-

2237 5343 2424 5410 nisque
2445 5328 2693 5396 dicebaul
2723 5359 2737 5395 :
2770 5343 2978 5397 scilicet
3003 5342 3224 5396 omnino
3265 5336 3494 5409 persuasi
3522 5337 3660 5391 sunt;
3685 5333 3751 5374 "9‘

2236 5452 2326 5491 mo
2341 5452 2562 5507 prorsus
2587 5452 2880 5507 cauponam
2898 5439 3164 5509 ingressus
3181 5446 3281 5502 est;
3305 5446 3484 5490 omnes
3501 5425 3640 5484 sobrii
3661 5420 3750 5472 sunt

2235 5528 2452 5585 redditi.
2921 5531 2929 5538 ”
3614 5601 3627 5606 _
3687 5595 3696 5606 ο

2316 5619 2532 5674 Verbum
2561 5636 2756 5691 semper
2799 5621 2851 5674 in
2899 5621 3071 5692 aliqua
3119 5619 3408 5691 fructi/ient.
3430 5601 3629 5676 -—Quid
3660 5601 3748 5692 αξξ.

2237 5709 2444 5764 homo?
2478 5711 2734 5765 Videlicet
2785 5713 2919 5766 istuc
2946 5713 3165 5781 polliciti
3211 5725 3392 5767 sumus
3417 5748 3433 5773 ,
3464 5717 3551 5758 nos
3576 5706 3661 5750 uno
3687 5685 3750 5738 the

2235 5816 2423 5859 omnes
2449 5803 2565 5860 illos
2592 5804 2690 5860 reti
2719 5805 3004 5877 capturos?
3045 5804 3178 5862 Nam
3203 5804 3244 5860 si
3271 5800 3452 5857 decem
3494 5781 3628 5850 modo
3661 5785 3739 5852 Pe"
