3958 6432
263 321 386 378 οῦδ

265 433 426 489 suasi
486 431 784 500 ftterint,psi
833 441 1068 502 quinque
1110 443 1345 495 tantum,
1387 435 1429 485 si
1481 449 1660 499 unus;
1694 449 1869 489 nonne

274 526 442 580 nobis
473 523 576 578 hoc
604 522 803 578 sufficit
828 523 894 577 ad
922 524 1386 578 consolationem?
1409 525 1520 594 Ego
1551 540 1674 579 vero
1695 525 1868 580 dicam

271 617 537 688 quiddam
566 617 667 670 hoc
693 616 852 670 etiam
880 614 1271 670 vehementius.
1304 615 1446 670 Pone
1474 617 1739 672 neminem
1765 632 1864 670 no-

272 707 409 762 stris
425 705 580 759 dictis
597 703 760 759 fuisse
789 719 1128 774 persuasum;
1148 720 1463 774 quamquam
1495 706 1544 758 id
1569 705 1682 761 ﬁeri
1710 723 1866 760 num-

273 812 444 865 quam
466 803 662 866 potest,
680 795 924 849 nimirum
941 803 999 848 ut
1011 809 1189 849 sermo
1203 795 1252 847 in
1272 804 1375 848 tam
1396 795 1586 851 multas
1603 811 1758 850 aures
1770 796 1872 850 dis-

275 887 575 942 Setniuatus
599 894 749 941 vacet
769 885 912 940 omni
936 886 1105 941 fructu
1131 903 1143 939 :
1173 896 1536 942 verumtamen
1571 901 1709 957 pone
1735 889 1869 942 istuc

271 993 404 1033 esse
427 1016 445 1044 ,
472 992 540 1032 ne
562 977 642 1032 sic
682 976 896 1046 quidem
925 976 1079 1033 nobis
1122 976 1254 1032 nihil
1291 975 1493 1031 adferet
1521 977 1651 1032 lucri
1692 992 1870 1033 sermo

277 1077 492 1122 ιιυδῑθτα

359 1157 564 1212 Gradus
587 1157 657 1210 ad
683 1158 915 1211 virtutem
941 1167 1012 1212 est
1030 1158 1194 1211 minus
1218 1157 1534 1228 impudenter
1559 1174 1782 1228 peccare.
1800 1184 1872 1200 -ο

278 1249 420 1303 Nam
450 1248 661 1303 etiamsi
694 1249 934 1302 nonnulli
985 1249 1206 1319 ingressi
1238 1260 1361 1304 sunt
1399 1264 1728 1317 cauponam,
1763 1264 1866 1302 non

278 1352 464 1396 tamen
495 1355 615 1395 cum
641 1340 757 1411 pari
785 1356 886 1409 qua
911 1341 1086 1396 solent
1114 1342 1441 1410 impudentia
1468 1353 1593 1395 sunt
1623 1341 1866 1412 ingressi,

275 1431 378 1486 sed
407 1431 474 1486 ad
519 1432 686 1501 ipsam
731 1433 892 1486 etiam
923 1447 1160 1487 mensam
1190 1433 1380 1487 crebro
1421 1445 1722 1486 nostrorum
1753 1449 1870 1487 ver-

285 1526 478 1580 borum
503 1523 761 1579 recordati
793 1533 937 1591 sunt,
970 1525 1130 1578 subiit
1156 1525 1258 1579 illis
1289 1534 1468 1579 nostra
1497 1523 1863 1594 reprehensio,

287 1616 443 1671 rediit
470 1615 520 1670 in
549 1615 861 1668 memoriam
887 1624 1066 1668 nostra
1088 1616 1385 1685 objurgatio
1401 1657 1416 1681 ,
1441 1631 1504 1670 ac
1528 1616 1869 1672 recordantes

286 1707 486 1763 rubore
511 1707 695 1761 suffusi
723 1717 881 1775 sunt,
927 1708 1258 1763 erubuerunt
1302 1710 1460 1763 tacita
1505 1710 1864 1780 cogitatione,

288 1815 389 1854 nec
412 1799 570 1854 simili
599 1799 921 1868 impudentia
951 1799 1189 1854 fecerunt
1215 1816 1276 1854 ea
1307 1817 1424 1872 qua:
1464 1803 1726 1857 solebant.
1757 1802 1870 1857 lloc

286 1903 472 1948 autem
512 1893 717 1947 initium
767 1903 849 1948 est
876 1893 1060 1948 salutis
1089 1894 1409 1965 optimzeque
1432 1895 1772 1960 mutationis,
1822 1897 1867 1950 si

284 1999 450 2053 quem
480 1984 688 2053 penitus
719 1985 801 2038 sui
842 1984 1073 2054 pudeat,
1121 1986 1163 2040 si
1192 1986 1310 2056 quis
1337 2002 1556 2056 prorsus
1597 1986 1735 2042 facta
1775 2004 1868 2042 sua

280 2075 528 2130 damnet.
574 2075 709 2143 Quin
740 2090 804 2130 ex
840 2076 940 2131 hoc
969 2077 1186 2147 insuper
1210 2086 1263 2133 et
1306 2078 1450 2132 aliud
1481 2078 1635 2134 nobis
1661 2079 1868 2135 lucrum

283 2182 399 2221 non
434 2169 610 2221 minus
639 2169 891 2222 nascitur.
926 2166 1204 2235 Quodnam
1248 2169 1391 2223 hoc?
1432 2168 1694 2223 Nimirum
1740 2169 1868 2224 illud

286 2256 438 2326 quod
489 2271 583 2311 eos
630 2259 719 2327 qui
751 2255 1097 2313 sobrietatem
1125 2259 1554 2328 amplectuntur,
1599 2260 1870 2315 reddimus

284 2349 649 2404 modestiores
673 2351 947 2422 magisque
983 2353 1308 2422 compositos
1332 2395 1348 2421 ,
1387 2354 1512 2408 dum
1539 2369 1605 2410 ex
1631 2355 1871 2411 oratione

281 2451 472 2497 nostra
501 2443 834 2511 declaratur,
877 2445 1017 2514 quod
1052 2445 1266 2514 optimis
1305 2447 1566 2502 ducantur
1602 2448 1864 2514 consiliis,

279 2536 380 2606 qui
418 2551 520 2590 non
545 2536 876 2590 abducantur
899 2539 1143 2608 exemplo
1167 2538 1542 2594 multitudinis.
1574 2539 1690 2595 Non
1721 2541 1868 2595 erexi

281 2627 504 2698 quidem
531 2636 851 2698 mgrotantes
876 2671 892 2696 ,
914 2639 1150 2686 attamen
1175 2646 1268 2686 eos
1298 2631 1386 2702 qui
1413 2633 1632 2699 valent,
1662 2633 1868 2687 reddidi

280 2720 592 2785 ﬁrmiores;
623 2735 730 2774 non
772 2720 996 2776 abduxit
1033 2722 1291 2792 quosdam
1335 2738 1364 2776 a
1395 2723 1524 2778 vitio
1557 2738 1736 2779 sermo
1776 2739 1870 2778 n0-

282 2823 403 2866 Slel'
425 2851 438 2874 ,
481 2811 574 2866 sed
607 2821 782 2866 tamen
827 2826 922 2867 eos
948 2813 1036 2882 qui
1087 2827 1208 2868 cum
1240 2813 1434 2868 virtute
1468 2814 1628 2867 vitam
1669 2822 1832 2884 agunt
1853 2855 1868 2878 ,

283 2903 521 2959 reddidit
539 2907 872 2960 attentiorcs.
898 2907 976 2960 Ad
1001 2905 1117 2961 hare
1137 2907 1384 2976 quiddam
1405 2907 1596 2963 addam
1621 2908 1831 2964 tertium
1854 2925 1870 2962 :

287 2994 454 3049 hodie
482 3010 586 3050 non
620 2997 896 3066 persuasi,
921 2998 1014 3052 sed
1041 3013 1159 3052 cras
1185 2998 1410 3054 fortasse
1429 3001 1748 3069 persuadere
1771 3014 1866 3069 po-

286 3098 428 3142 tero.
474 3086 625 3154 Quod
668 3087 714 3142 si
745 3087 922 3142 minus
970 3103 1122 3154 cras,
1173 3098 1407 3144 attamen
1441 3091 1735 3160 perendie,
1782 3098 1873 3145 aut

284 3187 480 3250 quarto
527 3179 594 3233 ab
636 3179 761 3233 hinc
787 3179 875 3234 die
919 3179 1159 3235 fortassis
1199 3195 1540 3249 persuasero.
1571 3185 1674 3249 Qui
1716 3181 1872 3236 hodie

281 3268 432 3339 quod
455 3269 654 3323 audivit
677 3269 902 3338 repulit,
929 3284 1048 3324 cras
1070 3269 1310 3324 fortassis
1331 3270 1508 3325 audiet
1531 3285 1594 3326 ac
1619 3270 1871 3340 recipiet:

283 3369 403 3414 tum
433 3360 521 3430 qui
548 3359 806 3414 hodierno
823 3361 1263 3430 crastinoquedie
1306 3361 1722 3431 contempserit,
1768 3362 1875 3416 for-

284 3451 450 3506 tassis
477 3458 598 3520 post
621 3451 735 3505 dies
779 3452 1081 3520 complures
1111 3453 1370 3522 praebebit
1397 3453 1632 3507 animum
1663 3454 1729 3508 iis
1754 3469 1872 3524 quae

286 3543 560 3598 dicuntur.
592 3542 1030 3613 Quandoquidem
1071 3559 1214 3615 szepe
1254 3545 1489 3615 piscator
1508 3587 1523 3612 ,
1550 3547 1640 3616 qui
1669 3562 1763 3616 per
1792 3557 1872 3601 to-

288 3646 404 3688 tum
423 3634 562 3689 diem
583 3650 802 3689 vacuum
821 3636 1037 3689 attraxit
1062 3644 1174 3691 rete
1195 3677 1210 3703 ,
1236 3637 1335 3691 sub
1360 3648 1571 3693 noctem
1590 3638 1702 3709 jam
1728 3638 1876 3694 abire

286 3740 517 3796 parans,
550 3735 739 3795 capto,
765 3726 853 3796 qui
886 3727 1052 3795 ipsum
1089 3743 1180 3796 per
1209 3737 1374 3782 totum
1410 3728 1670 3785 fefellerat
1699 3731 1870 3798 diem,

289 3819 477 3886 pisce,
506 3816 752 3871 discedit.
782 3817 934 3885 Quod
963 3819 1007 3872 si
1046 3818 1168 3873 ideo
1206 3819 1400 3874 victuri
1420 3832 1612 3874 sumus
1646 3819 1700 3874 in
1727 3821 1872 3886 otio,

286 3919 349 3965 et
375 3907 442 3963 ab
465 3909 712 3964 omnibus
743 3908 1042 3963 actionibus
1068 3909 1333 3966 videbitur
1355 3911 1726 3967 abstinendum
1750 3952 1768 3980 ,
1810 3927 1876 3967 eo

289 4001 438 4072 quod
461 4015 672 4070 semper
710 4003 921 4068 evenit,
959 4011 1014 4057 ut
1060 4003 1252 4059 alicubi
1291 4002 1611 4060 frustremur
1646 4007 1873 4075 optatis,

287 4094 542 4150 universa
591 4094 746 4149 nobis
787 4097 1004 4166 perierit
1033 4098 1138 4149 vita
1172 4113 1188 4149 :
1217 4112 1318 4150 nec
1349 4097 1644 4166 spiritualia
1679 4098 1874 4165 modo,

289 4199 480 4239 verum
508 4186 666 4239 etiam
693 4185 780 4239 illa
810 4201 928 4255 qua:
970 4185 1038 4239 ad
1070 4186 1190 4240 vitae
1219 4187 1498 4256 prtesentis
1537 4201 1690 4241 usum
1718 4188 1880 4256 perti-

290 4287 464 4343 nent,
517 4276 676 4332 simul
719 4277 1020 4333 interierint
1061 4278 1259 4331 omnia.
1304 4278 1512 4333 Etenim
1557 4281 1603 4334 si
1648 4280 1878 4348 agricola

292 4370 560 4440 protinusx
578 4369 645 4422 ab
693 4368 1014 4440 agricultura
1055 4369 1296 4438 resiliat,
1343 4369 1483 4440 quod
1509 4370 1676 4425 semel
1720 4379 1880 4440 atque

295 4464 491 4516 iterum
523 4471 615 4516 aut
638 4463 834 4532 szepius
860 4461 1116 4517 acciderit
1155 4462 1295 4517 aeris
1324 4463 1653 4532 inaequalitas
1673 4503 1688 4529 ,
1731 4463 1878 4518 brevi

294 4550 447 4607 fame
473 4553 767 4622 peribimus
795 4567 1006 4609 omnes.
1054 4553 1185 4608 ltem
1225 4553 1270 4608 si
1298 4554 1581 4609 nauclerus
1608 4554 1679 4609 ob
1712 4555 1878 4608 semel

292 4655 457 4716 atque
496 4645 686 4701 iterum
713 4687 729 4711 ,
763 4655 854 4701 aut
892 4647 1088 4717 saepius
1113 4646 1354 4701 obortam
1395 4655 1761 4716 tempestatem
1795 4645 1880 4701 fu-

289 4736 406 4807 giat
452 4751 638 4804 mare,
682 4735 914 4792 futurum
956 4749 1066 4801 est,
1099 4747 1159 4793 ut
1199 4753 1360 4793 nemo
1388 4741 1613 4793 vehatur
1656 4741 1878 4810 pelago,

289 4837 454 4900 atque
475 4829 598 4885 hinc
637 4845 848 4885 rursum
900 4833 1147 4900 peribunt
1194 4833 1347 4886 nobis
1373 4833 1548 4888 omnia
1578 4835 1703 4888 vita:
1732 4849 1879 4888 cont-

294 4921 476 4976 moda.
527 4922 683 4990 Quod
722 4923 766 4979 si
803 4938 899 4992 per
925 4924 1157 4994 singulas
1197 4937 1339 4982 artes
1389 4943 1734 4996 percurrens,
1784 4926 1882 4983 ista

294 5030 420 5084 quae
465 5031 563 5071 nos
604 5015 779 5072 facere
824 5018 942 5084 vis,
985 5019 1244 5081 suadeas,
1293 5035 1651 5090 moneaSque,
1691 5030 1882 5076 cuncta

293 5105 536 5161 funditus
573 5107 899 5172 interibunt,
948 5117 1194 5179 terraque
1219 5111 1422 5165 carebit
1464 5111 1670 5166 incolis.
1704 5110 1883 5182 Itaque

297 5208 426 5248 cum
453 5195 571 5251 haec
598 5211 790 5251 omnes
834 5198 1042 5265 sciant,
1072 5199 1281 5253 etiamsi
1309 5203 1475 5256 semel
1503 5210 1663 5270 atque
1691 5201 1882 5255 iterum

295 5295 394 5340 aut
441 5289 637 5357 saepius
689 5289 928 5344 frustrati
975 5290 1173 5346 fuerint
1217 5303 1400 5362 optato
1443 5295 1779 5364 negotiorum
1830 5296 1882 5348 in

297 5379 497 5450 quibus
545 5391 830 5437 versantur
866 5384 1015 5438 exitu
1047 5400 1061 5439 :
1094 5384 1273 5439 denuo
1300 5385 1415 5456 pari
1455 5401 1576 5441 cum
1611 5386 1886 5442 alacritate

294 5470 527 5526 redeunt
549 5471 614 5527 ad
639 5473 847 5529 eadem.

386 5559 441 5616 ὅ.
467 5559 599 5630 Quae
621 5578 741 5618 cum
770 5565 924 5620 nobis
944 5566 1102 5620 etiam
1135 5575 1259 5621 nota
1287 5567 1394 5624 sint
1417 5567 1624 5634 omnia,
1653 5567 1888 5622 dilectis-

300 5652 456 5717 simi,
509 5668 577 5708 ne
616 5670 797 5724 quaeso
849 5657 1183 5726 proferamus
1231 5659 1370 5726 ista,
1422 5674 1557 5713 neve
1603 5659 1883 5724 dicamus,

304 5742 432 5811 quid
465 5745 618 5801 nobis
648 5755 728 5801 est
756 5757 831 5802 tot
858 5749 1032 5804 verbis
1062 5749 1229 5819 opus?
1257 5749 1408 5804 Nulla
1453 5764 1516 5802 ex
1545 5749 1645 5804 hoc
1675 5764 1880 5804 sermo-

1522 323 1609 376 DE
1649 319 1923 380 LAZARO
1959 311 2209 379 CONClO
2241 325 2281 378 Ι.

3459 329 3562 383 9ΰ6

1978 451 2046 490 ne
2076 445 2353 506 promanat
2384 438 2600 493 utilitas.
2627 442 2756 492 Nam
2791 448 2841 492 et
2867 439 3116 510 agricola,
3152 439 3236 494 ubi
3281 445 3449 498 semel
3478 453 3566 497 ιιι-ο

1975 541 2080 595 que
2111 527 2302 580 iterum
2351 543 2410 580 ac
2460 529 2654 596 smpius
2701 543 2883 584 semen
2939 545 3066 583 arvo
3114 530 3416 596 commisit,
3454 548 3559 590 nec

1977 617 2115 671 votis
2151 616 2428 686 respondit
2463 630 2750 685 proventus
2773 661 2789 684 ,
2835 634 3020 673 rursus
3060 619 3304 675 eamdem
3346 632 3562 675 exercet

1977 718 2210 778 segetem
2239 723 2411 778 neque
2453 724 2578 763 raro
2605 709 2689 774 fit,
2721 720 2775 762 ut
2807 711 2970 763 totius
3017 710 3272 779 temporis
3297 710 3562 779 jacturam

1977 817 2082 854 uno
2108 801 2302 854 sarciat
2344 815 2506 854 anno.
2537 800 2624 854 Sic
2656 811 2708 854 et
2739 803 3037 871 negotiator
3073 817 3395 871 quamquam
3440 817 3562 857 cre-

1977 891 2076 945 bro
2104 891 2229 945 fecit
2256 891 2634 962 naufragium,
2667 909 2770 946 non
2814 903 2993 947 tamen
3040 894 3270 948 abstinet
3296 909 3326 947 a
3355 903 3512 964 portu
3541 935 3560 962 ,

1974 982 2068 1038 sed
2095 991 2150 1037 et
2193 990 2538 1054 posteaquam
2587 986 2760 1037 navim
2792 984 3062 1050 detraxit,
3112 995 3166 1038 et
3218 994 3403 1038 nautas
3427 997 3561 1038 con-

1974 1073 2163 1140 duxit,
2218 1075 2460 1144 pecuniis
2504 1083 2689 1128 mutuo
2721 1075 2984 1144 acceptis,
3014 1075 3201 1130 eadem
3254 1075 3563 1146 aggreditur

1974 1165 2184 1235 negotia
2203 1207 2216 1232 ,
2249 1165 2405 1236 idque
2432 1181 2551 1220 cum
2580 1165 2747 1220 nihilo
2788 1168 2955 1237 magis
2987 1176 3112 1221 tunc
3137 1169 3267 1222 sciat
3293 1167 3566 1238 quomodo

1974 1270 2248 1311 cessurum
2275 1257 2373 1324 sit,
2409 1273 2565 1328 quam
2605 1259 2798 1312 scierat
2825 1266 3001 1314 antea.
3045 1259 3282 1330 Denique
3320 1261 3561 1330 quicum-

1975 1365 2076 1418 que
2105 1349 2281 1404 solent
2319 1349 2533 1419 aggredi
2558 1363 2669 1404 rem
2699 1365 3086 1420 quamcumque
3107 1391 3119 1415 ,
3150 1352 3218 1405 ita
3241 1350 3416 1406 facere
3441 1367 3560 1406 σοι».

1975 1449 2258 1496 sueverunt
2284 1483 2298 1508 ,
2328 1441 2775 1512 quemadmodum
2824 1441 3023 1497 faciunt
3050 1443 3279 1514 agricola
3310 1459 3374 1499 ac
3396 1459 3560 1513 nego-

1977 1534 2150 1587 tiator.
2178 1533 2243 1587 Et
2280 1543 2398 1603 post
2425 1533 2541 1588 haec
2566 1549 2686 1588 cum
2720 1533 2790 1588 illi
2831 1544 3028 1588 tantam
3060 1535 3346 1590 adhibeant
3378 1550 3558 1590 curam

1975 1625 2319 1694 studiumque
2348 1625 2487 1679 circa
2517 1640 2606 1680 res
2647 1625 2712 1679 ad
2750 1627 3024 1694 praesentis
3056 1642 3208 1680 usum
3239 1627 3360 1681 vitae
3403 1627 3563 1697 perti-

1974 1725 2159 1771 nentes
2179 1757 2194 1781 ,
2225 1716 2347 1770 licet
2369 1716 2542 1770 exitus
2563 1715 2631 1769 sit
2661 1716 2893 1770 incertus
2925 1732 2939 1769 :
2970 1730 3068 1770 nos
3086 1717 3130 1770 si
3158 1717 3434 1788 loquentes
3455 1732 3559 1770 non

1973 1807 2136 1860 auditi
2158 1806 2412 1860 fuerimus
2432 1848 2448 1872 ,
2475 1807 2614 1860 illico
2643 1805 2986 1862 desinemus?
3015 1808 3084 1861 Et
3110 1823 3268 1878 quam
3301 1807 3562 1863 obtinebi-

1977 1913 2094 1952 mus
2123 1897 2373 1952 veniam?
2397 1897 2533 1965 Quid
2554 1898 2910 1952 excusationis
2935 1898 3259 1954 afferemus?
3288 1899 3353 1952 Et
3384 1909 3560 1954 tamen

1976 1989 2080 2043 illis
2104 2028 2120 2054 ,
2152 1988 2195 2042 si
2227 2001 2332 2042 non
2364 1987 2712 2056 successerit,
2745 1987 2917 2042 nullus
2946 1999 3027 2042 est
3070 1989 3158 2058 qui
3189 1988 3441 2043 damnum
3468 2003 3558 2042 ac—

1975 2090 2186 2150 ceptum
2220 2080 2385 2137 leniat
2419 2098 2435 2134 :
2467 2080 2628 2134 veluti
2668 2080 2713 2134 si
2743 2095 2890 2134 mare
2915 2081 3092 2134 navim
3122 2079 3368 2136 ﬂuctibus
3397 2081 3560 2136 obru-

1974 2173 2109 2238 erit,
2142 2185 2301 2226 nemo
2348 2169 2646 2225 medebitur
2689 2170 2882 2240 inopia:
2925 2169 3213 2242 naufragi:
3245 2172 3288 2225 si
3329 2171 3411 2226 vis
3455 2171 3561 2226 im-

1975 2264 2145 2318 brium
2179 2262 2342 2318 eil'usa
2369 2263 2420 2317 in
2449 2277 2633 2317 arvum
2662 2262 2959 2331 praefocarit
2985 2272 3276 2318 sementem
3305 2305 3317 2324 ,
3349 2262 3556 2332 cogitur

1975 2356 2205 2426 agricola
2231 2356 2410 2410 vacuis
2439 2355 2684 2410 manibus
2729 2355 2876 2410 abire
2902 2354 3138 2409 domum.
3165 2353 3357 2408 Nostra
3389 2369 3517 2410 vero
3537 2397 3553 2420 ,

1976 2464 2094 2505 cum
2107 2449 2373 2518 loquimur
2384 2455 2474 2502 aut
2489 2447 2852 2512 exhortamur,
2873 2461 2978 2500 non
2991 2457 3069 2502 est
3087 2445 3275 2501 eadem
3298 2445 3555 2501 conditio.

2049 2539 2284 2593 Ministro
2342 2538 2510 2603 verbi,
2540 2539 2689 2591 etiam
2726 2537 2771 2591 si
2813 2545 2981 2606 pereat
3021 2552 3204 2606 opera,
3243 2552 3343 2589 non
3391 2545 3559 2588 tamen

1977 2632 2126 2702 ρειϋι
2155 2646 2361 2685 merces.
2387 2659 2460 2670 —
2484 2629 2597 2684 lmo
2625 2630 2669 2683 si
2707 2644 2890 2684 semen
2923 2644 3021 2700 per
3050 2639 3101 2684 te
3125 2628 3323 2698 jactum
3355 2628 3564 2682 auditor

1976 2737 2084 2778 non
2125 2721 2419 2791 receperit,
2451 2736 2549 2774 nec
2577 2719 2894 2775 obedientia
2923 2718 3150 2774 fructum
3182 2719 3424 2773 retulerit
3450 2761 3463 2779 ,
3498 2734 3561 2779 tu

1976 2819 2156 2868 tamen
2197 2810 2571 2866 communicati
2613 2809 2820 2864 consilii
2855 2807 3154 2864 mercedem
3192 2807 3300 2863 fers
3341 2825 3372 2862 a
3411 2807 3558 2867 Deo.

1977 2919 2079 2958 nec
2106 2902 2280 2957 minus
2317 2901 2548 2971 accipies
2577 2900 2780 2970 prtemii
2812 2915 2918 2954 non
2957 2899 3186 2966 auditus,
3218 2915 3376 2970 quam
3405 2914 3564 2954 accc--

1977 3003 2166 3062 pturus
2194 3006 2316 3047 eras
2341 3031 2357 3059 ,
2393 2992 2439 3045 si
2467 2991 2559 3045 ille
2596 2991 3033 3059 obtemperasset.
3061 2990 3213 3058 Quod
3245 3003 3358 3046 erat
3386 2991 3438 3044 in
3469 3000 3560 3054 te.

1918 3083 1931 3100 ‘
1976 3083 2270 3155 praestitisti
2300 3100 2314 3136 :
2342 3091 2593 3138 caeterum
2620 3081 2687 3137 ad
2714 3081 2763 3135 id
2782 3123 2798 3148 ,
2829 3091 2885 3135 ut
2914 3077 3327 3151 persuadeamus
3351 3083 3562 3137 audito-

1976 3175 2125 3230 ribus
2143 3217 2158 3241 ,
2186 3189 2291 3228 non
2319 3186 2505 3229 sumus
2529 3172 2800 3238 obstricti,
2827 3172 2920 3227 sed
2949 3180 3152 3227 tantum
3184 3181 3240 3226 ut
3268 3173 3559 3229 admonea-

1979 3281 2115 3322 mus.
2150 3266 2358 3323 Nostrae
2383 3265 2597 3337 quidem
2633 3275 2813 3334 partes
2838 3274 2960 3319 sunt
2985 3266 3272 3320 admonere
3297 3308 3312 3332 ,
3345 3265 3556 3320 illorum

1977 3375 2108 3416 vero
2150 3358 2538 3428 obtemperare.
2573 3356 2642 3410 Et
2678 3356 3122 3426 quemadmodum
3165 3357 3211 3410 si
3246 3371 3345 3412 nos
3373 3357 3564 3412 admo-

1980 3453 2140 3507 nendi
2186 3449 2362 3506 officio
2407 3449 2572 3504 functi
2612 3464 2717 3504 non
2749 3447 3006 3503 fuerimus
3029 3488 3044 3512 ,
3073 3449 3280 3504 etiamsi
3309 3458 3562 3504 sexcenta

1981 3545 2056 3598 illi
2095 3543 2234 3599 bona
2274 3557 2437 3612 opera
2476 3541 2770 3608 ediderint,
2813 3540 2942 3610 ipsis
2986 3539 3113 3595 solis
3147 3541 3442 3610 repositum
3481 3550 3567 3594 est.

1980 3635 2258 3706 prmmium
2284 3676 2298 3699 ,
2329 3634 2396 3688 ad
2426 3648 2522 3688 nos
2550 3632 2679 3688 nihil
2709 3632 2901 3686 redibit
2938 3631 3103 3697 lucri,
3136 3631 3564 3701 quandoquidem

1981 3743 2088 3782 non
2127 3725 2369 3781 dedimus
2404 3723 2682 3779 consilium
2716 3741 2729 3775 :
2758 3725 2830 3777 ita
2871 3723 2914 3776 si
2961 3723 3112 3776 nobis
3155 3721 3566 3776 admonentibus

1981 3819 2058 3875 illi
2104 3832 2208 3873 non
2255 3817 2625 3883 auscultarint,
2667 3815 2736 3870 ad
2779 3815 2924 3885 ipsos
2964 3815 3107 3868 solos
3148 3814 3344 3869 redibit
3388 3815 3566 3869 omnis

1983 3912 2152 3977 ultio,
2198 3909 2351 3964 nobis
2395 3919 2570 3963 autem
2616 3906 2748 3961 nihil
2793 3906 3177 3976 imputabitur,
3222 3906 3349 3977 quin
3391 3905 3567 3974 potius

1980 4001 2197 4071 cepiosa
2229 4013 2434 4055 merces
2461 3998 2614 4054 nobis
2641 3999 2823 4053 veniet
2859 4012 2888 4050 a
2922 3998 3049 4051 Deo.
3097 3995 3368 4065 Siquidem
3409 3995 3566 4064 quid-

1981 4091 2105 4162 quid
2150 4091 2202 4144 in
2253 4091 2407 4145 nobis
2444 4099 2560 4144 erat
2595 4089 2788 4153 situm,
2837 4089 3195 4156 praestitimus.
3238 4086 3381 4140 Nihil
3423 4086 3569 4140 aliud

1978 4185 2261 4253 jubemur,
2289 4197 2446 4252 quam
2482 4180 2622 4250 apud
2661 4180 2955 4236 mensarios
2993 4179 3260 4246 deponere
3285 4177 3566 4247 pecuniam

1983 4273 2194 4345 (Matth.
2219 4272 2312 4326 25.
2337 4271 2452 4342 227),
2480 4272 2621 4340 loqui
2650 4281 2702 4325 et
2729 4271 3028 4324 consulere.
3060 4270 3306 4338 Loquere
3330 4269 3489 4338 igitur
3511 4277 3568 4322 et

1983 4363 2211 4417 admone
2240 4361 2481 4417 fratrem.
2507 4362 2703 4415 Verum
2731 4376 2834 4414 non
2860 4360 3079 4414 audivit.
3102 4359 3182 4414 Tu
3205 4357 3372 4414 nihilo
3395 4358 3573 4413 secius

1987 4455 2153 4510 habes
2191 4464 2428 4524 paratam
2462 4455 2795 4517 mercedem,
2836 4454 2880 4508 si
2921 4469 3025 4507 non
3062 4453 3351 4519 destiteris,
3393 4453 3571 4522 prius-

1983 4560 2141 4614 quam
2165 4545 2508 4615 persuadeas,
2527 4545 2698 4599 donec
2720 4545 2958 4616 spiritum
2985 4543 3266 4599 efﬂaveris.
3291 4543 3571 4599 Terminus

1985 4636 2236 4690 monendi
2272 4637 2340 4691 sit
2366 4635 2669 4691 obedientia
2697 4636 3041 4689 monitionem
3074 4647 3214 4689 tuam
3241 4635 3567 4705 recipientis.

1988 4729 2239 4784 Diabolus
2261 4729 2643 4784 circumcursat
2673 4729 2932 4784 obsistere
2957 4729 3176 4798 cupiens
3205 4738 3406 4782 nostra:
3430 4728 3572 4782 salu-

1991 4819 2064 4883 ti,
2097 4833 2201 4874 non
2225 4818 2397 4874 solum
2427 4819 2540 4888 ipse
2563 4819 2693 4873 nihil
2724 4819 2848 4873 hinc
2873 4819 3004 4873 lucri
3033 4828 3312 4888 reportans
3337 4861 3350 4883 ,
3383 4833 3570 4872 verum

1987 4911 2146 4965 etiam
2172 4924 2266 4964 suo
2285 4909 2460 4964 studio
2478 4911 2786 4980 gravissima
2803 4910 3115 4965 detrimenta
3139 4910 3237 4964 sibi
3259 4911 3571 4964 concilians.

1988 5001 2038 5056 ls
2066 5009 2241 5057 tamen
2268 5017 2434 5071 usque
2457 5001 2594 5057 adeo
2617 5016 2844 5057 vesanus
2869 5012 2971 5070 est,
2996 5013 3050 5057 ut
3079 5002 3384 5070 frequenter
3407 5011 3461 5057 et
3484 5003 3570 5056 illa

1989 5103 2195 5161 tentet,
2225 5109 2343 5164 quae
2373 5093 2486 5148 ﬁeri
2525 5108 2628 5148 non
2658 5101 2881 5163 possunt
2907 5111 2919 5147 :
2947 5109 3048 5148 nec
3087 5093 3205 5146 illos
3232 5093 3406 5148 solum
3436 5093 3572 5148 ado-

1989 5188 2178 5252 riatur,
2210 5199 2345 5254 quos
2369 5185 2588 5238 omnino
2614 5184 2831 5238 conlidit
2855 5199 2914 5238 se
2943 5183 3398 5253 supplantaturum
3422 5183 3574 5252 deje-

1987 5288 2320 5346 cturumque,
2347 5292 2533 5331 verum
2559 5278 2719 5330 etiam
2743 5291 2856 5343 eos,
2880 5291 3013 5346 quos
3040 5275 3310 5345 probabile
3332 5285 3417 5331 est
3439 5275 3572 5329 arti-

1989 5369 2087 5424 bus
2107 5369 2275 5438 ipsius
2298 5367 2408 5422 fore
2426 5369 2745 5438 superiores.
2768 5367 2953 5436 Itaque
2969 5381 3088 5421 cum
3108 5367 3315 5421 audiret
3337 5367 3569 5421 laudari'

1986 5461 2087 5518 Job
2119 5463 2186 5518 ab
2209 5477 2276 5517 eo
2299 5501 2314 5523 ,
2343 5460 2432 5531 qui
2471 5460 2617 5514 novit
2656 5474 2847 5514 arcana
2875 5458 3052 5514 omnia
3076 5499 3093 5526 ,
3122 5454 3368 5512 nimirum
3412 5458 3524 5513 Deo
3545 5498 3564 5526 ,

1931 5542 1934 5545 ’
1969 5552 2233 5626 sperabat
2261 5553 2393 5616 fore,
2423 5561 2481 5606 ut
2506 5567 2626 5606 eum
2652 5551 2966 5605 subvertere
2992 5558 3171 5618 posset
3200 5565 3214 5602 :
3240 5561 3344 5602 nec
3364 5546 3573 5602 destitit

1989 5646 2166 5700 omnia
2193 5659 2409 5699 movere
2433 5644 2732 5713 molirique,
2760 5656 2866 5711 quo
2891 5642 3254 5711 supplantaret
3276 5639 3568 5707 hominem,

2057 5761 2070 5790 ¹
2110 5759 2194 5806 Alii
2218 5766 2342 5820 post,
2369 5756 2594 5815 laudari,
2621 5754 2817 5815 addunt,
2844 5753 3303 5819 admirationcmth
3325 5746 3553 5804 obtinere.
