3958 6404
510 331 623 390 967

517 466 620 504 nec
658 448 970 520 desperavit
1008 453 1249 524 impurus
1290 452 1377 508 ille
1415 468 1479 507 ac
1516 450 1963 508 sceleratissimus
2002 450 2111 504 dir-

518 555 645 595 inon
681 560 695 596 :
727 542 885 613 idque
917 561 1035 599 cuni
1071 545 1211 600 Deus
1249 546 1391 613 justo
1421 544 1494 598 illi
1538 553 1742 598 tantum
1783 543 1989 597 virtutis
2020 560 2117 595 suo

509 632 772 703 S'Jirl‘ﬂgill
804 636 1097 690 tribuisset.
1147 638 1211 692 Et
1252 646 1369 705 post
1408 637 1522 691 ha‘c
1567 651 1673 690 non
1717 635 2114 699 erubescimus,

525 740 698 793 neque
728 727 931 795 pudore
962 727 1337 794 sulfundiinur,
1366 728 1452 782 dic
1481 728 1631 793 mihi,
1658 728 1700 782 si
1727 743 1849 782 cum
1876 727 2118 782 diabolm

523 834 809 889 numquam
836 820 1083 890 desperet
1107 831 1342 876 nostrain
1367 822 1680 892 perniciem,
1702 821 1796 876 sed
1822 820 2120 875 indesinen-

521 919 601 963 ter
621 927 737 964 caui
762 923 1053 982 exspectet,
1080 929 1176 967 nos
1194 913 1414 969 fratrum
1434 914 1662 969 salutem
1684 912 2120 983 desperabimus?

518 1002 580 1054 Ιοίι
618 1012 790 1056 tamen
834 1005 980 1059 illum
1017 1006 1275 1071 decebat,
1320 1006 1482 1061 etiam
1527 1006 1834 1075 priusquam
1870 1017 2121 1074 expertus

521 1105 684 1159 esset,
716 1112 743 1148 e
775 1096 913 1150 lucta
940 1096 1212 1154 abstinere
1242 1116 1257 1154 :
1288 1114 1410 1153 nam
1445 1099 1583 1153 Deus
1609 1107 1724 1152 erat
1751 1098 1839 1168 qui
1871 1098 2116 1151 testiino-

516 1185 659 1240 nium
705 1186 905 1241 ferebat
933 1188 1001 1243 de
1036 1189 1166 1258 justi
1206 1189 1423 1245 virtute.
1468 1188 1580 1244 Nec
1615 1199 1789 1244 tamen
1821 1189 2113 1256 abstinuit,

528 1277 620 1330 sed
646 1294 754 1347 prm
777 1280 941 1333 nimio
966 1280 1166 1349 furore,
1194 1298 1301 1353 quo
1324 1282 1494 1338 fertur
1512 1281 1794 1338 adversum
1818 1298 1937 1351 nos,
1960 1283 2121 1338 etiam

525 1380 644 1440 post
673 1372 762 1427 Dei
796 1374 1158 1430 testiinonium
1185 1377 1436 1446 sperabat
1464 1375 1723 1443 futurum,
1749 1385 1806 1431 ut
1831 1376 1970 1431 illius
1996 1386 2125 1430 mta-

526 1464 596 1517 tis
635 1466 1079 1533 priestantissimo
1119 1466 1234 1521 viro
1260 1468 1505 1536 superior
1542 1467 1814 1523 evaderet.
1858 1466 2121 1522 Czrteruin

490 1576 497 1587 -
524 1556 658 1608 nihil
690 1565 773 1610 est
802 1559 906 1611 tale
932 1600 946 1622 ,
982 1558 1122 1628 quod
1154 1574 1249 1613 nos
1283 1560 1333 1613 in
1364 1559 1797 1629 desperationem
1828 1559 2043 1629 adigat,
2072 1568 2126 1613 et

522 1657 702 1702 tamen
731 1647 1054 1702 desistimus.
1086 1652 1163 1703 Ac
1191 1648 1435 1705 diabolus
1463 1650 1676 1721 quidem
1720 1658 1933 1703 vetante
1966 1649 2076 1703 Deo
2106 1690 2121 1716 ,

521 1754 627 1792 non
656 1738 880 1793 discedit
914 1755 942 1793 a
973 1755 1146 1810 pugni
1179 1740 1460 1794 adversum
1492 1756 1588 1794 nos
1614 1747 1861 1810 suscepta
1897 1756 1910 1793 :
1945 1749 1998 1793 tu
2032 1754 2123 1794 ve-

518 1844 576 1882 ro
600 1845 721 1883 eum
752 1829 889 1885 Dens
918 1831 1133 1887 mandet
1165 1831 1580 1903 cxstimulctque
1602 1831 1666 1885 ad
1695 1832 2125 1887 subveniendum

519 1924 678 1993 lapsis
703 1967 716 1985 ,
751 1925 925 1979 resilis
964 1923 1287 1995 refugisque.
1324 1925 1579 1980 Audierat
1608 1926 1853 1980 diabolus
1885 1926 2111 1996 loquen-

520 2024 623 2070 tem
649 2017 834 2080 Deum,
860 2016 1027 2071 llomo
1040 2020 1232 2089 justus,
1259 2034 1430 2082 verax,
1458 2020 1635 2072 timens
1662 2018 1842 2083 Deum,
1864 2018 2119 2072 abstinens

520 2110 580 2162 ob
608 2110 744 2163 omni
770 2127 919 2178 opere
946 2112 1079 2166 malo
1111 2110 1250 2181 (Job.
1286 2112 1334 2166 l.
1367 2112 1426 2181 8)
1453 2153 1468 2179 ,
1496 2113 1746 2183 quodque
1779 2114 1953 2168 nullus
1978 2124 2118 2168 esset

523 2202 595 2253 illi
624 2200 817 2255 similis
838 2217 900 2255 ex
927 2202 1009 2269 iis,
1035 2204 1123 2272 qui
1150 2211 1273 2256 sunt
1294 2219 1454 2274 super
1477 2212 1701 2267 terram,
1726 2212 1780 2258 ct
1802 2214 1975 2260 tamen
2006 2214 2122 2274 post

529 2303 673 2347 tanta
722 2294 952 2365 taliaque
995 2296 1194 2365 judicia
1241 2298 1602 2367 perseveravit
1643 2296 1871 2353 dicere:
1906 2297 2032 2368 quid
2084 2298 2126 2351 si

527 2383 743 2453 quando
767 2387 1118 2454 perpetuitate
1147 2387 1613 2458 magnitudineque
1636 2387 1896 2442 malorum
1924 2388 2131 2442 irruen-

533 2476 662 2529 tium
707 2476 908 2530 valcam
942 2476 1090 2532 illum
1120 2493 1373 2548 superare
1398 2520 1411 2545 ,
1443 2489 1493 2534 et
1526 2478 1662 2534 hanc
1692 2478 1959 2534 excelsam
1990 2477 2125 2545 deji-

528 2584 652 2621 cere
683 2568 872 2622 turrim
889 2568 912 2621 ’ἶ

600 2659 656 2713 4.
688 2658 820 2728 Quis
847 2658 1007 2730 igitur
1032 2659 1135 2715 erit
1161 2660 1314 2716 nobis
1344 2662 1514 2717 venite
1547 2662 1729 2730 locus,
1761 2662 2127 2729 dilectissimi,

522 2761 614 2806 aut
646 2751 777 2822 quid.
802 2753 1196 2822 excusabimus,
1225 2756 1267 2809 si
1298 2771 1417 2809 cum
1449 2766 1592 2809 tanta
1620 2755 1686 2809 sit
1718 2755 1844 2809 mali
1870 2756 2132 2810 datinonis

524 2848 575 2899 in
615 2854 854 2900 nostrum
877 2845 1189 2901 insanientis
1231 2847 1449 2902 exitium
1477 2847 1746 2917 vigilantia
1771 2889 1784 2913 ,
1811 2863 1909 2902 nos
1933 2863 2000 2902 ne
2024 2858 2127 2902 tan-

524 2939 690 3017 tulum
717 2939 933 3009 quidem
957 2939 1148 2996 similis
1193 2940 1481 3010 diligentiae
1501 2939 1785 2996 all'eramus
1805 2940 1871 2995 ad
1895 2941 2122 2995 Salutem

532 3033 757 3087 fratrum
789 3042 1092 3087 nostrorum
1115 3073 1130 3097 ,
1162 3033 1456 3101 praesertim
1483 3048 1603 3086 cum
1642 3033 1806 3088 Deum
1839 3032 2131 3088 habeamus

529 3124 937 3180 auxiliatorem?
957 3124 1138 3195 Itaque
1155 3141 1275 3180 cum
1297 3125 1492 3180 videris
1510 3123 1728 3180 fratrem
1749 3134 1895 3180 tuum
1915 3125 2128 3192 durum,

524 3216 774 3285 rigidum,
801 3216 1125 3288 minimeque
1153 3226 1440 3285 attentum,
1472 3218 1560 3272 dic
1584 3217 1722 3286 apud
1756 3220 2092 3289 temetipsum
2116 3237 2128 3272 ε

528 3309 653 3377 quid
684 3308 728 3364 si
760 3324 1045 3381 progressu
1078 3310 1339 3380 temporis
1368 3309 1652 3379 aliquando
1684 3309 1956 3365 valeamus
1986 3311 2131 3365 illum

525 3398 781 3454 ﬂectere?
812 3400 925 3455 lloe
964 3400 1217 3455 nimirum
1260 3409 1315 3457 et
1355 3401 1551 3456 Paulus
1593 3402 1885 3471 praicepit:
1918 3401 2134 3456 Seruum

531 3489 743 3545 Domini
789 3508 888 3545 non
930 3501 1125 3561 oportet
1171 3496 1400 3565 litigare,
1444 3493 1535 3548 sed
1575 3494 1835 3563 placidum
1874 3511 1980 3549 esse
2015 3512 2136 3567 erga

527 3590 755 3647 cunctos,
790 3583 1100 3637 erudientent
1132 3600 1215 3638 eos
1239 3585 1327 3654 qui
1353 3586 1591 3638 resistunt
1619 3585 1836 3652 veritati,
1865 3586 1912 3639 si
1932 3587 2135 3654 quando

534 3673 616 3725 det
656 3671 759 3726 illis
794 3670 936 3726 Deus
978 3674 1321 3744 paenitentiam
1358 3675 1411 3727 in
1451 3674 1761 3744 agnitionem
1800 3676 2022 3731 veritatis
2054 3676 2133 3746 (2.

527 3762 662 3818 Tim.
684 3762 740 3818 2.
767 3764 856 3818 2i.
884 3765 998 3832 25).
1023 3767 1215 3820 Annon
1248 3766 1394 3820 vides
1421 3776 1690 3837 parentes,
1712 3768 1983 3838 quomodo
2009 3769 2132 3824 filiis

525 3856 661 3921 suis,
681 3855 806 3911 licet
832 3854 1142 3926 frequenter
1156 3858 1473 3928 desperatis,
1494 3859 1731 3915 assident
1746 3861 2129 3933 lacrymantes,

524 3946 911 4008 lamentantes,
937 3950 1327 4015 exosculantes,
1352 3950 1533 4003 omnia
1555 3966 1676 4020 qua;
1701 3959 1925 4022 possunt
1947 3952 2133 4008 admo-

533 4049 729 4093 «veiites
757 4039 824 4093 ad
863 4053 1173 4109 supremum
1204 4057 1371 4112 nSque
1399 4042 1665 4099 halitum?
1695 4044 1807 4099 Hoc
1836 4052 1893 4099 tu
1926 4061 2139 4116 quoque

531 4129 698 4185 tacito
729 4145 827 4201 pro
858 4130 1135 4187 fratribus.
1167 4136 1232 4188 Et
1266 4143 1444 4191 tamen
1473 4136 1547 4190 illi
1574 4152 1679 4191 non
1710 4148 1936 4208 possunt
1960 4139 2135 4211 lacry—

531 4221 634 4275 mis
656 4236 719 4276 ac
744 4222 993 4278 lamentis
1015 4240 1189 4294 neque
1218 4226 1461 4281 morbum
1481 4227 1772 4299 depellere,
1796 4244 1972 4301 neque
1991 4245 2138 4285 mor-

531 4320 637 4367 tem
657 4312 1033 4371 imminentem
1065 4316 1300 4387 abigere.
1334 4318 1416 4374 Tu
1446 4335 1574 4375 vero
1601 4318 1913 4392 frequenter
1938 4323 2137 4392 poteris

530 4404 762 4459 animam
777 4404 1109 4475 deploratam
1127 4409 1437 4466 assiduitate
1451 4411 1808 4483 instantiaque
1825 4429 1919 4484 per
1936 4415 2129 4470 lamen-

522 4503 585 4553 ‘ta
624 4510 880 4553 revocare
904 4513 969 4553 ac
987 4501 1269 4557 suscitare.
1302 4502 1503 4558 Dedisti
1529 4506 1815 4562 consilium
1836 4548 1851 4572 ,
1879 4522 1982 4562 nec
2006 4524 2130 4578 per-

538 4585 776 4651 suasisti,
806 4587 1100 4660 illacryma,
1132 4606 1306 4662 punge
1332 4593 1659 4663 frequenter,
1683 4611 1747 4651 ac
1771 4599 1979 4667 suspira
2009 4614 2140 4669 pau-

536 4674 701 4746 lulum
727 4717 743 4742 ,
783 4687 842 4731 ut
879 4686 966 4734 tua
999 4681 1301 4738 sollicitudo
1336 4684 1559 4740 incutiat
1599 4687 1674 4742 illi
1712 4689 2088 4745 verecundiam
2119 4730 2135 4755 ,

541 4764 721 4835 itaque
749 4782 809 4824 se
835 4781 1113 4826 convertat
1139 4773 1207 4829 ad
1237 4776 1492 4833 salutem.
1518 4777 1656 4846 Quid
1688 4794 1817 4848 ergo
1839 4781 1989 4836 solus
2020 4797 2141 4852 pns-

540 4873 655 4911 seni
696 4859 949 4917 efﬁcere?
988 4863 1170 4934 Neque
1212 4868 1356 4923 enim
1402 4869 1643 4938 quotidie
1690 4869 1843 4928 vobis
1890 4873 2142 4929 omnibus

539 4950 689 5004 soliis
712 4952 902 5009 adesse
933 4957 1082 5010 valeo
1107 5000 1122 5022 ,
1156 4975 1328 5029 neque
1356 4963 1591 5031 suppetit
1622 4963 1752 5017 mihi
1783 4962 2005 5022 facultas
2031 5009 2045 5031 ,
2080 4976 2137 5022 ut

539 5042 689 5098 solus
720 5060 845 5101 cum
877 5056 1018 5103 tanta
1050 5051 1316 5121 diSputeni
1349 5054 1708 5110 multitudine.

611 5132 799 5191 Frater
822 5137 1036 5207 fratrem
1064 5142 1231 5197 trahat
1255 5144 1324 5197 ad
1343 5145 1576 5199 salutent.
1597 5147 1945 5207 —C:eterum
1977 5152 2019 5205 si
2047 5167 2143 5208 vos

542 5224 717 5282 velitis
742 5228 883 5285 inter
906 5247 1003 5287 vos
1029 5234 1147 5289 aliis
1173 5236 1397 5291 aliorum
1424 5239 1607 5306 partiri
1634 5254 1817 5294 curam
1844 5242 2052 5308 salutis,
2080 5259 2143 5299 ac

542 5327 778 5373 vestrum
795 5321 1021 5393 quisque
1042 5341 1202 5380 unum
1225 5329 1498 5399 suscipere
1513 5330 1733 5386 fratrum
1751 5333 2137 5404 neglecturum,

541 5407 690 5466 illico
717 5411 873 5467 nobis
892 5428 1164 5473 cresceret
1188 5419 1493 5476 aediﬁcatio.
1519 5423 1584 5477 Et
1605 5423 1732 5494 quid
1755 5426 1945 5481 attinet
1965 5426 2143 5484 dicere

541 5501 611 5558 de
645 5504 745 5569 iis,
779 5506 870 5575 qui
912 5518 1033 5577 post
1068 5511 1289 5566 multam
1327 5524 1385 5570 et
1419 5515 1683 5571 diutinam
1722 5519 2141 5576 admonitionem

544 5595 750 5664 seipsos
769 5596 837 5651 ad
859 5600 1138 5657 meliorem
1162 5602 1368 5675 frugem
1393 5608 1690 5678 recipiunt?
1707 5610 1890 5682 Neque
1911 5613 2052 5668 enim
2076 5614 2144 5668 ab

545 5682 686 5752 illis,
716 5687 876 5743 etiam
905 5691 948 5746 si
982 5703 1291 5751 tenerentur
1320 5696 1693 5757 iminedicabili
1721 5703 1910 5758 morbo
1931 5746 1945 5770 ,
1978 5720 2142 5775 opor-

549 5786 685 5835 teret
709 5780 1005 5855 desistere,
1044 5804 1216 5860 neque
1246 5805 1428 5847 curam
1456 5793 1689 5865 abjicere
1710 5838 1724 5867 ,
1759 5798 1968 5855 etiamsi
1996 5810 2144 5858 certo

1236 338 1291 393 S.
1334 336 1615 394 JOANNIS
1652 333 2131 392 Clllli'SOSTOJll
2174 332 2495 389 ARCIIIEP.
2537 333 3076 392 CUNSTANTINOP.
3674 340 3758 399 968

2229 452 2601 521 prazsciremus
2626 452 2885 520 futurum,
2914 463 2972 509 iit
2996 462 3112 523 post
3135 455 3355 513 multam
3379 458 3759 532 sollicitudinem.

2225 544 2555 615 multamque
2582 544 2871 600 adhibitam
2899 547 3338 614 admonitionem,
3372 551 3527 609 nihilo
3554 560 3656 625 plus
3675 558 3758 613 sint

2225 630 2536 699 profecturi.
2568 629 2719 698 Quod
2759 631 2804 685 si
2836 633 2952 687 hzec
2979 633 3147 687 oratio
3179 634 3331 689 vobis
3357 636 3553 695 videtur
3575 641 3756 698 incredi-

2227 720 2351 775 bilis
2376 761 2393 787 ,
2425 735 2522 791 age
2546 762 2562 787 ,
2590 736 2657 776 ex
2688 720 2843 777 factis
2872 722 3133 793 dictisque
3162 724 3358 781 Christi
3387 728 3646 787 reddemus
3667 747 3757 789 eam

2226 814 2560 870 credibilem.
2586 814 2720 870 Nam
2746 830 2845 871 nos
2867 816 3079 887 quidem
3103 818 3272 888 ignari
3293 833 3473 875 sumus
3493 821 3755 883 futurorum,

2229 907 2372 962 unde
2415 921 2516 962 nec
2561 906 2852 977 diiudicare
2894 923 3177 979 possumus
3216 910 3284 966 de
3324 911 3388 966 iis
3425 914 3509 983 qui
3547 916 3754 981 audiunt,

2229 1010 2404 1053 utrum
2442 999 2860 1070 obtemperaturi
2906 1001 3014 1056 sint
3052 1000 3209 1057 dictis
3248 1004 3444 1059 nostris
3466 1046 3481 1072 ,
3512 1021 3570 1059 an
3600 1022 3754 1062 secus:

2228 1089 2476 1145 Christus
2503 1097 2682 1146 autem
2714 1106 2834 1146 cum
2864 1091 2983 1148 huic
3010 1100 3237 1163 utraque
3265 1097 3429 1165 probe
3456 1107 3651 1165 nosset,
3679 1117 3755 1153 inm

2226 1186 2458 1239 cessavit
2482 1184 2547 1240 ad
2575 1194 2873 1240 extremum
2903 1202 3069 1258 usque
3093 1187 3364 1258 corrigere
3390 1189 3528 1243 illum
3548 1232 3560 1254 ,
3589 1192 3664 1261 qui
3679 1191 3753 1243 Siill

2232 1294 2336 1331 non
2368 1288 2513 1333 esset
2540 1280 2952 1334 anscultaturus.

2301 1368 2490 1423 Christi
2515 1386 2636 1442 erga
2660 1369 2692 1422 J
2701 1371 2852 1424 udam
2883 1371 3081 1427 lenitas.
3104 1402 3176 1412 —
3194 1371 3373 1443 Itaque
3394 1388 3510 1428 cum
3535 1373 3751 1430 sciretlu-

2230 1460 2354 1515 dam
2378 1477 2484 1515 non
2518 1471 2825 1516 revocatum
2860 1464 2923 1516 iri
2948 1479 2977 1516 a
3011 1464 3333 1534 proditione,
3367 1481 3468 1519 non
3498 1477 3649 1520 tamen
3674 1481 3757 1519 ceso

2234 1554 2373 1607 savit
2420 1554 2646 1609 assiduis
2689 1555 2955 1618 consiliis,
3001 1556 3254 1624 monitis,
3301 1557 3578 1623 beneficiis,
3621 1559 3756 1622 minis,

2230 1643 2446 1699 demum
2473 1645 2617 1699 omni
2643 1644 2902 1701 doctrina:
2932 1647 3113 1716 specie
3137 1662 3166 1701 a
3196 1647 3487 1717 proditione
3516 1648 3753 1707 retrahere.

2232 1752 2331 1792 nec
2361 1737 2564 1793 destitit
2604 1738 2753 1795 illum
2780 1739 2934 1794 dictis
2961 1756 3059 1795 ceu
3106 1739 3260 1795 freno
3289 1741 3550 1796 cohibere.
3578 1741 3671 1797 lloc
3690 1758 3755 1795 att-

2233 1838 2339 1883 tcm
2377 1828 2503 1884 fecit
2530 1845 2628 1885 nos
2654 1832 2958 1897 instituens,
2992 1842 3049 1887 ut
3075 1833 3288 1888 etiamsi
3320 1833 3756 1903 prinscianiusluni-

2234 1938 2371 1988 rum,
2400 1933 2457 1979 ut
2495 1923 2688 1979 fratres
2717 1940 2824 1979 non
2851 1926 3247 1996 obtemperent,
3282 1935 3455 1981 tamen
3481 1925 3698 1996 quidquid
3721 1926 3755 1977 iii

2234 2027 2417 2069 nOSIra
2450 2015 2607 2070 fuerit
2637 2015 2888 2072 facultate
2936 2028 3275 2087 prarsteinus,
3330 2027 3584 2088 tamquam
3621 2028 3752 2086 parati

2234 2106 2392 2161 nobis
2450 2105 2831 2163 admonitionis
2882 2119 3079 2163 nostra:
3129 2108 3398 2164 mercede.
3464 2108 3584 2163 Vide
3626 2120 3751 2161 auieiii

2232 2210 2429 2270 quanta
2469 2200 2802 2268 assiduitate,
2833 2214 3140 2273 quantaque
3189 2203 3444 2273 sapientia
3484 2202 3614 2255 illum
3646 2200 3753 2254 cohi-

2235 2294 2429 2349 buerit.
2463 2294 2606 2349 Unus
2623 2305 2841 2350 vestrum
2866 2312 2944 2350 me
2963 2298 3262 2365 proditurus
3278 2306 3349 2350 est
3369 2294 3568 2367 (Matth.
3584 2293 3658 2347 26.
3673 2291 3753 2358 2i).

2238 2389 2311 2441 Ac
2341 2403 2586 2441 rursum:
2626 2386 2747 2440 Non
2775 2388 2837 2440 de
2874 2388 3105 2441 omnibus
3145 2388 3284 2441 vobis
3325 2388 3513 2456 loquor,
3553 2385 3756 2454 novique:

2238 2478 2362 2548 elegi
2383 2478 2565 2545 (Joan.
2614 2482 2701 2533 15.
2759 2479 2865 2550 l8).
2913 2480 3021 2533 Et:
3072 2479 3222 2535 Unus
3249 2496 3311 2534 ea:
3338 2479 3469 2533 vobis
3496 2477 3688 2531 diabolus
3705 2486 3755 2526 rit

2239 2568 2418 2640 (Joan.
2449 2570 2501 2626 6.
2535 2573 2592 2625 7l
2612 2576 2645 2637 ).
2679 2572 2942 2627 Sustinuit
2967 2587 3156 2626 omnes
3185 2573 3238 2626 in
3267 2585 3509 2641 angorem
3541 2568 3750 2628 inducere,

2237 2679 2303 2717 ne
2343 2664 2583 2733 vulgaret
2626 2663 2977 2734 proditorem,
3024 2679 3087 2718 ac
3135 2664 3411 2718 manifesta
3456 2657 3754 2729 redargutionc

2236 2754 2487 2810 redderet
2505 2756 2663 2810 etiam
2695 2754 3165 2825 iiiipudciitiorem.
3190 2755 3321 2811 Nam
3342 2764 3395 2809 ut
3414 2751 3643 2820 intelligas
3654 2746 3755 2817 quod

2235 2847 2354 2901 aliis
2381 2848 2539 2901 etiam
2568 2863 2821 2918 angorem
2846 2856 2901 2902 et
2924 2855 3124 2903 metum
3149 2845 3426 2918 injecei'int
3447 2841 3618 2896 Christi
3636 2839 3753 2896 dicta.

2236 2937 2362 2993 licet
2391 2939 2490 2994 sibi
2514 2939 2710 2994 nullius
2734 2939 2859 2994 mali
2887 2940 3138 3007 consciis,
3164 2938 3288 2995 audi
3315 2934 3565 3008 quomodo
3581 2931 3749 3002 quisque

2236 3032 2428 3086 anxius
2455 3031 2589 3087 dixit
2618 3051 2629 3085 :
2664 3031 2929 3104 Numquid
2954 3049 3043 3102 ego
3071 3050 3208 3098 sum,
3252 3030 3463 3085 Domine
3489 3024 3665 3099 (Matth.
3687 3020 3754 3073 iii.

2234 3123 2373 3196 22)?
2401 3125 2583 3196 Neque
2611 3141 2737 3181 vero
2766 3126 2921 3180 dictis
2951 3135 3179 3192 tantum,
3207 3140 3390 3181 verum
3423 3132 3472 3177 et
3501 3118 3631 3174 factis
3652 3115 3755 3169 illum

2238 3217 2515 3288 corripuit.
2557 3217 2691 3272 Cum
2734 3218 2876 3272 enim
2927 3218 3311 3287 benignitatem
3349 3231 3491 3270 suam
3519 3210 3756 3278 frequenter

2238 3324 2299 3363 ac
2342 3309 2519 3364 modis
2563 3308 2815 3365 omnibus
2858 3308 3204 3374 declarasset,
3245 3308 3479 3377 leprosos
3510 3294 3755 3356 comedam.

2239 3400 2513 3455 daemones
2540 3401 2781 3470 abigens,
2809 3409 3040 3470 aegrotos
3066 3415 3283 3463 sanans,
3313 3403 3539 3452 mortuos
3560 3388 3752 3445 excitatis.

2242 3491 2561 3561 paralyticos
2591 3491 2913 3555 restituens;
2943 3491 3179 3546 breviter
3199 3506 3318 3545 eum
3340 3484 3572 3542 omnibus
3604 3471 3755 3532 benele-

2240 3583 2425 3649 cisset,
2459 3585 2727 3637 neminem
2760 3591 2939 3637 tamen
2969 3583 3155 3652 puniit,
3182 3595 3393 3650 semper
3412 3576 3595 3632 habens
3618 3570 3751 3623 inom

2244 3672 2366 3727 Non
2397 3674 2508 3727 veni
2539 3683 2590 3726 ut
2607 3673 2836 3743 judicent
2878 3673 3148 3738 mundum,
3181 3671 3272 3727 sed
3300 3679 3353 3724 ut
3378 3679 3553 3722 servem
3578 3655 3756 3713 mundum

2243 3764 2423 3835 (Ioan.
2448 3765 2534 3820 12.
2567 3767 2677 3835 47).
2706 3764 2782 3820 Ne
2805 3775 3015 3835 putaret
3040 3765 3229 3832 ludas,
3259 3761 3399 3834 quod
3424 3767 3605 3814 tantum
3627 3750 3756 3804 nosset

2243 3855 2582 3923 benefacere,
2614 3857 2803 3926 punire
2835 3871 2960 3912 vero
2992 3871 3346 3928 nequaquam,
3383 3859 3434 3907 et
3459 3849 3580 3903 hanc
3604 3848 3757 3911 ιιυοίιυθ

2243 3956 2447 4017 partem
2481 3948 2652 4017 ipsum
2698 3946 2901 4014 docuit,
2948 3947 3202 4003 videlicet
3230 3945 3370 4018 quod
3407 3940 3578 4012 punire
3613 3934 3755 4003 posset.

2241 4040 2609 4110 supplicioque
2633 4039 2850 4095 afficere
2882 4050 3185 4109 peccantes.
3672 4112 3680 4123 _

2316 4133 2369 4188 5.
2416 4132 2586 4201 Quare
2610 4132 2841 4187 Christus
2866 4149 2983 4186 cum
2997 4133 3231 4188 omnibus
3257 4124 3552 4197 benefacerit,
3573 4122 3756 4172 ιιευυηενι

2244 4223 2464 4295 punierit
2491 4223 2546 4276 in
2576 4223 2739 4277 terris.
2759 4252 2830 4263 ——
2849 4224 2924 4277 Ac
2966 4223 3090 4278 vide
3125 4236 3286 4293 quam
3331 4215 3583 4303 sapienter
3602 4212 3645 4259 el
3660 4211 3754 4303 ρου·

2244 4324 2499 4384 Bruenter
2528 4315 2631 4369 hoc
2680 4314 2843 4369 etiam
2894 4314 3169 4368 docuerit:
3199 4328 3300 4369 nec
3344 4320 3511 4364 tame"
3555 4299 3754 4411 '1’",“".°",'

2244 4409 2548 4479 ‘luempiam
2581 4407 2830 4478 punierit,
2878 4407 3248 4478 supplicioque
3289 4397 3535 4459 aliecerit.
3566 4389 3648 4457 Qui
3678 4389 3751 4434 sic!

2247 4500 2319 4556 Ut
2341 4501 2633 4571 discipulus
2661 4501 2913 4571 puniendi
2954 4500 3262 4557 facultatem
3303 4498 3354 4552 in
3382 4508 3442 4548 eo
3465 4479 3754 4576 εοεηιιξςετέξ·

2252 4594 2460 4649 Etenim
2485 4596 2528 4649 si
2549 4610 2706 4665 quem
2731 4595 2992 4665 punisset,
3009 4609 3189 4649 secum
3214 4599 3443 4665 pugnare
3462 4567 3758 4633 visuslinsst‘l.

2246 4687 2336 4756 qui
2363 4664 2603 4741 dixerat:
2636 4664 2758 4740 Non
2786 4687 2898 4740 veni
2927 4697 2981 4740 ut
2996 4664 3227 4756 judicem
3255 4677 3505 4738 mundum,
3533 4664 3609 4722 θεά
3628 4667 3670 4713 ³⁸⁸
3688 4667 3754 4756 ’θ’

2246 4754 2356 4834 veni
2377 4779 2622 4834 mundum
2653 4778 2832 4851 (Joan.
2864 4778 2950 4835 12.
2978 4754 3091 4850 i7).
3122 4779 3348 4834 Rursum
3366 4770 3413 4877 si
3437 4754 3762 4877 nentinfnni‘g;

2247 4868 2435 4937 uisset,
2466 4833 2751 4925 mansisset
2769 4833 3143 4940 incorrigibilis
3160 4862 3461 4935 discipulus.
3483 4847 3572 4908 ηίεί

2248 4961 2523 5017 didicisset
2536 4961 2606 5015 illi
2620 4975 2739 5016 esse
2754 4961 3002 5031 puniendi
3029 4961 3350 5016 facultatem.
3372 4950 3609 5018 Quorsum
3622 4934 3752 5067 Ig'luzlrl’

2331 5052 2390 5067 η.
2463 5054 2475 5065 .
2776 5054 2786 5067 .
2839 5054 2868 5067 ..
2968 5055 3000 5067 .-
3141 5053 3203 5067 .._
3264 5051 3276 5064 ο
3300 5044 3387 5067 ,_-_i
3420 5048 3463 5067 ,ιο
3494 5038 3663 5067 inm-pre
3740 5036 3752 5046 '

2326 5052 2369 5107 F
2371 5054 2475 5107 icui
2500 5069 2658 5123 quare
2683 5054 3019 5108 maledixerit.
3044 5085 3114 5095 —
3141 5053 3209 5110 Ut
3234 5044 3389 5109 simul
3417 5048 3467 5096 et
3491 5031 3680 5151 terra:

2250 5147 2537 5218 scipulum,
2566 5161 2631 5200 ne
2659 5161 2755 5216 per
2776 5156 3141 5216 contemptum
3172 5145 3321 5200 ﬁeret
3344 5129 3586 5244 dcterior,|

2251 5241 2334 5294 his
2362 5252 2540 5293 tamen
2574 5237 2848 5293 hominum
2881 5238 3242 5304 amictioneni,
3266 5242 3489 5303 ρωιιίηην
3512 5210 3754 5330 fuﬁum]:

2249 5334 2392 5388 cium
2422 5343 2711 5404 pateretur,
2742 5332 2792 5385 in
2818 5331 2971 5386 lit-uin
2996 5333 3240 5386 arborem
3262 5321 3489 5382 Christus
3513 5302 3755 5429 bili):

2252 5430 2570 5498 potestatein
2602 5426 2859 5489 exercuit,
2891 5425 3110 5481 dicens:
3144 5424 3228 5477 Ne
3257 5415 3455 5508 natm“,

2251 5485 2494 5573 nascatur
2524 5516 2738 5590 (Matth.
2764 5516 2856 5571 2|.
2892 5514 3002 5587 l9),
3027 5531 3253 5587 eamque
3280 5519 3395 5565 ι¹¹⁰¹
3416 5485 3753 5612 sui"

2252 5612 2492 5668 arefecit.
2527 5568 2641 5665 iloc
2668 5619 2825 5681 pacto
2853 5609 3046 5664 factum
3092 5618 3175 5663 est
3202 5602 3411 5679 pariter,
3438 5596 3490 5643 ιιι
3515 5568 3751 5706 ἛἨΣΞ

2253 5706 2455 5760 rediret
2478 5704 2545 5759 ad
2577 5705 2741 5759 ullum
2782 5704 3075 5771 hominem,
3124 5715 3182 5760 et
3222 5704 3331 5771 ipse
3367 5694 3502 5745 503'"

2258 5730 2455 5760 rcuu'ct
2478 5730 2545 5759 au
2577 5730 2741 5759 uuqu
2782 5730 3075 5771 numinum,
3124 5730 3182 5760 cl,
3223 5730 3331 5771 .PM,
3367 5730 3499 5745 ειη---γ
3532 5730 3572 5773 ,⁸
3626 5753 3635 5803 i
3669 5730 3751 5798 "ius

2258 5797 2577 5868 declararet,
2614 5798 2846 5856 vindicta
2891 5799 2944 5854 in
2988 5799 3234 5857 arborem
3266 5784 3493 5858 impacta.
3525 5763 3666 5821 915°?
