3958 6436
230 415 346 470 967

227 614 502 685 πόνηρος
535 614 743 687 δαίμων
774 620 1009 685 ἐκεῖνος,
1054 622 1230 675 καίτοι
1261 622 1356 675 τοῦ
1394 620 1530 675 Θεοῦ
1574 621 1844 690 τοσαύτην

227 695 314 766 τῷ
373 697 587 772 δικαίῳ
617 700 998 774 ψηφισαμένου
1027 707 1128 778 τὴν
1184 709 1405 777 ἀρετήν.
1452 703 1585 761 Εἶτα
1630 708 1732 760 οὐκ
1759 707 1844 760 αἰ-

230 780 596 852 σχυνόμεθα,
619 784 740 839 οὐδὲ
767 788 1182 861 ἐρυθριάζομεν,
1210 792 1329 846 εἰπέ
1363 810 1473 863 μοι,
1495 793 1567 856 εί,
1593 792 1687 846 τοῦ
1729 792 1844 845 δια-

227 864 409 917 ϐόλου
443 866 721 937 μηδέποτε
748 870 1215 940 ἀπογινώσκοντος
1242 876 1344 945 τῆς
1366 875 1640 939 ἀπωλείας
1661 874 1839 946 ἡμῶν,

230 946 363 1029 ἀλλ’
413 949 515 1003 ἀεί¹
546 952 953 1023 προσδοκῶντος
1004 957 1192 1029 αὐτὴν,
1231 959 1386 1012 αὐτοὶ
1416 959 1515 1028 τῆς
1546 958 1655 1010 τῶν
1689 957 1844 1011 ἀδελ-

229 1028 365 1098 φῶν
404 1032 852 1106 ἀπογνωσόμεθα
898 1028 1200 1114 σωτηρίας;
1237 1043 1429 1097 Καίτοι
1483 1043 1689 1096 ἐκεῖνον
1744 1040 1843 1112 μὲν

232 1114 341 1197 καὶ
378 1116 504 1186 πρὸ
542 1119 639 1188 τῆς
684 1121 882 1191 πείρας
935 1125 1235 1197 ἀποστῆναι
1278 1125 1388 1179 τῶν
1442 1124 1842 1197 παλαισμάτων

233 1195 377 1249 ἔδειο
406 1198 552 1262 Θεὸς
574 1201 682 1273 γὰρ
703 1197 769 1274 ἦν
801 1207 827 1257 6
857 1195 1151 1279 μαρτυρῶν
1177 1208 1255 1279 τῷ
1276 1208 1472 1280 δικαίῳ
1492 1209 1592 1280 τὴν
1616 1195 1840 1280 ἀρετήν’

232 1280 362 1334 ἀλλ’
396 1284 560 1353 ὅμως
585 1287 686 1340 οὐκ
710 1289 942 1361 ἀπέστη,
976 1291 1091 1344 ἀλλ’
1128 1292 1234 1346 ὑπὸ
1266 1293 1467 1364 πολλῆς
1509 1291 1704 1362 μανίας
1741 1293 1843 1362 τῆς

236 1365 371 1418 καθ’
405 1367 578 1437 ἡμῶν
603 1371 697 1423 καὶ
727 1371 867 1440 μετά
889 1372 988 1444 τὴν
1015 1372 1109 1427 τοῦ
1148 1374 1283 1428 Θεοῦ
1315 1373 1622 1446 μαρτυρίαν
1644 1374 1843 1446 ἤλπισε

233 1449 617 1519 περιέσεσθαι
657 1453 750 1507 τοῦ
798 1457 1046 1524 γενναίου
1084 1458 1205 1511 τότε
1257 1458 1489 1512 ἐκείνου.
1556 1458 1734 1529 Ἠμᾶς
1785 1457 1843 1510 δὲ

234 1531 407 1586 οὐδέν
430 1534 554 1587 ἐστι
570 1536 809 1591 τοιοῦτον
824 1537 886 1591 τὸ
906 1538 1180 1605 ποιοῦνείς
1196 1542 1504 1612 ἀπόγνωσιν
1524 1542 1841 1611 ἐμπίπτειν,

236 1614 339 1667 καὶ
385 1616 552 1685 ὅμως
585 1619 957 1690 ἀφιστάμεθα.
996 1624 1106 1677 Kal
1145 1625 1173 1677 6
1206 1624 1304 1695 μὲν
1349 1623 1628 1687 διάϐολος,
1660 1624 1842 1677 καίτοι

234 1697 338 1752 τοῦ
370 1698 526 1753 Θεοῦ
563 1701 884 1768 κωλύοντος,
929 1708 1030 1759 οὐκ
1066 1709 1339 1778 ἀναχωρεῖ
1384 1707 1485 1776 τῆς
1526 1706 1650 1761 καθ’
1682 1709 1713 1777 ή
1726 1706 1841 1777 μῶν

241 1782 463 1854 μάχης
507 1786 574 1839 σὺ
609 1786 687 1851 δὲ,
712 1787 804 1840 τοῦ
834 1789 969 1843 Θεοῦ
1001 1790 1403 1862 προτρέποντός
1434 1809 1494 1845 σε
1527 1792 1620 1845 καὶ
1647 1791 1844 1859 διεγεί-

239 1883 445 1937 ροντος
464 1870 550 1933 είς
572 1870 670 1940 τὴν
685 1872 967 1944 ἀντίληψιν
989 1874 1097 1928 τῶν
1116 1876 1501 1941 πεπτωκότων,
1519 1876 1804 1947 ἀποπηδᾷς
1823 1894 1839 1942 ;

244 1950 542 2004 ’Ἤκουσεν
564 1955 593 2006 ὁ
621 1953 865 2020 διάϐολος
889 1957 984 2010 τοῦ
1007 1957 1143 2011 Θεοῦ
1183 1957 1455 2026 λέγοντος·
1497 1959 1842 2027 Ἀνθρωπος

238 2030 527 2099 δίκαιος,
579 2037 897 2104 ἀληθινὸς,
944 2040 1266 2108 θεοσεϐὴς,
1310 2042 1682 2110 ἀπεχόμενος
1721 2040 1840 2095 ἀπὸ

241 2117 488 2182 παντὸς
537 2121 810 2187 πονηροῦ
861 2121 1237 2192 πράγματος,
1279 2126 1373 2178 καὶ
1403 2125 1485 2178 ὅτι
1521 2125 1697 2189 οὐδείς
1723 2127 1840 2178 ἐστι

235 2197 505 2263 τοιοῦτος
545 2201 654 2254 τῶν
691 2201 783 2255 ἐπὶ
814 2204 914 2274 τῆς
949 2206 1051 2276 γῆς
1074 2222 1087 2235 ⁸
1124 2209 1217 2260 καὶ
1261 2206 1401 2277 μετά
1446 2207 1714 2270 τοσαύτας
1746 2207 1841 2261 καὶ

230 2279 521 2344 τοιαύτας
553 2282 766 2353 ψήφους
803 2286 1074 2357 ἐνέμεινεν
1112 2288 1260 2359 ὅμως
1286 2289 1487 2359 λέγων’
1531 2290 1739 2361 μήποτε
1770 2292 1838 2360 τῇ

240 2367 517 2438 συνεχείᾳ
553 2368 648 2420 καὶ
679 2369 757 2440 τῷ
788 2371 1008 2440 μεγέθει
1035 2372 1142 2426 τῶν
1175 2375 1535 2444 ἐπαγομένων
1563 2373 1712 2444 αὐτῷ
1738 2392 1840 2427 κα-

244 2449 359 2503 κῶν
379 2450 610 2523 δυνηθῶ
632 2453 795 2507 αὐτοῦ
815 2456 1208 2527 περιγίνεσθαι,
1228 2460 1321 2511 καὶ
1343 2458 1435 2510 τὸν
1453 2457 1628 2528 μέγαν
1652 2458 1840 2511 τοῦτον

245 2532 510 2586 καθελεῖν
533 2533 748 2607 πύργον
765 2552 779 2602 ;

316 2663 382 2717 δ’.
409 2664 515 2730 Τίς
547 2661 643 2719 οῦν
671 2668 804 2737 ἡμῖν
825 2666 980 2722 ἔσται
1009 2669 1329 2742 συγγνώμη,
1355 2672 1649 2742 ἀγαπητοὶ,
1677 2672 1761 2736 τίς
1783 2672 1840 2724 δέ

247 2748 547 2818 ἀπολογία,
568 2750 616 2802 εἰ
639 2750 873 2822 τοσαύτῃ
889 2751 981 2807 τοῦ
1006 2753 1243 2824 πονηροῦ
1269 2755 1519 2825 δαίμονος
1548 2756 1667 2809 καθ’
1684 2757 1716 2826 ἡ
1726 2755 1840 2826 μῶν

249 2832 610 2903 κεχρημένου
662 2834 863 2908 μαινίᾳ,
901 2836 1075 2905 ἡμεῖς-
1105 2836 1241 2906 μηδέ
1294 2838 1357 2891 τὺ
1411 2837 1701 2891 πολλοστὸν
1742 2838 1840 2908 τῆς

248 2902 525 2987 τοσαύτης
557 2902 1046 2989 σπουδῆς-εἱςήτὴν
1087 2902 1360 2991 σωτηρίαν
1402 2921 1511 2974 τῶν
1556 2902 1839 2992 ἡμετέρων

247 2997 502 3067 ἀδελφῶν
544 2999 973 3071 εἰσενέγκοιμεν,
1008 3002 1102 3054 καὶ
1131 3003 1303 3057 ταῦτα
1328 3004 1417 3058 τὸν
1456 3004 1589 3057 Θεὸν
1621 3005 1840 3075 σύμμα-

249 3098 341 3150 χον
363 3079 590 3151 ἔχοντες
610 3098 624 3147 ;
646 3082 812 3135 Ὅταν
834 3085 963 3150 γοῦν
985 3084 1099 3156 ἴδῃς
1117 3085 1352 3157 σκληρὸν
1373 3087 1466 3140 καὶ
1489 3088 1671 3159 ἀπηνῆ
1691 3086 1839 3159 [712]

246 3162 338 3216 τὸν
366 3162 628 3235 ἀδελφὸν,
664 3166 759 3219 καὶ
786 3165 860 3236 μὴ
889 3168 1223 3238 προσέχοντά
1254 3186 1355 3233 σοι,
1372 3169 1496 3239 λέγε
1521 3171 1658 3242 πρὸς
1682 3188 1841 3223 σεαυ-

247 3246 357 3299 τόν·
374 3246 617 3318 Μήποτε
647 3248 726 3318 τῷ
757 3249 936 3320 χρόνῳ
962 3250 1282 3321 δυνηθῶμεν
1315 3257 1533 3319 πεῖσαι;
1560 3255 1716 3309 Οὓτω
1743 3258 1839 3308 καὶ

249 3329 463 3394 Παῦλος
493 3330 754 3384 ἐκέλευσε
786 3334 982 3385 ποιεῖν’
1017 3334 1249 3389 Δοῦλον
1275 3335 1344 3389 δὲ
1375 3340 1599 3407 Κυρίου
1638 3341 1710 3393 οὐ
1750 3338 1844 3392 δεῖ

243 3414 592 3483 μάχεσθαι,
637 3416 775 3470 ἀλλ’
818 3415 1003 3483 ἤπιον
1052 3413 1207 3471 εἷναι
1257 3420 1407 3487 πρὸς
1463 3422 1729 3488 πάντας,
1770 3424 1840 3477 ἐν

249 3499 545 3567 πραότητι
572 3497 933 3553 παιδεύοντα
956 3499 1097 3566 τοὺς
1120 3502 1717 3572 ἀντιδιατιθεμένους,
1731 3506 1842 3575 μή·

249 3590 395 3635 ¹ποτε
422 3581 553 3651 δώῃ
582 3581 789 3647 αὐτοῖς
827 3585 860 3636 ὁ
889 3582 1032 3650 Θεὸς
1057 3584 1381 3654 μετάνοιαν
1405 3589 1492 3652 είς
1512 3588 1840 3657 ἐπίγνωσιν

248 3664 566 3733 ἀληθείας.
585 3665 696 3735 Οὐχ
714 3666 848 3736 ὁρᾷς
873 3667 999 3729 τοὺς
1032 3667 1293 3738 πατέρας,
1308 3668 1424 3733 πῶς
1444 3670 1706 3734 πολλάκις
1729 3672 1838 3725 τῶν

252 3745 383 3799 υίῶν
409 3749 604 3810 αὐτοῖς
638 3749 1098 3818 ἀπεγνωσμένων,
1137 3751 1552 3822 παρακάθηνται
1586 3753 1842 3824 δακρύονο

251 3846 373 3896 τες,
422 3827 795 3901 θρηνοῦντες,
841 3831 1298 3901 καταφιλοῦντες,
1343 3834 1413 3888 τά
1459 3837 1591 3907 παρ’
1627 3838 1837 3891 ἑαυτῶν

252 3914 610 3984 είσφέροντες
652 3911 869 3965 ἅπαντα
907 3912 1014 3977 ἓως
1047 3915 1284 3988 ἐσχάτης
1320 3918 1632 3989 ἀναπνοῆς;
1665 3920 1838 3975 Τοῦτο

252 3996 344 4047 καὶ
370 3998 437 4048 σὺ
471 3995 607 4065 περὶ
637 3994 730 4048 τὸν
754 3995 981 4065 ἀδελφὸν
1008 3998 1254 4069 ποίησον.
1288 3999 1483 4053 Καίτοι
1511 4005 1707 4055 ἐκεῖνοι
1737 4005 1839 4073 μὲν

252 4078 361 4132 ἀπὸ
381 4078 492 4131 τῶν
517 4078 734 4148 θρήνων
757 4079 973 4133 καὶτῶν
996 4081 1246 4153 δακρύων
1267 4082 1391 4136 οὔτε
1406 4086 1503 4156 τὴν
1525 4086 1837 4158 ἀρρωστίαν

253 4161 553 4225 ἀπελάσαι,
571 4159 696 4213 οὔτε
718 4161 809 4214 τὸν
829 4161 1059 4215 θάνατον
1074 4164 1370 4218 ἐπελθόντα
1391 4168 1837 4238 ἀποκρούσασθαι

252 4245 532 4300 δύνανταιο
568 4246 632 4299 σύ
662 4244 719 4296 δὲ
756 4244 934 4316 ψυχὴν
973 4248 1421 4314 ἀπογνωσθεῖσαν
1462 4253 1529 4321 τῇ
1570 4255 1837 4325 καρτερίᾳ

252 4330 347 4382 καὶ
381 4333 451 4401 τῇ
491 4328 796 4400 προσεδρίᾳ.
832 4328 1035 4401 δυνήσῃ
1081 4330 1341 4396 πολλάκις
1367 4333 1457 4386 διά
1484 4336 1592 4388 τῶν
1621 4337 1837 4409 θρήνων

254 4413 479 4467 καὶιτῶν
503 4411 757 4483 δακρύων
786 4412 1194 4466 ἐπισπάσασθαι
1220 4416 1315 4468 καὶ
1358 4418 1678 4489 ἀναστῆσαι.
1699 4423 1834 4475 Συν-

253 4497 602 4559 εϐούλευσας,
626 4496 722 4549 καὶ
744 4496 844 4549 οὐκ
867 4496 1090 4559 ἔπεισας
1113 4515 1128 4564 ;
1172 4498 1462 4571 δάκρυσον,
1496 4504 1591 4557 καὶ
1613 4505 1834 4579 καθάψῃ

255 4581 536 4645 πολλάκις·
589 4581 844 4647 στέναξον
887 4581 1115 4652 πικρὸν,
1158 4582 1244 4635 ἵνα
1283 4582 1550 4649 αἰδεσθείς
1593 4604 1686 4641 σου
1737 4589 1836 4661 τὴν

255 4664 601 4735 κηδεμονίαν,
633 4663 939 4736 ἐπιστρέψῃ
963 4665 1098 4734 πρὸς
1135 4665 1233 4736 τὴν
1269 4668 1563 4738 σωτηρίαν.
1585 4672 1649 4724 Τί
1670 4673 1831 4745 δυνή-

258 4764 420 4818 σομαι
453 4749 566 4819 ἐγὼ
602 4750 762 4819 μόνος
791 4752 994 4811 ποιεῖνῖ
1031 4751 1093 4803 οὐ
1129 4750 1238 4821 γὰρ
1269 4751 1332 4822 δὴ
1363 4755 1530 4808 πᾶσιν
1560 4757 1689 4827 ὑμῖν
1711 4760 1833 4814 καθ’

256 4830 492 4914 ἑκάστην
528 4832 879 4901 συγγίνεσθαι
912 4833 1143 4903 δύναμαι
1176 4847 1202 4875 α
1237 4835 1397 4904 μόνος
1442 4837 1540 4909 τὴν
1587 4842 1830 4914 ἡμέραν,

255 4912 373 4967 ούδέ
400 4915 558 4986 ἀρκῶ
587 4914 780 4984 πλήθει
807 4915 1047 4985 τοσούτῳ
1075 4916 1417 5011 διαλέγεσθαι
1457 4921 1636 4991 μόνος.

336 5039 524 5110 Ὑμεῖς
551 5040 627 5126 δὲ,
669 5041 718 5093 εί
763 5039 1112 5126 βουληθείητε
1148 5044 1247 5116 τὴν
1282 5044 1527 5119 ἀλλήλων
1551 5050 1832 5126 διανείμα-

259 5120 706 5210 σθαιισωτηρίαν,
732 5123 827 5210 καὶ
853 5123 1084 5210 ἕκαστος
1111 5125 1209 5180 ἕνα
1233 5129 1526 5187 ἀπολαϐεῖν
1556 5135 1663 5189 τῶν
1692 5120 1832 5210 ἡμε-

259 5199 508 5295 ληὲέὶιῳν
554 5205 830 5295 ἀδελξξῶν,
868 5208 1088 5295 ταχέως
1117 5211 1251 5295 ἡμῖν
1292 5212 1360 5265 τὰ
1403 5216 1501 5286 τῆς
1543 5199 1833 5295 οἰκοδομῆς

257 5285 640 5379 αὐξηθήσεται..
676 5291 789 5343 Καὶ
828 5291 901 5379 τίΔ
927 5291 1053 5379 χρὴ,
1078 5292 1257 5379 λέγειν
1288 5297 1398 5351 τῶν
1444 5285 1581 5370 μετά
1628 5285 1831 5379 πολλήν

261 5371 577 5456 παραίνεσιν
608 5374 1013 5445 ἀνακτωμένων
1039 5378 1266 5443 ἑαυτούς
1285 5396 1299 5445 ;
1321 5382 1453 5435 Οὐδέ
1476 5384 1585 5456 γὰρ
1606 5371 1830 5447 ἐκείνων

259 5448 364 5540 τῷν
391 5453 908 5540 ἀνίατανοσούντων
946 5458 1275 5528 ἀφίστασθαι
1309 5464 1414 5536 χρὴ
1452 5448 1827 5540 καίάμελεῖν·

261 5529 360 5583 κᾶν
394 5538 696 5605 προειδότες
723 5535 873 5611 ὦμεν
903 5542 1112 5613 σαφῶς,
1147 5544 1228 5598 ὅτι
1258 5529 1457 5617 πολλῆς
1489 5529 1829 5612 ἀπολαύσαν-

260 5626 350 5677 τες
376 5617 474 5687 τῆς
494 5624 729 5695 σπουδῆς
756 5626 968 5696 καὶτῆς
990 5628 1317 5700 συμϐουλῆς,
1337 5632 1487 5688 οὐδὲν
1510 5653 1569 5689 κε
1578 5638 1827 5709 ρδανοῦσι

325 5835 342 5860 ³
364 5840 460 5894 Alii
480 5848 751 5908 δυνήσομαι.
780 5862 781 5865 “

1501 421 1585 475 DE
1624 419 1902 477 LAZARO
1939 422 2194 478 CONCIO
2232 424 2271 478 1.

225 528 480 598 θρωπον
504 549 515 562 ·
564 534 656 586 καὶ
696 536 795 589 οὐκ
838 537 1211 606 ἀπεγίνωσκεν
1252 541 1279 591 6
1331 542 1523 610 μιαρὸς
1554 522 1661 591 ’καὶ
1694 554 1844 608 παμ-
1890 522 1917 538 ’

3413 413 3520 472 νος

1952 538 2133 597 πλέον.
2171 544 2231 596 ΕΞ
2262 542 2318 595 δὲ
2353 540 2653 612 παράδοξος
2683 540 2812 611 ὑμῖν
2857 541 2886 594 ὁ
2910 539 3064 608 λόγος
3097 530 3249 601 ιῦτος
3274 537 3412 590 εἶναι
3445 537 3530 588 δο-

1952 629 2059 687 κεῖ,
2102 627 2256 699 φέρε,
2295 628 2387 695 ἀφ’
2421 619 2496 678 ὧν
2541 629 2569 679 6
2604 624 2837 695 Χριστὸς
2872 623 3095 693 ἐποίησέ
3128 641 3188 675 τε
3229 621 3323 674 καὶ
3353 616 3526 677 εἶπεν.

1949 709 2057 761 ἀπὸ
2081 711 2287 764 τούτων
2326 711 2488 765 αὐτὸν
2530 706 2936 777 πιστωσόμεθα.
2973 707 3163 776 Ἡμεῖς
3205 705 3303 774 μὲν
3340 702 3447 771 γὰρ
3481 706 3528 753 οἱ

1949 791 2227 862 ἅνθρωποι
2252 794 2314 847 τὸ
2343 794 2533 864 μέλλον
2558 791 2879 861 ἀγνοοῦμεν,
2908 789 3029 842 ὃθεν
3058 789 3177 841 οὐδέ
3202 785 3529 857 διισχυρίζε-

1952 873 2076 927 σθαι
2107 875 2384 945 δυνάμεθα
2408 878 2537 947 περὶ
2559 874 2667 928 τῶν
2689 873 3015 931 ἀκουόντων.
3057 870 3167 922 εἴτε
3204 868 3523 938 πεισθήσονο

1951 974 2060 1022 ται,
2087 959 2200 1012 εἴτε
2236 961 2592 1031 ἀπειθήσουσι
2627 961 2738 1022 τοῖς
2770 958 2899 1028 παρ’
2940 955 3099 1025 ὴμῶν
3136 951 3467 1022 >.εγομένοις’
3501 951 3529 1001 ὁ

1950 1041 2005 1095 δέ
2037 1044 2274 1114 Χριστὸς
2297 1044 2472 1099 ταῦτα
2493 1043 2782 1115 ἀμφότερα
2808 1038 2964 1101 εἰδὼς
2994 1036 3200 1106 σαφῶς,
3236 1036 3298 1089 οὐ
3322 1033 3527 1087 διέλιπε

1950 1126 2042 1180 τὸν
2074 1127 2174 1181 οὐκ
2203 1129 2569 1200 ἀκουσόμενον
2608 1125 2773 1181 αὐτοῦ
2819 1121 3196 1195 διιρθούμενος
3236 1120 3399 1191 μέχρι
3436 1117 3527 1171 τέ-

1951 1209 2097 1274 λους.

2016 1339 2128 1392 Τὸν
2163 1336 2295 1407 γοῦν
2351 1336 2553 1390 Ἰούδαν
2607 1335 2761 1399 εἰδὼς
2798 1334 2899 1387 οὐκ
2946 1330 3392 1400 ἀποστησόμενον
3430 1329 3531 1398 τῆς

1953 1423 2267 1494 προδοσίας,
2316 1423 2377 1475 οὐ
2422 1422 2630 1476 διέλιπε
2682 1418 3046 1490 συμϐουλαῖς,
3098 1413 3528 1484 παραινέσεων,

1951 1505 2325 1577 εὐεργεσίαις,
2379 1505 2666 1569 ἀπειλαῖς,
2731 1503 2894 1556 παντὶ
2946 1500 3132 1572 τρόπῳ
3183 1496 3532 1559 διδασκαλίας

1950 1589 2291 1644 ἀναστέλλων
2339 1590 2501 1643 αὐτὸν
2550 1589 2616 1641 ἐκ
2647 1588 2746 1658 τῆς
2789 1584 3113 1657 προδοσίας.
3155 1581 3249 1634 καὶ
3294 1579 3531 1648 συνεχῶς

1950 1672 2405 1744 ἀνακρουόμενος,
2439 1671 2626 1743 ῶσπερ
2657 1671 2763 1723 τινὶ
2803 1666 3021 1739 χαλινῷ,
3058 1664 3136 1735 τῷ
3164 1663 3326 1744 λόγῳ.
3360 1661 3533 1715 Τοῦτο

1949 1755 2006 1808 δέ
2037 1743 2198 1817 ποιεῖ,
2236 1755 2501 1809 παιδεύων
2529 1756 2708 1824 ἡμᾶς,
2758 1752 2858 1805 κᾶν
2900 1749 3210 1822 προειδότες
3242 1743 3414 1816 ὦμεν,
3452 1746 3531 1798 ὅτι

1950 1839 2010 1891 οὐ
2036 1838 2424 1910 πεισθήσονται
2453 1840 2501 1891 οἱ
2533 1836 2772 1907 ἀδελφοὶ,
2803 1834 2871 1887 τά
2909 1834 3040 1904 παρ’
3079 1831 3287 1884 ἐαυτῶν
3317 1833 3533 1883 ᾶπαντα

1950 1922 2325 1994 ἀποπληροῦν,
2356 1922 2431 1985 ὡς
2471 1919 2889 1994 ἀπηρτισμένου
2927 1919 3026 1987 τῆς
3057 1914 3370 1986 συμϐουλῆς
3401 1915 3533 1985 ἡμῖν

1942 2006 2043 2060 τοῦ
2074 2007 2286 2077 μισθοῦ.
2324 2008 2434 2059 Kal
2461 2006 2563 2077 ὅρα
2590 2003 2707 2067 πῶς
2739 2002 2981 2073 συνεχῶς
3019 2001 3180 2055 αὐτὸν
3230 1999 3323 2052 καὶ
3354 1999 3534 2067 σοφῶς

1950 2090 2235 2145 ἀνέστελλε
2265 2090 2333 2142 δι’
2370 2083 2446 2142 ὧν
2477 2088 2681 2156 ἔλεγεν·
2731 2083 2836 2149 Εἷς
2864 2086 2933 2150 ἐξ
2979 2082 3146 2154 ὑμῶν
3192 2082 3532 2151 παραδώσει

1945 2191 2041 2242 με.
2070 2175 2179 2226 Kal
2210 2172 2391 2226 πάλιν
2418 2174 2501 2225 Οὐ
2526 2170 2660 2238 περὶ
2703 2168 2944 2222 πάντων
2986 2166 3155 2236 ὑμῶν
3183 2166 3336 2234 λέγω
3355 2182 3367 2195 ·
3400 2160 3534 2217 οἶδα

1950 2257 2058 2321 οὓς
2080 2254 2469 2325 ἐξελεξάμην.
2492 2256 2603 2309 Καὶ
2633 2253 2818 2307 πάλιν·
2841 2247 2946 2317 Εἷς
2965 2250 3033 2315 ἐξ
3059 2249 3226 2319 ὑμῶν
3254 2246 3534 2311 διάϐολός

1948 2340 2100 2393 ἐστι.
2128 2339 2239 2393 Kal
2259 2340 2504 2410 ἠνείχετο
2530 2338 2737 2399 πάντας
2764 2339 2821 2388 ἐν
2852 2334 3061 2405 ἀγωνία
3087 2332 3371 2402 καθιστᾷν,
3391 2330 3532 2383 ὥστε

1953 2425 2026 2495 μὴ
2057 2422 2441 2493 ἐκπομπεῦσαι
2468 2422 2558 2475 τόν
2588 2421 2875 2490 προδότην,
2924 2418 3018 2471 καὶ
3052 2415 3534 2485 ἀναισχυντότερον

1950 2509 2174 2576 ποιῆσαι
2201 2509 2267 2578 τῇ
2291 2504 2401 2558 τῶν
2446 2505 2688 2574 ἐλέγχων
2733 2500 3078 2574 περιφανεία.
3126 2500 3248 2551 Ὅτι
3289 2498 3398 2567 γὰρ
3438 2496 3533 2550 καὶ

1946 2592 2060 2652 τοῖς
2086 2588 2268 2652 ἄλλοις
2307 2587 2544 2657 ἀγωνίαν
2582 2588 2677 2640 καὶ
2702 2586 2865 2655 φόϐον
2894 2583 3114 2638 ἐνέϐαλε
3142 2583 3210 2635 τὰ
3240 2580 3528 2650 λεγόμενα,

1950 2673 2127 2726 καίτοι
2156 2674 2320 2743 μηδὲν
2348 2674 2561 2735 ἑαυτοῖς
2590 2671 2854 2724 συνειδόσι
2882 2668 3136 2738 πονηρὸν,
3161 2668 3388 2721 ἄκουσον
3415 2664 3531 2727 πῶς

1949 2757 2179 2820 ἕκαστος
2205 2758 2453 2827 ἀγωνιῶν
2482 2757 2634 2825 ἔλεγε
2660 2756 2711 2795 δ’
2735 2755 2888 2823 Μήτι
2920 2753 3032 2822 ἐγώ
3054 2755 3191 2831 εἰμι.
3214 2752 3422 2819 K'L‘pts;
3454 2751 3529 2803 Οὐ

1949 2839 2037 2892 διὰ
2067 2839 2328 2911 ῥημάτων
2362 2841 2419 2893 δὲ
2450 2841 2630 2910 μόνον,
2666 2839 2801 2892 ἀλλὰ
2832 2839 2928 2891 καὶ
2964 2837 3052 2890 διὰ
3083 2835 3233 2908 [71⁸5]
3270 2834 3531 2905 πραγμά-

1947 2940 2057 2976 των
2090 2925 2251 2977 αὐτὸν
2284 2924 2584 2977 ἐπαίδευεν.
2613 2922 2830 2993 Ἐπειδὴ
2854 2922 2960 2990 γὰρ
2989 2920 3087 2991 τὴν
3122 2918 3315 2973 ἐαυτοῦ
3344 2917 3532 2986 φιλαν·

1950 3008 2197 3078 θρωπίαν
2224 3006 2538 3072 ἐπεδείξατο
2557 3008 2815 3071 πολλάκις
2834 3008 2927 3060 καὶ
2941 3007 3029 3059 διὰ
3044 3005 3282 3069 πάντων,
3297 3002 3534 3072 λεπροὺς

1950 3089 2252 3161 καθαίρων,
2282 3090 2542 3161 δαίμονας
2574 3091 2917 3152 ἀπελαύνων,
2949 3087 3240 3149 νοσοῦντας
3276 3086 3528 3155 ἰώμενος,

1947 3174 2178 3244 νεκροὺς
2232 3175 2499 3245 ἐγείρων,
2559 3172 3039 3245 παραλελυμένους
3096 3171 3372 3240 σφίγγων,
3436 3167 3531 3219 καὶ

1949 3257 2157 3319 πάντας
2200 3258 2297 3326 μὲν
2350 3257 2748 3328 εὐηργέτησεν,
2790 3255 3018 3308 ἐκόλασε
3066 3254 3125 3307 δέ
3171 3252 3386 3316 οὐδένα,
3435 3249 3529 3303 καὶ

1950 3339 2187 3410 συνεχῶς
2222 3340 2424 3408 ἔλεγεν,
2446 3342 2568 3392 Οὐκ
2590 3336 2782 3410 ἦλθον
2805 3340 2906 3392 ἵνα
2938 3338 3119 3407 κρίνω
3146 3336 3252 3389 τόν
3271 3337 3525 3403 κόσμον,

1947 3424 2083 3477 ἀλλ’
2108 3424 2209 3476 ἵνα
2240 3422 2419 3477 σώσω
2451 3422 2559 3475 τὸν
2590 3425 2841 3491 κόσμον·
2868 3423 2952 3476 ἵνα
2990 3422 3064 3493 μὴ
3098 3420 3295 3492 νομίσῃ
3328 3421 3356 3472 ὀ
3395 3418 3528 3471 Ἰούο

1946 3507 2062 3571 δας,
2085 3508 2167 3561 ὅτι
2194 3509 2505 3578 εὐεργετεῖν
2547 3508 2647 3578 μὲν
2675 3508 2834 3578 μόνον
2857 3502 2996 3559 οἶδεν
3025 3509 3053 3559 ό
3085 3506 3339 3577 Χριστὸς,
3371 3504 3531 3556 κολά-

1949 3590 2061 3656 ζειν
2087 3590 2143 3643 δὲ
2178 3590 2383 3654 οὐκέτι,
2422 3592 2517 3644 καὶ
2559 3590 2716 3647 τοῦτο
2766 3590 2928 3644 αὐτὸν
2961 3589 3203 3642 διδάσκει
3237 3588 3296 3639 τὸ
3340 3588 3525 3657 μέρος,

1946 3669 2057 3727 οἷον
2089 3674 2171 3728 ὅτι
2202 3674 2295 3726 καὶ
2321 3674 2572 3739 κολάζειν
2618 3674 2840 3729 δύναται
2872 3675 2967 3727 καὶ
3009 3671 3527 3743 τιμωρεῖσθαι-τοὶς

1948 3758 2379 3830 ἁμαρτάνοντας.

2016 3896 2076 3941 ε’.
2111 3886 2223 3940 Καὶ
2252 3886 2355 3958 ὅρα
2384 3886 2499 3949 πῶς
2530 3885 2706 3954 σοφῶς
2737 3887 2829 3939 καὶ
2868 3885 3253 3956 προσηκόντως
3285 3883 3377 3936 καὶ
3406 3882 3526 3934 τοῦ-

1945 3988 2034 4023 τον
2057 3982 2078 4008 ε
2108 3971 2206 4041 μὲν
2239 3970 2550 4032 ἐπαίδευσε,
2601 3968 2694 4022 καὶ
2726 3966 3030 4038 ἀνθρώπων
3066 3966 3256 4019 οὐδένα
3302 3965 3528 4018 κολάσαι

1944 4054 2066 4106 οὐδέ
2093 4052 2513 4125 τιμωρήσασθαι
2540 4052 2816 4123 ἠνέσχετο.
2843 4051 2965 4114 Πῶς
2993 4046 3226 4117 οῦν;”1να
3257 4049 3404 4120 μάθῃ
3430 4048 3527 4117 τὴν

1945 4134 2320 4206 τιμωρητικὴν
2354 4135 2519 4187 αὐτοῦ
2548 4134 2779 4204 δύναμιν
2807 4136 2836 4186 ὁ
2877 4133 3145 4202 μαθητής.
3182 4133 3245 4185 Εἰ
3290 4132 3389 4201 μὲν
3418 4134 3525 4200 γὰρ

1945 4218 2174 4272 ἐκόλασέ
2202 4236 2346 4279 τινα,
2378 4215 2554 4281 ἔδοξεν
2583 4216 2649 4270 ἂν
2676 4215 3049 4270 ἐναντιοῦσθαι
3081 4214 3257 4285 ἐαυτῷ
3287 4214 3519 4280 λέγοντι“

1948 4306 2069 4357 Οὐκ
2096 4299 2287 4371 ἦλθον
2331 4303 2431 4354 ἵνα
2461 4301 2640 4368 κρίνω
2665 4300 2769 4353 τὸν
2792 4301 3043 4367 κόσμον,
3060 4299 3196 4352 ἀλλ’
3214 4299 3313 4351 ἵνα
3345 4299 3523 4351 σώσω

1944 4385 2051 4437 τὸν
2076 4385 2329 4452 κόσμον.
2360 4384 2546 4449 Πάλιν,
2576 4384 2623 4435 εἰ
2660 4382 2862 4452 μηδένα
2897 4381 3175 4445 ἐκόλασεν,
3195 4380 3522 4451 ἁδιόρθωτος

1944 4469 2137 4538 ἔμενεν
2165 4470 2194 4520 ό
2223 4466 2494 4538 μαθητὴς,
2527 4469 2589 4518 οὐ
2633 4465 2920 4536 μανθάνων
2944 4465 3033 4518 διὰ
3067 4465 3178 4519 τῶν
3221 4465 3397 4536 ἔργων
3426 4464 3522 4532 τὴν

1944 4551 2273 4621 κολαστικὴν
2299 4550 2463 4603 αὐτοῦ
2492 4550 2740 4621 δύναμιν.
2769 4551 2834 4603 Τί
2872 4546 2964 4604 οὖν
2994 4550 3083 4604 ἵνα
3110 4551 3365 4621 γένηται;

1980 4754 1983 4759 .
2017 4691 2180 4745 Ὥστε
2209 4689 2304 4743 καὶ
2341 4689 2431 4743 τὸν
2471 4689 2719 4762 μαθητὴν
2740 4690 3048 4761 φοϐηθῆναι
3091 4691 3184 4743 καὶ
3230 4690 3305 4761 μὴ
3354 4704 3522 4742 κατα-

1944 4778 2290 4846 φρονήσαντα
2324 4772 2579 4841 γενέσθαι
2612 4773 2804 4844 χείρω,
2839 4773 2934 4827 καὶ
2976 4772 3281 4845 ἀνθρώπων
3315 4772 3520 4842 μηδένα

1944 4860 2239 4933 πληγῆναι,
2267 4856 2403 4928 μηδέ
2435 4856 2655 4910 κόλασιν
2682 4858 2971 4929 ὑπομεῖναι
2996 4858 3089 4912 καὶ
3122 4857 3413 4928 τιμωρίαν,
3440 4858 3520 4919 εἰς

1940 4944 2039 5015 τὴν
2065 4942 2239 5011 συκῆν
2273 4939 2372 5011 τὴν
2412 4937 2643 5011 δύναμιν
2687 4940 2895 5011 ταύτην
2934 4940 3306 4994 ἐπιδείκνυται
3334 4941 3362 4992 6
3386 4941 3520 5008 Χρι-

1942 5027 2088 5091 στὸς,
2125 5021 2315 5085 εἰπὼν,
2357 5021 2583 5092 Μηκέτι
2611 5023 2680 5076 ἐκ
2709 5023 2827 5077 σοῦ
2871 5023 3100 5091 καρπὸς
3131 5024 3392 5093 γένηται,
3425 5024 3519 5077 καὶ

1944 5113 2148 5184 ῥήματι
2172 5106 2314 5178 ψιλῷ
2330 5104 2358 5143 ἀ
2388 5106 2625 5175 ξηράνας
2645 5105 2814 5177 αὐτὴν
2839 5102 3095 5178 παραχρῆ
3104 5124 3200 5175 μα.
3225 5104 3380 5159 Οὕτω
3409 5105 3518 5176 γάρ

1939 5194 2069 5248 οἵτε
2100 5191 2379 5262 ἀνθρωποι
2399 5190 2598 5253 πάντες
2627 5189 2819 5260 έμενον
2841 5189 3113 5252 ἀϐλαϐεῖς,
3145 5189 3308 5252 αὐτός
3337 5206 3396 5241 τε
3420 5189 3517 5260 τὴν

1940 5277 2134 5332 ἐαυτοῦ
2157 5275 2387 5345 δύναμιν
2406 5274 2773 5336 ἐπεδείκνυτο,
2793 5274 2887 5327 τοῦ
2915 5275 3083 5345 φυτοῦ
3105 5274 3398 5345 δεξαμένου
3420 5276 3518 5347 τὴν

1939 5360 2229 5434 τιμωρίαν.
2289 5359 2398 5412 Kal
2439 5361 2468 5412 6
2508 5359 2758 5430 μαθητὴς
2778 5358 2837 5412 δὲ
2870 5360 2921 5412 εί
2951 5361 3237 5430 προσεῖχε,
3271 5360 3516 5429 μεγάλην

1941 5447 2006 5501 ἂν
2035 5445 2144 5499 ἀπὸ
2180 5444 2278 5513 τῆς
2303 5442 2582 5506 κολάσεως
2613 5443 2818 5513 ταύτης
2862 5440 3225 5515 ἐκαρπώσατο
3251 5442 3350 5514 τὴν
3372 5444 3517 5512 ὠφέ-

2005 5683 2031 5720 h
2058 5684 2195 5732 l'nus
2215 5698 2302 5732 ms.
2331 5685 2535 5747 Exacto;
2553 5685 2925 5747 cuvz6c‘ov_l)leye.

2003 5750 2025 5777 ο
2057 5748 2190 5815 ιζιηιδ
2213 5758 2299 5815 ms.
2343 5748 2423 5815 καί
2457 5746 2617 5815 τοῦτο,
2654 5745 2831 5815 mauu!
2865 5742 3016 5809 'quam
3046 5743 3129 5815 alii
3169 5742 3329 5815 τοῦτο,
3356 5744 3516 5807 ίηιιυίι

1940 5807 2132 5862 Aluum.
2153 5809 2237 5869 cui;
2257 5822 2343 5854 nos
2367 5810 2720 5857 dissentientes
2738 5807 2909 5856 τοῦτον
2930 5807 3221 5869 recepimus.
3254 5807 3393 5860 Eun.

2008 5873 2032 5913 d
2057 5870 2199 5918 Βίην.
2225 5867 2273 5917 iu
2300 5885 2450 5932 marg.
2474 5873 2551 5918 καὶ
2572 5874 2697 5936 ῥῆμα
2722 5871 2876 5934 ψιὶόν.
