3958 6370
510 372 618 431 969

510 573 607 629 καὶ
644 572 807 627 τοῦτο
850 572 1151 644 προειδὼς,
1204 573 1327 644 οὐχὶ
1377 573 1539 627 τοῦτο
1594 574 1778 646 μόνον,
1826 573 1970 629 ἀλλά
2004 575 2102 628 καὶ

510 659 703 729 ἕτερον
736 656 876 727 μετά
903 653 1096 709 τούτου
1150 655 1332 728 πολλῷ
1363 657 1552 729 μεῖξον
1588 657 1784 711 τούτου
1815 657 2098 727 ἐποίησεν.

513 741 645 796 Ὅτε
674 739 806 810 γοῦν
837 739 1093 794 ἐπέθεντο
1112 740 1263 811 αὐτῷ
1288 742 1338 795 οἰ
1366 742 1610 795 Ἰουδαῖοι
1635 740 1779 813 μετά
1813 739 2101 814 μαχαιρῶν

512 828 609 881 καί⁵
634 825 808 895 ξύλων
838 827 938 892 τὰς
972 830 1162 899 χεῖρας
1200 828 1526 892 ὁπλίσαντες
1571 827 1692 881 κατ’
1737 826 1940 892 αὐτοῦ,
1975 826 2101 879 τότε

514 913 725 978 πάντας
758 915 956 976 αὐτοὺς
1008 913 1295 983 ἐπήρωσε·
1336 912 1397 965 τὸ
1430 912 1539 984 γὰρ
1578 914 1789 976 είπείν,
1840 911 1981 966 Τίνα
2007 908 2103 978 ζη-

512 997 702 1063 τεῖτε;
737 997 895 1051 τοῦτο
950 996 1310 1068 ἐμφαίνοντος
1354 991 1444 1066 ῆν.
1502 995 1721 1069 Ἐπειδὴ
1783 995 1895 1068 γάρ
1944 994 2101 1063 ἔλεγε

516 1080 757 1152 συνεχῶς
784 1082 813 1134 6
850 1080 1072 1144 Ἰούδας·
1107 1080 1170 1135 Τί
1201 1078 1408 1135 θέλετέ
1447 1098 1551 1150 μοι
1576 1079 1813 1147 δοῦναι,
1851 1078 1953 1134 καί
1985 1076 2103 1148 ἐγὼ

513 1164 657 1233 ὑμῖν
688 1163 1023 1232 παραδώσω
1062 1165 1287 1229 αὑτόνς
1332 1163 1657 1235 βουλόμενος
1687 1164 1717 1217 6
1755 1162 1959 1235 Κύριος
2004 1162 2102 1216 καὶ

512 1249 640 1313 τοὺς
674 1248 961 1312 Ἰουδαίους
1000 1250 1222 1313 πεῖσαι,
1269 1249 1523 1303 κάκεῖνον
1555 1247 1798 1313 διδάξαι,
1838 1248 1923 1302 ὅτι
1957 1245 2100 1301 ἑκὼν

513 1331 732 1403 ἔρχεται
762 1330 857 1386 ἐπὶ
885 1331 951 1386 τδ
987 1331 1191 1397 πάθος,
1217 1333 1313 1385 καὶ
1338 1331 1400 1385 τὸ
1432 1332 1542 1385 πᾶν
1570 1331 1737 1385 αὐτοῦ
1769 1332 1915 1384 ἐστιν
1950 1341 2001 1392 ι,
2037 1330 2097 1383 οὐ

511 1415 612 1485 τῆς
639 1414 852 1468 ἐκείνου
879 1415 1220 1486 πανουργίας
1250 1414 1575 1487 δυνηθείσης
1620 1414 1787 1469 αὐτοῦ
1818 1413 2100 1485 περιγίνε-

515 1498 672 1562 σθαι,
705 1497 873 1553 αὐτοῦ
926 1498 1022 1552 τοῦ
1069 1499 1330 1570 προδότου
1378 1498 1519 1570 μετά
1556 1497 1775 1551 πάντων
1826 1496 2099 1559 ἑστῶτος,

513 1582 670 1653 φησὶ,
706 1583 847 1636 Τίνα
877 1582 1129 1652 (utsin;
1153 1582 1324 1648 οὕτως
1355 1583 1456 1637 οὐκ
1481 1582 1595 1655 ᾔδει
1620 1580 1679 1635 ὃν
1701 1580 1895 1653 ἔμελλε
1924 1597 2102 1648 παρα-

511 1667 734 1731 διδόναι,
767 1666 882 1721 ἀλλ’
910 1669 1202 1739 ὲπήρωσεν
1236 1666 1402 1722 αὐτοῦ
1429 1667 1530 1739 τὴν
1558 1665 1699 1737 ὄψιν·
1734 1665 1831 1719 καὶ
1860 1666 1921 1718 οὐ
1942 1664 2102 1718 τοῦτο

515 1749 700 1821 μόνον,
738 1749 874 1804 ἀλλά
923 1751 1018 1804 καὶ
1075 1750 1300 1814 ὑπτίους
1354 1751 1598 1813 ἅπαντας
1643 1747 1835 1823 ἔρριψε
1884 1746 1973 1801 διὰ
1999 1747 2101 1817 τῆς

513 1834 699 1904 φωνῆς
722 1833 949 1905 ταύτης.
975 1833 1089 1888 Καὶ
1122 1833 1311 1906 ἐπειδὴ
1340 1832 1475 1904 μηδὲ
1508 1832 1667 1888 τοῦτο
1700 1832 1900 1896 αὐτοὺς
1924 1833 2100 1884 ἐπιει-

512 1919 805 1989 κεστέρους
837 1917 1085 1989 ἐποίησε,
1113 1917 1251 1989 μηδὲ
1276 1918 1367 1971 τὸν
1392 1916 1587 1989 μιαρὸν
1616 1917 1825 1969 ἐκεῖνον
1842 1915 1945 1985 τῆς
1969 1931 2103 1985 προ·

512 2000 694 2065 δοσίας
724 2001 1056 2074 ἀπέστησεν,
1092 2000 1208 2055 ἀλλ’
1236 2000 1429 2072 ἔμενεν
1454 2000 1669 2065 ἀνίατος
1697 1997 1795 2066 ῶν,
1812 1998 1935 2052 οὐδὲ
1959 1997 2103 2052 οῦτω

514 2084 678 2139 πάλιν
701 2087 731 2139 6
754 2084 991 2156 Χριστὸς
1021 2084 1234 2156 ἀπέστη
1268 2085 1368 2156 τῆς
1402 2083 1534 2157 περὶ
1579 2082 1744 2138 αὐτὸν
1786 2081 2001 2146 εὐνοίας
2039 2100 2102 2136 τε

514 2169 610 2222 καὶ
643 2168 981 2239 ἐπιμελείας·
1014 2167 1128 2221 ἀλλ’
1160 2168 1262 2241 ὅρα
1319 2166 1437 2231 πῶς
1475 2165 1960 2237 ἐντρεπτικὼτατα
2003 2166 2105 2239 τῆς

515 2253 769 2319 άναιδοῦς
795 2252 1139 2308 καθάπτεται
1172 2252 1374 2324 ψυχῆς,
1424 2252 1519 2305 καὶ
1548 2250 1853 2322 φθέγγεται
1881 2252 2103 2323 ῥήματα

518 2337 679 2392 ἰκανά
707 2335 737 2377 ι)
761 2338 856 2391 καὶ
886 2336 1096 2408 λιθίνην
1129 2335 1368 2408 μαλάξαι
1415 2335 1679 2390 διάνοιαν.
1728 2335 1949 2408 Ἐπειδὴ
1994 2334 2104 2408 γάρ

514 2421 775 2494 ὥρμησεν
801 2422 965 2478 αὐτὸν
1000 2421 1249 2493 φιλῆσαι,
1273 2420 1329 2475 τί
1350 2438 1550 2493 φησινς
1582 2420 1790 2483 Ἰούδα,
1814 2418 2105 2489 φιλήματι

516 2508 624 2562 τὸν
666 2506 804 2560 Υιόν
830 2505 938 2561 τοῦ
965 2505 1283 2575 ἀνθρώπου
1305 2504 1684 2574 παραδίδως;
1705 2504 1826 2559 οὐδέ
1848 2503 1981 2558 αὐτὸ
2006 2503 2105 2574 τῆς

515 2588 806 2660 προδοσίας
849 2588 1084 2664 αἰσχύνῃ
1126 2588 1188 2642 τὸ
1247 2589 1463 2661 σχῆμα;
1521 2587 1708 2641 Ταῦτα
1736 2586 1794 2640 δὲ
1843 2585 2032 2656 ἔλεγεν
2076 2586 2105 2639 6

514 2672 752 2744 Χριστὸς
765 2672 1183 2745 καθαπτόμενος
1211 2672 1399 2737 αὐτοῦ,
1418 2673 1515 2726 καὶ
1544 2671 1643 2743 τῆς
1661 2669 1938 2743 προτέρας
1952 2669 2034 2742 [Ἠ
2048 2666 2104 2741 4]

517 2757 956 2829 ἀναμιμνήσκων
1010 2756 1322 2828 συνηθείας.
1369 2755 1511 2810 Ἀλλ’
1554 2756 1704 2827 ὅμως
1744 2752 1986 2808 τοσαῦτα
2011 2752 2105 2806 τοῦ

516 2841 724 2912 Κυρίου
765 2841 862 2895 καὶ
897 2843 1228 2913 ποιήσαντος
1272 2842 1367 2895 καὶ
1420 2840 1699 2906 εἰπόντος,
1741 2839 1842 2892 οὐκ
1887 2837 2107 2907 ἐγένετο

519 2923 747 2995 βελτίων
772 2925 1014 2991 ἐκεῖνος,
1044 2925 1100 2979 ού
1144 2924 1297 2997 παρά
1321 2926 1422 2997 τὴν
1460 2925 1557 2979 τοῦ
1600 2922 2108 2995 συμϐουλεύσαντος

518 3006 825 3070 ἀσθένειαν.
863 3009 1003 3063 ἀλλά
1030 3009 1184 3080 παρά
1208 3006 1309 3081 τὴν
1338 3009 1506 3063 αὐτοῦ
1555 3007 1830 3081 ρᾳθυμίαν
1867 3018 1914 3060 α.
1961 3006 2018 3059 '0
2050 3004 2108 3058 δὲ

516 3090 776 3163 Χριστὸς,
804 3092 985 3146 καίτοι
1022 3092 1200 3147 ταῦτα
1248 3092 1429 3147 πάντα
1460 3090 1748 3164 προειδὼς,
1778 3092 1839 3144 οὐ
1868 3089 2107 3144 διέλιπεν

517 3175 580 3241 ἐξ
606 3176 784 3247 ἀρχῆς
820 3175 985 3248 μέχρι
1014 3175 1203 3240 τέλους
1236 3176 1305 3231 τὰ
1342 3175 1475 3248 παρ’
1505 3174 1704 3231 ἑαυτοῦ
1728 3174 1947 3230 ἅπαντα
1986 3174 2108 3226 ἐπι-

516 3260 888 3333 δεικνύμενος.
924 3262 1109 3334 Ἀπερ
1140 3258 1234 3316 οὖν
1266 3263 1485 3318 ἅπαντα
1536 3262 1631 3315 καὶ
1672 3261 1822 3332 ἡμᾶς
1860 3259 2106 3324 εἰδότας,

518 3345 815 3417 ἀγαπητοὶ,
842 3345 1086 3417 συνεχῶς
1111 3347 1208 3400 καὶ
1244 3346 1540 3407 διαπαντὸς
1574 3346 1700 3409 τοὺς
1726 3342 2109 3415 ήμελημένους

517 3430 629 3483 τῶν
669 3428 921 3500 ἀδελφῶν
960 3429 1071 3483 τῶν
1120 3430 1408 3502 ἡμετέρων
1458 3428 1742 3501 ῥυθμίζειν
1789 3427 1881 3482 καὶ
1935 3426 2110 3496 φιλεῖν

519 3513 648 3587 χρὴ,
670 3514 774 3570 κᾶν
811 3510 977 3585 μηδὲν
1010 3515 1078 3569 ἐκ
1103 3515 1202 3586 τῆς
1227 3512 1539 3585 συμϐουλῆς
1560 3512 1779 3584 γίνηται
1801 3512 2011 3584 κέρδος.
2046 3507 2110 3563 Ei

518 3598 632 3669 γὰρ
663 3598 693 3652 6
719 3597 781 3652 τὸ
798 3598 950 3661 τέλος
972 3598 1128 3663 εἰδὼς
1148 3598 1393 3652 τοιοῦτον
1418 3598 1692 3668 ἐσόμενον,
1713 3596 1951 3667 τοσαύτῃ
1982 3596 2111 3667 περί

517 3682 613 3736 τὸν
640 3681 795 3737 οὐδὲν
828 3681 1091 3753 μέλλοντα
1118 3680 1464 3753 καρποῦσθαι
1493 3682 1559 3733 ἐκ
1595 3681 1694 3751 τῆς
1733 3679 2111 3751 παραινέσεως

518 3765 728 3838 ταύτης
756 3764 1031 3838 ἐχρήσατο
1060 3765 1307 3836 προνοίᾳ,
1334 3764 1496 3826 ποίας
1512 3763 1581 3818 ἂν
1595 3763 1678 3833 είη
1689 3780 1787 3833 μεν
1808 3761 1949 3827 ἄξιοι
1977 3778 2111 3830 συγ-

521 3847 753 3919 γνώμης
784 3846 969 3920 ήμεῖς,
1000 3847 1129 3902 ὅταν
1152 3849 1289 3921 μηδὲ
1314 3849 1413 3921 τὴν
1436 3847 1548 3901 τῶν
1575 3849 1921 3919 πραγμάτων
1948 3845 2115 3900 ἐκϐα-

524 3944 613 3987 σιν
647 3932 873 3997 εἰδότες,
908 3929 1053 3986 οὕτω
1086 3932 1186 4004 τῆς
1227 3932 1337 3986 τῶν
1366 3930 1600 4002 πλησίον
1641 3930 1917 4002 σωτηρίας
1946 3928 2111 4001 ῥαθυ-

529 4014 741 4087 μῶμεν,
778 4015 845 4068 ἐκ
880 4013 1107 4087 πρώτης
1130 4014 1228 4069 καὶ
1264 4015 1528 4086 δευτέρας
1563 4014 1761 4077 αὐτοὺς
1803 4010 2113 4084 συμϐουλῆς

525 4100 1101 4172 ἐγκαταλιμπάνοντες
1117 4118 1132 4166 ;
1157 4100 1311 4155 Μετά
1326 4101 1384 4154 δὲ
1404 4100 1512 4155 τῶν
1528 4098 1835 4171 εἰρημένων
1858 4098 2114 4151 ἀπάντων

524 4184 622 4238 καὶ
648 4184 719 4239 τά
751 4181 874 4237 καθ’
905 4184 1054 4255 ἡμᾶς
1086 4184 1286 4248 αὐτοὺς
1322 4184 1689 4254 ἐννοήσωμεν,
1719 4183 1801 4235 ὅτι
1831 4180 1952 4235 καθ’
1983 4180 2114 4234 ἐκά-

528 4282 662 4340 στην
690 4267 909 4338 ἡμέραν
939 4265 1036 4320 τοῦ
1082 4266 1220 4320 Θεοῦ
1252 4266 1390 4338 πρὸς
1421 4267 1571 4338 ἡμᾶς
1607 4265 1998 4336 διαλεγομένου
2026 4261 2116 4316 διὰ

524 4352 637 4406 τῶν
663 4350 994 4424 προφητῶν,
1042 4350 1131 4405 διά
1178 4351 1290 4404 τῶν
1324 4350 1663 4415 ἀποστόλων,
1707 4349 1829 4405 καθ’
1875 4348 2115 4419 ἑκάστην

528 4435 921 4508 παρακούομεν
945 4435 1044 4508 τὴν
1078 4435 1322 4507 ἡμέραν·
1359 4436 1453 4490 καὶ
1501 4436 1653 4507 ὅμως
1695 4435 1797 4488 οὐκ
1821 4433 2116 4503 ἀφίσταται

529 4522 627 4575 καὶ
648 4520 1031 4592 διαλεγόμενος
1047 4521 1143 4575 καὶ
1161 4518 1496 4592 παρακαλῶν
1515 4518 1603 4573 ἀεὶ
1625 4518 1751 4583 τοὺς
1767 4516 2116 4588 ἀφηνιῶντας

529 4605 627 4659 καὶ
656 4603 732 4678 μὴ
766 4605 1154 4677 προσέχοντας.
1188 4603 1299 4658 Καῖ
1323 4603 1422 4677 βοᾷ
1447 4602 1657 4666 Παῦλος
1689 4602 1886 4671 λέγων·
1935 4601 2116 4668 ’Υπὲρ

527 4688 787 4758 Χριστοῦ
809 4689 1242 4759 πρεσϐεύομεν,
1281 4689 1362 4754 ὡς
1393 4686 1501 4743 τοῦ
1526 4687 1675 4742 Θεοῦ
1707 4684 2119 4756 παρακαλοῦν-

530 4790 635 4839 τος
655 4770 729 4825 δι’
746 4769 939 4842 ήμῶν,
958 4770 1211 4841 δεόμεθα
1225 4772 1378 4839 ὑπὲρ
1399 4770 1681 4841 Χριστοῦ,
1699 4769 2119 4839 καταλλάγητε

530 4854 613 4923 τῷ
646 4853 790 4922 Θεῷ.
831 4855 895 4909 Εἰ
935 4855 1045 4927 γάρ
1077 4854 1186 4928 χρή
1234 4872 1288 4908 τι
1335 4856 1431 4910 καὶ
1471 4854 1789 4927 θαυμαστὸν
1829 4854 2025 4919 εἰπεῖν,
2054 4854 2119 4908 οὐ

527 4937 800 4994 τοσούτων
830 4938 1072 4993 ἐπαίνων
1097 4939 1246 5007 ἀξιος
1273 4939 1302 4993 6
1328 4936 1613 5012 προειδὼς,
1648 4940 1732 4994 ὅτι
1760 4943 2119 5015 πεισθήσεται

530 5022 750 5086 πάντως
782 5024 812 5077 6
839 5021 1130 5094 δεχόμενος
1167 5022 1268 5094 τὴν
1307 5021 1643 5094 συμϐουλὴν,
1679 5024 1776 5079 καὶ
1807 5025 1952 5082 οὓτω
1980 5045 2121 5099 συμ-

530 5105 824 5171 ϐουλεύων,
841 5105 917 5170 ὡς
933 5108 962 5160 6
985 5106 1247 5170 πολλάκις
1271 5106 1371 5178 μὲν
1397 5104 1570 5160 εἰπὼν
1586 5108 2121 5180 καί-,συμϐουλεύσας

531 5191 629 5245 καὶ
652 5189 966 5262 ἀποτυχὼν,
996 5192 1099 5246 οὐκ
1123 5192 1494 5264 ἀφιστάμενος
1528 5191 1585 5246 δὲ
1611 5188 1731 5246 οὐδὲ
1764 5193 1927 5249 οὕτω.

603 5319 708 5373 Τὸν
741 5319 842 5390 μὲν
876 5318 988 5393 γὰρ
1015 5314 1284 5393 πρότερον
1313 5314 1347 5391 ἠ
1378 5320 1475 5375 τοῦ
1515 5313 1911 5392 πεισθήσεσθαι
1964 5321 2121 5387 ἐλπὶς

529 5403 623 5455 τὸν
649 5402 937 5464 ἀκούοντα,
975 5403 1082 5459 κᾶν
1122 5405 1382 5459 ἀπάντων
1408 5402 1746 5475 νωθέστερος
1777 5400 1837 5479 ᾗ,
1861 5404 2120 5477 διεγείρει

529 5486 669 5558 πρὸς
689 5486 788 5559 τὴν
811 5485 1155 5560 παραίνεσιν·
1173 5480 1329 5551 οὗτος
1349 5487 1451 5542 δέό
1466 5487 1709 5559 συνεχῶς
1732 5487 2123 5560 συμϐουλεύων

596 5721 622 5789 _'
660 5720 796 5789 ηερε,
819 5725 900 5771 καὶ
920 5722 983 5789 ,τὸ
1003 5728 1095 5789 πάν
1115 5722 1262 5774 αὐτυῦ
1284 5725 1431 5787 ἐστιν,
1456 5726 1635 5776 desunt
1671 5722 1722 5775 in
1765 5724 1980 5789 quinque
2005 5737 2119 5774 mss.

594 5782 620 5824 δ
652 5784 748 5847 Hii
770 5787 898 5847 ῥῆμα
912 5787 1095 5847 ἰκανὸν.

599 5847 620 5873 ⁸
651 5841 850 5902 Ᾱὶίἱτὴν
873 5846 1016 5895 αὐτοῦ
1049 5847 1293 5909 πονηρίαν.

1225 376 1281 433 S.
1322 371 2136 433 1οΑΝΝΙδἘΗΒΥ505ΤΟΜΙ
2175 371 2498 434 ARCHIEP.
2542 377 3089 437 CONSTAN'I'INOP.
3509 360 3530 379 ’
3641 389 3720 444 οπο

507 492 681 546 λειαν·
709 488 825 543 ἀλλ’
861 488 1012 560 ὅμως
1037 488 1158 543 οὐδὲ
1182 488 1325 544 οῦτω
1355 487 1664 563 διωρθὼοη.
1692 490 1750 543 '0
1777 489 1833 545 δέ
1860 489 2098 561 Χριστὸς
2132 526 2137 531 ς

2211 488 2306 542 καὶ
2333 492 2803 565 παρακουόμενος,
2833 489 2954 549 εἶτα
2977 497 3081 551 οὐκ
3109 496 3482 568 ἀφιστάμενος,
3507 498 3723 572 θερμοτά-

2208 594 2309 650 της
2327 580 2422 633 καὶ
2442 583 2821 655 γνησιωτάτης
2836 583 3057 655 ἀγάπης
3073 584 3368 656 τεκμήριον
3392 586 3721 658 ἐπιδείκνυται,

2209 666 2387 721 ἐλπίδι
2434 669 2533 739 μὲν
2579 670 2809 743 οὐδεμιᾷ
2847 672 3072 744 τοιαύτῃ
3114 672 3471 744 τρεφόμενος,
3512 674 3659 731 διὰδὲ
3678 683 3724 732 τὸ

2210 756 2350 826 πρὸς
2378 756 2471 810 τὸν
2504 756 2773 814 ἀκούοντα
2801 759 3022 833 φίλτρον
3049 760 3208 831 μόνον
3239 761 3336 832 τῆς
3365 762 3485 834 περὶ
3509 762 3590 818 τὸν
3608 766 3726 820 ἀδελ-

2210 842 2309 914 φδν
2338 845 2439 900 οὐκ
2469 846 2840 919 ἀφιστάμενος
2870 849 3209 921 ἐπιμελείας.
3253 849 3392 903 Ἀλλ’
3428 850 3505 904 ὅτι
3533 853 3617 924 μὲν
3645 858 3725 927 χρὴ

2213 932 2483 1005 μηδέποτε
2514 934 2846 1004 ἀφίστασθαι
2873 937 2983 990 τῶν
3003 937 3389 999 πεπτωκότων.
3418 939 3517 994 κᾶν
3538 944 3735 1013 προειδό-

2208 1038 2302 1086 τες
2333 1016 2518 1094 ῶμεν,
2551 1023 2635 1076 ὅτι
2668 1024 2729 1077 οὐ
2762 1022 3150 1097 πεισθήσονται
3189 1027 3338 1097 ἡμῖν,
3373 1027 3560 1092 ἱκανῶς
3581 1029 3733 1083 ἀποδέ-

2208 1111 2439 1166 δεικται.
2465 1114 2557 1165 Δεῖ
2583 1112 2641 1165 δὲ
2663 1112 2847 1166 λοιπὸν
2879 1113 2973 1166 ἐπὶ
3003 1112 3103 1184 τήν
3144 1113 3253 1169 τῶν
3291 1115 3601 1185 τρυφώντων
3634 1135 3733 1171 κατ-

2209 1200 2440 1275 ηγορίαν
2466 1199 2702 1271 βαδίσαι.
2731 1201 2878 1266 Ἕως
2902 1202 3010 1274 γάρ
3041 1202 3108 1258 ἂν
3140 1203 3402 1278 ἐστήκῃή
3438 1205 3585 1278 ἑορτή
3604 1205 3730 1278 αὕτη,

2211 1290 2307 1344 καὶ
2327 1287 2397 1342 τά
2425 1287 2561 1359 ἕλκη
2590 1290 2693 1359 τῆς
2726 1289 2897 1361 μέθης
2925 1290 2985 1345 ἐν
3009 1292 3131 1356 ταῖς
3154 1290 3265 1346 τῶν
3295 1292 3585 1363 μεθυόντων
3602 1296 3731 1367 ἐργά-

2211 1380 2365 1445 ζεται
2396 1379 2596 1451 ψυχαῖς
2631 1381 2660 1433 6
2689 1378 2959 1446 διάϐολος,
2993 1382 3089 1435 καὶ
3116 1383 3264 1453 ἡμᾶς
3291 1381 3359 1437 τά
3380 1382 3624 1458 φάρμακα
3639 1386 3733 1440 ἐπι-

2209 1468 2413 1524 τιθέναι
2453 1471 2584 1542 χρή.

2283 1585 2358 1645 ς’.
2392 1578 2537 1644 Χθές
2562 1580 2661 1651 μὲν
2686 1575 2782 1635 οὖν
2812 1580 2905 1635 τὸν
2929 1580 3143 1636 Παῦλον
3166 1583 3349 1647 αὐτοῖς
3374 1584 3733 1654 ἐπετειχίσαμεν

2210 1668 2458 1738 λέγοντα·
2480 1670 2619 1723 Είτε
2641 1668 2895 1735 ἐσθίετε,
2918 1669 3040 1724 εἶτε
3064 1670 3289 1733 πίνετε,
3317 1668 3436 1725 εἴτε
3464 1686 3516 1724 τι
3538 1670 3733 1733 ποιεῖτε,

2210 1758 2411 1812 πάντα
2456 1760 2545 1826 εἰς
2582 1759 2773 1824 δόξαν
2816 1757 2967 1814 Θεοῦ
3013 1762 3253 1813 ποιεῖτε.
3306 1760 3544 1832 Σήμερον
3583 1758 3632 1813 δὲ
3667 1759 3734 1812 τὸν

2212 1846 2424 1899 Παύλου
2456 1846 2737 1919 Δεσπότην
2761 1846 3009 1918 δείξομεν
3035 1848 3239 1912 αὐτοῖς,
3268 1849 3389 1919 οὐχί
3424 1845 3735 1920 παραινοῦντα

2214 1934 2396 2005 μόνον,
2433 1933 2556 1988 οὐδέ
2589 1935 3031 2007 συμϐουλεύοντα
3056 1935 3362 2008 ἀπέχεσθαι
3393 1936 3610 2007 τρυφῆς,
3637 1934 3736 1987 ἀλλὰ

2211 2025 2308 2079 καί
2323 2022 2623 2090 κολάζοντα
2639 2026 2730 2079 τὸν
2752 2029 2811 2080 ἐν
2825 2029 3005 2099 τρυφῇ
3030 2025 3229 2090 ζῶντα,
3249 2028 3346 2080 καὶ
3361 2026 3589 2098 τιμωροῦ
3597 2041 3732 2097 μενον.

2224 2115 2290 2170 Ἠ
2323 2116 2431 2188 γάρ
2453 2113 2547 2170 τοῦ
2573 2115 2831 2171 πλουσίου
2862 2117 2957 2171 καὶ
2992 2116 3088 2171 τοῦ
3117 2116 3373 2184 Λαζάρου
3402 2117 3489 2171 καὶ
3511 2115 3609 2169 τῶν
3643 2117 3736 2169 ἐκα-

2212 2204 2394 2278 τέροις
2418 2205 2744 2277 συμϐάντων
2780 2206 2996 2278 ἱστορία
3023 2204 3177 2260 οὐδὲν
3215 2205 3403 2278 ἕτερον
3439 2206 3472 2277 ἢ
3517 2205 3653 2258 τοῦτο
3676 2205 3736 2259 ἐν·

2212 2292 2505 2350 δείκνυται.
2522 2295 2738 2351 Μᾶλλον
2759 2293 2837 2359 δέ,
2856 2294 2945 2349 ἵνα
2965 2294 3041 2367 μή
3063 2295 3361 2369 παρέργως
3384 2293 3532 2348 τοῦτο
3557 2295 3738 2362 ποιήσω-

2218 2400 2340 2456 μεν,
2358 2383 2568 2438 ἀνωθεν
2584 2384 2714 2456 ὑμῖν
2730 2383 2899 2456 αὐτὴν
2930 2382 3324 2454 ἀναγνώσομαι
3341 2383 3437 2455 τὴν
3459 2381 3737 2453 παραϐολήν.

2218 2474 2569 2542 ’Ἄνθρωπός
2607 2490 2699 2540 τις
2734 2469 2816 2544 ἦν
2864 2474 3192 2539 πλούσιος,
3235 2472 3339 2526 καί
3383 2470 3740 2527 ἐνεδιδύσκετο

2215 2562 2532 2632 πορφύραν
2553 2562 2652 2616 καὶ
2674 2563 2948 2628 βύσσον,
2990 2561 3465 2633 εὐφραινόμενος
3500 2560 3612 2614 καθ’
3632 2557 3740 2627 ὴμέ-

2206 2666 2330 2720 ραν
2349 2649 2657 2721 λαμπρῶς·
2673 2651 2909 2723 πτωχὸς
2928 2651 2997 2706 δέ
3023 2669 3112 2719 τις
3134 2647 3215 2724 ἥν
3237 2653 3484 2722 ὀνόματι
3512 2648 3740 2717 Λάζαρος.

2216 2740 2285 2807 ὃς
2308 2739 2593 2810 ἐϐέϐλητο
2621 2744 2709 2808 εἰς
2755 2742 2863 2795 τόν
2899 2739 3154 2795 πυλῶνα
3193 2740 3387 2795 αὐτοῦ
3419 2737 3740 2809 ἡλκωμένος.

2216 2827 2314 2881 καί
2342 2827 2648 2898 ἐπιθυμῶν
2674 2826 3080 2899 χορτασθῆναι
3117 2828 3235 2883 ἀπὸ
3282 2825 3404 2882 τῶν
3433 2825 3631 2897 ψιχίων
3654 2820 3744 2877 τῶν

2216 2919 2559 2973 πιπτόντων
2586 2918 2705 2974 ἀπὸ
2729 2917 2839 2985 τῆς
2855 2914 3143 2988 τραπέζης
3171 2915 3281 2972 τοῦ
3304 2917 3606 2972 πλουσίου·
3622 2909 3745 2967 ἀλλὰ

2216 3007 2314 3063 καί
2337 3010 2392 3062 οι
2419 3010 2603 3074 κύνες
2627 3005 2779 3080 [715]
2795 3007 3127 3077 ἐρχόμενοι,
3157 3004 3530 3075 περιέλειχον
3551 3003 3613 3057 τὰ
3631 3000 3746 3066 ἕλκη

2217 3096 2429 3152 αὐτοῦ.
2459 3096 2619 3159 Τίνος
2650 3095 2751 3165 μὲν
2783 3090 2878 3149 οὗν
2908 3093 3096 3148 ἕνεκεν
3121 3094 3180 3147 ἐν
3216 3091 3549 3166 παραϐολαῖς
3566 3088 3749 3145 ἐλάλειὸ

2217 3186 2521 3258 Δεσπότης,
2561 3186 2656 3239 καὶ
2697 3184 2752 3239 τί
2802 3184 3003 3257 δήποτε
3046 3184 3157 3238 τῶν
3197 3181 3525 3255 παραϐολῶν
3566 3179 3651 3240 τὰς
3675 3176 3750 3248 μὲν

2218 3275 2366 3342 ἔλυε,
2396 3275 2494 3340 τὰς
2517 3275 2574 3329 δὲ
2596 3275 2699 3329 οὐκ
2720 3274 2868 3341 ἔλυε,
2899 3274 2997 3330 καὶ
3017 3274 3072 3327 τί
3109 3273 3228 3328 πότ’
3261 3273 3415 3327 ἐστιν
3438 3274 3471 3345 ή
3497 3265 3749 3342 παραϐολὴ.

2219 3369 2315 3422 καὶ
2340 3369 2442 3423 ὅσα
2483 3368 2746 3429 τοιαῦτα,
2778 3367 2860 3431 εἰς
2902 3365 3091 3439 ἕτερον
3136 3363 3333 3434 καιρὸν
3378 3355 3748 3436 ταμιευσόμεθοο

2218 3457 2361 3511 ὥστε
2391 3456 2469 3530 μή
2528 3455 2625 3511 τοῦ
2676 3455 3096 3525 κατεπείγοντος
3123 3453 3434 3524 ἀποστῆναι
3479 3451 3622 3519 λόγου
3658 3445 3748 3498 νῦν·

2218 3546 2398 3600 ἐκεῖνο
2427 3545 2487 3599 δὲ
2529 3544 2671 3609 τέως
2699 3544 2839 3617 πρὸς
2889 3545 3038 3615 ὑμᾶς
3078 3544 3318 3615 ἐροῦμεν
3345 3541 3521 3613 μόνον,
3561 3536 3635 3600 τίς
3666 3536 3752 3587 ἐστι

2220 3634 2329 3689 τῶν
2359 3632 2767 3704 εὐαγγελιστῶν
2785 3635 2816 3688 6
2838 3630 2938 3705 τὴν
2953 3631 3270 3705 παραϐολὴν
3284 3630 3500 3701 ,ταύτην
3526 3622 3753 3698 εἰρηκέναι

2219 3722 2315 3776 τὸν
2342 3723 2581 3795 Χριστὸν
2610 3720 2800 3777 είπών.
2833 3721 2930 3785 Τίς
2949 3716 3043 3775 οὖν
3075 3721 3257 3786 ἐστιν;
3301 3720 3363 3774 '0
3380 3716 3584 3778 Λουκᾶς

2221 3814 2333 3869 Καὶ
2360 3813 2470 3886 γὰρ
2498 3813 2594 3868 καὶ
2618 3812 2778 3867 τοῦτο
2804 3811 3100 3880 ἀναγκαῖον
3130 3809 3355 3873 εἰδέναι,
3403 3810 3485 3863 ὅτι
3518 3805 3615 3861 τῶν
3638 3804 3753 3872 εἰρη-

2226 3904 2406 3976 μένων
2443 3901 2512 3955 τά
2558 3901 2658 3973 μὲν
2694 3903 2744 3955 οἰ
2780 3900 3046 3971 τέσσαρες
3085 3895 3261 3965 εἶπον,
3310 3898 3379 3953 τά
3417 3897 3474 3953 δέ
3505 3894 3614 3950 κατ’
3652 3891 3754 3944 ἰδίαν

2222 3991 2456 4054 ἕκαστος
2488 3988 2798 4043 ἀπολαϐών.

2297 4106 2454 4170 Τίνος
2504 4105 2725 4173 ἐνεκεν;
2787 4105 2907 4160 Ἵνα
2957 4104 3052 4158 καὶ
3109 4103 3219 4157 τῶν
3268 4100 3475 4156 λοιπιῖιν
3532 4093 3756 4166 ἀναγκαία

2224 4200 2357 4269 ἡμῖν
2395 4198 2431 4270 ή
2476 4195 2786 4263 ἀνάγνωσις
2833 4192 3080 4263 γένηται,
3121 4192 3218 4246 καὶ
3256 4190 3319 4244 τὺ
3361 4190 3460 4261 τῆς
3493 4182 3757 4259 συμφωνίας

2223 4287 2504 4361 ἐξαίρετον
2557 4285 2813 4356 διαφανῆ.
2876 4284 2939 4337 El
3009 4282 3108 4353 μὲν
3164 4281 3275 4353 γάρ
3334 4280 3534 4343 πάντες
3588 4278 3756 4332 ᾶπσπα

2225 4373 2400 4441 εἷπον,
2440 4375 2542 4429 οὐκ
2581 4373 2649 4429 ἂν
2683 4375 2819 4428 πᾶσι
2855 4370 2994 4443 μετά
3023 4370 3260 4440 σπουδῆς
3288 4368 3657 4442 προσείχομεν,
3683 4363 3756 4430 ἀρ·

2224 4465 2450 4529 κοῦντος
2494 4464 2615 4527 ἐνὸς
2659 4460 2869 4527 διδάξαι
2908 4459 2971 4513 τὸ
3015 4460 3159 4513 πᾶν·
3196 4460 3245 4512 εἰ
3289 4457 3593 4529 δὲ’πάντες
3622 4452 3757 4507 πάπο

2227 4550 2605 4624 ἐξηλλαγμένα
2644 4544 2821 4613 εἶπον,
2853 4548 2955 4603 οὐκ
2992 4544 3059 4600 ἂν
3082 4546 3258 4615 ἐφάνη
3279 4544 3342 4600 τὸ
3365 4544 3467 4615 τῆς
3493 4537 3759 4613 συμφωνίας

2229 4644 2526 4715 ἐξαίρετον.
2563 4639 2663 4694 Διά
2686 4636 2846 4692 τοῦτο
2878 4637 2973 4691 καὶ
3010 4636 3165 4705 κοινῇ
3211 4633 3413 4697 πάντες
3450 4631 3611 4685 πολλά
3635 4629 3759 4715 ἐγρα-

2226 4710 2365 4802 ψαν,
2414 4730 2507 4785 καὶ
2544 4729 2664 4783 κατ’
2701 4725 2837 4782 ἰδίαν
2878 4724 3109 4786 ἕκαστος
3159 4720 3470 4776 ἀπολαϐών.
3503 4718 3664 4790 Ὅπερ
3693 4710 3763 4769 οἷν

2227 4818 2462 4889 Χριστὸς
2509 4814 2600 4869 διὰ
2640 4814 2741 4886 τῆς
2782 4810 3104 4884 παραϐολῆς
3143 4810 3407 4874 διδάσκει,
3438 4806 3593 4863 τοῦτό
3627 4808 3758 4859 ἐστιν.

2230 4906 2554 4980 Ἀνθρωπος
2581 4921 2687 4969 τις,
2711 4903 2898 4974 φησὶν,
2926 4896 2995 4973 ἦν
3018 4899 3273 4963 πλούσιος
3315 4898 3485 4970 κακίᾳ
3509 4895 3660 4966 πολλῇ
3693 4908 3763 4944 συ-

2228 4997 2361 5063 ζῶν,
2387 4995 2642 5067 οὐδεμιᾶς
2670 4993 2864 5062 πεῖραν
2894 4989 3108 5061 ἐδέχετο
3135 4989 3445 5059 συμφορᾶς,
3470 4985 3600 5041 ἀλλά
3622 4980 3763 5047 πάντα

2227 5085 2379 5158 αὐτῷ
2409 5084 2602 5155 ῶσπερ
2623 5084 2688 5136 ἐκ
2710 5078 2902 5150 πηγῶν
2936 5077 3180 5150 ἐπέρρει.
3205 5077 3331 5131 Ὅτι
3373 5074 3485 5146 γάρ
3511 5072 3649 5128 οὐδὲν
3679 5067 3764 5124 τῶν

2228 5173 2510 5242 ἀδοκήτων
2537 5167 2852 5224 συνέϐαινεν
2893 5165 3076 5237 αὐτῷ,
3113 5164 3222 5219 οὐδ’
3249 5163 3490 5234 ἀθυμίας
3515 5159 3762 5242 ὑπόθεσις,

2228 5263 2341 5318 οὐδ’
2381 5236 2670 5331 ἀνωμαλία
2700 5274 2787 5321 τις
2821 5236 3072 5326 βιωτικῆ,
3113 5251 3247 5308 αὐτὸ
3276 5251 3438 5305 τοῦτο
3483 5248 3683 5321 ᾐνίξατο

2230 5349 2473 5417 εἰπεῖντί,
2498 5327 2581 5403 δτι
2614 5343 2942 5419 ηὐφραίνετο
2982 5344 3106 5397 καθ’
3139 5341 3372 5414 ἡμέραν,
3398 5340 3514 5392 ’Ότι
3550 5337 3604 5389 δὲ
3631 5327 3764 5395 κακίᾳ

2233 5442 2455 5515 συνέζη,
2485 5438 2642 5511 δῆλον
2676 5437 2774 5509 μὲν
2798 5433 2892 5491 καὶ
2927 5436 2993 5489 ἐκ
3015 5432 3109 5488 τοῦ
3138 5432 3394 5504 λαχόντος
3418 5426 3563 5498 αὐτῷ
3584 5422 3766 5479 τέλους.

2232 5534 2328 5589 καὶ
2350 5533 2457 5605 πρὸ
2476 5529 2571 5585 τοῦ
2598 5528 2785 5591 τέλους
2818 5526 2876 5580 δὲ
2903 5527 2970 5579 ἐκ
3010 5524 3112 5595 τῆς
3143 5539 3210 5577 πε
3220 5525 3272 5596 ρὶ
3301 5520 3393 5574 τὸν
3424 5520 3620 5587 πένητα

2237 5593 2410 5695 μένης
2436 5618 2758 5691 ὑπεροψίας.
2790 5615 2913 5669 Ὅτι
2954 5593 3076 5684 γάρ-
3103 5612 3164 5666 οὐ
3203 5593 3359 5684 μόνον
3389 5607 3588 5662 ἐκεῖνον
3620 5599 3695 5655 τὸν
3721 5593 3767 5647 ιν

2298 5844 2325 5885 d
2348 5844 2495 5895 Savil.
2522 5844 2590 5907 τῷ
2618 5840 2776 5889 εἰπεῖν.
