3958 6432
312 363 440 430 969

318 493 513 538 autem
538 482 583 538 si
618 482 737 539 lucc
764 481 1251 545 animadvertisset,
1297 485 1562 552 ingentem
1606 497 1669 537 ex
1701 481 1801 537 hac
1829 483 1913 538 ul-

319 574 484 630 tione
507 574 740 645 cepisset
766 573 1063 628 utilitatem.
1106 570 1211 627 Sed
1263 578 1438 625 tamen
1487 586 1554 627 ne
1597 572 1677 628 sic
1703 572 1915 643 quidem

327 673 613 721 correctus
641 672 745 721 est.
772 663 1017 721 Christus
1034 671 1214 721 autem
1244 662 1494 732 prmscius
1508 662 1678 718 ethoc
1696 675 1918 719 eventu-

328 769 485 824 rum,
515 770 623 812 non
649 756 752 812 hoc
792 763 1017 819 tantum,
1050 769 1237 810 verum
1266 754 1426 810 etiam
1450 754 1595 810 aliud
1620 755 1722 811 hoc
1751 757 1923 811 multo

329 848 518 918 majus
545 845 742 903 eﬂ'ecit.
771 844 905 902 Cum
931 844 1121 916 gladiis
1158 853 1212 899 et
1254 842 1481 899 fustibus
1518 844 1707 900 armati
1735 857 1927 900 manus

332 939 400 994 in
430 939 603 1010 ipsum
644 945 895 1008 pararent
938 936 1160 1007 injicere
1196 934 1391 1009 Judaei,
1420 943 1529 991 tum
1575 935 1696 992 illos
1739 948 1934 991 omnes

333 1028 656 1085 excmeavit.
689 1028 743 1082 ld
773 1027 914 1084 enim
964 1026 1273 1094 declaravit,
1318 1041 1439 1083 cum
1479 1026 1682 1083 diceret
1714 1039 1733 1081 :
1766 1024 1929 1091 Quem

333 1119 570 1187 quatrii'is
614 1117 793 1191 (Joan.
847 1118 933 1174 18.
964 1116 1059 1189 4)?
1101 1117 1232 1173 Cum
1262 1117 1403 1173 enim
1433 1116 1597 1173 Judas
1628 1118 1932 1188 frequenter

336 1213 603 1273 dixisset:
639 1210 773 1279 Quid
812 1212 958 1266 vultis
1001 1211 1127 1265 mihi
1164 1210 1305 1276 dare,
1349 1221 1397 1266 et
1434 1227 1527 1282 ego
1569 1209 1705 1266 vobis
1730 1210 1931 1265 tradam

337 1320 463 1358 eum
492 1302 703 1377 (Matth.
731 1302 823 1359 26.
853 1302 979 1373 15)?
1017 1302 1106 1359 ille
1139 1302 1325 1358 volens
1351 1301 1549 1358 Iudaeis
1587 1301 1928 1372 persuadere,

337 1393 773 1465 discipulumque
791 1392 1010 1459 docere,
1033 1408 1095 1449 se
1121 1394 1386 1450 volentem
1404 1392 1471 1448 ad
1498 1403 1723 1448 mortem
1750 1393 1850 1458 ire,
1879 1401 1934 1448 et

341 1484 533 1540 omnia
562 1485 727 1557 ipsius
751 1500 894 1552 esse,
924 1500 1024 1542 nec
1050 1484 1203 1541 Judm
1227 1484 1428 1540 malitia
1455 1485 1649 1539 victum
1672 1485 1777 1540 huc
1794 1484 1932 1554 adigi

343 1579 611 1650 potuisse,
654 1581 771 1649 ipso
815 1579 1087 1649 proditore
1126 1594 1247 1634 eum
1296 1578 1506 1647 ueteris
1547 1578 1794 1634 omnibus
1836 1579 1934 1632 ad-

343 1679 548 1737 stante,
571 1669 749 1739 Quem,
774 1670 962 1741 inquit,
982 1670 1244 1742 quiet-itis?
1260 1669 1405 1726 Itane
1422 1685 1527 1724 non
1542 1676 1764 1724 noverat
1777 1684 1936 1740 quem

346 1773 474 1819 erat
504 1763 841 1834 proditurus?
871 1764 979 1821 Sed
1029 1765 1285 1820 Dominus
1327 1764 1623 1820 obcaecarat
1648 1764 1787 1820 illius
1811 1777 1940 1819 ocu—

352 1856 461 1920 los,
491 1869 587 1910 nec
609 1854 661 1911 id
687 1854 881 1920 solum,
904 1870 1086 1922 verum
1111 1855 1268 1911 etiam
1294 1869 1481 1911 omnes
1509 1854 1609 1910 hac
1629 1869 1763 1910 voce
1790 1869 1941 1909 resu-

355 1945 571 2015 pinatus
594 1945 791 2015 deiecit
831 1947 883 2002 in
916 1955 1134 2002 terram.
1180 1945 1281 2002 Ubi
1325 1958 1455 2001 vero
1481 1960 1581 2001 nec
1608 1960 1671 2002 ea
1706 1961 1793 2002 res
1821 1945 1940 2000 illos

362 2037 598 2106 reddidit
640 2038 1002 2103 humaniores,
1035 2053 1209 2109 neque
1235 2039 1553 2097 sceleratum
1583 2037 1731 2093 illum
1753 2052 1783 2092 a
1814 2052 1940 2108 pro-

360 2128 566 2185 ditione
592 2129 879 2197 revocavit,
898 2129 995 2186 sed
1018 2129 1393 2199 perseverabat
1418 2128 1745 2196 insanabilis,
1777 2145 1844 2209 ne
1864 2130 1947 2185 sic
2005 2128 2017 2138 '

362 2220 578 2290 quidem
602 2221 867 2277 alienatus
890 2230 974 2278 est
999 2222 1271 2288 Dominus,
1305 2235 1412 2292 quo
1446 2220 1626 2276 minus
1653 2236 1841 2277 rursus
1865 2220 1944 2275 illi

362 2324 479 2368 tum
504 2313 954 2385 benevolentiam,
987 2323 1096 2368 tum
1122 2328 1313 2369 curam
1334 2313 1688 2383 impenderet.
1710 2311 1815 2368 Sed
1846 2326 1946 2383 age

363 2405 668 2473 considera,
700 2420 858 2476 quam
895 2414 1192 2476 opportune
1234 2405 1597 2476 impudentem
1626 2411 1806 2475 tangat
1827 2406 1945 2457 aui-

364 2513 535 2562 mum,
560 2505 615 2557 et
641 2511 704 2553 ea
729 2496 991 2568 loquatur,
1019 2513 1138 2568 quae
1160 2497 1245 2552 vel
1270 2512 1483 2554 saxeam
1502 2505 1735 2553 utentem
1750 2502 1949 2565 queant

365 2590 634 2647 emollire.
687 2590 897 2645 Etenim
940 2590 1100 2645 simul
1144 2598 1305 2660 atque
1343 2589 1507 2646 ludas
1536 2588 1856 2644 accessisset
1880 2586 1949 2641 ad

364 2701 491 2741 eum
521 2683 874 2748 osculaturus,
901 2682 1029 2754 quid
1056 2682 1166 2738 ait?
1186 2682 1350 2752 Iuda,
1377 2680 1552 2739 osculo
1564 2680 1758 2737 Filium
1780 2680 1949 2736 honu-

369 2777 455 2831 nis
480 2773 651 2845 prodis
677 2773 827 2846 (Luc.
847 2773 938 2829 22.
966 2772 1097 2846 48)?
1126 2772 1235 2830 Nec
1262 2773 1374 2844 ipsa
1400 2772 1717 2844 proditionis
1746 2773 1952 2843 species

369 2865 628 2946 pudorem
651 2864 873 2925 incutit?
898 2864 1024 2921 Haec
1046 2872 1227 2920 autem
1252 2864 1466 2920 dicebat
1503 2872 1693 2920 tasans
1723 2878 1789 2920 ac
1812 2879 1950 2934 pun-

367 2970 504 3025 gens
528 2955 695 3022 illum,
736 2955 1079 3026 pristinazque
1106 2954 1591 3012 commonefaeiens
1612 2954 1953 3012 consuetudi-

370 3049 477 3102 nis.
506 3049 753 3102 Attameu
783 3061 904 3101 cum
946 3046 1190 3102 Christus
1218 3054 1326 3101 tam
1369 3047 1537 3102 multa
1577 3055 1687 3102 tum
1716 3046 1950 3116 fecisset,

370 3151 488 3195 tum
517 3138 757 3203 dixisset,
790 3139 881 3193 ille
908 3147 1084 3193 tamen
1112 3137 1278 3193 nihilo
1299 3136 1469 3193 factus
1496 3146 1580 3213 est
1605 3138 1814 3205 melior,
1845 3153 1954 3192 non

371 3232 520 3302 quod
548 3247 731 3303 parum
761 3240 905 3287 esset
930 3240 1122 3303 potens
1139 3232 1228 3303 qui
1256 3214 1528 3300 monebat,
1562 3233 1658 3287 sed
1696 3231 1838 3303 quod
1867 3232 1957 3289 ille

373 3339 587 3380 vecors.
635 3324 882 3381 Christus
922 3334 1102 3381 autem
1146 3339 1267 3381 cum
1298 3325 1413 3381 haec
1437 3326 1615 3381 omnia
1662 3326 1952 3396 prtesciret,

373 3431 485 3471 non
511 3415 668 3471 desiit
693 3425 869 3471 tamen
894 3415 962 3471 ab
989 3416 1142 3472 initio
1169 3432 1338 3486 usque
1360 3416 1425 3471 ad
1450 3417 1608 3473 tinent
1634 3432 1785 3473 suam
1810 3416 1960 3472 exhi-

374 3507 510 3562 bere
533 3507 935 3578 benignitatem.
964 3507 1030 3579 Et
1054 3521 1152 3562 nos
1181 3507 1338 3579 igitur
1361 3522 1481 3563 cum
1498 3506 1612 3563 haec
1632 3507 1956 3573 noverimus,

374 3599 745 3667 dilectissimi,
793 3599 1049 3656 debemus
1088 3600 1500 3672 infatigabiliter,
1555 3615 1619 3655 ac
1664 3614 1762 3670 per
1804 3614 1962 3656 omne

377 3702 594 3762 tempus
612 3692 803 3748 fratres
822 3702 1035 3748 nostros
1055 3694 1322 3765 neglectos
1347 3694 1610 3748 instruere
1632 3707 1697 3748 ac
1719 3706 1960 3762 monere,

375 3783 591 3838 etiamsi
634 3783 764 3838 nihil
807 3799 873 3840 ex
902 3784 1266 3841 admonitione
1306 3786 1509 3840 fructus
1548 3785 1620 3840 sit
1644 3784 1961 3840 rediturum.

381 3875 597 3931 Etenim
627 3876 672 3931 si
697 3876 953 3932 Dominus
981 3877 1071 3948 qui
1102 3886 1442 3948 pramoverat
1487 3877 1790 3948 huiusmodi
1816 3876 1962 3932 futu-

381 3981 504 4021 rum
531 3978 801 4036 eventum,
830 3966 932 4024 hac
958 3983 1086 4024 usus
1127 3977 1211 4025 est
1247 3968 1608 4025 sollicitudine
1647 3982 1775 4041 erga
1819 3984 1964 4034 eum,

378 4060 479 4131 qui
526 4060 657 4115 nihil
700 4059 902 4116 fructus
930 4061 1133 4117 laturus
1158 4070 1275 4117 erat
1321 4076 1387 4117 ex
1433 4061 1835 4117 admonitione:
1863 4077 1965 4132 qua

378 4150 605 4207 tandem
630 4152 785 4208 venia
815 4153 961 4224 digni
991 4152 1248 4208 fuerimus
1272 4168 1387 4218 nos,
1413 4153 1479 4219 si,
1502 4168 1625 4208 cum
1647 4154 1879 4209 incertus
1899 4154 1970 4208 sit

376 4242 547 4297 nobis
575 4256 754 4297 rerum
796 4250 1039 4304 eventus,
1083 4240 1218 4297 adeo
1261 4241 1516 4296 socordes
1543 4242 1801 4297 fuerimus
1825 4241 1968 4298 circa

388 4335 619 4405 proximi
663 4334 910 4399 salutem,
939 4341 1058 4403 post
1082 4348 1240 4387 unam
1271 4340 1432 4402 atque
1472 4332 1694 4387 alteram
1723 4331 1967 4387 admoui-

390 4428 593 4484 tionem
622 4442 717 4483 eos
743 4425 1083 4482 deserentes?
1126 4425 1364 4496 Denique
1404 4432 1604 4495 praeter
1652 4424 1767 4479 huic
1793 4424 1969 4478 omnia

390 4535 514 4589 quae
535 4519 674 4575 dicta
702 4530 849 4586 sunt,
876 4520 1036 4574 etiam
1066 4518 1276 4588 quid-in
1305 4517 1458 4573 nobis
1477 4517 1608 4587 ipsis
1621 4517 1974 4572 accidatcon-

392 4609 714 4676 sideremus,
744 4617 1053 4681 reputantes
1070 4608 1211 4679 quod
1231 4623 1349 4664 cum
1375 4608 1538 4664 Deum
1563 4609 1716 4664 nobis
1735 4609 1974 4679 quotidie

396 4699 713 4769 loquentem
733 4715 831 4770 per
848 4700 1155 4771 prophetas,
1175 4715 1269 4770 per
1287 4700 1558 4770 apostolos
1578 4701 1868 4755 oscitanter
1883 4717 1977 4757 au-

394 4792 629 4859 diamus,
657 4791 796 4848 haud
824 4801 1001 4849 tamen
1027 4793 1224 4848 desinit
1247 4794 1331 4848 vel
1356 4793 1647 4862 appellare,
1676 4793 1759 4848 vel
1781 4792 1977 4848 docere

399 4886 629 4941 rebelles
657 4900 948 4956 parumque
988 4894 1239 4941 attentos.
1271 4884 1411 4954 Quin
1442 4893 1497 4940 et
1525 4884 1720 4939 Paulus
1760 4884 1976 4950 clamat,

395 4979 584 5032 dicens
609 4995 624 5031 :
648 4976 755 5031 Pro
777 4976 975 5032 Christo
1001 4977 1247 5048 legatione
1276 4976 1555 5048 fungimur,
1587 4985 1841 5046 tamquam
1869 4972 1981 5029 Deo

399 5084 490 5140 per
510 5084 601 5123 nos
621 5067 928 5133 obsecrante,
956 5083 1194 5138 rogamus
1216 5084 1309 5138 pro
1331 5067 1548 5133 Christo,
1589 5064 1982 5120 reconciliamini

399 5159 512 5214 Deo
534 5158 616 5230 (Ω.
644 5158 763 5215 Cor.
790 5158 845 5214 5.
872 5156 987 5231 20).
1011 5157 1165 5224 Quod
1188 5158 1233 5213 si
1257 5158 1541 5215 dicendum
1562 5157 1758 5228 aliquid
1779 5172 1980 5212 novum

398 5259 457 5306 et
473 5248 863 5315 admirandum,
880 5248 1019 5305 haud
1041 5249 1367 5304 tantumdem
1382 5249 1556 5305 laudis
1574 5259 1807 5306 meretur
1831 5249 1877 5304 is
1892 5248 1984 5319 qui

402 5345 619 5415 prmscit
641 5342 898 5411 futurum,
928 5352 986 5399 ut
1025 5344 1070 5399 is
1097 5344 1186 5415 qui
1216 5344 1497 5399 consilium
1542 5343 1735 5412 accipit
1772 5342 1982 5398 obtem-

404 5442 575 5506 peret,
605 5444 765 5506 atque
789 5435 860 5489 ita
889 5435 941 5489 in
970 5433 1298 5490 consulendo
1318 5441 1644 5504 perseverat,
1667 5441 1921 5504 quantum
1938 5433 1985 5487 is

400 5527 495 5599 qui
520 5527 829 5598 frequenter
869 5526 1140 5598 loquutus,
1185 5526 1490 5598 frequenter
1535 5527 1768 5582 adhibita
1808 5526 1985 5583 moni-

407 5618 574 5684 tione,
605 5617 890 5674 frustratus
917 5626 1020 5685 est,
1053 5632 1152 5674 nec
1177 5617 1255 5673 sic
1277 5626 1453 5673 tamen
1479 5617 1706 5674 destitit.

481 5707 612 5764 Plus
627 5720 843 5764 meretur
866 5711 950 5782 qui
974 5720 1120 5764 curat
1144 5710 1492 5764 insanabilem.
1510 5740 1580 5750 —-
1600 5710 1731 5766 Nam
1754 5710 1985 5780 priorem

405 5796 561 5851 illum
588 5812 714 5869 spes
736 5800 925 5859 futuras
949 5801 1204 5859 auditoris
1229 5801 1611 5874 obsequentiar,
1651 5801 1862 5859 etiamsi
1896 5818 1984 5860 sc-

1556 371 1641 425 DE
1665 368 1938 425 LAZARO
1975 366 2218 423 CONClO
2256 367 2300 422 Ι.

3492 368 3597 425 9Ἲο

2021 486 2311 554 gnissimus
2341 485 2518 550 fuerit,
2542 484 2739 541 excitat
2767 483 2835 539 ad
2858 483 3090 539 officium
3107 483 3456 540 admonendi:
3475 498 3603 539 cena

2024 589 2104 634 tra
2135 579 2220 633 hic
2246 592 2366 633 cum
2397 577 2609 633 assidue
2637 585 2873 640 moneat,
2903 589 3002 631 nec
3029 574 3296 642 audiatur,
3322 589 3422 630 nec
3446 583 3605 631 eota-

2025 689 2148 728 tnen
2175 671 2416 736 desistat,
2458 669 2831 724 fervidissimae
2877 667 3156 739 cujusdam
3204 682 3269 724 ac
3315 667 3607 723 verissimae

2026 765 2265 822 caritatis
2310 769 2685 832 argumentum
2715 759 2933 830 praebet,
2968 759 3059 830 qui
3101 773 3225 814 cum
3253 759 3397 813 nulla
3445 756 3606 813 simili

2028 872 2125 927 spe
2151 857 2343 920 alatur,
2375 864 2551 909 tamen
2579 852 2650 908 ob
2688 851 2795 906 vim
2833 850 3031 905 amoris
3072 863 3199 918 erga
3245 847 3466 902 fratrem
3505 862 3610 901 non

2030 949 2226 1006 desinit
2252 947 2393 1002 illius
2421 960 2578 1017 agere
2604 957 2811 1001 curam.
2837 940 3035 997 Verum
3080 954 3187 994 non
3227 949 3477 1009 oportere
3514 952 3614 992 nos

2035 1054 2285 1110 umquam
2311 1036 2572 1094 desistere
2598 1049 2629 1090 a
2656 1049 2784 1089 cura
2806 1018 3100 1103 lapsorum,
3128 1030 3338 1086 etiamsi
3369 1029 3615 1099 praescia-

2035 1147 2155 1187 mus
2183 1130 2304 1186 illos
2327 1128 2482 1185 nobis
2509 1142 2616 1183 non
2642 1126 3125 1196 obtemperaturos,
3156 1120 3367 1177 abunde
3386 1119 3614 1175 demon-

2035 1233 2259 1278 stratum
2285 1230 2390 1277 est.
2417 1220 2675 1289 Superest
2700 1225 2758 1271 ut
2800 1216 2866 1270 ad
2908 1229 3096 1271 eorum
3138 1211 3616 1283 reprehensionem

2036 1324 2390 1378 transeamus,
2416 1311 2507 1380 qui
2533 1307 2740 1365 deliciis
2769 1305 3059 1376 indulgent.
3089 1304 3267 1358 Donec
3289 1302 3429 1357 enim
3458 1301 3616 1356 dura-

2037 1407 2105 1461 rit
2148 1405 2249 1459 hoc
2295 1403 2513 1466 festum,
2555 1399 2731 1467 donec
2771 1396 3046 1454 ebrietatis
3090 1392 3310 1450 vulnera
3355 1393 3618 1448 mentibus

2037 1497 2373 1551 ebriosorum
2406 1493 2657 1549 indixerit
2683 1490 2947 1556 diabolus,
2973 1494 3188 1559 oportet
3218 1494 3274 1542 et
3303 1500 3400 1541 nos
3424 1484 3614 1540 admo-

2039 1605 2164 1645 vere
2192 1588 2444 1645 remedia.

2112 1681 2165 1736 6.
2208 1680 2330 1737 Heri
2353 1678 2565 1750 quidem
2590 1673 2938 1745 Paulumillis
2958 1672 3305 1743 Opposuimus
3332 1670 3617 1725 diccntenr:

2044 1772 2164 1829 Sive
2190 1770 2358 1837 editis,
2389 1770 2490 1824 sive
2515 1767 2701 1834 bibitis,
2732 1767 2835 1822 sive
2860 1764 3001 1819 aliud
3029 1763 3213 1836 facitis,
3238 1762 3407 1816 omnia
3429 1761 3480 1815 in
3509 1761 3622 1829 glo-

2041 1867 2172 1918 riam
2202 1863 2291 1917 Dei
2332 1863 2483 1933 facite
2512 1861 2587 1931 (l.
2632 1859 2751 1914 Cor.
2788 1858 2876 1915 10.
2921 1856 3038 1927 5i).
3087 1855 3255 1910 Hodie
3282 1868 3410 1908 vero
3452 1852 3624 1922 ipsum

2045 1956 2194 2013 Pauli
2227 1955 2509 2011 Dominum
2538 1954 2642 2009 illis
2669 1951 3025 2023 proferemus,
3073 1962 3178 2004 non
3228 1945 3389 2001 modo
3435 1959 3626 1999 consu-

2048 2052 2244 2106 lentem
2292 2058 2384 2104 aut
2428 2055 2733 2103 monentem
2774 2060 2805 2098 a
2850 2043 3053 2098 deliciis
3100 2040 3391 2104 abstinere,
3441 2052 3627 2092 verum

2048 2143 2206 2200 etiam
2239 2142 2582 2199 insultantem
2608 2153 2671 2193 ac
2708 2136 3015 2207 punientem
3043 2148 3188 2197 eum,
3224 2130 3315 2200 qui
3343 2128 3394 2184 in
3425 2127 3631 2183 deliciis

2048 2238 2276 2293 vixerat.
2302 2234 2435 2291 Nam
2462 2232 2686 2289 historia
2714 2230 2783 2286 de
2811 2227 2978 2285 divite
3004 2242 3068 2282 ac
3104 2225 3325 2286 Lazaro,
3367 2221 3542 2291 deque
3569 2219 3635 2275 iis

2049 2345 2169 2400 qua:
2197 2327 2407 2398 utrique
2431 2323 2760 2386 acciderunt,
2790 2319 2925 2375 nihil
2949 2315 3094 2373 aliud
3122 2330 3282 2387 quam
3314 2312 3416 2369 hoc
3444 2308 3632 2366 decla-

2050 2429 2153 2475 rat.
2181 2419 2318 2485 Quin
2359 2416 2554 2488 potius,
2596 2428 2665 2470 ne
2706 2413 2900 2468 leviter
2942 2409 3044 2465 hoc
3070 2416 3163 2461 aut
3191 2406 3365 2461 obiter
3391 2417 3632 2473 agamus,

2051 2515 2241 2571 ordine
2281 2511 2435 2567 vobis
2481 2510 2649 2579 ipsam
2694 2503 2998 2576 parabolam
3046 2498 3426 2556 rccitahimus:
3467 2493 3637 2549 Homo

2052 2604 2259 2672 quidam
2303 2610 2411 2657 erat
2455 2601 2613 2664 dives,
2643 2605 2689 2652 et
2715 2594 3015 2668 induebatur
3040 2605 3268 2662 purpura
3303 2603 3362 2641 ac
3390 2586 3558 2655 bysso,
3587 2593 3635 2638 et

2054 2700 2353 2771 epulabatur
2399 2694 2620 2767 quotidie
2658 2688 2940 2762 splendide.
2985 2685 3115 2740 Erat
3158 2691 3325 2737 autem
3381 2678 3638 2771 mendicus

2054 2769 2263 2862 quidam
2302 2788 2507 2843 nomine
2528 2783 2777 2847 Lazarus,
2809 2780 2893 2850 qui
2911 2775 3117 2850 jacebat
3156 2774 3210 2828 in
3238 2770 3489 2862 vestibulo,
3502 2769 3639 2862 illius

2055 2860 2331 2949 ulcerosus,
2357 2879 2660 2951 cupiensque
2693 2871 2918 2928 saturari
2947 2870 3010 2923 de
3033 2865 3176 2922 micis
3204 2880 3317 2936 qua
3347 2860 3639 2916 decidebant

2057 2992 2085 3030 e
2109 2989 2282 3029 mensa
2309 2970 2500 3025 divitis.
2528 2966 2635 3025 Sed
2658 2974 2709 3021 et
2737 2978 2886 3018 canes
2912 2961 3169 3024 adeuntes,
3198 2951 3641 3023 circumiingebant

2058 3066 2229 3122 ulcera
2266 3068 2377 3135 ejus
2415 3060 2568 3133 (Luc.
2599 3058 2686 3114 16.
2720 3053 2834 3129 l9).
2862 3052 3024 3123 Cujus
3049 3049 3216 3121 gratia
3261 3045 3518 3101 Dominus
3549 3058 3643 3112 per

2058 3157 2338 3231 parabolas
2381 3155 2629 3224 loquutus
2656 3149 2746 3218 sit,
2792 3156 2849 3204 et
2882 3158 3042 3215 quam
3069 3140 3301 3231 tamdem
3333 3137 3402 3191 ob
3426 3149 3641 3231 causam

2060 3225 2129 3307 ex
2158 3246 2423 3321 parabolis
2439 3244 2572 3299 alias
2591 3239 2805 3312 quidem
2821 3232 3188 3306 explieaverit,
3209 3230 3344 3321 alias
3364 3241 3469 3281 non
3493 3225 3641 3321 item:

2061 3350 2117 3398 et
2146 3316 2397 3412 quidnam
2432 3335 2501 3392 sit
2528 3330 2796 3404 parabola,
2824 3337 2879 3384 et
2906 3327 2950 3380 si
2978 3340 3078 3395 qua
3104 3330 3229 3379 sunt
3253 3320 3409 3390 hujus
3435 3316 3646 3387 generis

2063 3435 2187 3500 alia,
2219 3433 2274 3487 in
2304 3428 2446 3484 aliud
2478 3438 2687 3495 tempus
2713 3418 3128 3482 reservabimus,
3150 3427 3216 3468 ne
3236 3412 3305 3467 ab
3332 3417 3646 3479 argumento

2066 3499 2208 3581 nunc
2231 3528 2450 3593 urgente
2469 3514 2847 3588 digrediamur.
2868 3502 3131 3565 Caeterum
3158 3503 3287 3560 illud
3316 3501 3477 3593 modo
3498 3499 3649 3593 vobis

2064 3591 2316 3673 dicemus
2343 3612 2397 3668 in
2427 3607 2730 3682 praesentia,
2762 3603 2881 3675 quis
2912 3598 3355 3670 evangelistarum
3382 3591 3651 3661 scripserit

2068 3708 2206 3764 hanc
2231 3703 2536 3778 parabolam
2563 3715 2592 3754 a
2617 3696 2835 3753 Christo
2862 3694 3025 3748 fuisse
3041 3686 3392 3762 propositam?
3407 3683 3537 3778 Quis
3554 3681 3621 3751 igi
3637 3712 3653 3721 -

2071 3812 2156 3856 tur
2182 3776 2241 3855 is
2264 3796 2379 3853 est?
2408 3792 2668 3850 Nimirum
2712 3788 2885 3843 Lucas
2927 3776 3557 3861 solus:quandoquidem
3600 3782 3654 3827 et

2070 3892 2176 3948 hoc
2193 3890 2332 3946 scire
2352 3887 2537 3951 refert,
2558 3881 2701 3955 quod
2722 3882 2860 3936 inter
2880 3894 2943 3934 ea
2962 3891 3083 3948 qum
3102 3874 3404 3930 referuntur
3419 3869 3486 3924 ab
3501 3882 3654 3923 evan-

2071 3982 2294 4054 gelistis,
2322 3978 2420 4034 alia
2446 3977 2692 4033 dicantur
2713 3983 2745 4025 α
2762 3978 2990 4044 quatuor
3016 3963 3391 4028 communiter,
3413 3960 3517 4015 alia
3537 3971 3655 4029 spc-

2074 4073 2255 4130 eiatim
2277 4086 2306 4124 a
2333 4068 2578 4139 singulis.

2153 4161 2488 4232 Evangelistte
2495 4173 2591 4211 cur
2599 4171 2704 4211 non
2717 4153 2895 4209 omnia
2906 4149 3212 4217 scripserint
3224 4146 3422 4204 eadem.
3430 4141 3654 4208 —-Quam

2075 4257 2146 4311 ob
2171 4251 2425 4310 causam?
2473 4249 2539 4305 Ut
2569 4246 2728 4304 simul
2753 4253 2811 4302 et
2844 4242 2997 4299 nobis
3033 4246 3179 4297 esset
3204 4234 3501 4292 necessaria
3530 4233 3659 4287 mli-

2077 4360 2304 4417 quorum
2328 4357 2477 4399 sacra
2499 4339 2675 4405 lectio,
2698 4347 2754 4393 et
2774 4335 3047 4392 evidenter
3067 4329 3343 4402 perspicua
3362 4328 3513 4382 fieret
3535 4325 3655 4417 illo-

2079 4416 2196 4493 rum
2218 4435 2359 4490 inter
2382 4433 2524 4503 ipsos
2542 4426 2907 4487 consonantia.
2940 4423 3150 4479 Etenim
3185 4420 3231 4476 si
3267 4430 3453 4473 omnes
3481 4416 3657 4471 omnia

2077 4527 2352 4590 dixissent,
2384 4535 2720 4594 nequaquam
2757 4517 2825 4574 ad
2852 4524 3040 4572 omnes
3074 4527 3195 4568 cum
3221 4509 3399 4566 studio
3426 4507 3659 4563 animum

2080 4616 2482 4685 adjecissemus,
2516 4626 2637 4667 cum
2666 4622 2804 4664 unus
2843 4606 2911 4662 ad
2949 4604 3127 4661 omnia
3152 4599 3389 4658 docenda
3425 4597 3662 4655 salictis-

2079 4720 2191 4777 set;
2230 4709 2312 4763 sin
2349 4716 2526 4761 autem
2568 4716 2755 4759 omnes
2800 4700 3010 4756 diversa
3050 4695 3229 4752 omnia
3268 4702 3429 4763 atque
3466 4689 3664 4744 variata

2081 4798 2443 4873 protulissent,
2475 4807 2806 4865 nequaquam
2834 4788 3056 4860 insignis
3096 4786 3306 4842 illorum
3335 4779 3663 4873 apparuisset

2080 4869 2385 4947 concordia.
2438 4887 2775 4955 Quapropter
2813 4890 2868 4938 et
2908 4893 3097 4936 omnes
3122 4873 3478 4932 communiter
3503 4869 3665 4923 multa

2081 4981 2431 5051 scripserunt,
2458 4987 2513 5032 et
2527 4975 2625 5031 sibi
2656 4974 2879 5045 quisque
2900 4969 3115 5042 proprie
3142 4965 3369 5035 sumpsit
3389 4960 3664 5016 nonnulla.

2086 5071 2199 5127 Hoc
2213 5070 2371 5141 igitur
2386 5066 2515 5123 illud
2532 5063 2777 5135 e8t,quod
2798 5078 2890 5134 per
2907 5059 3209 5132 parabolam
3226 5055 3386 5111 docet
3403 5051 3666 5108 Christus.

2086 5162 2257 5218 llomo
2280 5160 2495 5231 quidam
2520 5167 2635 5213 erat
2660 5156 2812 5211 dives
2831 5196 2846 5220 ,
2877 5154 3029 5221 cujus
3054 5147 3158 5206 vita
3188 5147 3350 5203 variis
3389 5145 3532 5199 vitiis
3556 5150 3670 5201 erat

2086 5252 2354 5325 inquinata
2376 5292 2391 5317 ,
2433 5264 2533 5306 nec
2564 5250 2678 5320 ipse
2702 5258 2876 5302 tamen
2913 5245 3075 5298 ullam
3110 5240 3374 5295 sentiebat
3400 5235 3673 5292 calamita-

2089 5355 2229 5410 tem,
2277 5358 2461 5398 verum
2505 5341 2579 5397 illi
2617 5346 2803 5395 cuncta
2841 5336 2986 5392 velut
3022 5349 3055 5389 c
3095 5331 3328 5386 fontibus
3361 5326 3669 5383 afﬂuebant.

2088 5435 2241 5505 Quod
2265 5436 2406 5491 enim
2428 5433 2504 5491 illi
2525 5431 2656 5487 nihil
2679 5428 2930 5485 acciderit
2950 5425 3184 5483 subitum
3212 5433 3301 5477 aut
3321 5420 3670 5490 inopinatum,

2091 5543 2190 5583 nec
2217 5527 2320 5582 ulla
2349 5524 2550 5581 doloris
2578 5521 2821 5579 materia.
2865 5533 2966 5575 nec
2983 5516 3149 5572 ullum
3177 5516 3227 5569 in
3261 5513 3420 5568 rebus
3449 5508 3673 5564 munda-

2093 5618 2176 5675 nis
2200 5615 2614 5680 incommodum,
2648 5614 2750 5670 hoc
2781 5612 2953 5684 ipsum
2993 5606 3208 5679 aperuit
3229 5606 3415 5669 Lucas,
3452 5601 3669 5656 dicens:

2091 5709 2368 5764 lattabatur
2392 5716 2447 5763 et
2481 5704 2744 5777 gaudebat
2770 5701 3025 5773 quotidie.
3060 5697 3321 5754 Caeterum
3353 5692 3494 5765 quod
3518 5691 3672 5763 vitio-

2093 5817 2207 5859 sam
2234 5802 2401 5874 egerit
2439 5800 2620 5865 vitam,
2648 5797 2985 5869 perspicuum
3014 5802 3090 5855 est
3117 5807 3183 5846 cx
3215 5791 3331 5860 ipso
3353 5796 3474 5843 Vita:
3506 5787 3673 5848 exitu.
