3958 6434
414 351 507 409 971
1144 352 1203 409 8.
1233 353 1511 412 JOANNIS
1545 355 2018 415 CHRYSOSTOMI
2045 359 2365 415 ARCIIIEP.
2398 359 2930 417 CONSTANTINOP.

412 472 571 529 quem
587 457 809 515 sortitus
827 468 928 528 est,
949 469 1003 519 et
1025 460 1149 517 item
1172 471 1294 520 ante
1319 465 1442 520 vitae
1467 467 1665 521 exitum
1684 481 1747 520 ex
1768 481 1835 523 eo
1854 465 1997 537 quod

411 551 492 607 sic
533 550 789 608 fastidivit
816 567 1123 625 pauperem.
1165 554 1299 612 Nam
1328 558 1425 613 ista
1452 574 1540 614 res
1562 558 1816 627 declarat,
1857 561 1999 631 quod

414 655 521 696 non
555 640 712 713 hujus
733 644 907 699 solum
934 647 1022 717 qui
1049 646 1255 717 iacebat
1289 649 1341 702 in
1365 650 1651 718 vestibulo,
1690 667 1875 708 verum
1901 668 2000 709 nec

409 732 632 788 alterius
654 734 961 805 cujusquam
985 736 1073 793 ille
1093 739 1341 795 misertus
1360 739 1537 798 fuerit.
1560 743 1767 798 Etenim
1789 743 1833 798 si
1851 744 1999 800 illum

414 834 674 892 perpetuo
710 824 765 880 in
797 827 1058 882 vestibulo
1082 838 1426 898 prostratum,
1456 847 1615 902 quem
1648 834 1885 903 quotidie
1909 849 1999 889 sc-

414 912 522 967 mel
565 922 723 984 atque
755 915 945 972 iterum
991 933 1054 973 ac
1078 920 1275 988 szepius
1304 921 1484 978 videre
1508 925 1813 994 cogebatur,
1858 926 1999 984 foras

417 1003 669 1072 prodiens
694 1021 757 1061 ac
783 1006 999 1062 domum
1023 1008 1237 1065 rediens
1265 1031 1279 1066 :
1325 1028 1435 1068 non
1459 1015 1602 1070 enim
1633 1016 1684 1069 in
1711 1015 1871 1082 bivio,
1901 1002 2001 1074 nec

415 1094 470 1148 in
498 1097 774 1166 angiportu
799 1138 815 1163 ,
860 1100 1136 1157 occultove
1178 1102 1297 1158 loco
1339 1104 1728 1173 decumbebat,
1773 1108 1867 1164 sed
1896 1125 1997 1179 qna

415 1186 723 1256 frequenter
748 1190 925 1246 exibat
950 1192 1286 1264 intrabatque
1311 1197 1462 1251 dives
1483 1239 1499 1264 ,
1521 1198 1599 1253 sic
1617 1210 1674 1252 ut
1701 1199 1786 1254 vel
1813 1201 1999 1256 nolens

414 1280 653 1348 aspicere
688 1292 1005 1352 cogeretur;
1051 1284 1099 1339 si
1124 1286 1282 1351 hunc,
1328 1287 1562 1357 inquam,
1594 1305 1699 1344 non
1729 1300 1812 1345 est
1848 1306 1997 1345 com-

413 1370 721 1440 miseratus,
764 1382 907 1429 tauta
938 1374 1190 1432 afﬂictum
1221 1379 1554 1446 aegritudine,
1588 1381 1640 1434 in
1672 1391 1907 1451 egestate
1938 1397 2001 1437 ac

415 1464 636 1530 penuria
672 1465 832 1521 vitam
865 1466 1147 1537 degentem
1173 1509 1189 1537 ,
1229 1471 1315 1526 vel
1363 1473 1537 1541 potius
1575 1481 1687 1528 toto
1720 1475 1843 1529 vita:
1888 1491 2002 1531 suae

417 1568 656 1627 tempore
686 1558 872 1614 morbo
913 1570 1074 1632 atque
1116 1563 1252 1617 adeo
1279 1564 1596 1633 gravissimo
1643 1565 1997 1633 laborantem,

415 1649 690 1719 cujusnam
720 1651 860 1707 obvii
892 1652 1141 1709 misertus
1169 1656 1353 1710 esset?
1390 1656 1602 1712 Etenim
1633 1668 1693 1715 ut
1722 1660 1892 1728 primo
1913 1661 2001 1717 die

415 1744 729 1814 neglexerit,
770 1755 917 1801 certe
954 1757 1369 1805 consentaneum
1413 1761 1560 1818 erat,
1598 1762 1655 1807 ut
1699 1755 1873 1809 altero
1914 1756 2002 1809 die

414 1836 636 1890 sentiret
664 1836 862 1906 aliquid
893 1837 1133 1894 allectus.
1175 1840 1327 1909 Quod
1353 1842 1395 1896 si
1429 1841 1531 1896 hoc
1550 1858 1760 1913 quoque
1786 1845 1871 1900 die
1891 1845 2002 1899 dis-

415 1927 702 1996 simulavit,
732 1939 878 1985 certe
909 1933 1065 1986 tertio
1089 1931 1195 1998 die,
1228 1945 1374 1989 certe
1390 1945 1600 2005 quarto,
1620 1946 1769 1991 certe
1792 1924 2001 2006 quinto,

415 2026 507 2072 aut
543 2020 668 2075 huic
710 2023 952 2091 proximo
992 2024 1077 2079 die
1112 2039 1331 2093 prorsus
1359 2027 1538 2081 animo
1569 2028 1706 2084 ﬂecti
1752 2030 2000 2098 debebat,

416 2109 538 2166 licet
566 2109 693 2168 feris
717 2128 930 2184 quoque
960 2114 1144 2171 fuisset
1165 2117 1437 2172 immitior.
1457 2118 1652 2173 Verum
1675 2119 1806 2176 nihil
1827 2120 2003 2176 istius-

417 2200 560 2254 modi
589 2203 778 2269 sensit,
813 2202 906 2258 sed
935 2203 1028 2259 illo
1053 2220 1266 2276 quoque
1285 2207 1485 2275 judice,
1510 2209 1599 2278 qui
1627 2225 1800 2281 neque
1832 2211 2001 2267 Deum

418 2294 706 2361 metuebat,
740 2308 840 2350 nec
872 2295 1141 2352 hominem
1179 2300 1538 2367 reverehatur,
1566 2314 1621 2358 et
1645 2304 2004 2374 impudentior

418 2392 532 2439 erat
557 2393 609 2440 et
635 2386 1028 2443 inexorabilior.
1056 2389 1188 2445 Nam
1214 2391 1357 2447 illum
1377 2393 1589 2463 quidem
1616 2396 1785 2451 vidute
1806 2398 2002 2452 instan-

419 2476 514 2544 tia,
553 2478 797 2546 quamvis
840 2480 1111 2535 crudelem
1149 2492 1201 2537 et
1230 2499 1499 2552 asperum,
1542 2495 1717 2543 tamen
1751 2489 1897 2544 ﬂexit
1936 2490 2003 2544 ad

416 2569 840 2637 gratificandum,
881 2574 1112 2645 vicitque
1152 2577 1392 2632 mulieris
1436 2581 1752 2649 supplicatio
1794 2598 1809 2635 :
1861 2582 2006 2638 hunc

417 2676 544 2717 vero
574 2679 640 2717 ne
660 2663 762 2720 ista
789 2663 1000 2734 quidem
1032 2681 1118 2721 res
1144 2667 1361 2725 ﬂectere
1385 2671 1553 2740 potuit
1579 2672 1646 2726 ad
1686 2673 2006 2730 subvenien-

417 2752 541 2807 dum
575 2755 814 2825 pauperi.
851 2754 1178 2827 Quamquam
1207 2774 1314 2814 non
1339 2770 1455 2815 erat
1479 2761 1666 2818 similis
1698 2764 2002 2832 postulatio,

417 2842 511 2897 sed
541 2842 717 2913 hujus,
750 2860 941 2916 nempe
961 2845 1170 2916 Lazari,
1194 2848 1363 2904 multo
1388 2848 1488 2904 fuit
1510 2860 1618 2906 tum
1648 2851 1870 2919 facilior,
1894 2864 2003 2909 tum

416 2933 627 3003 justior.
652 2934 784 2991 Nam
817 2937 969 2992 vidua
998 2938 1211 3008 quidem
1236 2940 1380 2995 illum
1406 2942 1724 3012 implorabat
1748 2945 2004 3002 adversus

421 3024 601 3082 hostes
627 3042 791 3083 suos:
822 3028 910 3086 hic
938 3030 1071 3084 nihil
1090 3031 1231 3087 aliud
1261 3035 1493 3102 petebat,
1524 3050 1683 3105 quam
1715 3046 1769 3090 ut
1794 3038 2008 3094 sedaret

418 3116 637 3185 famem,
671 3129 725 3174 et
753 3135 819 3175 ne
845 3130 1213 3178 contemneret
1248 3116 1575 3193 pereuntem.
1621 3127 1709 3182 ll!a
1740 3128 2008 3199 ﬂagitabat

417 3209 751 3280 obstrepcns,
778 3211 864 3267 hic
880 3221 1057 3269 autem
1083 3216 1279 3284 saepius
1305 3231 1411 3271 uno
1430 3217 1517 3273 die
1540 3218 1703 3275 silens
1719 3223 2009 3291 apparebat

416 3302 564 3356 diviti
591 3303 903 3375 jacensque.
952 3306 1063 3361 Hoc
1090 3316 1238 3363 certe
1264 3308 1394 3364 satis
1426 3318 1540 3365 erat
1569 3310 1651 3365 vel
1691 3312 1757 3366 ad
1788 3327 2006 3367 saxeum

417 3408 513 3449 cor
540 3395 941 3451 emolliendum.
987 3397 1193 3453 Etenim
1223 3400 1311 3469 qui
1332 3399 1654 3467 obtunduut,
1685 3403 1735 3457 in
1768 3403 1867 3458 hos
1900 3405 2002 3460 fre-

417 3495 646 3555 quenter
663 3487 820 3542 etiam
843 3504 1201 3559 provocamur
1228 3492 1324 3545 ira.
1347 3492 1608 3548 Caeterum
1637 3497 1843 3566 quoties
1865 3498 2008 3553 vide-

422 3592 541 3631 mus
566 3577 764 3632 auxilio
784 3579 1081 3650 indigentes
1101 3623 1116 3646 ,
1146 3583 1313 3637 multo
1338 3599 1458 3638 cum
1480 3585 1694 3642 silentio
1712 3587 2004 3656 adstantes,

420 3681 593 3738 neque
642 3683 826 3725 vocem
854 3671 1013 3725 ullam
1057 3672 1307 3740 edentes,
1357 3675 1463 3730 imo
1506 3677 1665 3731 etiam
1713 3678 1759 3732 si
1797 3695 2009 3748 semper

420 3756 763 3827 frustrentur,
812 3777 916 3816 non
962 3771 1137 3819 tamen
1182 3766 1406 3821 moleste
1449 3768 1700 3835 ferentes,
1731 3769 1825 3825 sed
1854 3771 2011 3825 tacite

420 3849 706 3907 oﬂ'ercntcs
729 3867 850 3910 sese
874 3864 1058 3911 nostro
1085 3862 1412 3929 conspectui,
1434 3863 1675 3931 quamvis
1694 3864 1861 3918 simus
1880 3864 2011 3933 ipsis

424 3943 689 4014 lapidibus
727 3946 1004 4013 duriores,
1057 3960 1234 4007 tamen
1262 3951 1629 4009 admirabilem
1656 3956 1799 4011 illam
1828 3960 2012 4014 mode-

421 4035 579 4091 stiam
620 4039 834 4095 reveriti
866 4039 1144 4097 ﬂectimur.
1190 4043 1308 4098 Jam
1352 4056 1403 4099 et
1433 4045 1573 4100 aliud
1612 4047 1901 4103 accedebat
1930 4049 2012 4104 his

421 4141 542 4198 qua:
563 4127 671 4184 dixi
693 4143 796 4184 non
818 4129 1014 4193 minus,
1043 4132 1288 4189 videlicet
1305 4135 1444 4205 quid
1472 4136 1583 4205 ipsa
1614 4152 1824 4207 quoque
1852 4136 2012 4193 facies

424 4220 669 4289 pauperis
694 4231 810 4277 erat
845 4221 1186 4293 miserabilis,
1218 4234 1400 4297 utpote
1429 4229 1565 4283 fame
1590 4230 1898 4300 diutinaque
1923 4247 2014 4285 va-

421 4311 658 4369 letudine
693 4315 955 4372 confecta.
988 4319 1235 4374 Attamen
1276 4335 1377 4376 nec
1415 4321 1601 4377 harum
1643 4338 1822 4378 rerum
1860 4323 2014 4395 quid-

421 4418 580 4474 quam
609 4406 999 4477 implacabilem
1030 4411 1175 4466 illum
1202 4413 1446 4468 emolliit.

497 4497 550 4550 7.
590 4497 704 4554 lloc
737 4500 893 4571 igitur
914 4501 1140 4571 primum
1167 4505 1351 4560 vitium
1374 4506 1661 4562 crudelitas
1684 4517 1820 4574 erat,
1849 4508 2009 4563 inhu-

424 4588 760 4660 manitasque
813 4592 899 4647 cui
946 4594 1077 4648 nihil
1124 4606 1331 4664 poterat
1371 4597 1648 4653 accedere.
1708 4598 1818 4653 Nec
1869 4601 2011 4653 enim

425 4679 601 4735 simile
644 4693 747 4749 est,
789 4685 832 4738 si
876 4685 941 4752 is,
969 4688 1058 4757 qui
1091 4689 1141 4742 in
1174 4691 1392 4758 penuria
1420 4691 1565 4762 degit
1593 4706 1697 4746 non
1739 4700 2014 4747 succurrat

425 4773 632 4844 egenis,
664 4783 727 4831 .et
765 4775 808 4829 si
841 4777 1000 4831 tantis
1023 4778 1251 4835 afﬂuens
1275 4782 1501 4847 deliciis,
1528 4783 1664 4836 alios
1702 4783 1841 4837 fame
1867 4783 2014 4838 tabc-

425 4878 636 4923 seentes
661 4868 937 4939 chpiciat.
972 4872 1202 4928 Rursum
1230 4874 1401 4929 simile
1423 4889 1529 4930 non
1555 4885 1636 4931 est
1656 4876 1699 4931 si
1723 4890 2010 4946 pauperem

427 4960 593 5015 semel
622 4971 781 5033 atque
803 4963 992 5019 iterum
1020 4974 1363 5035 conspectum
1387 4975 1787 5037 prtetereurras,
1813 4977 1866 5022 et
1893 4982 2011 5021 cum

427 5053 667 5122 quotidie
688 5055 888 5119 videas,
930 5073 995 5111 ne
1026 5058 1104 5112 sic
1132 5058 1346 5128 quidem
1378 5074 1440 5114 ex
1477 5059 1693 5115 assiduo
1722 5068 2014 5126 constiectu

427 5145 677 5202 excitaris
720 5146 787 5201 ad
830 5148 1270 5203 misericordiam.
1301 5151 1505 5205 ltursus
1533 5150 1674 5204 aliud
1702 5158 1803 5216 est,
1844 5150 1887 5202 si
1923 5149 2012 5219 qui

400 5232 818 5296 calamitatibus
867 5248 923 5297 et
962 5242 1220 5312 angustiis
1265 5244 1541 5312 premitur,
1592 5242 1841 5312 maleque
1887 5242 2014 5297 aﬂ'e—

427 5335 545 5384 ctus
569 5339 651 5384 est
675 5330 875 5398 animo,
907 5347 1013 5388 non
1043 5333 1333 5402 epitulctur
1359 5334 1606 5403 proximo
1640 5350 1653 5387 :
1685 5332 1827 5387 aliud
1858 5332 1901 5386 si
1923 5332 2013 5401 qni

430 5431 573 5476 tanta
623 5420 818 5478 fruitur
859 5425 1131 5494 voluptate
1178 5435 1540 5497 perpetuaque
1582 5424 1831 5481 felicitate
1880 5424 2015 5479 alios

429 5509 570 5566 fame
594 5512 932 5570 tabescentes
973 5516 1224 5585 negligat,
1266 5516 1618 5585 occludatque
1658 5516 1883 5583 viscera,
1916 5529 2015 5569 nec

430 5603 511 5657 vel
553 5603 621 5659 ab
663 5604 775 5675 ipsa
827 5605 1007 5661 ltetitia
1059 5607 1311 5662 reddatur
1364 5608 1663 5663 humanior.
1711 5607 1841 5662 Nam
1887 5605 2013 5660 illud

430 5694 670 5762 profecto
710 5698 894 5760 nostis,
933 5698 1073 5767 quod
1114 5699 1239 5753 licet
1280 5700 1448 5753 simus
1485 5700 1722 5754 omnium
1769 5698 2015 5751 immitis-

433 5782 574 5851 simi,
610 5794 786 5841 tamen
813 5804 1067 5859 prospero
1108 5805 1357 5845 successu
1385 5805 1565 5846 rerum
1600 5789 1837 5846 mitiores
1860 5789 2014 5845 beni—

3576 362 3672 419 972

2110 461 2624 539 gnioresque‘reddi
2665 470 3055 526 consuevimus.
3106 470 3177 526 At
3216 471 3372 527 illum
3414 489 3486 529 ne
3533 479 3671 548 copia

2102 559 2317 630 quidem
2344 575 2522 616 rerum
2547 559 2802 617 reddebat
2849 563 3146 629 meliorem,
3184 563 3281 621 sed
3310 569 3673 634 perseverabat

2102 664 2291 707 versus
2316 653 2369 707 in
2399 653 2586 718 feram,
2633 656 2741 709 imo
2766 654 2938 725 potius
2963 655 3197 710 omnium
3224 654 3466 711 ferarum
3498 658 3670 714 crude-

2104 744 2305 800 litatem
2346 753 2402 799 et
2426 744 2864 801 inhumanitatem
2901 745 3138 801 moribus
3176 748 3473 818 superavit.
3512 748 3576 803 Et
3604 761 3670 805 ta-

2103 851 2228 891 men
2276 835 2415 891 hanc
2449 837 2768 892 scelerosam
2812 843 2868 892 et
2910 836 3246 892 inhumanam
3291 838 3458 891 vitam
3493 849 3668 904 agens,

2102 926 2250 983 omni
2268 943 2446 983 rerum
2467 928 2818 998 prosperitate
2841 926 3112 983 fruebatur
3138 945 3152 982 :
3174 927 3314 983 alter
3332 942 3465 983 vero
3486 928 3667 997 justus,

2103 1032 2169 1073 ac
2202 1017 2416 1073 virtutis
2462 1018 2732 1074 studiosus
2769 1018 2822 1073 in
2870 1020 3124 1074 extremis
3168 1027 3290 1074 erat
3328 1020 3504 1072 malis.
3549 1018 3666 1073 Nam

2102 1108 2359 1164 Lazarum
2388 1108 2550 1165 fuisse
2572 1108 2795 1179 justum,
2826 1109 3153 1165 declaratum
3181 1118 3265 1166 est
3288 1118 3402 1164 tum
3431 1110 3571 1165 exitu
3597 1111 3668 1165 vi-

2103 1208 2192 1265 taz,
2225 1209 2335 1255 tum
2377 1208 2433 1255 et
2466 1210 2589 1255 ante
2616 1200 2742 1255 vitae
2782 1199 2938 1256 ﬂnem
2969 1201 3079 1270 ipsa
3116 1200 3351 1279 hominis
3376 1201 3429 1254 in
3462 1215 3669 1270 pauper-

2105 1300 2212 1347 tate
2244 1293 2541 1347 tolerantia.
2581 1291 2799 1361 Quteso,
2840 1308 3017 1349 nonne
3065 1293 3321 1349 videmini
3356 1294 3474 1348 haec
3516 1294 3668 1349 oculis

2104 1385 2340 1457 intueri?
2367 1384 2521 1439 Diviti
2547 1387 2698 1441 navis
2727 1397 2840 1442 erat
2862 1387 3013 1457 plena
3043 1386 3327 1453 mercium,
3358 1400 3427 1441 ac
3449 1384 3668 1441 secundo

2104 1477 2388 1546 navigabat
2418 1486 2596 1533 vento.
2623 1477 2818 1533 Verum
2845 1494 2912 1533 ne
2940 1478 3066 1549 quid
3105 1478 3341 1543 mireris,
3384 1477 3451 1533 ad
3481 1475 3668 1532 naufra-

2102 1566 2246 1635 gium
2277 1566 2579 1636 festinabat,
2614 1583 2680 1623 eo
2704 1568 2844 1639 quod
2871 1584 3006 1624 onus
3046 1568 3262 1624 nolebat
3286 1577 3443 1625 caute
3466 1582 3664 1637 ponere.

2107 1656 2198 1711 Vis
2228 1657 2320 1712 tibi
2346 1672 2761 1713 commemorem
2799 1670 2855 1714 et
2895 1658 3035 1713 aliud
3065 1659 3204 1713 illius
3239 1658 3471 1712 vitium?
3495 1658 3666 1724 Quoti-

2104 1747 2192 1801 die
2221 1748 2442 1802 vacabat
2466 1747 2669 1803 deliciis
2697 1749 2813 1804 sine
2843 1748 2952 1803 ullo
2990 1758 3156 1804 metu.
3186 1747 3321 1803 Nam
3349 1756 3406 1803 et
3441 1747 3541 1803 hoc
3566 1757 3666 1801 erat

2108 1837 2313 1904 vitium,
2351 1852 2456 1891 non
2486 1838 2647 1892 modo
2678 1838 2779 1893 hoc
2814 1848 3075 1909 tempore,
3116 1853 3237 1895 cum
3268 1848 3418 1894 tanta
3467 1854 3496 1892 a
3532 1838 3666 1893 nobis

2104 1926 2333 1997 exigitur
2363 1927 2719 1998 phiIOSOpbia,
2749 1944 2933 1985 verum
2976 1930 3135 1985 etiam
3175 1929 3331 1984 initio
3370 1929 3470 1984 sub
3502 1928 3665 1983 Veteri

2106 2019 2469 2086 Testamento,
2514 2035 2636 2076 cum
2678 2022 2911 2076 nondum
2948 2021 3104 2077 nobis
3150 2030 3297 2077 esset
3328 2030 3541 2077 ostensa
3572 2029 3668 2073 tam

2106 2119 2289 2167 exacta
2316 2111 2668 2181 philosophia.
2699 2113 2836 2167 Audi
2874 2113 3033 2184 igitur
3060 2112 3185 2184 quid
3213 2113 3359 2167 dicat
3386 2111 3661 2183 propheta:

2115 2201 2205 2257 Vw
2235 2203 2390 2265 vobis,
2430 2204 2519 2276 qui
2540 2205 2735 2258 venturi
2763 2205 2880 2259 estis
2908 2205 2961 2258 in
2989 2205 3119 2258 diem
3145 2207 3360 2270 malum,
3388 2205 3473 2270 qui
3495 2220 3665 2273 appro-

2107 2294 2380 2364 pinquatis,
2423 2303 2472 2348 et
2511 2296 2714 2365 tangitis
2741 2276 2949 2349 sabbata.
2987 2296 3250 2351 mendacia
3277 2297 3475 2367 (Amos.
3516 2296 3564 2349 6.
3593 2295 3659 2364 5).

2107 2386 2242 2453 Quid
2270 2395 2372 2449 est,
2405 2386 2636 2457 Tangitis
2659 2385 2864 2441 sabbata
2890 2387 3190 2442 mendacia?

2179 2476 2462 2532 Sabbatum
2500 2492 2602 2530 non
2642 2478 2753 2544 otii,
2798 2460 2887 2531 s‘ed
2926 2477 3267 2531 meditationis
3309 2492 3462 2529 causa
3486 2476 3657 2528 datm.

2105 2568 2363 2623 —Judtei
2390 2578 2577 2638 putant
2617 2570 2716 2623 sibi
2759 2568 3037 2625 sabbatum
3064 2569 3157 2623 otii
3199 2569 3373 2639 gratia
3403 2568 3554 2621 fuisse
3577 2565 3659 2619 da-

2110 2670 2241 2723 tum,
2272 2675 2458 2715 verum
2486 2676 2592 2714 non
2636 2660 2737 2715 ista
2780 2670 3057 2715 estcausa
3087 2678 3100 2712 :
3129 2659 3222 2714 sed
3271 2661 3467 2731 potius,
3510 2669 3561 2711 ut
3582 2656 3659 2711 ab-

2107 2749 2248 2805 ducti
2272 2765 2302 2804 a
2346 2751 2487 2805 curis
2532 2766 2711 2806 rerum
2751 2751 3142 2821 temporalium,
3175 2750 3348 2804 otium
3376 2764 3527 2803 onme
3547 2762 3658 2802 cou‘

2108 2849 2383 2896 sumerent
2430 2842 2483 2896 in
2517 2841 2865 2911 spiritalibus.
2913 2840 3065 2910 Quod
3101 2840 3244 2896 enim
3278 2840 3542 2894 sabbatum
3569 2851 3655 2889 non

2108 2933 2224 3001 otii,
2271 2933 2366 2988 sed
2409 2934 2699 3002 spiritualis
2742 2933 2968 2988 actionis
3013 2932 3231 2986 materia
3281 2933 3370 2998 sit,
3402 2928 3657 2984 dilucidum

2110 3034 2193 3079 est
2220 3041 2284 3081 ex
2314 3026 2443 3095 ipsis
2469 3025 2649 3080 rebus.
2670 3024 2802 3080 Nam
2830 3024 3083 3079 sacerdos
3110 3038 3176 3078 eo
3199 3022 3293 3076 die
3318 3021 3528 3090 duplum
3555 3016 3656 3070 facit

2110 3119 2309 3188 operis,
2337 3118 2427 3188 qui
2449 3116 2684 3187 quotidie
2717 3130 2821 3170 non
2854 3115 2951 3169 nisi
2981 3114 3191 3168 unicam
3229 3113 3459 3167 hostiam
3487 3108 3656 3162 offerre

2110 3210 2318 3273 Solilus,
2365 3208 2587 3263 sabbato
2627 3206 2848 3277 jubetur
2886 3205 3077 3261 oﬂ‘errc
3123 3206 3414 3274 geminam.
3449 3198 3586 3268 Quod
3619 3196 3656 3248 si

2111 3315 2333 3372 prorsus
2351 3309 2494 3355 esset
2517 3299 2608 3353 otii
2631 3299 2764 3362 dies,
2793 3297 3073 3368 Oportebat
3094 3297 3429 3351 sacerdotem
3454 3289 3657 3343 tilllllilllll

2111 3394 2341 3448 maxime
2365 3392 2531 3446 otium
2555 3406 2734 3461 agere.
2761 3388 3019 3456 Quoniam
3049 3387 3205 3457 igitur
3231 3385 3403 3439 Judaei
3441 3393 3657 3447 corpora-

2112 3485 2240 3538 lium
2271 3498 2450 3536 rerum
2478 3484 2620 3535 curis
2645 3480 2872 3543 liberati,
2897 3494 3001 3532 non
3042 3476 3299 3532 vacabant
3344 3469 3656 3541 spiritalibus,

2113 3585 2238 3644 puta
2281 3574 2576 3638 sobrietati,
2621 3571 2927 3649 modestiae,
2955 3582 3009 3626 et
3052 3570 3333 3624 audiendis
3355 3565 3538 3622 divinis
3559 3576 3656 3614 ser-

2113 3666 2382 3733 monibus,
2412 3665 2502 3720 sed
2530 3664 2853 3719 contrarium
2880 3663 3053 3731 potius
3080 3660 3366 3720 faciebant,
3398 3654 3657 3711 servientes

2113 3758 2305 3824 ventri,
2338 3756 2670 3826 indulgentes
2721 3754 2983 3816 ebrietati,
3013 3751 3231 3807 diatenti
3259 3750 3412 3810 cibis,
3438 3742 3657 3799 delician-

2115 3864 2227 3917 tes,
2281 3849 2405 3905 ideo
2461 3848 2578 3901 illos
2635 3845 2978 3916 reprehendit
3030 3842 3311 3912 prepheta.
3361 3839 3490 3893 Cum
3536 3831 3654 3929 cuin:

2115 3942 2356 4004 dixisset,
2390 3937 2477 3993 γω
2496 3938 2579 4008 qui
2605 3937 2781 3990 venitis
2813 3935 2867 3988 in
2893 3935 3023 3987 diem
3050 3934 3237 3987 malam
3263 3948 3283 3986 :
3307 3939 3361 3985 et
3399 3940 3514 3982 cum
3537 3920 3657 3976 addi-

2113 4032 2303 4097 disset,
2333 4029 2434 4095 Qui
2472 4028 2718 4098 attingitis
2757 4024 2962 4079 sabbata
3005 4023 3286 4085 mendacia,
3334 4015 3569 4075 indicavit
3603 4022 3655 4063 ex

2115 4124 2406 4188 additione,
2438 4134 2544 4191 quo
2584 4129 2737 4188 pacto
2780 4116 3055 4171 mendacia
3103 4113 3205 4168 illis
3244 4113 3460 4168 sabbata
3485 4107 3655 4161 essem-

2116 4213 2397 4284 Quomodo
2427 4214 2587 4284 igitur
2627 4226 2691 4266 ea
2722 4209 2995 4263 mendacia
3039 4204 3374 4262 reddebant?
3400 4203 3522 4256 Dum
3545 4205 3653 4262 ope-

2114 4311 2370 4366 rabantur
2406 4307 2761 4377 iniquitatem,
2793 4302 2999 4357 deliciis
3039 4308 3094 4353 et
3132 4296 3376 4352 ebrietati
3415 4294 3652 4377 vacantes,

2115 4411 2171 4457 et
2224 4406 2472 4456 sescenta
2502 4373 2618 4449 alia
2672 4391 2965 4448 faedissima
3019 4394 3403 4457 perpetrantcs.
3441 4373 3579 4447 Quod
3610 4375 3654 4423 ul

2115 4506 2300 4548 verum
2355 4503 2478 4544 esse
2525 4486 2807 4555 intelligas,
2852 4481 2973 4537 audi
3019 4496 3139 4550 qua:
3192 4457 3653 4548 Sequunturquwd

2116 4598 2216 4654 ego
2245 4582 2368 4638 dico
2399 4595 2493 4650 per
2516 4593 2577 4633 ea
2607 4577 2824 4634 indicat.
2848 4590 2964 4644 qua:
2989 4573 3166 4627 statim
3194 4567 3432 4638 adjunxit
3458 4561 3653 4654 dicens:

2120 4653 2221 4745 Qui
2245 4675 2476 4730 dormitis
2515 4675 2568 4726 in
2614 4669 2751 4724 lectis
2782 4667 3031 4729 eburneis,
3073 4680 3132 4716 ac
3174 4658 3407 4717 lascivitis
3431 4654 3481 4708 in
3513 4653 3656 4745 δεῖξιίη

2115 4735 2310 4824 inme.
2345 4767 2444 4833 Qui
2495 4762 2753 4818 comeditis
2792 4760 2964 4815 htedos
2987 4775 3016 4813 e
3043 4756 3227 4820 caulis,
3268 4764 3315 4809 et
3338 4748 3509 4805 vitulos
3532 4757 3556 4793 ε
3578 4735 3652 4835 ὀιζ-

2116 4861 2301 4915 vilibus
2329 4859 2586 4921 lactentes,
2616 4854 2703 4922 qui
2732 4852 2895 4906 bibitis
2924 4850 3093 4903 vinum
3133 4847 3448 4916 defwcatum,
3485 4848 3540 4886 ac

2119 4953 2215 5006 mis
2260 4949 2528 5021 unguentis
2565 4943 2814 5015 ungimini
2863 4941 3061 5010 (Amos.
3110 4940 3164 4994 6.
3207 4938 3262 4993 4.
3310 4934 3388 5004 6).
3427 4923 3652 5021 Accepistl

2117 5018 2420 5104 Sabbatum,
2447 5050 2508 5095 ut
2534 5038 2764 5093 animam
2798 5044 2941 5090 luam
2970 5033 3270 5087 liberaresa
3292 5024 3429 5081 vitiis
3449 5037 3461 5072 :
3481 5029 3528 5118 ill
3548 5018 3652 5118 "3'3

2120 5147 2229 5191 tum
2260 5133 2428 5205 magis
2465 5132 2552 5187 illa
2576 5127 2886 5185 committis.
2917 5124 3056 5192 Quid
3086 5124 3226 5176 enim
3254 5132 3370 5174 esse
3394 5108 3649 5221 possit

2119 5202 2631 5295 mollitie‘nequius,
2675 5234 2833 5291 quam
2880 5216 3172 5273 indormire
3212 5210 3360 5268 lectis
3398 5202 3640 5300 eburnelij

2120 5323 2251 5377 Nam
2276 5291 2710 5387 caetera-quidem
2743 5319 2959 5382 peccata
2990 5308 3177 5365 saltem
3199 5305 3419 5373 ali‘lnam
3442 5291 3646 5390 eiii,"an

2121 5374 2529 5470 delectationem
2578 5374 2795 5467 habent,
2825 5401 2986 5457 veluti
3020 5395 3347 5454 temulentis.
3387 5376 3577 5441 avaritia
3606 5374 3647 5421 cl

2122 5505 2329 5562 luxuria
2365 5510 2656 5556 :czcterum
2686 5496 2738 5551 in
2772 5494 2925 5549 lectis
2951 5489 3205 5546 eburneis
3242 5481 3480 5570 dormire,

2123 5546 2276 5652 infert
2318 5589 2680 5661 voluptatem?
2728 5584 2870 5656 quod
2918 5579 3205 5638 solatium?
3245 5560 3530 5663 NumAIec-li

2121 5687 2366 5745 chritudo
2393 5655 2568 5740 reddit
2607 5681 2761 5735 nobis
2784 5694 3029 5732 somnum
3055 5672 3350 5731 suaviorem
3374 5655 3644 5762 delatore-Ill:

2125 5742 2228 5855 quo
2252 5784 2273 5836 ’ἒ
2306 5781 2416 5834 lino
2445 5775 2816 5848 gravissimum
2854 5780 2938 5826 est
2978 5767 3108 5824 illud
3141 5742 3642 5821 molestissimum”!
