3958 6364
168 384 253 443 9⁸11

168 497 242 572 τῷ
264 493 484 556 πυλῶνι,
513 491 627 545 ἀλλ’
653 489 758 544 οὐδ’
785 489 943 545 ἄλλον
974 486 1095 543 τινὰ
1131 488 1300 558 ἡλέει,
1331 488 1495 550 αὐτὸς
1520 486 1727 547 ἐκεῖνος

167 587 312 643 τοῦτο
341 581 557 646 ἔδειξεν.
589 580 654 634 ΕΞ
675 581 783 652 γὰρ
806 579 898 634 τὸν
927 578 984 633 ἐν
1012 577 1090 649 τῷ
1124 576 1330 631 πυλῶνι
1352 572 1612 646 διηνεκῶς
1638 574 1728 643 ἐρ·-

173 672 440 747 ριμμένον,
464 670 560 724 καὶ
589 668 697 740 πρὸ
744 667 853 723 τῶν
884 666 1180 747 όφθαλμῶν
1212 665 1492 735 κείμενον,
1523 660 1580 715 ὃν
1606 659 1727 714 καθ’

170 740 391 828 ἑκάστην
413 756 649 829 ἡμέραν,
681 757 773 810 καὶ
792 740 961 822 ἀπρὶξ,
1002 755 1097 807 καὶ
1133 754 1237 819 δὶς,
1272 751 1369 806 καὶ
1402 748 1694 810 πλεονάκις
1713 784 1728 810 ,

169 848 291 919 ὁρᾷν
318 844 658 915 ἠναγκάζετο
691 841 876 896 εἰσιὼν
908 842 1002 896 καὶ
1027 839 1213 905 ἐξιὼψ
1239 838 1299 893 οὐ
1324 836 1432 909 γὰρ
1461 837 1518 889 ἐν
1548 831 1731 903 ἀμφό-

165 936 253 1006 δῳ,
294 933 400 988 οὐδ’
431 935 488 986 ἐν
536 932 765 1004 κρυπτῷ
798 933 892 987 καὶ
939 929 1201 1001 στενωπῷ
1247 926 1533 982 κατέκειτο
1557 922 1729 991 τόπῳ,

166 1025 273 1081 ἀλλ’
317 1024 446 1081 ένθα
501 1026 746 1094 συνεχεῖς
791 1024 891 1087 τὰς
948 1021 1184 1087 εἰσόδους
1237 1018 1332 1073 καὶ
1383 1017 1483 1081 τὰς
1520 1014 1732 1080 ἐξόδους

167 1113 478 1186 ποιούμενος
502 1116 532 1167 ό
552 1112 825 1178 πλούσιος,
855 1112 1004 1166 ἄκων
1036 1110 1199 1164 αὐτὸν
1215 1109 1348 1180 όρᾷν
1368 1102 1729 1177 ἠναγκάζετο·

164 1207 212 1260 εί
243 1206 418 1260 τοίνυν
440 1205 631 1260 τοῦτον
658 1205 759 1260 οὐκ
787 1205 1010 1276 ¹ἠλέησε,
1044 1204 1136 1256 τὸν
1161 1203 1220 1255 ἐν
1241 1198 1483 1269 τοσούτῳ
1511 1193 1733 1269 χαλεπῷ

165 1293 317 1349 πάθει
344 1294 758 1364 κατακείμενον,
808 1292 904 1346 καὶ
943 1292 1149 1363 ἀπορία
1181 1289 1418 1362 τοσαύτῃ
1454 1287 1731 1353 συζῶντα,

170 1382 438 1455 μᾶλλονδὲ
468 1382 558 1435 διὰ
601 1381 804 1445 παντὸς
836 1380 932 1435 τοῦ
976 1381 1092 1452 βίου
1130 1378 1415 1452 ἀρρωστίᾳ
1458 1377 1736 1432 ταλαιπω-

168 1470 376 1543 ροῦντα,
400 1472 494 1525 καὶ
520 1470 803 1543 ἀρρωστίᾳ
824 1468 1205 1542 χαλεπωτάτη
1222 1467 1360 1538 πρὸς
1388 1467 1511 1520 τίνα
1535 1466 1602 1521 ἀν
1624 1464 1734 1520 τῶν

164 1559 592 1631 ἐντυγχανόντων
615 1557 945 1629 ἐπεκάμφθη
967 1557 1097 1610 ποτέ
1114 1576 1129 1623 ;
1152 1557 1264 1611 Καὶ
1277 1555 1385 1627 γὰρ
1400 1557 1480 1619 εἰς
1495 1554 1593 1627 τὴν
1609 1569 1737 1627 προ-

164 1648 321 1721 τέραν
352 1649 570 1721 ἡμέραν
600 1649 944 1719 παρέδραμε,
974 1647 1073 1717 τὴν
1114 1645 1374 1716 δευτέραν
1405 1643 1551 1708 εἰκὸς
1578 1639 1647 1716 ἦν
1678 1660 1734 1697 τι

166 1738 370 1792 παθεῖν’
393 1740 442 1791 εἰ
467 1737 526 1790 δὲ
551 1737 646 1792 καὶ
678 1739 737 1791 ἐν
764 1737 934 1809 ταύτῃ
955 1735 1229 1807 παρεῖδεν,
1249 1733 1384 1789 ἀλλά
1404 1734 1503 1805 τὴν
1520 1733 1732 1805 τρίτην,

166 1828 197 1899 ἢ
226 1827 321 1899 τὴν
350 1827 623 1899 τετάρτην
641 1870 655 1892 ,
692 1825 725 1896 ἢ
774 1825 874 1897 τὴν
903 1826 1020 1896 μετ’
1047 1824 1284 1893 ἐκείνην,
1312 1822 1531 1887 πάντως
1573 1823 1735 1879 αὐτὸν

163 1921 572 1992 ἐπικαμφθῆναι
594 1918 719 1984 ἔδει,
745 1919 839 1972 καὶ
862 1920 910 1971 εί
932 1916 1039 1970 τῶν
1061 1915 1264 1987 θηρίων
1288 1913 1623 1986 ἀγριώτερος
1643 1909 1732 1986 ἦν.

163 2009 297 2062 Ἀλλ’
323 2008 475 2061 οὐδὲν
516 2006 686 2060 ἔπαθε
710 2006 969 2059 τοιοῦτον
1000 2004 1137 2060 ἀλλά
1168 2005 1262 2058 καὶ
1293 2004 1503 2057 ἐκείνου
1530 2002 1624 2057 τοῦ
1656 2002 1736 2055 δι-

164 2095 380 2159 καστοῦ,
404 2094 503 2150 τοῦ
531 2097 667 2166 μήτε
698 2094 792 2147 τὸν
820 2093 951 2149 Θεὸν
974 2091 1331 2162 φοϐουμένου,
1366 2093 1504 2163 μήτε
1532 2090 1739 2163 ἀνθρώ-

164 2203 293 2249 πους
310 2184 635 2255 αἰδουμένου
665 2183 759 2255 ,καὶ
782 2181 1115 2257 ἰταμώτερος
1138 2182 1238 2235 καὶ
1258 2179 1627 2251 ἀπηνέστερος
1653 2179 1738 2247 γ’έ-

162 2290 332 2343 γονεν.
358 2275 604 2327 Ἐκεῖνον
638 2273 736 2343 μὲν
768 2271 878 2344 γὰρ
917 2273 950 2341 ἡ
986 2270 1087 2341 τῆς
1130 2270 1302 2341 χήρας
1338 2268 1608 2339 συνέχεια,
1643 2267 1739 2321 καλ¹

162 2363 327 2417 ταῦτα
353 2363 509 2435 ὠμὸν
529 2363 657 2416 ὄντα
680 2361 773 2415 καὶ
797 2361 1005 2431 ἄγριον,
1021 2357 1202 2412 δοῦναι
1227 2358 1327 2428 τὴν
1346 2357 1505 2428 χάριν
1528 2356 1736 2419 ἔπεισε,

166 2452 253 2507 καὶ
272 2452 406 2523 πρὸς
420 2450 525 2523 τὴν
557 2449 837 2521 ἱκετηρίαν
855 2447 1163 2519 ἐπέκαμψε·
1182 2445 1370 2499 τοῦτον
1382 2446 1437 2498 δέ
1452 2446 1571 2499 οὐδὲ
1587 2442 1737 2516 [716]

163 2543 314 2597 τοῦτο
343 2543 568 2613 ἴσχυσεν
592 2538 902 2608 ἐπικάμψαι
933 2536 1070 2608 πρὸς
1085 2534 1182 2605 τὴν
1211 2534 1305 2587 τοῦ
1339 2534 1565 2604 πένητος
1588 2531 1738 2584 ἀντί-

166 2630 337 2702 ληψιν·
380 2629 564 2683 καίτοι
590 2644 654 2696 γε
693 2626 794 2679 οὐκ
844 2625 932 2694 ῖση
972 2619 1039 2694 ἦν
1079 2624 1112 2693 ἡ
1152 2620 1389 2692 αἴτησις,
1446 2619 1558 2674 ἀλλ’
1598 2619 1739 2690 αὕτη

164 2720 335 2792 πολλῷ
370 2718 726 2788 εὐκολωτέρα
755 2715 850 2769 καὶ
880 2714 1212 2786 δικαιοτέρα.
1240 2713 1304 2766 Ἠ
1339 2713 1437 2783 μὲν
1468 2713 1578 2782 γάρ
1598 2711 1740 2765 κατὰ

163 2804 509 2882 τῶν’ἐχθρῶν
535 2806 696 2861 αὐτὸν
742 2802 1073 2875 παρεκάλει,
1113 2794 1270 2864 οὗτος
1300 2801 1358 2854 δὲ
1392 2801 1543 2869 ἠξίου
1580 2800 1741 2853 λῦσαι

161 2899 330 2971 λιμὸν,
356 2898 455 2953 καὶ
491 2897 568 2967 μὴ
614 2895 877 2965 περιιδεῖν
909 2889 1316 2959 ἀπολλύμενονο
1370 2890 1594 2958 κάκείνη
1640 2888 1740 2959 μὲν

159 2987 385 3058 ἡνώχλει
410 2980 831 3057 παρακαλοῦσα,
854 2973 1011 3058 ⁶οὗτος
1034 2978 1090 3031 δὲ
1119 2976 1380 3040 πολλάκις
1412 2978 1510 3047 τῆς
1530 2978 1742 3058 ἡμέρας

161 3075 409 3146 ἐφαίνετο
433 3071 519 3143 τῷ
556 3069 796 3139 πλουσίῳ
832 3069 959 3138 σιγῇ
998 3064 1271 3135 κείμενος
1327 3064 1461 3118 πολὺ
1493 3064 1550 3117 δὲ
1575 3047 1743 3118 τοῦτο

163 3165 339 3218 ἱκανὸν
367 3159 613 3234 μαλάξαι
643 3156 845 3223 μᾶλλον
901 3155 996 3207 καὶ
1057 3151 1267 3223 λιθίνην
1325 3151 1582 3206 διάνοιαν.
1624 3153 1742 3205 Ἐν-

161 3252 473 3323 οχλούμενοι
499 3247 611 3317 γὰρ
633 3242 891 3306 πολλάκις
923 3241 1018 3295 καὶ
1060 3238 1497 3311 παροξυνόμεθα·
1531 3240 1659 3292 ὅταν
1688 3238 1743 3291 δὲ

160 3340 278 3400 τοὺς
315 3337 617 3408 δεομένους
667 3331 919 3403 βοηθείας
957 3328 1155 3394 ἴδωμεν
1201 3329 1327 3397 σιγῇ
1382 3325 1549 3396 πολλῇ
1605 3342 1744 3395 παρ-

158 3428 418 3491 εστῶτας,
438 3423 540 3480 καὶ
571 3420 735 3493 μηδὲν
760 3415 1187 3488 φθεγγομένους,
1214 3413 1326 3467 ἀλλ’
1345 3413 1745 3483 ἀποτυγχάνον-

159 3536 253 3581 τας
277 3517 377 3588 μέν
407 3515 525 3576 ἀεὶ,
564 3511 638 3583 μὴ
662 3507 1112 3582 δυσχεραίνοντας
1139 3504 1215 3569 δὲ,
1236 3503 1371 3558 ἀλλά
1400 3507 1524 3574 σιγῇ
1560 3521 1746 3588 φαινο-

162 3587 355 3674 μένους
414 3603 582 3676 μόνον
626 3600 796 3670 ἡμῖν,
842 3594 946 3648 κᾶν
1002 3593 1183 3647 αὐτῶν
1232 3592 1343 3645 τῶν
1385 3591 1546 3646 λίθων
1595 3587 1745 3660 ὦμεν

160 3695 629 3767 ἀναισθητότεροι,
668 3686 766 3758 τὴν
802 3683 1107 3755 ὑπερϐολὴν
1137 3682 1237 3750 τῆς
1263 3682 1566 3746 ἐπιεικείας
1605 3683 1748 3736 αἰδε-

161 3781 376 3856 σθέζεες
433 3771 970 3846 κατακαμπτόμεθα.
1018 3771 1130 3856 Καὶ
1177 3771 1366 3841 ἕτερον
1402 3769 1460 3823 δέ
1507 3788 1561 3824 τι
1611 3772 1746 3842 πρὸς

160 3855 364 3934 τούτοις
396 3867 610 3923 τούτων
635 3864 736 3916 οὐκ
770 3862 991 3915 ἔλαττον
1011 3855 1099 3931 ἦν,
1120 3859 1181 3913 τὸ
1201 3861 1294 3912 καὶ
1311 3861 1410 3931 τὴν
1430 3858 1552 3930 ὄψιν
1578 3862 1747 3931 αὐτὴν

159 3958 396 4031 ἐλεεινὴν
463 3952 609 4009 εἶναι
657 3949 749 4005 τοῦ
804 3949 1068 4020 πένητος,
1114 3946 1258 4019 λιμῷ
1317 3948 1410 4001 καὶ
1464 3949 1749 4020 ἀρρωστίᾳ.

162 4048 349 4119 μακρᾷ
366 4061 513 4100 κατε
524 4042 874 4114 ργασθεῖσαν.
907 4037 1047 4091 Ἀλλ’
1068 4037 1218 4107 ὅμως
1249 4036 1402 4090 οὐδὲν
1432 4036 1637 4091 τούτων
1659 4038 1749 4091 τὸν

155 4135 435 4204 ἀνήμερον
466 4131 680 4185 ἐκεῖνον
711 4125 972 4195 ἐμάλαξε.

225 4246 292 4312 ζ’.
308 4243 522 4317 Πρώτη
557 4242 653 4313 μὲν
674 4237 766 4295 οῦν
787 4240 956 4295 κακία
982 4236 1121 4306 αὕτη
1140 4235 1443 4306 ὠμότητος,
1467 4237 1562 4287 καλ¹
1582 4235 1749 4287 ἀπαν-

158 4334 376 4406 θρωπία
411 4330 722 4404 ὑπερϐολὴν
753 4330 852 4384 οὐκ
881 4328 1095 4399 ἔχουσα.
1123 4327 1197 4379 Οὐ
1231 4326 1342 4397 γάρ
1368 4326 1514 4379 ἐστιν
1547 4324 1659 4377 ἴσον
1691 4325 1748 4376 ἐν

156 4424 319 4496 πενία
367 4421 557 4486 ζῶντα
597 4417 671 4489 μὴ
704 4416 918 4489 βοηθεῖν
959 4417 1072 4478 τοῖς
1099 4412 1395 4485 δεομένοις,
1438 4413 1530 4466 καὶ
1561 4409 1751 4465 τοσαύ-

156 4528 255 4582 της
296 4506 652 4564 ἀπολαύοντα
689 4505 923 4577 τρυφῆς,
960 4500 1105 4573 λιμῷ
1144 4501 1484 4572 τηκομένους
1531 4499 1749 4569 ἐτέρους

158 4601 452 4671 περιορᾷν.
512 4596 683 4651 Πάλιν
732 4594 832 4648 οὐκ
887 4592 1031 4647 ἐστιν
1080 4592 1212 4657 ίσον,
1242 4590 1389 4655 ἅπαξ
1430 4589 1462 4662 ἢ
1498 4589 1751 4659 δεύτερον

160 4688 335 4742 ἰδόντα
361 4684 607 4756 πτωχὸν,
643 4681 1040 4753 παραδραμεῖν,
1078 4680 1170 4731 καὶ
1204 4676 1323 4731 καθ’
1353 4679 1590 4748 ἑκάστην
1617 4675 1753 4747 ἡμέ-

160 4793 257 4847 ραν
293 4775 569 4845 βλέποντα
606 4771 741 4842 μηδὲ
769 4770 872 4823 ὐπὸ
903 4769 1001 4840 τῆς
1026 4766 1165 4821 κατά
1197 4768 1294 4837 τὴν
1322 4766 1444 4836 ὄψιν
1474 4764 1754 4835 συνεχείας

158 4863 294 4935 πρὸς
338 4863 437 4917 τὸν
476 4861 625 4914 ἐλεον
666 4859 761 4913 καὶ
798 4858 898 4929 τὴν
948 4856 1359 4927 φιλανθρωπίαν
1401 4854 1753 4925 διαναστῆναι

151 4953 389 5023 ταύτην.
422 4949 599 5009 Πάλιν
631 4949 731 5002 οὐκ
758 4947 905 5001 ἔστιν
938 4945 1050 4999 ἴσον
1085 4946 1141 4997 ἐν
1171 4946 1475 5015 συμφοραῖς
1503 4943 1629 4996 ὅντα
1660 4943 1755 4997 καὶ

156 5042 427 5113 ἀθυμίαις
460 5041 559 5094 καὶ
591 5038 778 5101 κακῶς
804 5037 902 5108 τὴν
933 5035 1111 5106 ψυχὴν
1140 5034 1481 5106 διακείμενον
1517 5033 1592 5105 μὴ
1626 5034 1756 5104 βοη-

157 5129 272 5184 θεῖν
316 5132 440 5193 τοῖς
472 5126 721 5198 πλησίον,
760 5126 854 5179 καὶ
882 5122 1150 5190 τοσαύτης
1181 5121 1525 5177 ἀπολαύοντα
1558 5123 1757 5193 εὐφρο-

1348 357 1437 412 DE
1473 352 1756 410 LAZARO
1794 351 2044 411 CONCIO
2079 355 2121 412 1.

3302 367 3406 423 972

1837 487 2119 559 ριωμένος,
2154 488 2354 559 μᾶλλον
2381 490 2438 543 δὲ
2465 491 2560 545 καὶ
2581 489 2771 563 θηρίου
2802 486 2999 551 παντὸς
3025 484 3284 557 ὠμότητα
3311 486 3407 538 καὶ

1832 575 2225 648 ἀπανθρωπίαν
2250 580 2363 642 τοῖς
2397 578 2622 649 τρόποις
2649 577 2982 648 ἀπέκρυψεν.
3032 573 3173 630 Ἀλλ’
3204 575 3351 643 ὅμως
3378 575 3408 625 ὁ

1838 663 1936 734 μὲν
1960 665 2017 718 ἐν
2042 665 2276 737 πονηρίᾳ
2299 665 2406 731 ζῶν
2429 666 2522 720 καὶ
2542 664 2907 737 ἀπανθρωπίᾳ
2931 663 3110 733 πάσης
3129 661 3408 733 ἀπηλαυεν

1834 752 2162 822 εὐπραγίας,
2191 755 2219 807 ὁ
2245 753 2302 807 δὲ
2330 753 2536 818 δίκαιος
2556 753 2651 807 καὶ
2674 752 2872 825 ἀρετῆς
2899 749 3325 822 ἐπιμελούμενος
3348 748 3408 800 ἐν

1834 840 2082 911 ἐσχάτοις
2121 833 2191 909 ἦν
2213 844 2420 906 κακοῖς.
2453 842 2576 895 Ὅτι
2608 840 2715 913 γάρ
2752 840 2956 903 δίκαιος
2984 841 3013 893 ό
3039 838 3290 909 Λάζαρος
3314 831 3406 908 ἦν,

1835 927 2000 982 πάλιν
2044 930 2139 982 καὶ
2173 928 2406 983 ἐνταῦθα
2450 929 2512 982 τὸ
2549 929 2702 993 τέλος
2734 926 3002 993 ἀπέδειξε,
3040 927 3134 980 καὶ
3170 922 3276 994 πρὸ
3312 921 3406 975 τοῦ

1833 1015 2021 1079 τέλους
2075 1016 2215 1088 αὐτὴ
2255 1018 2291 1088 ἡ
2330 1015 2473 1071 κατὰ
2513 1010 2611 1088 τὴν
2649 1016 2837 1070 πενίαν
2873 1014 3141 1085 ύπομονή.
3167 1008 3314 1082 ’Δρα
3345 1007 3406 1062 οὐ

1835 1106 2045 1160 δοκεῖτε
2082 1106 2223 1159 αὐτά
2251 1106 2496 1177 παρόντα
2531 1104 2602 1159 τά
2636 1104 2939 1174 πράγματα
2981 1103 3153 1174 όρᾷν;
3185 1101 3408 1171 Πλὴρης

1834 1194 1914 1268 τῷ
1946 1193 2186 1266 πλουσίῳ
2219 1196 2253 1266 ἡ
2282 1194 2416 1258 ναῦς
2442 1193 2542 1265 τῆς
2581 1193 2849 1265 ἐμπορίας
2889 1187 2978 1262 ἦν,
3007 1190 3101 1245 καὶ⁵
3130 1190 3192 1255 ἐξ
3220 1188 3409 1259 οὐρίας

1836 1283 2008 1339 ἔπλει.
2053 1282 2214 1337 Ἀλλά
2247 1282 2322 1354 μὴ
2355 1282 2690 1354 θαυμάσητεο
2717 1283 2797 1345 εἰς
2820 1281 3078 1348 ναυάγιον
3105 1277 3213 1354 γάρ
3246 1275 3409 1348 ἡπεί-

1836 1389 1984 1442 γετο,
2013 1371 2200 1443 ἐπειδὴ
2362 1347 2559 1441 φόρτον
2587 1347 2687 1423 οὐκ
2717 1368 2948 1439 ἠθέλησε
2976 1347 3278 1420 διαθέσθαι
3289 1364 3408 1434 μετ’

1836 1461 2142 1525 εὐλαϐείας.
2168 1459 2358 1513 Βούλει
2388 1475 2470 1512 σοι
2495 1460 2589 1513 καὶ
2613 1458 2808 1529 ἐτέραν
2833 1457 2973 1511 εἴπω
2996 1454 3193 1511 κακίαν
3212 1452 3407 1517 αὐτοῦς

1837 1553 1912 1606 Τὸ
1944 1552 2066 1606 καθ’
2092 1551 2329 1620 ἐκάστην
2357 1549 2572 1622 ἡμέραν
2590 1550 2801 1621 τρυφᾷν
2829 1546 3021 1609 ἀδεῶς.
3047 1544 3157 1600 Καὶ
3180 1542 3290 1613 γάρ
3315 1542 3411 1595 καὶ

1835 1639 1997 1695 τοῦτο
2019 1641 2189 1695 κακία
2212 1639 2437 1712 ἐσχάτη,
2465 1639 2586 1709 οὐχὶ
2607 1636 2722 1705 νῦν,
2742 1638 2831 1690 ὅτε
2858 1633 3126 1704 τοσαύτην
3147 1628 3409 1685 ἀπαιτού-

1842 1729 1980 1800 μεθα
2008 1728 2345 1798 φιλοσοφίαν,
2374 1727 2510 1781 ἀλλά
2528 1726 2624 1780 καὶ
2646 1727 2705 1778 ἐν
2731 1725 2872 1796 ἀρχῇ
2899 1723 2991 1776 ἐπὶ
3016 1721 3115 1791 τῆς
3143 1718 3406 1783 Παλαιᾶς,

1836 1819 1927 1871 ὅτε
1965 1818 2028 1870 οὐ
2066 1815 2335 1887 τοσαύτης
2382 1815 2699 1886 φιλοσοφίας
2736 1810 2992 1876 ἐπίδειξις
3024 1805 3113 1879 ἦν.
3145 1810 3409 1861 ’Ἄκουσον

1837 1905 1969 1975 γοῦν
2010 1905 2065 1957 τί
2096 1923 2260 1976 φησιν
2296 1907 2325 1958 ό
2365 1905 2669 1975 προφήτης·
2703 1900 2848 1975 Οὐαὶ
2892 1902 2945 1953 οὶ
2975 1897 3287 1967 ἐρχόμενοι
3323 1896 3413 1958 εὶς

1835 1993 2068 2063 ἡμέραν
2100 1993 2318 2062 κακὴν,
2347 1996 2400 2047 οἱ
2434 1990 2762 2062 ἐγγίζοντες
2786 1988 2885 2043 καὶ
2917 1987 3235 2053 ἁπτόμενοι
3268 1984 3413 2035 σαϐ-

1839 2081 2033 2136 ϐάτων
2064 2082 2325 2151 ψευδῶν.
2360 2081 2425 2134 Τί
2447 2082 2617 2146 ἐστιν,
2659 2080 2714 2132 οἱ
2747 2077 3067 2145 ἁπτόμενοι
3101 2067 3415 2125 σαϐϐάτων

1836 2170 2084 2239 ψευδῶν
2102 2186 2124 2234 ;

1910 2273 1973 2326 Ol
2024 2271 2261 2326 Ἰουδαῖοι
2296 2270 2629 2341 νομίζουσιν,
2662 2269 2747 2322 ὃτι
2789 2266 2857 2320 δι’
2883 2263 3080 2337 ἀργίαν
3125 2262 3310 2324 αὐτοῖς
3353 2258 3414 2313 τὸ

1840 2360 2106 2416 σάϐϐατον
2143 2357 2293 2432 [717]
2323 2359 2550 2412 δέδοται.
2603 2358 2717 2411 Οὐκ
2760 2355 2874 2408 ἔστι
2907 2354 2964 2408 δὲ
3004 2350 3141 2422 αὕτη
3172 2351 3206 2421 ἡ
3242 2347 3408 2414 αίτία,

1840 2449 1955 2503 ἀλλ’
1999 2449 2087 2502 ἵνα
2130 2448 2239 2501 τῶν
2279 2447 2547 2516 βιωτικῶν
2588 2444 2816 2507 ἐαυτούς
2862 2440 3261 2509 ἀπαγαγόντες,
3310 2438 3414 2508 τὴν

1843 2537 2039 2609 σχολὴν
2070 2536 2287 2591 ἃπασαν
2311 2537 2387 2598 είς
2411 2534 2486 2587 τὰ
2508 2531 2854 2603 πνευματικά
2882 2528 3260 2583 ἀναλίσκωσιν.
3290 2527 3412 2578 Ὅτι

1840 2626 1951 2697 γὰρ
1984 2640 2005 2662 ι
2042 2624 2141 2678 οὐκ
2184 2624 2380 2695 ἀργίας
2410 2623 2527 2675 ἐστὶ⁹
2576 2621 2635 2673 τὸ
2675 2618 2963 2680 σάϐϐατον,
3008 2615 3122 2669 ἀλλ’
3152 2612 3414 2685 ἐργασίας

1842 2714 1960 2766 ἐστὶ
2006 2713 2383 2783 πνευματικῆς
2409 2708 2685 2771 ὑπόθεσις,
2717 2707 2810 2759 ἀπ’
2834 2703 3012 2759 αὐτῶν
3033 2701 3141 2755 τῶν
3165 2697 3416 2771 πραγμά-

1840 2818 1952 2865 των
1976 2800 2156 2871 δῆλον.
2204 2798 2262 2852 Ὀ
2291 2798 2421 2867 γοῦν
2466 2797 2645 2867 ἱερεὺς
2684 2793 2903 2847 διπλοῦν
2941 2789 3098 2862 ἔργον
3136 2790 3195 2841 ἐν
3233 2784 3414 2854 ἐκείνῃ

1842 2892 1907 2961 τῇ
1933 2889 2116 2961 ἡμέρᾳ
2142 2890 2302 2941 ποιεῖ·
2326 2887 2419 2939 καὶ
2449 2884 2570 2938 καθ’
2597 2882 2833 2953 ἐκάστην
2860 2879 3072 2950 ἡμέραν
3102 2875 3275 2945 ἁπλῆς
3298 2875 3418 2926 ἀνα-

1843 2976 2151 3047 φερομένης
2187 2974 2394 3038 θυσίας,
2424 2972 2619 3041 διπλῆν
2642 2970 2933 3039 ἀναφέρειν
2967 2964 3246 3021 κελεύεται
3269 2962 3416 3017 τότε.

1842 3066 1906 3118 Εί
1938 3065 1994 3118 δὲ
2024 3061 2282 3127 καθάπαξ
2314 3062 2512 3132 ἀργίας
2536 3055 2603 3130 ἦν
2629 3058 2689 3112 τὸ
2725 3056 3011 3116 σάϐϐατον,
3052 3053 3157 3123 πρὸ
3182 3049 3291 3103 τῶν
3319 3048 3415 3102 ἄλ-

1843 3153 1950 3206 λων
1990 3152 2083 3206 τὸν
2120 3151 2272 3221 ἱερέα
2306 3150 2494 3221 ἀργεῖν
2533 3148 2718 3217 ἐχρῆν.
2766 3143 2919 3196 Ἐπεὶ
2960 3138 3052 3195 οὖν
3081 3142 3130 3194 οί
3177 3138 3417 3192 Ἰουδαῖοι

1842 3241 1950 3294 τῶν
1982 3237 2250 3311 βιωτικῶν
2278 3235 2681 3305 ἀπαλλαγέντες
2720 3231 3078 3304 πραγμάτων,
3111 3229 3223 3289 τοῖς
3254 3242 3418 3278 πνευ-

1848 3333 2097 3402 ματικοῖς
2116 3329 2176 3381 οὐ
2213 3330 2522 3401 προσεῖχον,
2557 3322 2881 3396 σωφροσύνῃ
2909 3322 3003 3375 καὶ
3032 3316 3298 3387 ἐπιεικείᾳ
3327 3314 3420 3369 καὶ

1844 3419 2107 3490 ἀκροάσει
2161 3417 2319 3470 θείων
2376 3415 2595 3483 λογίων,
2636 3409 2773 3465 ἀλλά
2822 3407 3126 3463 τούναντίον
3177 3403 3416 3465 ἐποίουν,

1845 3503 2280 3576 γαστριζόμενοι,
2320 3502 2628 3574 μεθύοντες,
2661 3497 3139 3571 διαρῤηγνύμενοι,
3170 3491 3419 3564 τρυφῶν-

1845 3611 1957 3658 τες,
1992 3594 2079 3648 διὰ
2112 3592 2269 3646 τοῦτο
2306 3591 2681 3663 κατηγόρησεν
2714 3587 2894 3641 αὐτῶν
2924 3588 2953 3639 ό
2989 3583 3293 3654 προφήτης.
3327 3579 3421 3631 Εἰ-

1847 3680 1965 3736 πὼν
1998 3681 2130 3750 γὰρ,
2178 3678 2320 3734 Οὐαὶ
2370 3682 2424 3733 οἱ
2464 3678 2776 3747 ἐρχόμενοι
2806 3676 2893 3740 είς
2938 3671 3166 3740 ἡμέραν
3203 3667 3421 3734 κακὴν,

1848 3771 1942 3823 καὶ
1964 3767 2282 3837 ἐπαγαγὼν,
2312 3769 2375 3821 Ol
2401 3765 2797 3835 ἐφαπτόμενοι
2822 3758 3134 3813 σαϐϐάτων
3157 3752 3422 3823 ψευδῶν,

1847 3860 2015 3924 ἔδειξε
2046 3859 2136 3913 διὰ
2161 3859 2262 3929 τῆς
2291 3858 2608 3926 ἐπαγωγῆς,
2637 3854 2754 3916 πῶς
2780 3848 2849 3923 ἦν
2870 3850 3053 3912 αὐτοῖς
3084 3846 3153 3900 τά
3179 3844 3424 3899 σάϐϐατα

1848 3951 2036 4023 ψευδῆ.
2069 3950 2195 4014 Πῶς
2227 3946 2319 4004 οὖν
2348 3949 2488 4003 αὐτά
2514 3945 2729 3999 ἐποίουν
2758 3941 2963 4013 ψευδῆς
2994 3938 3084 4010 Τῷ
3110 3935 3309 3991 κακίαν
3336 3935 3428 4023 ἐρ-

1849 4040 2136 4109 γάζεσθαι,
2189 4038 2524 4110 τρυφῶντες,
2591 4033 2910 4104 μεθύοντες,
2970 4027 3063 4081 καὶ
3117 4025 3187 4078 τὰ
3257 4022 3427 4110 μυρία

1849 4126 2108 4198 αἴσχιστα
2169 4109 2265 4180 καὶ
2315 4124 2527 4196 χαλεπά
2570 4123 2922 4193 πράσσοντες.
2984 4115 3094 4168 Καὶ
3137 4114 3219 4165 ὅτι
3268 4109 3427 4164 τοῦτό

1848 4225 2000 4277 ἐστιν
2028 4219 2247 4289 ἀληθὲς,
2270 4216 2498 4269 ἄκουσον
2524 4211 2630 4265 τῶν
2655 4209 2801 4280 ἑξῆς.
2829 4206 3077 4259 Δείκνυσι
3099 4202 3207 4272 γὰρ
3229 4200 3256 4253 ὂ
3278 4199 3427 4289 λέγω

1850 4313 1916 4367 δι’
1947 4304 2022 4364 ὧν
2055 4285 2216 4371 εὐθὺς
2244 4306 2438 4372 ἐπάγει
2480 4302 2574 4355 καὶ
2608 4300 2773 4368 λέγει’
2806 4299 2870 4351 Οἱ
2905 4292 3299 4355 καθεύδοντες
3327 4285 3427 4340 ἐπὶ

1853 4400 2079 4456 κλινῶν
2114 4395 2538 4466 ἐλεφαντίνων,
2581 4389 2683 4444 καί
2718 4380 3298 4445 κατασπαταλῶντες
3329 4374 3431 4429 ἐπὶ

1852 4491 1971 4546 τῶν
2010 4484 2335 4556 στρωμνῶν
2380 4480 2598 4545 αὐτῶν,
2633 4481 2686 4532 οἱ
2726 4476 3033 4539 ἐσθίοντες
3075 4471 3321 4539 ἐρίφους
3361 4466 3430 4520 ὲκ

1854 4580 2165 4650 ποιμνίων,
2198 4573 2295 4628 καὶ
2319 4569 2621 4641 μοσχάρια
2645 4567 2714 4620 ἐκ
2729 4563 3075 4650 βουκολιῶν
3096 4556 3430 4650 γαλαθηνὰ,

1855 4675 1908 4727 οἱ
1939 4644 2218 4729 πίνοντες
2249 4661 2355 4715 τὸν
2382 4655 2776 4725 διυλισμένον
2798 4648 2987 4716 οἶνον,
3010 4649 3109 4702 καὶ
3139 4648 3210 4700 τὰ
3232 4644 3434 4714 πρῶτα

1850 4762 2011 4832 μύρα
2037 4747 2599 4827 χριόμενοι.Ἐλαϐες
2619 4745 2679 4798 τὸ
2712 4742 3001 4803 σάϐϐατον,
3035 4739 3122 4793 ἵνα
3144 4737 3240 4805 τῆς
3276 4751 3435 4804 πονη-

1860 4823 1983 4923 ρίας
2014 4823 2330 4912 ἀπαλλάξῃς
2348 4840 2447 4899 τὴν
2478 4836 2678 4906 ψυχήν·
2715 4833 2782 4885 σὺ
2812 4831 2879 4923 *δὲ
2909 4829 3080 4923 αὐτὴν
3115 4823 3431 4923 κατεργάζ-’ῃ

1857 4914 2039 4993 πλέον.
2083 4933 2148 4986 Τί
2180 4932 2287 5001 γὰρ
2330 4928 2396 4982 ἂν
2426 4926 2633 4994 γένοιτο
2667 4923 2765 4990 τῆς
2806 4916 3063 4989 βλακείας
3095 4915 3294 4985 ταύτης
3318 4914 3436 4982 χεῖ-

1861 5047 1973 5101 ρον,
2004 5026 2039 5097 ἢ
2076 5024 2136 5077 τὸ
2160 5022 2251 5076 ἐπὶ
2284 5015 2482 5072 κλινῶν
2517 5010 2873 5081 ἐλεφαντίνων
2909 5005 3190 5061 καθεύδειν
3210 5022 3224 5069 ;
3246 5006 3313 5101 Δί
3345 5002 3438 5057 ἄλ.

1857 5088 2235 5184 λαιάμαρτίαι
2271 5104 2376 5160 κᾶν
2402 5101 2603 5174 μικράν
2627 5115 2750 5152 τινα
2783 5096 2977 5167 ἡδονὴν
3009 5094 3227 5164 ἔχωσιν,
3257 5088 3367 5145 οἷον
3402 5093 3436 5163 ἡ

159 5180 480 5289 σύνηςῄ
531 5180 808 5287 δίηνεκίοῦς
860 5180 1184 5281 εὐπραγίας.
1233 5210 1375 5280 λιμῷ
1423 5180 1760 5280 τηκομένους
1864 5180 2025 5276 μέθηζ
2053 5180 2103 5272 ἡ-
2124 5194 2404 5289 πλεονεξίξι
2435 5193 2529 5244 καὶ
2558 5187 2783 5289 ἀσωξίω
2813 5185 2889 5289 ’ξδᾳ
3000 5183 3092 5289 ἐπὶ
3111 5180 3308 5235 κλινῶν
3329 5181 3439 5289 ἐξε·

156 5311 391 5383 ἐτέρους
425 5310 715 5379 περιορᾷν,
756 5306 849 5359 καὶ
877 5304 1199 5359 ἀποκλεῖσαι
1237 5302 1306 5356 τὰ
1328 5303 1631 5372 σπλάγχνα,
1664 5301 1759 5356 καὶ

156 5400 296 5470 μηδὲ
345 5396 460 5450 ὑπὸ
493 5397 594 5467 τῆς
629 5396 802 5466 χαρᾶς
832 5393 1002 5461 αὐτῆς
1045 5390 1296 5455 γενέσθαι
1331 5390 1762 5462 φιλανθρωπότε-

1861 5269 2134 5363 φαντίνῶν
2192 5281 2545 5351 καθευδῆσαι;
2600 5274 2760 5328 ποίαν
2824 5271 3016 5343 ἡδονὴν
3069 5269 3214 5341 ἐχει;
3278 5269 3440 5323 ποίαν

1866 5358 2246 5452 έταραμυθίανς
2276 5371 2371 5441 Μὴ
2400 5367 2510 5438 γὰρ
2542 5362 2674 5435 ἡδίω
2701 5360 2795 5415 καὶ
2824 5358 3154 5430 γλυκύτερον
3184 5359 3317 5429 ἡμῖν
3348 5359 3440 5411 τὸν

156 5446 295 5470 1⁷⁷⁷1⁷*
350 5446 450 5450 “’“”
513 5446 592 5467 V'I'
630 5446 799 5466 A'|"
958 5446 999 5461 "
1055 5446 1069 5455 "
1345 5446 1355 5460 ⁵
1531 5446 1542 5462 Ι
1947 5446 1957 5452 '
2024 5446 2033 5449 “

152 5505 267 5559 ρον.
306 5487 464 5539 Ἵστε
502 5484 618 5555 γὰρ
645 5484 815 5554 δήπου
858 5480 1037 5547 τοῦτο,
1063 5480 1145 5532 ὅτι
1184 5478 1285 5531 κᾶν
1315 5478 1572 5531 ἁπάντων
1608 5473 1760 5550 ὦμεν
1864 5472 2031 5526 ὕπνον
2061 5460 2354 5537 ἐργάζεται
2384 5459 2481 5528 τῆς
2513 5453 2700 5523 κλίνης
2714 5451 2790 5559 Λτξ)
2825 5448 3019 5511 κάλλος
3038 5465 3053 5514 ἱ
3097 5446 3443 5559 Φορτξκώτα’

2050 5555 2106 5559 Α--
2208 5550 2211 5553 ι
2252 5551 2262 5559 .
2366 5543 2394 5559 τ
2523 5544 2534 5557 ο
2572 5545 2584 5559 0
2788 5555 2968 5559 ~,___-..
2999 5537 3149 5559 _-.“_‘_-
3201 5539 3220 5559 3.
3252 5554 3293 5559 _-.
3320 5535 3442 5559 -.-ἔτη

145 5571 527 5643 ἀγριώτεροι.⁵
558 5573 674 5635 ταῖς
706 5569 1032 5639 εὐπραγίαις
1057 5565 1398 5637 ἡμερώτεροι
1425 5567 1763 5637 καὶχρηστό·

142 5677 298 5731 τεροι
342 5655 694 5728 πεφύκαμεν
747 5657 1012 5726 γίνεσθαι.
1063 5654 1185 5707 Ἀλλ
1238 5655 1446 5719 ἐκεῖνος
1492 5655 1613 5708 οὐδέ
1658 5657 1764 5709 ὐπὸ

140 5751 248 5823 τῆς
276 5751 611 5821 εὐημερίας
648 5751 873 5817 βελτίων
907 5749 1141 5817 ἐγένετο,
1173 5748 1289 5803 ἀλλ’
1311 5748 1501 5813 ἔμενεν
1533 5751 1760 5823 ἐκτεθη-

1863 5578 1953 5615 τον
1986 5535 2186 5629 μᾶλλον
2208 5550 2307 5622 μὲν
2335 5543 2428 5601 οῦν
2454 5544 2546 5599 καὶ
2569 5540 2968 5612 ἐπαχθέστατον
2998 5537 3175 5602 τοῦτο,
3198 5537 3294 5590 ἐὰν
3319 5535 3443 5590 νοῦν

1934 5735 2059 5804 "Sic
2086 5757 2189 5802 (res
2211 5761 2351 5805 mss.,
2376 5748 2429 5793 cl
2447 5746 2519 5794 sic
2542 5743 2667 5804 legit
2690 5712 2947 5794 Erasmus:
2968 5735 3064 5788 Alii
3091 5737 3161 5786 ὅτι
3189 5738 3258 5786 δέ.
