3958 6428
303 434 422 494 9'73

297 549 353 603 si
387 548 546 605 modo
564 546 855 617 sapiamus.
877 545 1089 602 Etenim
1114 545 1160 600 si
1183 545 1311 600 dum
1341 552 1398 600 tu
1425 543 1627 599 dormés
1654 545 1704 597 in
1731 543 1889 599 ebur-

298 656 416 697 neo
444 642 606 706 lecto,
648 648 823 695 tecum
848 647 1084 709 reputes,
1115 636 1257 708 quod
1297 636 1433 705 alius
1463 650 1533 691 ne
1556 649 1750 705 panem
1776 636 1893 705 qui.

297 732 432 788 dem
469 732 629 788 habet
650 744 757 801 quo
782 744 971 786 secure
993 737 1258 794 vescatur,
1288 741 1469 783 nonne
1488 735 1542 781 te
1568 736 1658 780 tua
1685 726 1890 781 conde-

301 824 519 879 mnabit
571 822 930 889 conscientia,
982 831 1038 876 et
1089 822 1329 891 insurget
1387 820 1440 874 iu
1492 819 1891 874 accusationem

298 914 465 970 istius
490 913 902 985 inatqualitatis?
926 910 1077 981 Quod
1115 911 1159 967 si
1189 914 1393 965 crimen
1427 917 1511 964 est
1535 908 1785 964 eburneis
1810 909 1893 962 in-

296 1005 541 1060 dormire
580 1004 752 1070 lectis,
797 1017 919 1058 cum
962 1003 1197 1073 undique
1235 1002 1396 1057 etiam
1438 1010 1658 1070 argento
1695 998 1893 1054 fuerint

298 1098 613 1163 convestiti,
640 1111 801 1166 quam
839 1095 1124 1151 ali'eremus
1162 1091 1603 1150 excusationem?
1647 1090 1740 1146 Vis
1768 1090 1890 1146 lecti

295 1188 489 1244 videre
528 1186 1015 1257 pulchritudinem?
1046 1186 1156 1256 Ego
1191 1185 1288 1239 tibi
1335 1197 1476 1238 nunc
1500 1189 1886 1246 commonstro,

294 1294 415 1336 non
441 1279 655 1349 plebeii,
686 1293 858 1349 neque
896 1277 1159 1344 militaris,
1185 1276 1279 1332 sed
1305 1275 1438 1344 regii
1466 1274 1588 1329 lecti
1619 1283 1885 1328 ornatum.

294 1371 518 1427 Etenim
544 1372 789 1442 quamvis
828 1372 990 1427 fueris
1014 1370 1252 1426 omnium
1293 1367 1777 1433 ambitiosissiutus,
1804 1374 1889 1422 sat

293 1464 440 1531 scio,
461 1479 569 1519 non
588 1464 798 1535 optabis
820 1464 913 1518 tibi
937 1465 1132 1519 lectum
1158 1461 1520 1533 pulchriorem
1542 1474 1701 1530 quam
1725 1459 1885 1529 regis,

296 1565 363 1611 et
395 1556 540 1628 quod
573 1557 748 1627 majus
773 1566 874 1625 est,
905 1557 1044 1627 regis
1070 1572 1175 1610 non
1201 1554 1501 1625 cujuslibet,
1528 1553 1621 1609 sed
1650 1553 1886 1624 primarii

292 1661 598 1719 regumque
646 1648 882 1703 omnium
931 1647 1169 1707 maximi,
1227 1646 1421 1715 quique
1470 1644 1523 1699 in
1571 1643 1886 1698 hodiernum

294 1753 475 1809 usque
486 1738 628 1795 diem
644 1739 947 1794 celebratur
964 1747 1076 1793 toto
1094 1744 1352 1792 terrarum
1370 1735 1516 1789 orbe.
1542 1734 1642 1800 En,
1660 1731 1886 1791 ostendo

296 1830 401 1885 tibi
421 1829 615 1885 lectum
645 1830 787 1885 beati
820 1829 1052 1884 Davidis.
1084 1828 1270 1897 Qualis
1297 1828 1456 1897 igitur
1472 1834 1588 1882 erat
1617 1826 1744 1881 ille?
1767 1825 1884 1881 Non

293 1928 530 1991 argento
558 1929 614 1976 et
637 1934 791 1987 auro,
818 1919 916 1976 sed
945 1919 1176 1988 undique
1201 1919 1449 1989 lacrymis
1475 1926 1530 1974 et
1548 1917 1885 1973 confessione

291 2023 418 2068 erat
441 2022 745 2067 exornatus.
774 2012 898 2068 Haec
925 2012 1042 2082 ipse
1067 2011 1264 2066 fatetur
1290 2011 1358 2064 ita
1386 2010 1609 2081 loquens
1636 2027 1649 2063 :
1683 2009 1883 2063 Lavabo

291 2121 394 2176 per
418 2105 645 2176 singulas
687 2114 858 2160 noctu
891 2105 1072 2160 lectum
1109 2121 1296 2174 meum,
1328 2104 1565 2175 lacrymis
1601 2104 1724 2158 meis
1753 2113 1885 2156 atra.

289 2207 408 2252 tum
429 2214 598 2252 meum
618 2198 793 2268 rigabo
815 2197 986 2272 (Ρωι.
1008 2197 1061 2252 6.
1093 2197 1191 2267 7.).
1224 2197 1404 2266 Itaque
1422 2197 1539 2251 rice
1562 2195 1875 2266 margarita-

289 2304 420 2345 rum
451 2290 682 2360 undiquc
708 2291 958 2361 laerymis
981 2298 1098 2345 erat
1119 2288 1419 2344 distinctus.

287 2450 293 2456 _
369 2380 425 2436 8.
456 2380 550 2436 llic
565 2381 692 2435 mihi
705 2381 983 2436 considera
1000 2389 1230 2435 mentem
1244 2395 1425 2434 amore
1440 2379 1531 2434 Dei
1550 2378 1882 2449 ﬂagrantem.

289 2473 432 2530 Nam
476 2474 725 2546 quoniam
761 2472 993 2529 interdiu
1024 2473 1184 2528 variae
1214 2471 1597 2527 sollicitudines
1630 2484 1882 2539 carieque

286 2565 616 2636 principum,
640 2564 857 2632 dueum,
875 2563 1131 2633 gentium,
1151 2564 1485 2633 populorum,
1504 2562 1752 2627 militum,
1781 2561 1886 2615 bel-

287 2655 492 2722 lorum,
507 2655 671 2725 pacis,
688 2655 922 2710 civilium
935 2670 999 2710 ac
1010 2653 1423 2709 domesticorum
1438 2653 1787 2722 negotiorum,
1801 2666 1891 2705 eo-

289 2761 418 2800 rum
434 2761 551 2816 qua:
564 2746 769 2816 procul,
788 2760 971 2800 eorum
988 2759 1107 2816 quae
1128 2758 1293 2815 prope
1307 2744 1672 2798 distrahebant
1686 2751 1738 2797 et
1759 2758 1885 2798 avo-

288 2838 491 2894 cabant
519 2837 810 2906 hominem,
835 2837 976 2908 quod
1004 2838 1097 2893 otii
1119 2837 1300 2892 caeteri
1328 2846 1647 2891 consumunt
1672 2852 1881 2900 somno,

291 2929 394 2983 ille
415 2929 466 2982 in
488 2927 843 3002 confessione,
876 2927 1144 2999 lacrymis,
1171 2942 1236 2982 ac
1257 2927 1501 2993 precibus
1524 2927 1879 2995 impendebat.

286 3019 480 3090 Neque
499 3019 551 3075 id
580 3024 649 3074 ita
672 3020 890 3075 faciebat
923 3037 1017 3091 per
1038 3036 1194 3074 uuam
1217 3028 1447 3085 noctem,
1473 3020 1711 3075 utaltera
1729 3022 1882 3091 quic-

286 3124 492 3174 sceret,
516 3126 687 3182 neque
708 3112 784 3166 sic
805 3127 900 3181 per
919 3112 1050 3166 duas
1073 3118 1266 3173 tresve,
1290 3118 1350 3165 ut
1368 3110 1577 3165 interim
1603 3111 1878 3180 deficeret,

288 3217 486 3257 verum
511 3202 730 3273 singulis
751 3202 996 3257 noctibus
1017 3202 1068 3257 id
1096 3202 1321 3257 faciebat
1345 3201 1578 3257 :Lavabo
1605 3202 1768 3268 enim,
1800 3205 1882 3258 in-

287 3293 413 3362 quit
435 3334 450 3360 ,
485 3309 574 3361 per
617 3293 844 3361 singulas
891 3302 1060 3347 nocte:
1105 3292 1287 3346 lectum
1335 3302 1592 3358 meum,ct
1641 3293 1880 3365 lacrymis

285 3385 423 3440 meis
472 3395 686 3440 stratum
733 3401 899 3438 meum
950 3385 1127 3456 rigabo
1161 3401 1182 3439 :
1220 3385 1472 3441 videlicet
1525 3382 1878 3457 lacrymarum

287 3476 593 3532 ubertatem
625 3477 951 3546 exprimens,
1000 3477 1160 3531 simul
1195 3485 1251 3532 et
1277 3476 1702 3546 perpetuitatem.
1744 3477 1878 3533 Cum

286 3585 484 3624 omnes
528 3570 763 3639 quietem
809 3578 863 3622 et
915 3569 1081 3623 otium
1126 3577 1365 3638 agerent,
1416 3567 1564 3622 solus
1616 3568 1705 3622 ille
1755 3576 1880 3623 tunc

288 3661 465 3717 Deum
497 3660 888 3730 interpellabat,
919 3669 974 3715 et
1019 3659 1206 3714 aderat
1247 3659 1412 3730 sopiri
1445 3660 1658 3715 nescius
1693 3661 1881 3717 oculus

288 3752 524 3822 ploranti
554 3751 999 3821 lamentantique,
1048 3764 1251 3820 suaque
1290 3748 1560 3820 profitenti
1587 3751 1749 3806 mala.
1783 3751 1881 3806 Ta-

290 3844 401 3897 lcm
440 3851 492 3897 tu
538 3857 749 3913 quoque
797 3842 889 3896 tibi
939 3849 1121 3910 parato
1149 3841 1367 3895 lectum.
1411 3841 1544 3896 Nam
1589 3841 1757 3897 lectus
1801 3858 1880 3897 ar-

288 3943 455 4006 gento
488 3934 731 3989 obtecms
759 3944 882 3988 cum
913 3933 1164 3988 invidiam
1211 3932 1485 3987 hominum
1517 3933 1736 4001 excitat,
1768 3941 1878 3988 tum

291 4027 428 4082 iram
459 4026 690 4095 supremi
720 4025 952 4079 numinis
980 4025 1298 4079 inﬂammat.

368 4117 634 4188 Lacrynm
658 4118 984 4187 mtinguunt
1021 4116 1263 4185 gehenme
1284 4115 1591 4168 incendium.
1613 4145 1686 4157 —
1708 4116 1881 4172 Ciste-

290 4225 417 4266 rum
438 4210 572 4265 tales
591 4209 843 4281 lacryma:
868 4206 1053 4276 quales
1072 4215 1227 4261 erant
1254 4205 1486 4270 Davidis,
1517 4206 1687 4274 ipsum
1717 4206 1878 4261 etiam

290 4301 556 4371 gehennae
605 4297 907 4354 incendium
963 4305 1164 4352 norunt
1226 4296 1589 4365 exstinguere.
1644 4295 1738 4349 Vis
1784 4295 1879 4350 tibi

292 4394 461 4449 alitim
501 4401 914 4448 commonstrem
959 4389 1155 4445 lectum
1186 4387 1393 4443 Jacob?
1429 4388 1611 4444 Solum
1652 4387 1881 4443 habebat

294 4483 650 4548 substratum,
678 4491 733 4538 et
761 4481 992 4552 lapidem
1018 4480 1178 4550 capiti
1217 4480 1573 4548 suppositum,
1605 4493 1774 4548 eoque
1800 4478 1879 4532 vi.

291 4575 543 4631 ditillum
574 4574 961 4645 intelligibilem
1004 4571 1514 4649 lapidem,_eamque
1547 4572 1745 4626 scalam
1786 4586 1883 4641 per

295 4682 461 4737 quam
487 4666 850 4722 ascendebant
878 4681 940 4720 ac
965 4663 1364 4720 descendebant
1389 4662 1559 4732 angeli
1592 4660 1741 4732 (Gen.
1763 4659 1878 4732 28).

298 4758 618 4828 llujusmodi
666 4759 834 4815 lectos
869 4757 1253 4828 exeogitemus,
1298 4764 1359 4810 ut
1397 4755 1658 4824 ejusmodi
1697 4755 1881 4809 videa-

297 4866 424 4910 mus
456 4851 683 4907 somnia.
717 4849 868 4919 Quod
907 4849 952 4905 si
980 4849 1119 4904 lecto
1143 4857 1397 4918 argenteo
1426 4846 1880 4911 indormierimus,

297 4960 413 5002 non
437 4944 598 5000 modo
619 4943 816 4998 nullam
845 4942 1118 5012 capiemus
1140 4940 1487 5009 voluptatem,
1517 4953 1699 5011 verum
1721 4937 1882 4993 etiam

294 5038 466 5093 animi
501 5034 799 5092 molestiam
828 5033 1179 5103 perferemus.
1210 5028 1343 5085 Cum
1373 5030 1515 5085 enim
1551 5029 1645 5084 tibi
1668 5042 1884 5082 succur-

298 5129 396 5195 rit,
424 5127 565 5199 quod
599 5127 654 5182 in
681 5140 893 5181 summo
933 5123 1110 5193 rigore
1139 5122 1423 5191 mediaque
1461 5127 1638 5184 nocte,
1665 5119 1791 5174 dum
1829 5127 1884 5174 tu

298 5218 442 5274 lecto
471 5216 751 5281 indormis,
797 5228 1001 5286 pauper
1041 5211 1094 5265 in
1127 5210 1443 5268 balneorum
1468 5208 1764 5273 vestibulis,
1793 5223 1886 5277 pad-

301 5308 407 5363 Ieis
428 5307 714 5363 substratis
735 5305 971 5371 incubat,
997 5301 1185 5358 culmis
1214 5301 1612 5365 circumtectus,
1645 5308 1886 5355 tremens

301 5413 370 5454 ac
397 5400 575 5469 rigore
598 5405 899 5460 concretus,
928 5393 1071 5448 fame
1097 5390 1399 5446 cruciatus:
1424 5390 1633 5446 etiamsi
1654 5389 1886 5445 maxime

301 5492 381 5547 sis
399 5489 662 5562 lapideus,
694 5496 777 5545 sat
819 5488 951 5551 scio,
979 5474 1361 5542 condemnabis
1388 5483 1638 5552 teipsum,
1668 5482 1798 5537 dum
1829 5491 1882 5537 tu

301 5584 447 5656 plus,
476 5597 634 5651 quam
657 5594 790 5652 Opus
817 5590 919 5646 est,
948 5578 1233 5645 deliciaris,
1264 5591 1384 5631 enm
1412 5575 1486 5631 illi
1516 5588 1615 5629 nec
1642 5575 1707 5629 ad
1729 5590 1881 5630 usum

303 5683 573 5745 suppetat.
613 5673 819 5738 Nullus,
851 5672 1043 5743 inquit,
1076 5656 1310 5724 militans
1348 5668 1651 5737 implicatur
1679 5677 1884 5738 tempo-

303 5766 463 5822 rariis
490 5763 756 5835 negotiis:
783 5763 936 5818 miles
958 5777 1018 5818 cs
1048 5759 1323 5831 spiritalis.
1355 5757 1503 5814 Talis
1525 5765 1703 5813 autem
1729 5758 1884 5813 miles

304 5872 412 5915 non
444 5856 640 5913 dormit
669 5856 721 5912 in
749 5855 883 5911 lecto
922 5854 1177 5919 eburneo,
1218 5851 1310 5907 sed
1357 5850 1522 5908 humi.
1552 5848 1665 5906 Non
1691 5849 1881 5907 oblini-

1551 427 1641 483 DE
1679 426 1954 484 LAZARO
1991 426 2235 485 CONCIO
2270 427 2320 486 1.

3473 436 3577 496 97a

2000 551 2087 598 tur
2109 546 2428 615 unguentis:
2458 562 2583 604 nam
2617 548 2715 605 ista
2743 564 2871 607 cura
2909 563 2992 609 est
3019 555 3343 616 meretriciis
3374 561 3572 616 arnori-

1991 636 2094 693 bus
2121 632 2510 707 implicatorum
2549 656 2614 699 ac
2641 644 2991 713 perditorum,
3027 648 3384 716 scenicorum,
3412 658 3575 720 atque

1993 726 2047 780 in
2076 726 2278 782 desidia
2308 728 2594 785 viventium
2628 732 2933 789 hominum;
2953 735 3030 791 Te
3061 751 3189 791 vero
3226 753 3331 793 non
3362 748 3575 807 oportet

1992 818 2142 875 olere
2185 832 2535 891 unguentum,
2591 825 2687 880 sed
2729 827 2933 896 spirare
2975 828 3243 884 virtutem.
3281 829 3423 886 Nihil
3465 833 3573 886 im-

1991 914 2244 970 mundius
2268 917 2465 985 anima,
2492 920 2700 987 quoties
2731 935 2924 990 corpus
2950 921 3111 977 talem
3137 922 3297 980 habet
3335 923 3572 994 fragran-

1995 1005 2142 1060 tiam.
2168 1005 2422 1078 Corporis
2448 1009 2590 1065 enim
2624 1026 2688 1066 ac
2713 1013 2939 1067 vestium
2979 1013 3263 1085 fragrantia
3288 1019 3461 1088 arguit
3489 1019 3573 1073 in-

1994 1105 2079 1153 tus
2108 1099 2273 1155 latere
2299 1101 2534 1157 animum
2555 1105 2950 1174 graveolentem
2971 1117 3027 1162 et
3053 1107 3404 1164 immundum.
3430 1110 3567 1166 Cum

1992 1189 2135 1244 enim
2168 1190 2410 1247 diabolus
2435 1208 2734 1264 aggressus,
2765 1196 2970 1253 deliciis
3008 1201 3277 1255 enervarit
3312 1202 3567 1268 animam,

1991 1282 2243 1353 omnique
2272 1291 2486 1355 torpore
2524 1286 2892 1357 compleverit,
2934 1296 3047 1343 tum
3084 1299 3141 1345 et
3176 1305 3369 1362 corpus
3396 1292 3568 1362 ipsum

1991 1375 2348 1444 corruptionis
2390 1391 2503 1432 sua:
2549 1378 2797 1435 sordibus
2839 1394 2936 1448 per
2986 1390 3254 1451 unguenta
3310 1384 3481 1439 inlicit
3515 1395 3572 1441 et

1990 1466 2336 1522 contaminat.
2378 1466 2487 1524 Nec
2526 1484 2682 1525 secus
2720 1480 2878 1542 atque
2903 1471 2958 1527 hi
2989 1473 3079 1543 qui
3120 1475 3302 1545 pituita
3341 1478 3453 1531 nasi
3482 1493 3543 1533 ea

1992 1556 2277 1630 tharroque
2301 1569 2563 1630 perpetuo
2590 1562 2851 1626 laborant,
2894 1574 2949 1619 et
2977 1574 3153 1621 vestes
3194 1574 3251 1622 et
3286 1583 3473 1623 manus
3517 1579 3572 1624 et

1990 1646 2178 1703 faciem
2207 1651 2594 1717 contaminant,
2623 1666 2689 1706 eo
2715 1652 2856 1722 quod
2882 1653 3110 1710 subinde
3138 1658 3344 1710 nariqu
3377 1658 3573 1725 proflu-

1990 1740 2133 1794 vium
2162 1740 2492 1811 abstergunt,
2529 1743 2709 1798 anima
2732 1759 2943 1814 quoque
2979 1745 3132 1801 istius
3155 1746 3302 1816 pravi
3329 1749 3571 1816 proﬂuvii

1988 1831 2245 1886 malitiam
2287 1833 2338 1886 in
2369 1848 2562 1903 corpus
2604 1834 2877 1905 abstergit.
2909 1835 3041 1903 Quis
3076 1839 3217 1891 enim
3258 1840 3571 1908 pneclarum

1990 1921 2210 1990 aliquid,
2251 1931 2342 1976 aut
2366 1922 2518 1977 bona:
2542 1922 2710 1994 frugis
2736 1925 3038 1994 opinabitur
3062 1927 3131 1981 de
3168 1942 3235 1981 eo
3277 1929 3367 1998 qui
3404 1930 3573 1998 spirat

1989 2021 2281 2082 unguenta,
2322 2014 2410 2083 qui
2455 2014 2803 2070 muliebribus
2837 2006 3061 2085 gaudet,
3085 2017 3166 2071 vel
3198 2019 3371 2088 potius
3399 2035 3575 2076 mere-

1991 2104 2143 2160 tricie
2170 2119 2230 2160 se
2256 2106 2412 2176 gerit,
2436 2106 2525 2176 qui
2551 2107 3000 2162 saltatricularum
3025 2107 3186 2178 elegit
3221 2110 3427 2164 vitam?
3452 2112 3573 2182 Spi-

1991 2205 2072 2251 ret
2103 2196 2279 2251 anima
2324 2205 2411 2251 tua
2440 2197 2785 2267 fragrantiam
2816 2198 3163 2268 spiritualem,
3194 2215 3300 2271 quo
3342 2212 3451 2257 tum
3481 2204 3573 2259 tibi

1990 2286 2113 2354 ipsi,
2142 2297 2250 2340 tum
2278 2287 2394 2342 aliis
2419 2296 2594 2343 tecum
2622 2288 2919 2343 viventibus
2939 2291 3225 2344 maximam
3249 2292 3444 2349 afferas
3472 2295 3574 2348 uti-

1992 2378 2213 2433 litatem.

2059 2467 2271 2522 Delii-ia:
2293 2470 2745 2539 perniciosissima
2773 2502 2844 2512 —
2867 2470 3005 2526 Nihil
3028 2481 3107 2528 est
3127 2471 3291 2540 enim,
3318 2474 3446 2529 nihil
3468 2486 3569 2544 est,

1990 2560 2224 2630 inquam,
2265 2561 2468 2615 deliciis
2504 2562 2873 2631 perniciosius.
2903 2563 3040 2617 Audi
3081 2578 3293 2618 rursum
3334 2566 3460 2635 quid
3503 2568 3575 2624 de

1991 2651 2093 2706 illis
2115 2651 2257 2705 dicat
2283 2650 2459 2706 Moses
2487 2669 2500 2704 :
2531 2650 2891 2722 Impinguatu:
2916 2663 3008 2717 est,
3036 2654 3347 2709 incrassams
3365 2666 3461 2723 est,
3492 2659 3573 2712 di.

1990 2742 2175 2796 latam:
2201 2752 2292 2808 est,
2325 2751 2371 2796 et
2401 2742 2732 2797 recalcitrauit
2758 2742 2971 2798 dilectus
2994 2742 3172 2816 (Deut.
3203 2745 3294 2800 52.
3325 2746 3438 2819 15).
3466 2748 3573 2805 Nec

1989 2833 2083 2899 ait,
2118 2835 2357 2899 recessit,
2398 2833 2512 2896 sed,
2556 2832 2915 2889 Recalcitravit
2948 2836 3180 2900 dilectus,
3226 2838 3364 2893 illius
3405 2840 3573 2895 intra-

1987 2924 2235 2979 ctabilem
2255 2924 2494 2979 animum
2520 2925 2675 2980 nobis
2701 2925 3030 2995 significans.
3061 2927 3233 2996 Atque
3258 2928 3365 2983 alio
3387 2945 3572 2985 rursus

1987 3016 2147 3071 loco:
2184 3016 2283 3071 Ubi
2308 3019 2583 3072 comederis
2610 3034 2673 3071 ac
2715 3017 2917 3083 biberis,
2964 3035 3084 3072 cave
3119 3020 3227 3085 tibi,
3267 3037 3331 3075 ne
3369 3025 3573 3092 quando

1987 3106 2294 3161 obliviscaris
2352 3106 2563 3161 Domini
2619 3106 2720 3162 Dei
2761 3109 2836 3162 tui
2884 3107 3014 3182 (Id.
3041 3108 3097 3164 8.
3132 3110 3220 3166 10.
3250 3112 3374 3182 il).
3421 3112 3574 3168 Adeo

1985 3198 2192 3254 delicia:
2244 3199 2419 3253 solent
2479 3199 2546 3254 ad
2599 3199 2832 3255 numinis
2901 3200 3224 3257 oblivionem
3282 3204 3569 3261 adducere.

1985 3291 2215 3346 Proinde
2244 3299 2298 3345 tu
2333 3306 2567 3361 quoque,
2598 3291 2893 3357 carissime,
2923 3305 3045 3347 cum
3090 3291 3294 3348 sederis
3322 3293 3389 3348 ad
3419 3310 3570 3349 men-

1985 3397 2120 3449 sam,
2171 3390 2441 3438 memento
2488 3383 2631 3452 quod
2675 3391 2796 3453 post
2834 3382 3136 3439 convivium
3183 3385 3442 3441 orandum
3485 3397 3572 3443 est

1986 3474 2100 3528 tibi.
2144 3472 2219 3528 Ita
2255 3472 2528 3528 moderate
2572 3483 2810 3529 ventrem
2855 3474 3031 3545 exple,
3061 3491 3129 3531 ne
3172 3489 3419 3547 gravatus
3462 3494 3571 3534 non

1982 3580 2148 3635 queas
2170 3579 2340 3635 genua
2382 3562 2615 3627 ﬂectere,
2660 3578 2723 3619 ac
2753 3565 2918 3619 Deum
2956 3565 3232 3621 invocare.
3265 3569 3460 3623 Annon
3485 3570 3567 3623 vi-

1982 3655 2143 3722 detis,
2172 3654 2313 3725 quod
2342 3654 2584 3724 jumenta
2607 3655 2793 3725 jugum
2825 3656 3067 3723 ferentia,
3114 3667 3457 3728 posteaquam
3500 3661 3571 3714 ad

1984 3762 2223 3818 praesepe
2245 3757 2393 3817 pasta
2418 3755 2563 3815 sunt,
2594 3748 2694 3802 iter
2718 3757 2900 3818 agunt,
2930 3764 3092 3804 onera
3126 3759 3349 3819 gestant,
3380 3766 3569 3806 suum-

1984 3858 2087 3912 que
2117 3858 2181 3897 ex
2191 3842 2336 3912 plent
2361 3841 2749 3896 ministerium?
2775 3841 2855 3896 Tu
2874 3858 3002 3895 vero
3021 3842 3110 3912 qui
3138 3842 3338 3897 sublata
3362 3858 3566 3907 mensa,

1985 3935 2050 3988 ad
2066 3949 2225 3988 omne
2241 3948 2374 4004 opus
2392 3933 2590 3988 inutilis
2605 3948 2664 3987 es
2677 3941 2732 3987 et
2758 3933 2985 4003 ineptus,
3007 3949 3131 3987 num
3155 3936 3324 3988 vitare
3346 3935 3567 4003 poteris,

1984 4041 2090 4095 quo
2111 4026 2285 4080 minus
2305 4023 2534 4079 videaris
2553 4023 2716 4078 asinis
2731 4023 3000 4078 deterior?
3020 4025 3410 4091 Quamobrem?
3436 4026 3569 4093 Quia

1986 4125 2098 4171 tum
2142 4117 2374 4170 maxime
2408 4116 2658 4170 convenit
2699 4129 2820 4168 esse
2856 4114 3092 4169 sobrium
3127 4131 3191 4169 ac
3218 4115 3542 4184 vigilantem.

2055 4208 2096 4260 Α
2132 4208 2241 4261 cibo
2277 4215 2476 4276 runtpto
2501 4206 2847 4259 orandum.—
2861 4204 2992 4259 Nam
3024 4215 3234 4275 tempus
3263 4215 3381 4275 post
3413 4222 3565 4259 men—

1984 4310 2095 4352 sam
2146 4296 2335 4365 agendi
2382 4297 2579 4366 gratias
2613 4305 2824 4364 tempus
2864 4306 2985 4349 eSt:
3033 4312 3137 4350 non
3187 4297 3339 4352 decet
3389 4308 3567 4358 autem

1984 4396 2229 4456 agentem
2270 4387 2469 4457 gratias
2510 4385 2714 4441 ebrium
2742 4400 2882 4451 esse,
2929 4385 3023 4441 sed
3067 4386 3303 4442 sobrium
3347 4403 3408 4442 ac
3437 4388 3569 4459 vigi-i

1985 4479 2204 4533 lantem.
2230 4479 2269 4530 A
2299 4492 2485 4532 mensa
2517 4491 2623 4530 non
2648 4476 2713 4530 ad
2735 4477 2954 4541 lectum,
2983 4476 3076 4530 sed
3106 4476 3171 4532 ad
3206 4480 3571 4545 precationem

1985 4581 2275 4635 vertamur,
2317 4583 2384 4622 ne
2421 4568 2589 4623 brutis
2618 4566 2974 4622 animantibus
3013 4567 3181 4622 simus
3206 4569 3373 4639 magis
3401 4569 3567 4632 bruti,

2056 4659 2109 4715 9.
2150 4658 2283 4714 Novi
2313 4658 2425 4713 fore
2453 4659 2648 4712 multos
2672 4659 2761 4728 qui
2788 4656 3042 4712 damnent
3069 4671 3131 4711 ea
3161 4673 3281 4727 quas
3316 4674 3456 4713 nunc
3480 4660 3563 4714 di-

1985 4762 2198 4818 cuntur,
2227 4750 2390 4806 veluti
2419 4766 2538 4821 qua:
2574 4765 2765 4804 novam
2804 4749 3086 4820 quamdam
3118 4760 3175 4805 et
3216 4752 3402 4805 miram
3447 4752 3569 4808 vita

1986 4843 2424 4899 consuetudinem
2455 4840 2730 4896 invehant.
2759 4841 2827 4896 At
2854 4854 2954 4911 ego
2976 4842 3140 4911 magis
3164 4840 3428 4897 damnabo
3449 4856 3568 4912 pra-

1987 4950 2106 4990 vam
2127 4933 2587 5000 consuetudinem,
2616 4948 2735 5003 qum
2757 4947 2898 4987 nunc
2914 4932 3161 4987 obtinuit.
3192 4932 3401 4988 Etenim
3426 4933 3566 5002 quod

1988 5039 2106 5099 post
2131 5029 2308 5084 cibum
2336 5042 2398 5083 ac
2423 5042 2661 5083 mensam
2688 5041 2797 5083 non
2822 5027 2891 5083 ad
2925 5042 3170 5084 somnum
3198 5033 3443 5098 oporteat
3467 5027 3565 5089 ire,

1990 5136 2090 5177 nec
2114 5120 2181 5175 ad
2202 5119 2397 5186 cubile,
2439 5118 2535 5174 sed
2563 5126 2805 5188 oporteat
2825 5118 2948 5172 cibo
2973 5131 3160 5187 preces
3185 5131 3249 5172 ac
3265 5116 3566 5171 divinarum

1988 5211 2380 5280 Scripturarum
2425 5210 2709 5265 lectionem
2754 5209 3060 5272 succedere,
3110 5207 3441 5263 manifestius
3469 5207 3567 5262 de-

1989 5303 2211 5358 claravit
2239 5303 2355 5378 ipse
2377 5300 2640 5362 Christus,
2664 5299 2753 5370 qui
2777 5314 2897 5356 cum
2926 5299 3243 5355 immensam
3265 5298 3571 5355 multitudi-

1992 5410 2115 5450 nem
2131 5394 2428 5464 excepisset
2442 5392 2685 5450 eonvivio
2702 5392 2756 5447 in
2769 5390 3002 5456 deserto,
3021 5406 3128 5445 non
3140 5390 3345 5449 remisit
3357 5390 3487 5445 illos
3500 5390 3569 5447 ad

1991 5487 2184 5541 lectum
2211 5494 2299 5540 aut
2329 5499 2573 5540 somnum
2590 5526 2606 5552 ,
2628 5483 2725 5539 sed
2766 5483 2835 5539 ad
2861 5482 3153 5538 audiendos
3176 5494 3456 5541 sermones
3483 5481 3571 5536 diu

1986 5577 2146 5633 vinos
2187 5575 2445 5630 invitavit.
2480 5574 2595 5630 Non
2636 5575 2781 5630 enim
2809 5572 3140 5629 distenderet
3181 5571 3390 5625 illorum
3434 5585 3567 5626 ven-

1991 5678 2120 5732 tres,
2153 5682 2327 5736 neque
2368 5666 2433 5721 ad
2460 5666 2769 5722 ebrietatem
2810 5665 3112 5734 impulerat,
3139 5678 3322 5718 verum
3351 5661 3442 5716 ubi
3483 5676 3571 5715 sa.

1991 5768 2222 5813 turasset
2246 5758 2383 5822 illos,
2417 5766 2672 5828 quantum
2698 5757 2947 5828 exigebat
2982 5756 3289 5818 necessitas,
3315 5753 3381 5808 ad
3408 5752 3567 5821 spiri-

1987 5850 2191 5911 tualem
2218 5847 2436 5904 adduxit
2469 5847 2796 5912 alimoniam.
2827 5846 3012 5904 Itidem
3042 5860 3137 5902 nos
3167 5858 3379 5916 quoque
3413 5836 3577 5894 facia—
