3958 6408
504 420 609 476 975

506 548 644 598 mus,
672 544 844 600 eoque
875 529 1033 583 modo
1057 535 1468 582 consuescamus
1494 535 1688 591 capere
1713 518 1912 582 cibum,
1942 523 1998 568 ιιι
2017 512 2085 568 ad

506 623 669 677 vitam
700 619 952 676 tuendam
979 618 1255 673 dumtaxat
1277 613 1526 677 sufliciat,
1566 626 1675 665 non
1703 618 1761 664 ut
1789 622 1884 662 uos
1915 605 2090 660 valeat

504 712 840 782 disrumpere
865 718 921 765 et
938 724 1178 779 gravare.

584 801 705 855 Non
742 801 889 854 enim
943 800 999 852 in
1045 799 1149 851 hoc
1194 795 1305 849 nati
1362 807 1552 849 sumus
1601 806 1668 847 ac
1716 790 1971 857 vivimus,
2018 799 2085 845 ut

514 894 739 948 edamus
785 906 848 945 ac
886 890 1174 944 bibamus:
1231 885 1327 941 sed
1375 885 1498 939 ideo
1539 883 1771 948 edimus,
1819 891 1881 936 ut
1934 882 2088 937 viva-

514 996 657 1035 mus.
705 980 789 1034 Ab
819 978 972 1051 initio
1003 993 1114 1031 non
1149 984 1268 1030 erat
1309 974 1416 1030 cibi
1463 988 1627 1029 causa
1664 973 1788 1028 data
1819 973 1946 1039 vita,
1992 973 2089 1027 sed

514 1072 642 1126 vitae
681 1085 843 1127 causa
872 1070 1031 1123 datus
1069 1075 1155 1123 est
1182 1067 1352 1121 cibus.
1386 1064 1497 1120 Nos
1530 1081 1660 1120 vero
1687 1065 1912 1135 perinde
1939 1064 2093 1134 quasi

514 1165 585 1220 ob
638 1164 743 1218 hoc
783 1162 958 1231 ipsum
1000 1160 1329 1218 viveremus,
1384 1158 1456 1212 ita
1505 1165 1699 1211 cuncta
1752 1155 1803 1208 in
1859 1155 1962 1209 hoc
2011 1155 2094 1209 in-

514 1255 798 1309 snmimus.
838 1252 1104 1307 Caeterum
1137 1257 1198 1303 ιιι
1239 1247 1612 1304 vehementior
1660 1246 1826 1301 etiam
1880 1246 1973 1300 fiat
1995 1247 2093 1301 de-

514 1346 757 1401 liciarum
796 1343 1122 1414 redarguitio,
1162 1340 1448 1409 acriusque
1477 1346 1679 1410 pungat
1721 1338 1777 1392 in
1821 1337 1905 1392 bis
1929 1338 2091 1391 vitam

514 1442 756 1502 agentes,
786 1447 885 1502 age
917 1447 1108 1486 rursus
1144 1432 1212 1486 ad
1242 1430 1504 1483 Lazarum
1541 1428 1840 1483 referamus
1884 1443 2091 1481 sermo-

514 1540 662 1578 nem.
705 1524 822 1579 lloc
863 1523 1009 1578 enim
1065 1531 1220 1592 pacto
1269 1521 1381 1581 ﬁet,
1415 1527 1475 1572 ut
1513 1520 1669 1575 nobis
1712 1520 1783 1575 sit
1826 1519 2092 1574 eﬂicacior

514 1614 814 1669 admonitio
850 1613 1243 1682 consiliumque
1274 1622 1536 1675 no-trum,
1573 1627 1696 1667 cum
1729 1610 1954 1665 videatis
1981 1625 2088 1663 non

514 1707 715 1769 verbis,
764 1706 857 1761 sed
912 1705 1068 1760 factis
1115 1704 1312 1774 corripi
1370 1703 1654 1773 punirique
1698 1719 1815 1765 eos,
1868 1702 1963 1771 qui
2004 1701 2091 1755 in-

514 1798 738 1869 dulgent
766 1797 1040 1869 iugluviei.
1077 1798 1234 1851 Dives
1274 1798 1437 1869 igitur
1470 1796 1557 1851 ille
1602 1812 1724 1851 cum
1753 1804 1898 1850 tanta
1942 1794 2088 1849 vive-

516 1890 608 1945 bat
641 1888 1006 1959 improbitate.
1046 1889 1290 1957 quotidie
1329 1888 1539 1942 deliciis
1567 1902 1786 1951 vacans,
1820 1888 2091 1957 lautiaque

516 1980 715 2051 patinis
743 1980 1043 2045 fruebatur,
1075 1989 1131 2034 et
1151 1980 1453 2049 splendidis
1473 1980 1713 2034 vestibus
1744 1980 2089 2045 induebatur,

513 2071 735 2142 gravius
782 2071 884 2126 sibi
932 2071 1033 2140 ipsi
1082 2071 1406 2141 supplicium
1453 2086 1757 2136 accersens,
1809 2071 2092 2139 majusque

517 2177 717 2233 parans
745 2162 1096 2227 incendium,
1144 2178 1209 2217 ac
1258 2161 1548 2216 vindictam
1591 2161 1681 2215 Dei
1732 2163 1961 2216 reddens
1994 2162 2094 2215 im-

517 2253 858 2323 placabilem,
887 2252 1149 2307 ultionem
1169 2268 1516 2323 exasperans,
1540 2253 1618 2309 sic
1651 2262 1711 2307 ut
1738 2253 1911 2309 venia:
1942 2253 2093 2308 locus

515 2360 625 2401 non
669 2354 836 2401 esset.

582 2437 865 2505 Paupertas
894 2453 995 2490 non
1024 2433 1257 2505 querula.
1286 2464 1358 2474 —
1389 2435 1593 2501 Pauper
1622 2442 1797 2486 autem
1826 2433 2092 2502 projectus

506 2539 623 2582 erat
648 2529 699 2581 iu
727 2528 1010 2588 vestibulo.
1053 2543 1149 2580 nec
1188 2536 1361 2578 tamen
1389 2532 1504 2577 erat
1529 2538 1792 2586 morosus,
1822 2539 1921 2579 nec
1944 2523 2090 2577 dice-

507 2624 597 2677 bat
621 2621 880 2684 convicia,
922 2635 1023 2674 nec
1066 2618 1455 2688 indignabatur.
1487 2615 1599 2670 Non
1626 2615 1838 2670 dicebat
1866 2614 2004 2683 apud
2033 2629 2092 2668 se

506 2713 650 2783 quod
677 2711 862 2767 dicunt
906 2712 1246 2780 complures:
1288 2709 1411 2777 quid
1445 2708 1657 2762 tandem
1696 2717 1779 2762 est
1824 2705 1962 2761 hoc?
1990 2707 2093 2761 lste

506 2803 596 2871 qui
623 2801 916 2870 improbam
935 2800 1310 2868 crudclcmque
1327 2799 1484 2851 vitam
1512 2799 1620 2867 agit
1648 2808 1702 2851 et
1723 2797 2085 2861 inhumanam,

506 2894 756 2950 omnibus
782 2907 941 2962 supra
968 2907 1125 2961 quam
1156 2906 1291 2961 Opus
1329 2900 1413 2945 cst
1453 2889 1645 2944 fruitur
1673 2889 1850 2953 rebus,
1882 2903 1980 2942 nec
2010 2888 2090 2941 ul-

507 2986 612 3039 lam
641 2984 801 3039 animi
830 2984 1126 3037 molestiam
1152 2983 1366 3051 patitur,
1402 2997 1499 3037 nec
1523 2981 1668 3035 aliud
1696 2981 1982 3051 quidquam
2012 2981 2091 3034 in-

505 3076 801 3145 opinatum,
825 3075 1001 3145 qualia
1032 3074 1195 3127 multa
1223 3073 1397 3127 solent
1435 3073 1486 3127 in
1527 3074 1689 3128 rebus
1729 3072 1973 3126 humanis
1999 3086 2090 3126 ac-

505 3167 705 3229 cidere,
727 3166 820 3222 sed
852 3181 981 3236 pura
1019 3167 1291 3234 voluptate
1312 3165 1501 3219 fruitur
1526 3182 1539 3217 :
1565 3165 1696 3219 mihi
1726 3179 1853 3218 vero
1878 3178 1947 3217 nc
1972 3173 2085 3216 tan-

507 3270 618 3315 tum
658 3260 874 3330 quidem
906 3259 1210 3329 impartitur
1245 3258 1532 3323 alimonize,
1564 3269 1818 3327 quantum
1862 3258 2094 3327 postulat

506 3352 819 3407 necessitas.
846 3350 1042 3405 Verum
1076 3350 1160 3405 isti
1189 3351 1278 3418 qui
1308 3351 1359 3404 in
1393 3351 1651 3418 parasitos
1680 3361 1734 3404 et
1760 3350 2087 3413 adulatores,

506 3456 571 3497 ac
610 3441 972 3495 temulentiam
998 3439 1253 3510 quidquid
1285 3440 1444 3494 habet
1487 3441 1774 3506 consumit,
1805 3455 1910 3494 non
1940 3440 2095 3495 aliter

507 3547 666 3602 quam
718 3548 749 3587 e
780 3531 925 3586 fonte
965 3542 1153 3586 cuneta
1193 3532 1433 3586 afﬂuunt.
1465 3533 1575 3603 Ego
1601 3547 1760 3602 porro
1789 3533 1874 3588 hic
1913 3532 2089 3602 jaceo,

508 3624 812 3693 exemplum
842 3625 906 3677 iis
933 3625 1024 3693 qui
1051 3640 1137 3678 me
1173 3624 1541 3693 conspiciunt,
1567 3626 1821 3695 probrum
1850 3641 1913 3681 ac
1953 3624 2094 3679 ludi-

511 3714 708 3780 brium,
738 3713 876 3769 fame
902 3714 1304 3769 contabescens.
1330 3717 1409 3769 An
1435 3715 1549 3768 hnc
1573 3724 1699 3770 sunt
1721 3716 2092 3784 providentiaa?

512 3806 593 3860 Λιι
623 3804 731 3859 ulla
769 3804 973 3873 justitia
1007 3804 1219 3875 respicit
1250 3820 1336 3859 res
1378 3804 1695 3859 hominum?
1734 3805 1873 3860 Nihil
1904 3806 2091 3861 horum

512 3889 685 3964 neque
710 3893 863 3957 dixit,
890 3908 1062 3963 neque
1088 3894 1357 3964 cogitavit.
1387 3894 1537 3949 Unde
1566 3895 1667 3949 hoc
1697 3896 1897 3965 liquet?
1929 3898 2002 3951 Ex
2029 3912 2095 3951 eo

510 3986 648 4056 quod
671 3985 840 4056 angeli
875 3986 1127 4055 stipatum
1178 3986 1324 4039 illum
1345 3986 1698 4052 deduxerunt,
1732 3988 1891 4057 inque
1917 3988 2092 4042 sinum

511 4051 766 4131 libratae
783 4051 1020 4132 delatum
1053 4077 1435 4148 deposuerunt.
1476 4078 1626 4145 Quod
1671 4051 1717 4133 si
1744 4051 2094 4150 blasphemus

511 4165 713 4230 fuisset,
752 4183 1082 4237 nequaquam
1130 4168 1203 4221 illi
1253 4178 1453 4223 tantum
1482 4169 1798 4239 contigisset
1841 4170 2088 4225 honoris.

511 4255 585 4312 Ita
613 4258 792 4311 caueri
818 4258 1030 4328 quidem
1056 4259 1125 4314 ob
1153 4259 1255 4313 hoc
1279 4260 1494 4314 demum
1524 4268 1798 4330 tantopere
1837 4262 2097 4316 mirantur

507 4348 778 4404 hominem
798 4348 938 4418 quod
958 4350 1007 4402 in
1024 4359 1331 4419 paupertate
1350 4350 1558 4405 vixerit.
1584 4352 1696 4421 Ego
1709 4368 1834 4407 vero
1849 4353 2016 4407 doceo
2038 4353 2096 4407 ilo

512 4435 619 4491 lum
639 4454 826 4494 novem
849 4441 1106 4509 supplicia
1128 4442 1428 4510 pertulisse,
1451 4458 1553 4498 non
1567 4459 1671 4513 quo
1689 4444 1982 4513 puniretur,
2001 4447 2092 4500 sed

513 4545 616 4599 quo
644 4531 838 4585 clarior
867 4533 1214 4599 redderetur;
1263 4536 1404 4605 quod
1449 4536 1662 4607 quidem
1691 4538 1851 4593 etiam
1894 4540 2091 4593 evenit.

585 4618 869 4689 Paupertas
910 4625 1076 4693 gravis
1105 4624 1213 4679 sine
1242 4625 1586 4697 philosophia.
1607 4657 1680 4667 --
1704 4627 1835 4682 Nam
1863 4629 2093 4699 pauper-

512 4720 593 4767 tas
619 4712 831 4783 quidem
859 4729 943 4768 res
967 4706 1061 4769 est
1077 4731 1200 4770 vere
1223 4718 1442 4771 molesta
1467 4734 1481 4771 :
1507 4718 1609 4774 hoc
1634 4730 1830 4773 norunt
1854 4721 2096 4789 quicum-

513 4819 615 4872 que
643 4813 767 4858 sunt
789 4805 1016 4874 experti.
1047 4805 1157 4861 Nec
1186 4808 1326 4862 enim
1356 4809 1459 4863 ulla
1492 4811 1665 4865 oratio
1695 4812 1862 4881 possit
1884 4813 2093 4882 assequi

511 4896 823 4962 crueiatum,
855 4912 1012 4967 quem
1043 4898 1304 4953 sustinent
1351 4900 1384 4953 ii
1411 4901 1502 4970 qui
1536 4902 1587 4955 in
1635 4910 1946 4971 paupertate
1988 4903 2059 4959 de

512 4996 660 5057 gunt,
692 4987 738 5041 si
765 4989 1007 5043 nesciant
1034 4988 1107 5042 uti
1139 4990 1497 5059 philosophia.
1527 4991 1583 5046 ln
1611 4992 1810 5048 Lazaro
1836 5010 1964 5049 vero
1988 5010 2093 5048 nou

513 5076 610 5132 ista
638 5085 837 5133 tantum
877 5089 993 5134 erat
1016 5080 1311 5147 calamitas,
1341 5097 1524 5137 verum
1552 5084 1711 5138 etiam
1750 5084 1972 5139 adversa
2001 5100 2062 5137 va

515 5170 694 5226 letudo
736 5180 854 5226 erat
877 5172 1057 5236 affixa,
1099 5188 1271 5243 eaque
1311 5189 1470 5245 Supra
1499 5176 1714 5231 modum
1739 5178 1934 5246 gravis.
1966 5177 2098 5233 Vide

512 5261 772 5331 siquidem
804 5262 1252 5332 quemadmodum
1273 5264 1509 5321 declarat
1528 5275 1806 5335 utramque
1826 5266 2099 5321 calamita-

514 5360 622 5407 tem
649 5351 715 5408 ad
740 5366 1004 5408 summum
1030 5356 1364 5424 pervenisse.
1391 5357 1521 5412 Nam
1547 5358 1688 5428 quod
1717 5373 1930 5414 omnem
1960 5374 2096 5428 pau-

516 5448 773 5510 pertatem
802 5442 988 5523 μηιί
1019 5456 1301 5516 paupertas
1333 5456 1442 5501 tum
1472 5450 1819 5517 superaverit,
1855 5449 2098 5505 declara-

516 5535 587 5588 vit
621 5534 821 5601 dicens,
845 5535 984 5604 quod
1017 5553 1084 5592 ne
1111 5540 1264 5593 micis
1298 5540 1513 5607 quidem
1546 5543 1699 5610 potiri
1730 5541 1955 5606 licuerit,
1981 5558 2101 5612 qua:

518 5621 775 5678 radebant
804 5625 871 5679 de
899 5622 1282 5683 ineusa'divitis
1310 5629 1462 5698 (Luc.
1492 5633 1577 5685 16.
1605 5632 1719 5702 Sil).
1751 5634 1917 5688 Porro
1959 5632 2097 5703 quod

521 5711 766 5768 valetudo
793 5730 1006 5784 quoque
1032 5718 1096 5772 ad
1116 5719 1359 5774 eamdem
1381 5736 1683 5778 mensuram
1711 5727 2008 5794 pervenerit
2033 5725 2097 5778 ad

522 5813 678 5863 quam
703 5813 1003 5872 paupertas,
1035 5808 1169 5863 ultra
1197 5824 1351 5881 quam
1385 5826 1494 5868 non
1526 5825 1701 5882 posset
1727 5817 1955 5886 amplius
1978 5832 2097 5886 pro-

1212 413 1267 468 S.
1308 407 1583 466 JUANNIS
1621 400 2084 461 CllliYSOSTOMI
2122 398 2437 455 ARCIIIEP.
2476 398 3005 457 CONSTANTINOP.

3648 410 3733 465 δτι

2199 513 2345 576 ferri,
2397 520 2451 567 et
2490 512 2542 566 id
2583 527 2797 583 quoque
2823 529 3009 568 rursus
3044 513 3354 582 declaravit,
3386 515 3577 584 dicens,
3615 523 3727 591 quod

2192 618 2354 659 canes
2377 604 2645 674 lingebant
2665 604 2843 659 ulcera
2874 604 2991 674 ejus
3015 621 3029 657 :
3057 604 3192 660 adeo
3209 616 3329 661 erat
3349 604 3524 662 fractis
3544 609 3725 678 viribus,

2194 707 2252 751 ut
2281 712 2349 752 ne
2376 711 2539 752 canes
2565 696 2782 765 quidem
2813 706 2995 767 posset
3018 697 3252 768 abigere,
3285 699 3380 754 sed
3409 700 3574 755 vivum
3598 702 3726 757 cada-

2195 802 2293 843 ver
2314 787 2543 856 iacebat,
2571 788 2760 842 videns
2797 788 3012 859 quidem
3037 803 3132 844 eos
3168 802 3530 855 accurrentes,
3561 810 3726 865 nequa-

2193 894 2350 950 quam
2377 889 2552 935 tamen
2582 880 2765 935 valens
2784 880 3091 950 depellere:
3119 897 3290 952 usque
3317 884 3453 939 adeo
3495 886 3563 938 illi
3588 902 3727 942 mem-

2195 972 2288 1026 bra
2320 980 2473 1027 erant
2500 972 2693 1037 soluta,
2725 988 2891 1042 usque
2935 973 3070 1028 adeo
3109 985 3264 1029 erant
3304 976 3527 1031 arefacta
3558 981 3726 1045 iuorlm,

2195 1079 2363 1134 usque
2391 1063 2525 1118 adeo
2552 1073 2864 1134 consumpta
2889 1076 3039 1118 erant
3063 1064 3371 1120 afﬂictione.
3418 1066 3568 1121 Vides
3601 1069 3729 1123 Vehe-

2197 1167 2402 1211 menter
2440 1172 2704 1227 supraque
2734 1157 2950 1211 modum
2975 1166 3028 1211 et
3070 1167 3460 1228 paupertatem,
3488 1173 3538 1215 et
3562 1163 3729 1216 valetu-

2195 1248 2372 1302 dinem
2397 1257 2792 1318 oppugnantem
2836 1263 3031 1318 eorpns
3078 1248 3254 1303 illius?
3292 1246 3447 1317 ριιοιι
3489 1251 3533 1305 si
3577 1251 3730 1308 horum

2197 1339 2611 1409 unumquodque
2642 1353 2736 1408 per
2755 1352 2814 1394 se
2832 1339 3166 1394 intolerabile
3190 1348 3276 1394 est
3295 1349 3351 1395 et
3367 1342 3618 1405 acerbum,
3633 1358 3728 1396 cum

2196 1430 2351 1485 simul
2388 1430 2785 1500 conglomerata
2813 1430 3026 1496 fuerint,
3057 1445 3236 1486 annon
3272 1431 3490 1486 adamas
3512 1434 3731 1503 quispiam

2196 1521 2375 1587 fuerit,
2405 1521 2496 1592 qui
2540 1521 2655 1576 haec
2696 1521 2963 1590 perferat?
2994 1520 3141 1574 Multi
3186 1520 3491 1591 frequenter
3533 1523 3733 1577 laborant

2195 1613 2415 1667 adversa
2460 1612 2778 1676 valetudine,
2825 1620 3080 1667 cancrum
3109 1627 3213 1665 non
3238 1622 3400 1682 egent
3442 1614 3520 1671 iis.
3554 1630 3656 1681 qua:
3677 1616 3728 1668 ad

2197 1703 2392 1757 victum
2422 1709 2548 1756 sunt
2576 1702 2896 1757 necessaria.
2927 1702 3033 1755 Alii
3064 1702 3365 1771 paupertati
3385 1712 3621 1758 extrema:
3637 1715 3732 1759 sunt

2196 1792 2434 1858 obnoxii,
2466 1808 2651 1847 verum
2681 1793 2951 1862 potiuntur
2975 1792 3115 1848 bona
3145 1794 3468 1860 valetudine,
3494 1796 3568 1851 sic
3595 1807 3642 1850 ιιι
3669 1799 3729 1851 al-

2200 1895 2308 1940 tera
2338 1900 2428 1940 res
2461 1885 2684 1942 alterius
2720 1885 2791 1940 sit
2830 1886 3102 1951 solatium,
3155 1887 3280 1943 huic
3311 1903 3437 1943 vero
3461 1890 3604 1943 ambo
3627 1904 3728 1945 con-

2197 1977 2484 2031 currebant
2531 1977 2689 2031 mala.
2738 1978 2849 2047 Age
2894 1992 3079 2047 posses
3122 1979 3253 2033 mihi
3284 1980 3553 2035 nominare
3580 1996 3728 2049 quem-

2198 2071 2359 2139 piam,
2390 2068 2550 2122 simul
2578 2076 2632 2122 et
2660 2067 2899 2122 adversa;
2945 2068 3231 2123 valetudini
3261 2079 3315 2124 et
3360 2072 3635 2140 paupertati
3655 2072 3728 2126 ob-

2198 2160 2412 2215 noxium
2426 2160 2449 2212 ?
2463 2158 2565 2213 Sed
2587 2174 2691 2212 non
2709 2174 2875 2227 usque
2900 2160 3032 2214 adeo
3049 2160 3349 2215 desolatam
3368 2176 3429 2215 ae
3446 2161 3727 2215 destitutum.

2198 2252 2328 2307 Nam
2357 2252 2447 2307 ille
2492 2251 2709 2321 quidem
2747 2267 3065 2321 quamquam
3097 2268 3201 2306 non
3251 2269 3324 2307 ex
3364 2268 3484 2308 sese
3524 2268 3673 2322 neque
3705 2268 3726 2306 ι

2198 2343 2526 2407 domesticis,
2573 2353 2749 2397 tamen
2779 2343 2847 2396 ab
2890 2343 2976 2407 iis,
3021 2343 3111 2413 qui
3155 2343 3363 2410 vident,
3411 2343 3725 2399 misericordia

2198 2434 2351 2489 ﬂexis
2393 2433 2657 2488 sublevari
2698 2442 2891 2503 potest,
2943 2432 3264 2488 inmedium
3314 2437 3608 2503 projectus:
3635 2433 3728 2488 huic

2199 2541 2326 2579 vero
2368 2526 2641 2580 molestias
2666 2540 2777 2588 cas,
2810 2539 2943 2595 quas
2967 2536 3121 2581 antea
3146 2525 3402 2589 diximus,
3449 2525 3727 2580 molestiores

2200 2617 2474 2681 reddebat,
2506 2616 2646 2686 quod
2692 2626 2837 2671 esset
2875 2616 2943 2671 ab
2975 2616 3222 2671 omnibus
3253 2617 3497 2671 desertus
3521 2634 3535 2671 :
3559 2626 3606 2670 et
3626 2614 3727 2667 hanc

2201 2710 2365 2777 ipsam
2395 2708 2734 2762 solitudinem
2755 2723 2964 2761 rursum
2993 2707 3358 2761 molestiorem
3381 2703 3726 2775 faciebat,quod

2200 2802 2251 2854 iu
2282 2800 2547 2856 vestibulo
2566 2800 2744 2854 divitis
2765 2799 2987 2870 jacaret.
3016 2800 3225 2854 Etenim
3256 2801 3303 2855 si
3332 2801 3384 2854 in
3408 2810 3540 2854 terra
3561 2798 3725 2853 deserta

2202 2894 2465 2962 nullisque
2496 2893 2726 2947 habitata
2769 2893 2954 2962 jacens
2985 2893 3099 2947 tunc
3138 2908 3332 2962 passus
3362 2893 3560 2956 fuisset,
3590 2891 3726 2961 negle-

2199 2995 2421 3053 ctusque
2445 2982 2720 3053 iacuisset,
2752 3001 2856 3038 non
2888 2994 3089 3039 tantum
3119 2984 3416 3041 doluisset:
3444 3001 3559 3040 nam
3581 2983 3618 3037 si
3639 2983 3726 3035 ιιιιι⁸

2200 3077 2283 3130 lus
2312 3076 2467 3137 adsit,
2499 3076 2600 3129 hoc
2625 3076 2794 3144 ipsum
2826 3076 2984 3131 etiam
3016 3075 3213 3131 nolenti
3238 3075 3535 3146 persuadet,
3554 3082 3603 3129 ιιι
3625 3073 3725 3127 ferat

2199 3184 2315 3237 quae
2335 3167 2601 3221 accidunt.
2625 3166 2886 3221 Cancrum
2917 3167 3055 3236 quod
3081 3167 3131 3220 in
3161 3169 3340 3223 medio
3364 3177 3465 3221 tam
3491 3165 3724 3220 multorum

2193 3259 2399 3327 jacens,
2431 3259 2674 3314 ebrietati
2704 3258 3106 3328 indulgentium,
3139 3260 3378 3313 suaviter
3415 3257 3722 3318 viventium,a

2199 3351 2411 3405 nomine
2428 3351 2513 3405 vel
2531 3350 2801 3420 vulgarem
2819 3364 3002 3404 coram
3023 3350 3442 3416 nancisceretur,
3458 3349 3504 3402 id
3520 3345 3724 3402 reddebat

2198 3455 2414 3496 sensum
2441 3441 2683 3495 dolorum
2714 3442 2997 3504 acriorem,
3027 3442 3303 3511 magisque
3332 3437 3723 3496 incendebatani-

2200 3533 2269 3585 mi
2300 3533 2690 3602 :egritudiuem.
2719 3532 2835 3587 Non
2862 3532 3003 3586 enim
3031 3532 3253 3602 perinde
3276 3532 3323 3586 si
3346 3532 3513 3586 absint
3532 3527 3609 3597 qui
3632 3539 3723 3578 suc-

2198 3632 2435 3688 currant,
2461 3630 2620 3692 atque
2647 3623 2691 3677 si
2716 3622 2894 3676 adsint
2919 3623 3153 3691 quidem,
3187 3622 3283 3676 sed
3314 3623 3479 3677 nolint
3503 3617 3722 3690 porrigere

2198 3729 2436 3779 manum,
2455 3713 2700 3767 mordere
2724 3713 2859 3766 solet
2884 3714 3116 3767 animum
3139 3713 3190 3767 in
3212 3712 3599 3771 calamitatibus,
3617 3703 3721 3776 quod

2198 3804 2410 3873 quidem
2451 3813 2558 3858 tum
2591 3806 2711 3857 huic
2740 3803 2950 3857 accidit.
2991 3803 3177 3857 Nullus
3206 3813 3325 3858 erat
3351 3803 3437 3872 qui
3463 3801 3602 3856 dictis
3623 3811 3721 3852 con-

2198 3894 2480 3957 Solaretur,
2530 3893 2707 3947 nullus
2755 3894 2843 3962 qui
2891 3895 3041 3947 l‘actis
3087 3893 3306 3950 afferret
3350 3893 3599 3956 solatium,
3644 3902 3720 3941 non

2198 3987 2422 4050 amicus,
2460 4001 2567 4039 non
2611 3985 2837 4050 vicinus,
2880 4000 2984 4040 non
3029 3996 3309 4056 cognatus,
3354 4002 3454 4042 non
3484 3981 3719 4039 videntium

2199 4077 2476 4146 quisquam
2502 4094 2517 4131 :
2545 4078 2679 4132 adeo
2707 4086 2822 4132 erat
2853 4087 2959 4132 tota
2985 4078 3161 4132 divitis
3185 4090 3433 4150 corrupta
3462 4077 3648 4131 familia.

2271 4171 2359 4225 10.
2399 4170 2479 4224 Ad
2511 4169 2624 4224 haec
2648 4169 2803 4224 aliam
2824 4171 3024 4226 doloris
3045 4172 3405 4228 accessionem
3431 4165 3719 4238 adjungebat.

2200 4260 2341 4330 quod
2387 4261 2612 4315 alterum
2667 4260 2813 4314 illum
2862 4261 2913 4315 in
2967 4260 3218 4317 felicitate
3242 4260 3605 4331 conspiciebat,
3642 4267 3718 4305 non

2201 4351 2340 4423 quod
2369 4353 2580 4408 invidus
2606 4360 2752 4408 esset
2770 4368 2833 4408 ac
2861 4369 3077 4423 pravus,
3099 4355 3194 4410 sed
3222 4356 3365 4426 quod
3392 4366 3565 4409 omnes
3588 4347 3721 4403 solem

2202 4445 2254 4498 in
2285 4445 2511 4499 aliorum
2556 4447 2912 4515 prosperitate
2959 4449 3136 4502 acrius
3163 4463 3289 4502 suas
3319 4448 3513 4503 sentire
3545 4436 3718 4497 calami-

2204 4546 2358 4593 tates.
2386 4536 2444 4591 ln
2465 4537 2631 4592 divite
2652 4548 2828 4595 autem
2851 4547 2970 4595 erat
2992 4540 3189 4610 aliquid
3215 4542 3384 4611 majus
3408 4538 3469 4592 ad
3499 4534 3621 4591 illius
3636 4527 3719 4583 ani-

2202 4644 2345 4682 nmm
2375 4630 2812 4685 exulcerandum.
2853 4631 2969 4686 Non
3015 4632 3157 4687 enim
3200 4633 3371 4687 solum
3419 4643 3556 4684 suam
3596 4622 3719 4692 ipsi“3

2201 4720 2554 4776 calamitatem
2596 4737 2719 4777 eum
2758 4722 2901 4777 illius
2927 4723 3275 4792 prosperitate
3317 4720 3598 4780 conferens,
3630 4723 3718 4781 gm-

2200 4812 2403 4865 viorem
2444 4812 2700 4868 reddebat
2742 4828 2958 4868 suorum
2994 4813 3257 4867 malorum
3301 4826 3538 4874 sensum,
3575 4812 3717 4857 verum

2203 4903 2361 4955 etiam
2411 4903 2744 4973 perpendens
2785 4905 2927 4974 quod
2958 4905 3048 4959 ille
3076 4905 3237 4959 vitam
3278 4904 3473 4959 ducens
3499 4894 3715 4954 crudelem

2203 5004 2259 5050 et
2287 4994 2648 5059 inhumanam,
2680 4995 2732 5049 in
2761 4994 3009 5049 omnibus
3050 5005 3465 5064 prosperaretur,
3493 4991 3593 5059 ipse
3622 4993 3716 5034 vero

2203 5085 2452 5139 virtutem
2481 5100 2544 5139 ac
2570 5084 2884 5140 modestiam
2914 5086 3215 5155 amplexus,
3245 5094 3475 5140 extrema
3500 5079 3715 5147 pateretur

2203 5175 2377 5243 mala,
2442 5175 2878 5231 inconsolabilem
2950 5176 3113 5230 animi
3171 5176 3460 5232 molestiam
3522 5177 3569 5222 et
3626 5162 3717 5215 hinc

2202 5267 2470 5323 Sustinuit.
2529 5266 2659 5321 Nam
2709 5267 2754 5321 si
2803 5268 2882 5321 vir
2919 5266 3093 5336 justus
3141 5266 3326 5322 fuisset
3352 5265 3509 5325 dives,
3553 5257 3589 5309 si
3631 5262 3697 5304 mo

2203 5357 2406 5422 destas,
2454 5357 2500 5410 si
2549 5355 2939 5427 suspiciendus,
2985 5358 3029 5411 si
3075 5357 3220 5411 omni
3260 5356 3450 5411 virtute
3488 5342 3709 5418 prmditus,

2206 5462 2541 5517 nequaquam
2591 5446 2667 5502 illi
2713 5447 2933 5517 perinde
2979 5447 3260 5503 doluisset.
3290 5444 3436 5501 Nunc
3481 5448 3587 5490 vero
3620 5440 3710 5484 cum

2204 5537 2354 5592 dives
2379 5546 2543 5603 esset,
2572 5537 2934 5609 improbeeque
2952 5538 3096 5603 vita},
3124 5549 3176 5592 et
3201 5539 3267 5593 ad
3294 5541 3566 5593 extremum
3585 5529 3710 5585 usque

2205 5628 2420 5682 malitia:
2448 5637 2750 5698 provectus,
2799 5640 2854 5683 et
2888 5637 3087 5683 tantam
3119 5630 3538 5685 inltumanitatem
3575 5621 3709 5667 esten:

2206 5720 2360 5785 deus,
2403 5732 2459 5776 et
2499 5721 2746 5778 hostilem
2791 5722 3027 5776 animum
3059 5738 3274 5792 gerens,
3303 5737 3397 5778 nec
3429 5726 3562 5771 secus
3583 5709 3704 5803 al‘luc

2208 5813 2435 5884 lapidem
2479 5815 2649 5885 ipsum
2682 5825 3120 5885 praetercurrens,
3153 5816 3267 5874 sine
3296 5805 3598 5871 verecundia,
3620 5802 3703 5850 stuc
