3958 6368
249 277 367 337 975

252 397 395 467 φήν.
423 393 577 448 Οὕτω
605 395 698 447 καὶ
717 395 879 466 ἡμεῖς
899 393 1163 465 ποιῶμεν,
1187 412 1283 449 και
1300 398 1553 452 τοσοῦτον
1575 397 1844 469 ἐθίσωμεν

254 480 491 541 ἑαυτοὺς
540 479 762 542 ἐσθίειν,
803 479 927 531 ὅσον
970 478 1109 550 πρὸς
1135 478 1197 533 rb
1227 479 1328 552 ζῇν
1367 480 1548 552 μόνον,
1596 485 1694 553 οὐχ
1723 485 1847 537 ὅσον

253 561 595 618 διασπᾶσθαι
623 562 720 615 καὶ
749 560 1099 632 βαρύνεσθαι.

336 646 413 700 Οὐ
450 644 558 716 γὰρ
577 644 666 698 διά
688 644 845 698 τοῦτο
876 644 1173 714 ἐγενόμεθα
1194 647 1287 699 καὶ
1308 646 1512 717 ζῶμεν,
1539 647 1626 702 ἵνα
1657 647 1847 717 φάγω-

261 746 369 802 μεν
403 729 495 782 καὶ
529 727 742 799 πίωμεν
769 744 782 757 ·
814 727 951 782 ἀλλὰ
983 728 1070 781 διά
1097 727 1256 782 τοῦτο
1287 730 1585 801 ἐσθίωμεν,
1626 732 1710 785 ἵνα
1741 730 1848 797 ζῶ-

262 831 393 886 μεν.
424 814 498 867 Οὐ
528 813 588 866 rb
616 810 714 883 ζῇν
734 811 823 865 διὰ
845 813 906 866 τὸ
940 816 1154 882 φαγεῖν,
1187 812 1325 866 ἀλλά
1344 812 1431 867 διὰ
1452 814 1512 867 rb
1532 814 1631 885 ζῇν
1655 814 1717 867 rb
1746 832 1848 884 φα-

258 900 385 967 γεῖν
412 897 634 967 γέγονεν
659 896 716 962 ἐξ
744 896 939 966 ἀρχῆς.
983 894 1175 966 Ἡμεῖς
1192 896 1250 949 δὲ
1279 897 1354 961 ὡς
1374 896 1461 950 διὰ
1490 896 1648 951 τοῦτο
1668 897 1849 952 ἐλθόν-

258 999 360 1046 ⁴τες
384 983 462 1046 είς
494 981 585 1033 τὸν
619 980 845 1051 κόσμον,
879 978 1051 1043 οὕτως
1072 979 1289 1033 ἅπαντα
1314 981 1393 1043 είς
1420 979 1580 1033 τοῦτο
1611 998 1848 1035 κατανα-

259 1063 547 1135 λίσκομεν.
592 1062 730 1116 Ἀλλ’
767 1063 853 1116 ἵνα
884 1062 1214 1133 σφοδροτέρα
1251 1063 1475 1134 γένηται
1506 1064 1607 1135 τῆς
1638 1067 1849 1136 τρυφῆς

260 1151 303 1221 ἡ
339 1147 659 1219 κατηγορία,
689 1148 783 1200 καὶ
809 1146 954 1219 μάλα
982 1147 1276 1219 καθίκηται
1308 1148 1417 1200 τῶν
1452 1149 1509 1201 ἐν
1543 1149 1678 1219 αὐτῇ
1715 1148 1852 1212 ζών-

259 1250 401 1295 των,
437 1231 598 1302 φέρε,
634 1231 795 1285 πάλιν
820 1230 914 1284 ἐπὶ
937 1231 1029 1284 τὸν
1055 1229 1303 1301 Λάζαρον
1331 1230 1422 1284 τὸν
1454 1231 1610 1299 λόγον
1639 1232 1853 1302 ἀγάγω-

267 1333 394 1386 μεν.
430 1313 585 1368 Οὕτω
602 1314 711 1385 γὰρ
732 1316 863 1386 ἡμῖν
896 1313 1235 1385 ἀληθεστέρα
1267 1332 1326 1368 τε
1360 1315 1453 1368 καὶ
1484 1315 1853 1387 ἐναργεστέρα

263 1400 306 1469 ἡ
327 1398 647 1470 παραίνεσις
671 1397 824 1451 ἔσται
850 1399 945 1451 καὶ
974 1399 1007 1468 ή
1037 1396 1336 1468 συμϐουλὴ,
1373 1397 1502 1450 ὅταν
1526 1398 1600 1470 μὴ
1629 1396 1717 1451 διὰ
1751 1400 1851 1470 ρης

270 1484 484 1554 μάτων,
506 1481 640 1535 ἀλλά
662 1482 750 1534 διά
770 1482 1114 1552 πραγμάτων
1146 1480 1291 1552 ίδητε
1318 1481 1739 1552 παιδευομένους
1758 1483 1853 1535 καὶ

265 1565 670 1636 κολαζομένους
723 1566 851 1628 τοὺς
883 1564 1163 1636 ἀδηφαγίᾳ
1223 1565 1609 1636 προσέχοντας.
1662 1566 1720 1619 Ὀ
1755 1568 1854 1637 μὲν

264 1647 369 1705 οὖν
401 1649 655 1713 πλούσιος
676 1648 909 1720 τοσαύτῃ
944 1647 1179 1719 πονηρία
1206 1648 1425 1719 συνέζη,
1459 1650 1554 1703 καὶ
1578 1648 1700 1703 καθ’
1727 1650 1855 1703 ἐκά-

270 1751 410 1805 στ-ην
442 1732 714 1802 ἐνετρύφα
745 1745 770 1772 ε
805 1732 904 1803 τὴν
930 1731 1166 1803 ἡμέραν,
1196 1731 1292 1784 καλ⁵
1318 1731 1688 1785 ἐνεδιδύσκετο
1715 1732 1855 1803 λαμ-

270 1815 452 1887 πρῶς,
477 1814 862 1886 χαλεπωτέραν
896 1813 1073 1885 ἐαυτῷ
1095 1813 1351 1868 ἀνάπτων
1375 1815 1472 1886 τὴν
1494 1815 1735 1881 κόλασιν,
1760 1817 1855 1868 καὶ

270 1899 463 1972 μεῖζον
495 1900 557 1952 rb
591 1898 704 1971 πῦρ
731 1898 1096 1970 ἐργαζόμενος
1124 1898 1220 1951 καὶ
1247 1898 1679 1970 ἀπαραμύθητον
1702 1898 1854 1972 [720]

270 1983 458 2055 ἐαυτῷ
481 1982 650 2039 ποιῶν
679 1984 778 2055 τὴν
805 1983 983 2054 δίκην,
1020 1983 1114 2035 καὶ
1144 1981 1530 2050 ἀσύγγνωστον
1559 1983 1657 2055 τὴν
1688 2001 1859 2055 τιμω-

271 2067 424 2138 ρίαν.

361 2192 419 2245 Ὀ
446 2191 502 2245 δὲ
538 2191 706 2262 πένης
735 2191 964 2265 ἔρριπτο
992 2190 1144 2263 παρά
1171 2191 1263 2245 τὸν
1288 2191 1509 2246 πυλῶνα
1538 2192 1725 2258 αὐτοῦ,
1768 2195 1860 2248 καὶ

270 2276 391 2330 οὔτ’
421 2276 885 2348 ἀπεδυσπέτησεν,
908 2274 1020 2329 οὔτ’
1049 2276 1491 2348 ἐϐλασφήμησεν,
1514 2277 1625 2331 οὐτ’
1658 2277 1862 2347 ἠγανά-

273 2379 480 2432 κτησεν
500 2379 512 2391 ·
541 2361 640 2413 οὐκ
659 2356 780 2413 εἷπε
801 2360 937 2431 πρὸς
968 2359 1189 2426 ἐαυτὸν,
1212 2359 1242 2413 ὃ
1286 2359 1470 2413 πολλοὶ
1509 2360 1730 2429 λέγουσι
1748 2377 1764 2391 ο
1805 2360 1859 2413 τί

275 2462 415 2499 ποτε
436 2444 594 2498 τοῦτό
616 2446 799 2509 ἐστιν;
828 2438 980 2505 οὗτος
1005 2441 1103 2513 μὲν
1129 2443 1366 2514 πονηρίᾳ
1394 2442 1571 2517 συζῶν
1591 2444 1685 2495 καὶ
1714 2442 1862 2513 ὠμό-

274 2545 406 2599 τητι
430 2528 522 2581 καὶ
555 2525 941 2598 ἀπανθρωπίᾳ,
964 2525 1061 2579 καὶ
1089 2524 1197 2579 τῶν
1226 2526 1368 2598 ὑπὲρ
1391 2526 1490 2598 τὴν
1514 2526 1702 2597 χρείαν
1728 2526 1864 2578 ἀπο-
1895 2526 1901 2533 ’

277 2613 439 2667 λαύει
465 2613 701 2675 πάντων,
738 2612 835 2665 καὶ
857 2610 965 2663 οὐδ’
996 2608 1235 2681 ἀθυμίαν
1267 2610 1529 2681 ὑπομένει
1549 2650 1564 2674 ,
1597 2609 1703 2664 οὐδ’
1737 2609 1866 2664 ἄλλο

275 2713 339 2749 τι
386 2696 494 2749 τῶν
544 2695 843 2766 ἀδοκήτων,
900 2686 986 2747 οἷα
1039 2693 1211 2747 πολλὰ
1266 2692 1330 2746 τὰ
1382 2692 1534 2765 παρά
1558 2691 1865 2765 ἀνθρώποις

279 2780 453 2844 ἐστὶν,
481 2778 617 2832 ἀλλά
636 2779 731 2832 καλ⁵
760 2777 1009 2849 καθαράν
1035 2777 1341 2848 καρποῦται
1370 2778 1469 2848 τὴν
1498 2778 1690 2849 ήδονήν
1710 2795 1724 2807 ’
1754 2776 1865 2845 ἐγὼ

278 2862 343 2916 δὲ
367 2863 486 2916 οὐδὲ
510 2864 607 2933 τῆς
630 2862 934 2929 ἀναγκαίας
960 2860 1068 2931 έχω
1100 2861 1306 2931 τροφῆς
1349 2864 1656 2932 μετασχεῖν.
1706 2859 1866 2914 Ἀλλά

279 2945 461 3017 τούτῳ
491 2946 587 3017 μὲν
619 2947 697 3009 εἰς
720 2944 1053 3015 παρασίτους
1078 2945 1172 2997 καὶ
1193 2945 1431 3009 κόλακας
1463 2946 1557 2998 καὶ
1595 2944 1766 3017 μέθην
1796 2944 1867 2998 τὰ

280 3031 418 3084 ὄντα
473 3029 687 3082 ἅπαντα
726 3026 1054 3090 δαπανῶντι,
1107 3025 1295 3097 ὥσπερ
1339 3030 1405 3081 ἐκ
1431 3028 1623 3098 πηγῶν
1653 3026 1869 3082 ἅπαντα

281 3114 536 3185 ἐπιρρεῖ·
578 3112 689 3181 ἐγὼ
717 3112 774 3165 δὲ
809 3111 1161 3183 παράδειγμα
1184 3113 1297 3175 τοῖς
1331 3110 1502 3182 ὁρῶσι
1533 3114 1722 3181 κεῖμαι
1774 3112 1869 3165 καὶ

282 3195 519 3267 αίσχύνη
548 3196 641 3249 καὶ
661 3195 855 3265 γέλως,
873 3193 1015 3267 λιμῷ
1030 3194 1351 3265 τηκόμενος.
1368 3189 1516 3266 1Ἇρα
1541 3194 1712 3247 ταῦτα
1738 3211 1873 3266 προ-

281 3281 468 3346 νοίας;
502 3276 612 3352 ἆρα
640 3281 813 3351 ἐφορᾷ
832 3280 958 3350 δίκη
980 3295 1066 3342 τις
1094 3279 1164 3332 τὰ
1192 3277 1510 3353 ἀνθρώπινα
1531 3278 1868 3350 πράγματα;

286 3366 457 3420 Οὐδὲν
483 3366 686 3419 τούτων
719 3367 819 3419 οὐκ
862 3360 1036 3430 εἶπεν,
1071 3365 1171 3418 οὐκ
1204 3366 1476 3437 ἐνενόησε.
1509 3366 1679 3420 Πόθεν
1715 3366 1874 3420 τοῦτο

283 3450 484 3522 δῆλον;
539 3450 627 3517 Ἐξ
667 3442 743 3504 ὧν
772 3450 1060 3521 ἀπήγαγον
1095 3448 1260 3502 αὐτὸν
1299 3451 1347 3502 οἱ
1382 3448 1603 3519 ἄγγελοι
1646 3451 1875 3521 δορυφο-

290 3538 534 3611 ροῦντες,
571 3539 665 3591 καὶ
699 3539 779 3600 είς
804 3536 895 3593 τὸν
930 3535 1130 3590 κόλπον
1172 3534 1267 3589 τοῦ
1314 3535 1567 3607 Ἀϐραὰμ
1599 3537 1872 3591 ἀποκατέ-

292 3637 502 3693 στησαν
525 3641 540 3655 ·
565 3621 664 3674 οὐκ
684 3620 751 3674 ἂν
777 3620 857 3685 δὲ,
889 3622 940 3673 εί
972 3620 1293 3693 βλάσφημος
1323 3615 1413 3691 ἦν,
1464 3620 1733 3693 τοσαύτης
1770 3625 1876 3676 ἀπ-

290 3706 491 3760 έλαυσε
515 3706 700 3776 τιμῆς.
729 3704 884 3758 Οὕτω
916 3704 1016 3776 μὲν
1048 3701 1140 3758 οὖν
1170 3705 1220 3757 οἱ
1248 3704 1433 3759 πολλοὶ
1448 3705 1535 3760 διὰ
1564 3707 1721 3760 τοῦτο
1748 3706 1880 3760 θαυ-

297 3787 532 3860 μάζουσι
556 3788 647 3841 τὸν
678 3786 962 3858 ἄνθρωπον
991 3787 1183 3858 μόνον,
1221 3788 1305 3841 ὅτι
1346 3790 1404 3842 ἐν
1444 3788 1604 3861 πενίᾳ
1627 3784 1696 3860 ἦν
1720 3806 1734 3821 ο
1767 3788 1879 3859 ἐγὼ

293 3873 355 3926 δὲ
380 3871 628 3941 δείκνυμι
649 3870 919 3941 τιμωρίας
943 3870 1099 3925 ἐννέα
1134 3872 1227 3925 τὸν
1280 3871 1515 3946 ἀριθμὸν
1555 3872 1716 3926 αὐτὸν
1753 3872 1879 3926 ὐπο-

299 3955 585 4027 μείναντα,
622 3955 722 4025 οὐχ
771 3954 858 4007 ἵνα
885 3954 1199 4025 κολάζηται,
1235 3956 1349 4010 ἀλλ’
1380 3957 1467 4011 ἵνα
1499 3955 1880 4030 λαμπρότερος

295 4040 517 4112 γίνηται
537 4056 550 4071 ’
584 4039 721 4110 ὅπερ
744 4032 839 4092 οὖν
867 4037 961 4092 καὶ
989 4039 1226 4107 ἐγένετο.

372 4167 556 4221 Δεινὸν
581 4166 680 4239 μὲν
706 4166 815 4237 γὰρ
845 4165 1015 4231 ὅντως
1040 4169 1136 4222 καὶ
1164 4168 1197 4237 ἡ
1222 4167 1404 4234 πενία,
1432 4170 1527 4222 καὶ
1557 4168 1738 4224 ἴσασιν
1766 4170 1881 4224 ὅσοι

300 4256 502 4324 πεῖραν
531 4252 737 4322 ταύτης
764 4250 1021 4322 εἰλήφασι
1042 4267 1056 4281 σ
1081 4250 1240 4319 λόγος
1268 4251 1378 4323 γὰρ
1400 4253 1575 4317 οὐδεὶς
1595 4254 1885 4325 παραστῆ-

303 4354 399 4392 σαι
423 4335 709 4407 δυνήσεται
734 4333 831 4406 τὴν
856 4333 1070 4404 ὀδύνην,
1104 4335 1235 4408 ὅσην
1257 4336 1623 4407 ὑπομένουσιν
1651 4340 1701 4391 οί
1736 4354 1886 4392 πτω-

302 4420 430 4493 χείᾳ
471 4417 761 4482 συζῶντες,
790 4418 884 4472 καὶ
917 4418 1228 4488 φιλοσοφεῖν
1258 4420 1360 4473 οὐκ
1404 4419 1625 4484 εἰδότες.
1676 4421 1798 4476 Ἐπὶ
1826 4422 1884 4476 δέ

300 4504 402 4559 τοῦ
428 4502 679 4575 Λαζάρου
712 4503 771 4555 οὐ
800 4501 958 4555 τοῦτο
987 4501 1145 4573 μόνον
1168 4498 1238 4575 ἦν
1278 4504 1341 4557 τὸ
1369 4503 1541 4559 δεινὸν
1560 4543 1576 4570 ,
1616 4505 1753 4560 ἀλλά
1789 4507 1887 4560 καὶ

304 4588 588 4660 ἀρρωστία
610 4585 758 4656 αὐτῷ
780 4586 808 4626 1³
840 4585 1181 4655 συνέζευκτο,
1216 4589 1311 4641 καὶ
1343 4587 1482 4662 αὕτη
1512 4588 1632 4660 μεθ’
1653 4591 1888 4663 ὑπερϐο-

304 4674 429 4745 λῆς.
459 4674 570 4727 Καὶ
590 4674 692 4743 ὅρα
732 4671 852 4736 πῶς
885 4671 1154 4743 ἑκατέρας
1182 4671 1281 4736 τὰς
1309 4674 1596 4746 συμφορὰς
1616 4674 1887 4730 δείκνυσιν

306 4761 392 4821 είς
420 4758 590 4829 ἀκρον
633 4755 914 4820 ἐλθούσας.
943 4757 1066 4810 Ὅτι
1108 4757 1208 4828 μὲν
1260 4757 1370 4831 γὰρ
1404 4760 1588 4814 πᾶσαν
1617 4760 1809 4816 πενίαν
1852 4762 1886 4832 ἠ

305 4838 404 4894 τοῦ
430 4839 683 4912 Λαζάρου
700 4838 862 4893 πενία
882 4839 1003 4893 τότε
1037 4840 1316 4912 ἐνίκησεν,
1346 4840 1547 4907 ἔδειξεν
1576 4844 1766 4911 εἰπὼν,
1806 4844 1888 4898 ὃτι

306 4924 432 4980 οὐδὲ
457 4925 565 4979 τῶν
604 4924 801 4995 ψιχίων
847 4923 1094 4997 ἀπήλαυε
1154 4925 1262 4980 τῶν
1293 4928 1601 4984 πιπτόντων
1648 4928 1756 4984 ἀπὸ
1790 4932 1891 5001 τῆς

307 5007 592 5081 τραπέζης
620 5008 714 5062 τοῦ
740 5007 993 5062 πλουσίου
1013 5024 1028 5039 ·
1062 5009 1145 5062 ὅτι
1172 5009 1230 5063 δέ
1254 5009 1350 5063 καὶ
1375 5012 1408 5081 ή
1444 5011 1725 5084 ἀρρωστία
1755 5014 1891 5086 πρὸς

308 5093 372 5148 rb
399 5091 532 5146 αὐτὸ
561 5091 759 5163 μέτρον
782 5091 1009 5161 ἐφθάκει
1029 5094 1096 5163 τῇ
1121 5091 1302 5164 πενίᾳ,
1334 5094 1452 5165 μεθ’
1472 5094 1502 5149 δ
1519 5095 1704 5150 λοιπὸν
1730 5098 1891 5150 ἐκτα-

311 5176 476 5248 θῆναι
501 5176 601 5230 οὐκ
617 5170 708 5247 ἦν,
737 5176 832 5229 καὶ
863 5174 1022 5228 τοῦτο
1040 5174 1175 5229 αὐτὸ
1199 5176 1362 5232 πάλιν
1402 5178 1692 5251 ἐδήλωσεν,
1722 5180 1892 5235 εἰπὼν

310 5261 397 5315 ὅτι
428 5263 478 5315 οἱ
503 5261 663 5326 κύνες
681 5261 965 5332 ἀπέλειχον
988 5259 1057 5315 τὰ
1087 5261 1219 5335 ἐλκη
1242 5264 1431 5319 αὐτοῦ.
1459 5264 1647 5331 Οὕτως
1685 5262 1754 5340 ἦν
1804 5269 1894 5336 ἐξ-

311 5344 655 5417 ησθενηκὼς,
671 5345 747 5410 ὥς
773 5345 908 5417 μηδέ
926 5346 1053 5408 τοὺς
1076 5344 1243 5410 κύνας
1257 5346 1597 5420 ἀποσοϐῆσαι
1613 5350 1892 5417 δύνασθαι,

310 5430 454 5487 ἀλλά
483 5432 675 5503 νεκρὸς
724 5431 966 5503 ἔμψυχος
992 5430 1191 5499 ἔκειτο,
1237 5432 1493 5498 ἐπιόντας
1551 5436 1653 5506 μὲν
1697 5438 1897 5503 αὐτοὺς

385 5656 413 5723 ξ
437 5656 577 5723 ῌῃιιε
596 5670 685 5723 ms:
710 5660 873 5716 συνέζη
888 5660 1002 5723 ,καθ’
1023 5658 1228 5718 ἑκάστην
1245 5659 1449 5723 τρυφῶν.

383 5717 413 5762 δ
435 5720 539 5772 Alii
565 5721 821 5784 a'Jrémlii
847 5721 987 5781 αὐτῇ.

1477 279 1566 335 DE
1604 281 1881 338 LAZARO
1917 285 2177 341 CONCIO
2218 288 2258 344 1.

3419 306 3515 364 976

1953 406 2195 479 θεωρῶν,
2231 406 2754 479 ἀμύνασθαῖΓδὲὊύκ
2786 413 3006 482 ἰσχύων.
3052 414 3238 481 Οὕτως
3274 418 3421 491 αὐτῷ
3450 423 3522 478 ra

1951 497 2089 568 μέλη
2114 502 2360 569 παρεῖτο,
2389 500 2533 553 οὕτω
2557 504 2911 574 τεταρίχευτο
2936 507 3001 576 τῇ
3028 506 3312 579 ἀρρωστίᾳ
3328 548 3343 571 ,
3382 510 3523 565 οὕτω

1947 588 2282 662 δεδαπάνητο
2303 591 2381 662 τῷ
2412 595 2725 666 πειρασμῷ.
2754 594 2907 661 Εἶδες
2935 599 3054 669 μετ’
3080 598 3256 671 ἄκρας
3287 602 3525 673 ὑπερϐο-

1948 682 2048 753 λῆς
2076 684 2172 737 καὶ
2198 685 2297 756 τὴν
2328 687 2521 741 πενίαν
2555 689 2649 742 καὶ
2674 690 2773 762 τὴν
2802 690 3114 761 ἀρρωστίαν
3147 703 3170 730 ο
3206 692 3525 760 πολιορκοῦ-

1950 791 2050 828 σαν
2072 775 2236 829 αὐτοῦ
2262 776 2322 829 τὺ
2350 778 2539 849 σῶμα;
2569 780 2632 833 El
2651 779 2706 833 δέ
2733 779 2851 833 καθ’
2875 781 3037 835 ἐαυτδ
3064 782 3269 835 τούτων
3297 781 3527 836 ἕκαστον

1949 866 2226 938 ἀφόρητον
2258 870 2356 922 καὶ
2386 870 2578 935 δεινὸν,
2618 872 2749 926 ὅταν
2773 872 2908 943 ὁμοῦ
2958 874 3424 945 συμπεπλεγμένα
3469 871 3526 947 ᾗ,

1950 960 2069 1024 πῶς
2089 961 2188 1015 οὐκ
2235 962 2447 1034 ἀδάμας
2476 982 2560 1027 τις
2592 960 2659 1036 ἦν
2696 965 2725 1016 6
2761 965 2936 1019 ταῦτα
2969 966 3289 1036 ὐπομὲνων;
3339 965 3530 1019 Πολλοὶ

1951 1052 2212 1117 πολλάκις
2235 1056 2631 1126 ἀρῤωστοῦσιν,
2660 1058 2797 1111 ἀλλὰ
2823 1059 2924 1129 τῆς
2950 1058 3257 1128 ἀναγκαίας
3281 1060 3383 1112 οὐκ
3402 1059 3530 1113 ἀπο-

1957 1146 2108 1217 ροῦσι
2167 1148 2400 1218 τροφῆς·
2442 1149 2590 1203 ἄλλοι
2648 1151 2809 1221 πενίᾳ
2866 1151 2965 1219 μέν
3005 1148 3239 1213 συζῶσιν
3282 1150 3487 1222 ἐσχάτῃ
3514 1191 3529 1215 ,

1954 1236 2069 1290 ἀλλ’
2101 1238 2313 1307 ὑγιείας
2335 1239 2689 1305 ἀπολαύουσι,
2722 1242 2816 1294 καὶ
2836 1241 3063 1312 θάτερον
3095 1241 3326 1312 θατέρου
3354 1259 3528 1313 παρα·
3588 1236 3602 1253 ⁸

1958 1328 2125 1399 μυθία
2148 1329 2354 1398 γίνεται
2374 1346 2388 1360 ⁸
2421 1330 2657 1385 ἐνταῦθα
2698 1330 2755 1383 δὲ
2786 1331 3073 1403 ἀμφότερα
3109 1332 3288 1387 ταῦτα
3322 1331 3527 1385 συνεδε-

1954 1422 2245 1492 δραμήκει.
2282 1422 2421 1475 Ἀλλ’
2451 1421 2596 1493 ἔχεις
2632 1423 2724 1492 μοί
2762 1440 2884 1477 τινα
2912 1424 3089 1477 εἰπεῖν
3122 1424 3218 1477 καὶ
3260 1426 3318 1477 ἐν
3352 1425 3534 1496 ἀρῤωο

1956 1512 2079 1583 στία
2106 1510 2234 1565 ὄντα
2260 1514 2355 1565 καὶ
2381 1515 2439 1566 ἐν
2462 1512 2640 1585 πενίᾳ.
2673 1514 2814 1567 Ἀλλ’
2840 1516 2941 1568 οὐκ
2960 1516 3018 1568 ἐν
3039 1515 3245 1587 ἐρημίᾳ
3271 1514 3531 1588 τοσαύτῃ.

1955 1606 2019 1657 Et
2043 1605 2152 1676 γὰρ
2179 1606 2272 1659 καὶ
2308 1605 2382 1676 μὴ
2416 1607 2547 1677 παρ’
2578 1607 2772 1660 ἐαυτοῦ
2800 1607 2937 1678 μηδέ
2972 1606 3124 1679 [721]
3157 1606 3386 1673 οἴκοθεν,
3417 1606 3533 1661 ἀλλ’

1957 1698 2063 1751 ὐπὸ
2105 1698 2212 1752 τῶν
2242 1698 2494 1769 ὁρώντων
2527 1698 2793 1753 ἐλεεῖσθαι
2824 1699 3040 1754 δύναιτο
3068 1698 3134 1753 ἂν
3175 1701 3254 1762 εἰς
3280 1698 3339 1752 rb
3372 1698 3535 1769 μέσον

1957 1791 2318 1862 προκείμενος
2337 1809 2351 1821 ·
2383 1791 2558 1861 τούτῳ
2583 1790 2641 1844 δέ
2680 1789 2751 1844 τὰ
2777 1791 3153 1863 προειρημένα
3189 1789 3338 1843 δεινά
3379 1789 3537 1859 χαλε-

1958 1881 2180 1953 πὼτερα
2205 1881 2379 1934 ἐποίει
2411 1879 2661 1948 γίνεσθαι
2694 1878 2804 1932 τῶν
2849 1879 3313 1950 προστησομένων
3342 1879 3376 1949 ή
3410 1878 3540 1951 ἐρη-

1960 1973 2097 2044 μία·
2137 1973 2232 2026 καὶ
2269 1971 2439 2043 αὐτὴν
2485 1971 2690 2042 ταύτην
2730 1971 2892 2026 πάλιν
2942 1970 3333 2040 χαλεπωτέραν
3364 1970 3533 2021 ὲποττ.

1960 2064 2325 2135 φαίνεσθαιτὺ
2352 2065 2410 2117 ἐν
2430 2064 2636 2118 πυλῶνι
2665 2063 2879 2118 κεῖσθαι
2902 2062 2996 2116 τοῦ
3031 2063 3305 2116 πλουσίου.
3342 2062 3407 2114 El
3441 2061 3539 2130 μὲν

1959 2154 2071 2228 γάρ
2100 2156 2194 2210 ἐπὶ
2215 2155 2316 2225 τῆς
2332 2156 2543 2227 ἐρήμου
2565 2154 2658 2208 καὶ
2680 2154 2777 2225 τῆς
2799 2154 3057 2224 ἀοικήτου
3082 2152 3355 2222 κείμενος,
3385 2149 3538 2203 ταῦτ’

1962 2246 2166 2317 ἔπασχε
2214 2248 2311 2300 καὶ
2349 2247 2695 2319 παρεωρᾶτο,
2740 2246 2842 2299 οὐκ
2882 2244 2949 2299 ἂν
3000 2244 3172 2307 οὕτως
3207 2243 3447 2314 ῆλγησε⁸
3480 2240 3542 2293 rb

1962 2337 2071 2409 γὰρ
2107 2337 2312 2409 μηδένα
2336 2339 2589 2408 παρεῖναι
2634 2336 2727 2389 καὶ
2766 2336 2968 2390 ἄκοντα
3025 2334 3211 2405 φέρειν
3242 2330 3427 2385 ἔπειθε
3471 2328 3543 2383 τά

1964 2431 2331 2503 συμϐαίνοντα
2358 2429 2386 2470 ἀ
2407 2447 2421 2460 ·
2443 2430 2504 2483 rb
2530 2429 2588 2483 δὲ
2613 2431 2673 2482 ἐν
2698 2429 2847 2500 μέσῳ
2873 2427 3141 2482 τοσούτων
3168 2426 3420 2497 κείμενον
3446 2441 3542 2495 με-

1964 2522 2220 2585 θυόντων,
2248 2521 2686 2595 εὐημερούντων,
2708 2520 2860 2593 παρὰ
2890 2520 3119 2591 μηδενὸς
3151 2517 3287 2589 μηδὲ
3316 2516 3417 2587 τῆς
3445 2532 3542 2568 τυ-

1964 2614 2165 2686 χούσης
2189 2615 2507 2686 ἐπιμελείας
2531 2614 2821 2684 τυγχάνειν
2837 2654 2851 2679 ,
2876 2610 3210 2683 δριμυτέραν
3236 2609 3408 2663 ἐποίει
3432 2605 3543 2659 τῶν

1964 2704 2165 2759 ὀδυνῶν
2196 2703 2441 2774 γίνεσθαι
2471 2704 2573 2775 τὴν
2607 2702 2879 2773 αἴσθησιν,
2899 2700 2995 2755 καὶ
3029 2699 3127 2771 τὴν
3166 2698 3404 2768 ἀθυμίαν
3458 2695 3545 2761 ἐξ-

1968 2797 2118 2852 έκαιε
2140 2795 2361 2868 μᾶλλον.
2382 2796 2455 2849 Οὐ
2481 2794 2590 2866 γὰρ
2606 2793 2778 2857 οὕτως
2794 2792 3041 2847 ἀπόντων
3055 2790 3164 2843 τῶν
3182 2787 3541 2860 βοηθούντων,

1967 2889 2044 2952 ὡς
2076 2889 2360 2960 παρόντων
2419 2888 2536 2958 μὲν,
2593 2887 2696 2939 οὐκ
2728 2886 3019 2939 ἐθελόντων
3052 2883 3108 2937 δὲ
3143 2881 3331 2954 ὀρέξαι
3363 2881 3542 2951 χεῖρα,

1967 2978 2258 3033 δάκνεσθαι
2290 2978 2614 3048 πεφύκαμεν
2641 2979 2698 3031 ἐν
2726 2979 2848 3039 ταῖς
2878 2977 3185 3047 συμφοραῖς
3209 2990 3224 3004 ’
3271 2974 3409 3042 ὅπερ
3452 2964 3548 3023 οὖν

1970 3074 2220 3134 κάκεῖνος
2265 3072 2387 3124 τότε
2444 3069 2701 3140 ἔπασχεν.
2738 3068 2928 3131 Οὐδεὶς
2966 3066 3075 3138 γὰρ
3115 3062 3205 3137 ἦν,
3232 3064 3381 3133 οὐχό
3406 3060 3550 3131 λόγῳ

1971 3161 2327 3236 παρακαλῶν,
2354 3160 2450 3231 οὐχ
2478 3162 2507 3213 ό
2535 3159 2681 3231 ἔργῳ
2724 3157 3240 3230 παραμυθούμενος,
3278 3154 3338 3207 οὐ
3373 3152 3546 3222 φίλος,

1971 3258 2033 3311 οὐ
2058 3255 2273 3326 γείτων,
2306 3255 2368 3307 οὐ
2399 3252 2684 3324 συγγενὴς,
2712 3252 2773 3305 οὐ
2803 3250 2913 3305 τῶν
2945 3250 3194 3321 ὁρώντων
3216 3248 3411 3312 οὐδεὶς,
3440 3245 3552 3299 πά-

1976 3364 2075 3419 σης
2107 3346 2208 3417 τῆς
2238 3344 2334 3400 τοῦ
2368 3345 2620 3398 πλουσίου
2650 3341 3053 3414 διεφθαρμένης
3080 3338 3278 3403 οἰκίας.

2048 3488 2229 3545 ι’.Ἕτι
2254 3491 2392 3563 πρὸς
2411 3490 2623 3554 τούτοις
2644 3489 2839 3561 ἑτέραν
2856 3486 3005 3558 αὐτῷ
3025 3483 3343 3557 προσθήκην
3363 3482 3554 3553 ὀδύνης

1974 3585 2207 3639 ἐνεποίει
2229 3583 2292 3638 rb
2314 3584 2408 3639 καὶ
2437 3584 2621 3655 ἕτερον
2640 3580 3023 3654 εὐπραγοῦντα
3045 3582 3178 3653 όρᾷν
3195 3596 3210 3611 ο
3241 3580 3343 3633 οὐκ
3367 3576 3556 3648 ἐπειδὴ

1978 3679 2246 3749 βάσκανος
2286 3674 2354 3749 ἦν
2400 3678 2497 3731 καὶ
2529 3675 2786 3748 πονηρὸς,
2839 3674 2957 3728 ἀλλ’
3001 3672 3190 3744 ἐπειδὴ
3230 3670 3557 3741 πεφύκαμεν

1954 3788 1957 3789 ⁷
1978 3773 2214 3834 ἅπαντες
2245 3771 2303 3825 ἐν
2324 3771 2447 3832 ταῖς
2469 3768 2674 3839 ἐτέρων
2699 3766 3021 3839 εὐημερίαις
3045 3763 3435 3837 ἀκριϐέστερον
3459 3760 3558 3824 τὰς

1978 3865 2185 3928 οἰκείας
2207 3862 2645 3935 καταμανθάνειν
2677 3862 2986 3935 συμφοράς.
3028 3860 3152 3915 Ἐπὶ
3182 3860 3242 3913 δέ
3272 3856 3367 3912 τοῦ
3399 3856 3561 3909 πλου⁴

1981 3958 2097 4012 σίου
2150 3957 2246 4011 καὶ
2276 3955 2460 4028 μεῖζον
2494 3955 2703 4028 προσῆν
2738 3953 2889 4026 αὐτῷ
2930 3954 3117 4025 ἓτερον
3149 3951 3210 4006 rb
3264 3949 3562 4021 δυνάμενον

1981 4052 2144 4105 αὐτὸν
2163 4051 2367 4107 δακεῖν.
2396 4050 2471 4104 Οὐ
2495 4049 2605 4121 γὰρ
2636 4048 2699 4119 δὴ
2741 4047 2900 4119 μόνον
2939 4047 3061 4109 ταῖς
3100 4043 3421 4114 εὐημερίαις
3442 4045 3561 4104 ταῖς

1982 4144 2192 4197 ἐκείνου
2225 4141 2537 4214 συγκρίνων
2565 4140 2662 4212 τὴν
2700 4136 2898 4193 ἑαυτοῦ
2924 4136 3302 4208 δυσπραγίαν,
3341 4134 3564 4204 μείζονα

1981 4237 2083 4308 τὴν
2120 4233 2370 4305 αἴσθησιν
2392 4232 2665 4304 ἐλάμϐανε
2693 4230 2802 4287 τῶν
2830 4229 3049 4284 οἰκείων
3072 4225 3279 4290 κακῶν,
3310 4223 3449 4279 ἀλλὰ
3470 4222 3565 4277 καὶ

1983 4330 2353 4401 λογιζόμενος,
2398 4328 2481 4382 ὅτι
2507 4327 2538 4381 6
2572 4326 2669 4398 μέν
2699 4326 2817 4397 μετ’
2838 4324 3123 4397 ὠμότητος
3149 4324 3245 4376 καλ⁵
3275 4319 3566 4391 ἀπανθρω-

1985 4423 2116 4487 πίας
2144 4420 2275 4487 ζῶν,
2303 4423 2362 4475 ἐν
2391 4420 2595 4476 ἅπασιν
2619 4414 2915 4485 εὐοδοῦται,
2939 4410 3097 4481 οὕτος
3117 4415 3175 4471 δέ
3207 4413 3347 4487 μετά
3365 4411 3568 4486 ἀρετῆς

1986 4514 2082 4569 καὶ
2113 4511 2415 4577 ἐπιεικείας
2446 4510 2517 4565 τὰ
2559 4509 2766 4581 ἐσχατα
2823 4509 3024 4579 πάσχει
3062 4505 3246 4561 δεινά·
3277 4498 3373 4557 καὶ
3415 4501 3569 4556 ἐνθεν

1987 4598 2420 4672 ἀπαραμύθητον
2451 4599 2551 4671 τὴν
2596 4598 2831 4670 ἀθυμίαν
2860 4597 3021 4651 πάλιν
3047 4596 3338 4668 ὑπέμενεν.
3366 4593 3430 4647 El
3460 4590 3570 4663 γὰρ

1988 4692 2196 4757 δίκαιος
2221 4688 2311 4765 ἦν,
2337 4694 2386 4746 εί
2410 4692 2519 4764 γὰρ
2534 4692 2805 4763 ἐπιεικὴς,
2829 4693 2878 4746 εί
2902 4691 3011 4764 γὰρ
3034 4689 3346 4762 θαυμαστὸς
3361 4687 3389 4739 6
3408 4686 3567 4757 ἀνὴρ,

1992 4788 2042 4841 εἰ
2070 4786 2178 4857 γὰρ
2207 4784 2387 4856 πάσης
2418 4786 2606 4857 γέμων
2637 4784 2859 4857 ἀρετῆς,
2885 4783 2986 4837 οὐκ
3016 4784 3083 4837 ἂν
3114 4781 3277 4835 αὐτὸν
3306 4779 3568 4851 ἐλύπησεο

1992 4880 2111 4935 νυνὶ
2137 4880 2196 4934 δὲ
2224 4880 2320 4934 καὶ
2351 4878 2589 4951 πονηρίᾳ
2615 4876 2814 4942 συζῶν,
2847 4879 2943 4930 καῖ¹
2963 4874 3102 4946 πρὸς
3120 4873 3349 4945 ἔσχατον
3374 4869 3572 4934 κακίας

1994 4973 2302 5047 ἐληλακὼς,
2336 4972 2433 5027 καὶ
2456 4970 2729 5038 τοσαύτην
2770 4966 3168 5040 ἀπανθρωπίαν
3196 4962 3575 5035 ἐπιδεικνύμε-

1993 5084 2102 5133 νος,
2132 5067 2228 5121 καὶ¹
2254 5065 2324 5118 τά
2348 5063 2456 5118 τῶν
2479 5062 2690 5135 ἐχθρῶν
2714 5059 2893 5115 αὐτῶν
2927 5055 3243 5123 οδιατιθεὶς,
3268 5057 3361 5109 καὶ
3384 5054 3574 5127 ὥσπερ

1993 5159 2141 5214 λίθον
2171 5157 2335 5213 αὐτὸν
2385 5155 2747 5229 παρατρέχων
2784 5150 3153 5223 ἀναισχύντως
3183 5147 3279 5204 καὶ
3323 5147 3572 5213 ἀνιλέως,

1998 5251 2091 5306 καὶ
2120 5251 2260 5322 μετὰ
2278 5250 2453 5305 ταῦτα
2480 5248 2658 5302 πάντα
2678 5245 2947 5316 τοσαύτης
2972 5241 3263 5298 ἀπολαύων
3288 5240 3573 5312 εὐπορίαςο

2065 5540 2089 5599 ἦ
2115 5537 2210 5587 Alii
2233 5542 2286 5584 et
2303 5534 2452 5584 Savil.
2472 5534 2524 5581 in
2550 5543 2702 5599 marg.
2726 5531 2806 5599 καὶ
2825 5530 2906 5577 τὸν
2928 5529 3064 5599 λιμόν
3086 5528 3273 5599 καὶ-τήν
3292 5524 3574 5599 ἀρρωστίαν,

2048 5598 2092 5673 ,ὃ
2114 5599 2265 5649 Savil.
2290 5599 2342 5646 in
2367 5609 2518 5657 marg.
2547 5595 2608 5643 τὰ
2632 5593 2976 5653 συμπίπτοντα,
3000 5592 3187 5651 aliquot
3222 5603 3339 5639 mss.
3362 5592 3424 5636 τὰ
3461 5601 3575 5649 cup

2003 5665 2254 5772 “$561.
2279 5722 2330 5771 in
2355 5724 2496 5768 textu
2518 5722 2571 5767 el
2589 5717 2783 5778 quidam
2804 5715 2885 5764 alii
2905 5714 3062 5765 αὐτόν.
