3958 6362
468 258 568 313 977

464 375 715 451 έννόησον
758 373 880 437 πῶς
910 375 1055 438 εἰκὸς
1103 369 1195 447 ἧι,
1227 375 1419 443 ὥσπερ
1461 376 1787 443 ἐπαλλήλοις
1834 373 2045 442 κύμασι

467 463 751 537 βαπτίζειν
768 465 934 520 αὐτὸν
956 464 1052 519 τοῦ
1076 468 1307 535 πένητος
1322 465 1421 537 τὴν
1445 466 1649 536 ψυχήν·
1680 462 1935 533 ὲννόησον
1956 460 2048 513 τὸν

464 551 737 625 Λάζαρον,
786 549 898 607 οἷον
952 554 1101 617 εἰκὸς
1131 548 1200 625 ἧν
1226 549 1389 618 εἷναι,
1439 553 1651 625 ὁρῶντα
1693 550 2047 625 παρασίτους,

467 624 729 707 κόλακας,
752 642 969 706 οἰκέτας
984 641 1396 706 ἀναϐαίνοντας,
1419 639 1870 705 καταὸαίνοντας,
1889 624 2052 701 ἒξιόνί

465 747 585 798 τας,
619 732 908 798 εἰσιόντας,
937 729 1392 803 κατατρέχοντας,
1416 729 1797 802 θορυϐοῦντας,
1824 726 2051 800 μεθύον-

466 836 585 883 τας,
623 819 931 891 πηδῶντας,
976 821 1072 874 καὶ
1111 820 1291 873 πᾶσαν
1314 818 1483 890 ἀλλην
1523 817 1813 887 ἀσέλγειαν
1850 814 2053 869 ἐπιδει-

467 909 789 979 κνυμένους.
846 910 1056 981 Ὥσπερ
1105 908 1217 980 γὰρ
1246 909 1314 963 δι’
1352 907 1486 962 αὐτὸ
1532 905 1689 961 τοῦτο
1721 903 1911 970 ἐλθὼν,
1961 904 2051 961 ἵνα

470 996 682 1068 μάρτυς
780 995 889 1049 τῶν
910 995 1205 1068 ἀλλοτρίων
1238 993 1479 1064 ἀγαθῶν,
1514 992 1688 1057 οὕτως
1722 992 1802 1057 εἰς
1833 991 1924 1044 τὸν
1950 1007 2054 1043 πυ-

467 1083 612 1138 λῶνα
661 1085 918 1156 ἔρριπτο,
945 1084 1203 1138 τοσοῦτον
1243 1082 1371 1149 ζῶν,
1407 1083 1530 1136 ὅσον
1560 1078 1910 1136 αἰσθάνεσθαι
1938 1074 2051 1149 εἶχε

467 1172 574 1228 τῶν
598 1172 815 1226 οἰκείων
844 1171 1029 1227 κακῶν
1056 1172 1238 1244 μόνον,
1257 1172 1316 1225 ὲν
1344 1170 1523 1242 λιμένι
1553 1168 1811 1238 ναυάγιον
1843 1164 2052 1237 ὑπομέ-

466 1278 592 1323 νων,
629 1261 861 1334 πλησίον
896 1261 1082 1334 πηγῆς
1106 1260 1236 1333 δίψῃ
1261 1259 1622 1333 χαλεπωτάτῃ
1649 1256 1748 1331 τὴν
1763 1256 1941 1328 ψυχὴν
1962 1254 2053 1325 ἀγ-

467 1364 531 1421 χο
537 1367 719 1421 μενος.
1682 1364 1687 1371 ’

535 1438 691 1492 Εἴπω
721 1455 776 1491 τι
802 1437 898 1492 καὶ
926 1437 1116 1508 ἓτερον
1139 1437 1277 1508 πρὸς
1302 1434 1515 1498 τούτοις
1542 1432 1743 1500 κακόν;
1768 1432 1883 1487 Οὐκ
1906 1428 2052 1502 εἶχεν

465 1525 548 1589 εἰς
574 1524 765 1596 ἕτερον
786 1522 938 1599 [722]
968 1521 1223 1594 Λάζαρον
1251 1522 1399 1577 ἰδεῖν.
1445 1524 1638 1593 Ἡμεῖς
1670 1520 1768 1593 μὲν
1804 1519 1915 1592 7&9
1947 1519 2054 1574 κᾶν

470 1613 641 1684 μυρία
662 1612 924 1684 πάθωμεν
941 1614 1108 1678 κακά,
1137 1611 1252 1665 ἀλλ’
1270 1611 1467 1683 ἔχομεν
1492 1613 1585 1675 εἰς’
1596 1612 1804 1665 ἐκεῖνον
1832 1609 2052 1675 ἰδόντες,

470 1702 663 1773 ἱκανὴν
693 1700 945 1772 δέχεσθαι
992 1700 1362 1773 παράκλησιν,
1405 1699 1500 1753 καὶ
1526 1698 1726 1770 πολλῆς
1751 1697 2053 1752 ἀπολαῦσαι

465 1790 569 1860 τῆς
598 1789 980 1862 παραμυθίας.
1030 1789 1106 1843 Τὸ
1151 1788 1264 1862 γὰρ
1298 1787 1592 1852 κοινωνοὺς
1636 1786 1915 1859 εὑρίσκειν
1944 1785 2054 1841 τῶν

467 1878 686 1932 οἰκείων
707 1877 895 1934 κακῶν
925 1879 1037 1950 ήὲν
1053 1878 1396 1951 πράγμασιν,
1427 1876 1541 1948 ἢέν
1568 1877 1733 1948 διηγή
1743 1893 1898 1948 μασι.
1926 1875 2056 1931 πολ-

464 1966 566 2039 λὴν
595 1966 753 2039 φέρει
778 1969 893 2031 τοῖς
923 1965 1286 2037 ὀδυνωμένοις
1313 1964 1681 2037 παράκλησιν.
1734 1964 1971 2028 Ἐκεῖνος
1997 1964 2053 2021 δὲ

463 2055 658 2109 οὐδένα
685 2055 873 2126 ἕτερον
907 2049 1052 2125 εἶχεν
1084 2053 1215 2108 ἰδεῖν
1243 2052 1337 2108 τὸν
1366 2053 1439 2107 τὰ
1482 2052 1629 2106 αὐτὰ
1668 2052 1820 2124 αὐτῷ
1856 2069 2056 2109 πεπον-

467 2141 599 2197 θότα
612 2161 626 2173 ·
654 2143 856 2215 μᾶλλον
877 2142 936 2197 δὲ
957 2142 1066 2197 οὐδ’
1093 2139 1326 2197 ἀκοῦσαί
1350 2159 1497 2206 τινος
1516 2142 1611 2195 επὶ
1629 2139 1739 2195 τῶν
1772 2140 2053 2213 προγόνων

462 2231 577 2286 τῶν
605 2230 801 2287 ἑαυτοῦ
823 2231 1062 2285 τοσαῦτα
1091 2231 1509 2302 ὑπομείναντος.
1558 2228 1766 2284 Ἱκανὸν
1811 2229 1870 2283 δὲ
1896 2228 2054 2284 τοῦτο

467 2320 737 2375 σκοτῶσαι
751 2320 951 2393 ψυχήν.
972 2323 1127 2376 Ἔστι
1145 2321 1241 2375 καὶ
1261 2320 1450 2394 ἕτερον
1465 2320 1603 2394 πρὸς
1624 2321 1834 2387 τούτοις
1855 2320 2050 2386 εἰπεῖν,

462 2409 548 2464 ὅτι
572 2408 726 2462 οὐδέν
762 2426 817 2461 τι
858 2410 990 2482 περί
1033 2409 1389 2472 ἀναστάσεως
1436 2408 1749 2479 φιλοσοφεῖν
1797 2408 2049 2479 ἠδύνατο,

462 2497 603 2554 ἀλλά
633 2497 798 2569 μέχρι
822 2497 917 2553 τοῦ
961 2498 1232 2570 παρόντος
1282 2497 1400 2570 βίου
1436 2496 1507 2554 τά
1546 2498 1795 2571 παρόντα
1832 2497 2052 2571 ἐνόμιζε

462 2587 886 2658 συγκεκλεῖσθαι
916 2589 1219 2661 πράγματα
1236 2605 1249 2620 ·
1284 2587 1395 2645 τῶν
1423 2586 1533 2661 γάρ
1557 2587 1666 2660 πρὸ
1686 2586 1792 2659 τῆς
1828 2587 2052 2659 χάριτος

458 2672 554 2751 ἦν.
588 2679 653 2732 Εἰ
675 2678 734 2733 δὲ
764 2676 860 2732 νῦν
882 2678 968 2747 ἐφ’
996 2676 1158 2748 ἡμῶν
1205 2675 1349 2749 μετά
1396 2674 1666 2747 τοσαύτην
1696 2673 2048 2743 θεογνωσίαν,

463 2769 565 2822 καὶ
589 2766 689 2832 τάς
719 2765 966 2839 χρηστὰς
1007 2766 1112 2838 τῆς
1148 2765 1503 2830 ἀναστάσεως
1539 2763 1760 2826 ἐλπίδας
1780 2804 1797 2830 ,
1830 2761 1926 2818 καὶ
1951 2762 2053 2826 τὰς

465 2858 728 2930 κειμένας
767 2860 884 2922 τοῖς
931 2856 1310 2930 ἁμαρτάνουσι
1346 2854 1616 2928 τιμωρίας
1640 2854 1793 2919 ἐκεῖ,
1832 2852 1929 2907 καὶ
1978 2850 2052 2913 τά

462 2946 849 3019 ήτοιμασμένα
873 2947 989 3009 τοῖς
1013 2943 1371 3017 κατορθοῦσιν
1394 2941 1598 3013 ἀγαθὰ,
1608 2940 1754 2996 οὕτω
1789 2940 2050 3012 μικροψύ-

463 3051 577 3108 χως
609 3035 754 3100 τινὲς
777 3035 872 3093 καὶ
894 3032 1256 3105 ταλαιπώρως
1285 3032 1619 3099 διάκεινται,
1652 3031 1731 3097 ὡς
1766 3029 1903 3103 μηδὲ
1925 3028 2051 3084 ταύ-

462 3142 587 3189 ταις
607 3122 957 3196 διορθοῦσθαι
984 3126 1103 3187 ταῖς
1138 3122 1518 3194 προσδοκίαις·
1554 3122 1609 3175 τί
1637 3121 1867 3192 πάσχειν
1899 3119 2050 3185 εἰκὸς

461 3208 534 3284 ἦν
566 3216 773 3270 ἐκεῖνον
801 3216 898 3271 καὶ
929 3212 1135 3286 ταύτης
1156 3211 1605 3283 ἀπεστερημένον
1628 3210 1729 3282 τῆς
1760 3208 2046 3283 ἀγκύραςς

477 3303 716 3368 Ἐκεῖνος
747 3303 858 3374 γὰρ
884 3301 1037 3355 οὐδὲν
1074 3299 1285 3355 οὐδέπω
1307 3298 1548 3354 τοιοῦτον
1578 3297 1895 3369 φιλοσοφεῖν
1919 3297 2050 3370 ήδύ-

464 3408 594 3445 νατο
617 3389 707 3444 διά
736 3391 799 3444 τὸ
839 3390 1065 3462 μηδέπω
1105 3388 1198 3444 τὸν
1219 3387 1411 3460 καιρὸν
1438 3387 1649 3442 τούτων
1676 3387 1904 3458 ἀφῖχθαι
1937 3385 2049 3441 τῶν

461 3478 832 3551 διδαγμάτων.
855 3469 965 3537 Ἦν
987 3494 1040 3537 τι
1055 3477 1150 3530 καὶ
1172 3478 1312 3550 πρὸς
1331 3476 1547 3542 τούτοις
1558 3476 1708 3544 ἀλλο,
1734 3476 1799 3531 τὸ
1826 3477 1922 3531 καὶ
1944 3476 2048 3549 τὴν

464 3566 625 3634 δόξαν
658 3563 831 3621 αὑτοῦ
870 3565 1258 3638 διαὸώλῆσθαι
1294 3564 1449 3639 παρά
1488 3568 1605 3631 τοῖς
1642 3565 1894 3638 ἀνοήτοις
1936 3565 2049 3620 τῶν

465 3658 564 3716 ἀνθ
570 3657 791 3732 ρώπων.

538 3751 650 3804 Καὶ
683 3747 794 3821 γὰρ
828 3746 1086 3801 εἰώθασιν
1109 3747 1162 3801 οἰ
1204 3745 1415 3810 πολλοὶ,
1457 3744 1674 3801 ὲπειδάν
1706 3747 1861 3803 ἴδωσί
1893 3763 2049 3813 τινας

463 3841 526 3894 ὲν
542 3837 690 3911 λιμῷ
717 3838 814 3893 καὶ
838 3836 1229 3909 νόσῳδιηνεκεῖ
1254 3835 1474 3899 καὶτοῖς
1494 3835 1747 3906 ἐσχάτοις
1772 3835 1934 3901 ὄντας
1954 3853 2050 3892 κα-

464 3931 606 3996 κοῖς,
637 3926 770 3998 μηδὲ
803 3926 1051 3998 χρηστὴν
1071 3925 1201 3998 περὶ
1214 3923 1396 3985 αὐτῶν
1416 3923 1578 3990 δόξαν
1603 3922 1770 3995 ἔχειν,
1798 3925 1916 3978 ἀλλ’
1936 3925 2049 3981 ἀπὸ

461 4018 564 4092 τῆς
592 4017 883 4088 συμφορᾶς
908 4013 979 4068 τὰ
1002 4012 1146 4069 κατὰ
1173 4011 1266 4066 τὸν
1298 4010 1413 4083 βίον
1440 4011 1671 4084 κρίνειν,
1705 4013 1801 4071 καὶ
1831 4012 1924 4067 διά
1951 4030 2049 4068 πο-

462 4123 531 4178 νη
537 4105 659 4179 ρίαν
689 4102 934 4176 νομίζειν
948 4101 1168 4167 πάντως
1180 4100 1384 4165 αὐτοὺς
1402 4099 1546 4156 οὕτω
1558 4100 2042 4175 ταλαιπωρεῖσθαι·

463 4197 561 4250 καὶ
594 4193 768 4251 πολλά
812 4192 949 4248 ἄλλα
997 4190 1223 4247 τοιαῦτα
1271 4190 1413 4263 πρὸς
1461 4189 1726 4263 ἀλλήλους
1772 4190 2043 4261 λέγουσιν,

462 4285 707 4357 ἀνοήτως
725 4283 847 4355 μὲν,
875 4281 1095 4351 λέγουσι
1115 4278 1362 4352 δὲόμως·
1401 4280 1485 4335 ὅτι
1511 4274 1688 4345 οὗτος,
1710 4281 1760 4334 εἰ
1799 4279 1881 4351 τῷ
1926 4279 2047 4352 Θεῷ

463 4371 617 4442 φίλος
634 4367 726 4447 ἦν,
747 4371 849 4429 οὐκ
864 4370 935 4427 ἂν
967 4370 1149 4425 εἴασεν
1171 4368 1334 4422 αὐτὸν
1351 4369 1409 4422 έν
1426 4366 1606 4440 πενίᾳ,
1626 4368 1721 4422 καὶ
1738 4371 1850 4433 τοῖς
1865 4368 2046 4434 ἄλλοις

462 4466 657 4535 κακοῖς
702 4474 729 4504 ι
752 4458 1245 4532 ταλαιπωρεῖσθαι.
1285 4457 1442 4512 Οὕτω
1480 4456 1613 4528 γοῦν
1654 4457 1753 4513 καὶ
1797 4458 1921 4514 ἐπὶ-
1950 4459 2042 4513 τοῦ

475 4550 621 4615 Ἰὼϐ,
649 4549 868 4607 καὶέπὶ
895 4547 989 4602 τοῦ
1031 4546 1248 4607 Παύλου
1296 4545 1518 4616 συνέϐη.
1556 4546 1666 4600 Καὶ
1709 4547 1818 4618 γάρ
1850 4546 2044 4619 ἐκείνῳ

464 4641 671 4711 ἔλεγον,
718 4637 820 4707 Μὴ
878 4635 1181 4703 πολλάκις
1234 4648 1335 4689 σοι
1368 4633 1703 4704 λελάληται
1749 4636 1822 4690 ἐν
1855 4637 2040 4705 κόπῳ,

411 4762 425 4771 .
463 4731 650 4802 ισχὺν
678 4729 752 4783 δὲ
782 4725 1067 4798 ῥημάτων
1094 4741 1213 4781 σου
1252 4724 1346 4792 τίς
1382 4726 1662 4791 abactam;
1709 4727 1781 4781 Εἰ
1811 4727 1922 4798 γὰρ
1960 4728 2042 4783 σὺ

461 4819 870 4888 ἐνουθέτησας
893 4813 1186 4882 πολλοὺς,
1217 4813 1319 4869 καί
1349 4813 1552 4887 χεῖρας
1586 4813 1866 4882 ἀσθενεῖς
1901 4829 2044 4886 παρ-

462 4911 785 4978 εκάλεσάς,
810 4905 1223 4972 ἀσθενοῦντας
1251 4903 1321 4958 δὲ
1344 4903 1766 4973 ἐξανέστησας
1780 4902 2040 4975 ῥήμασι,

461 5002 678 5071 γόνασι
692 4997 761 5051 δὲ
775 4992 1145 5052 ἀδυνατοῦσι
1160 4989 1516 5060 περιέθηκας
1538 4990 1780 5061 θάρσος·
1815 4994 1955 5048 νυνί
1972 4993 2042 5048 δὲ

463 5090 599 5159 ἣκει
620 5086 720 5141 ἐπὶ
743 5085 820 5140 σὲ
830 5084 1038 5150 πόνος,
1050 5081 1132 5136 σὺ
1143 5080 1212 5134 δὲ
1221 5079 1629 5147 ἐσπούδακας.
1643 5079 1907 5152 Πότερον
1924 5085 2039 5155 οὐχ

461 5182 495 5233 ό
520 5177 706 5248 φόϐος
732 5173 850 5228 σού
871 5169 1127 5226 ἐστινέν
1145 5168 1497 5238 ἀφροσύνης
1513 5169 1580 5222 Ὃ
1598 5167 1657 5221 δὲ
1684 5167 1855 5240 λέγει,
1871 5171 2039 5226 τοιοῦ-

461 5266 556 5320 τόν
588 5266 756 5317 ἐστιν·
789 5259 920 5314 Εἰτί
937 5275 1042 5323 σοι,
1070 5257 1259 5329 φησὶν,
1288 5256 1494 5326 ἀγαθὸν
1522 5252 1594 5329 ἦν
1625 5260 2063 5331 πεπραγμένον,-

458 5356 565 5409 οὒκ
579 5352 645 5408 ἀν
673 5349 845 5405 ταῦτα
860 5345 1063 5411 ἔπαθες
1081 5345 1226 5416 άπερ
1241 5344 1466 5410 ἔπαθες·
1491 5345 1606 5400 ἀλλ’
1622 5347 2038 5420 ἁμαρτημάτων

459 5444 625 5504 τίνεις
646 5439 803 5501 δίκας
834 5437 930 5491 καὶ
946 5434 1440 5507 παρανομίας.Καὶ
1471 5433 1632 5489 τοῦτο
1652 5431 1721 5508 ἦν
1745 5434 1773 5488 δ
1802 5436 2038 5508 μάλιστα

463 5530 653 5585 ῑδακνε
687 5526 781 5580 τδν
816 5523 1087 5596 μακάριον
1121 5521 1265 5578 Ἰώσ.
1308 5523 1420 5578 Καὶ
1449 5524 1579 5595 περὶ
1597 5523 1692 5579 τοῦ
1732 5525 1948 5580 Παύλου
1979 5526 2036 5582 δὲ

525 5695 546 5723 ⁸
565 5696 664 5749 Alii
683 5699 765 5749 καὶ
784 5697 1030 5753 τοσούτοις
1044 5697 1224 5753 κακοῖς.

1175 240 1234 295 S-
1274 245 1559 306 TUANSIS
1593 252 2085 311 CHRYSOSTUMI
2125 259 2452 324 ARCHIEP.
2484 215 3040 328 CONSTANTINOP.

3628 270 3727 328 973

2149 372 2197 425 οἰ
2221 371 2488 447 βάρϐαροι
2516 378 2678 433 τοῦτο
2711 379 2916 452 ἔλεγον·
2944 384 3134 457 ἐπειδὴ
3174 385 3283 455 γάρ
3310 381 3453 441 εἶδον
3487 392 3589 460 τὴν
3614 388 3730 459 ἔχιν

2148 461 2575 537 ἐπικρεμαμένην
2598 469 2767 524 αὐτοῦ
2800 471 2898 544 τῆς
2919 473 3122 545 χειρὸς,
3147 475 3299 529 οὐδὲν
3332 475 3572 548 χρηστὸν
3604 478 3730 547 περὶ

2147 548 2312 602 αὐτοῦ
2337 550 2644 625 ὑπενόησαν
2675 558 2722 622 δ,
2754 559 2890 614 ἀλλά
2918 560 3029 615 τῶν
3051 561 3119 616 τά
3149 561 3357 634 ἔσχατα
3386 562 3535 617 κακά
3553 572 3731 617 τετολ·

2150 637 2407 707 μηκότων
2432 641 2596 696 αύτὺν
2621 640 2757 698 εἶναι
2786 647 3056 718 ἐνόμιζον·
3101 651 3197 703 καὶ
3223 650 3383 720 δῆλον
3416 651 3479 716 ἐξ
3502 649 3579 706 ῶν
3618 651 3731 706 ἑλει-

2147 740 2264 793 γον.
2294 725 2522 782 τοῦτον
2544 731 2674 801 γὰρ,
2700 733 2885 802 φασὶν,
2906 736 2975 790 ἐκ
2989 735 3103 805 τῆς
3127 736 3445 808 θαλάσσης
3464 738 3729 794 σωθέντα

2150 814 2188 883 ἡ
2223 813 2361 884 δίκη
2391 814 2499 887 ζῇν
2526 822 2639 875 οὐκ
2666 821 2900 877 εἴασεν.
2936 824 3050 896 Οὐχ
3078 825 3155 891 ὡς
3169 826 3330 899 ἔτυχε
3360 828 3420 881 δὲ
3451 829 3547 883 καὶ
3572 829 3729 885 τοῦτο

2148 904 2299 975 ήμᾶς
2327 905 2485 959 εἴωθε
2514 907 2784 980 θορυϐεῖν.
2804 911 2945 965 Ἀλλ’
2970 913 3124 985 ὅμως
3147 914 3421 969 τοσούτων
3442 916 3610 970 ὄντων
3625 918 3730 970 τῶν

2150 993 2433 1062 κυμάτων,
2465 995 2561 1049 καὶ
2586 996 2906 1069 ἐπαλλήλων
2950 1001 3271 1072 φερομένων
3331 1002 3393 1057 ού
3414 1003 3730 1056 κατεποντίφ

2153 1078 2255 1151 σθη
2288 1080 2349 1134 τὸ
2388 1082 2618 1154 σκάφος·
2659 1084 2775 1139 ἀλλ’
2803 1086 2881 1151 ὡς
2913 1089 2974 1143 ὲν
3002 1088 3221 1161 καμίνῳ
3260 1090 3534 1161 κείμενος,
3560 1091 3729 1144 mea.

2152 1184 2260 1239 περ
2305 1168 2513 1250 δρόσου,
2550 1172 2833 1244 διηνεκοῦς
2886 1173 3209 1244 ἀπολαύων,
3262 1178 3438 1244 οὓτως
3488 1178 3731 1249 ἐφιλοσό-

2153 1272 2262 1327 φει.

2224 1340 2397 1403 ια’.οὗ
2416 1350 2525 1421 γὰρ
2536 1346 2662 1404 εἷπε
2679 1352 2818 1425 πρὸς
2832 1354 3027 1410 ἑαυτὸν
3039 1355 3192 1409 οὐδὲν
3206 1354 3467 1419 τοιοῦτον,
3484 1350 3597 1410 οἷον
3613 1353 3733 1409 πολ·

2152 1436 2276 1500 λοὺς
2306 1436 2485 1506 λέγειν
2504 1439 2672 1507 εἰκὸς,
2696 1441 2781 1494 ὅτι
2807 1434 2962 1508 οὗτος
2987 1445 3018 1498 ὁ
3043 1443 3318 1511 πλούσιος,
3350 1442 3418 1498 ἀν
3454 1443 3554 1515 μὲν
3568 1442 3734 1497 ἀπελ-

2155 1523 2264 1579 θὼν
2279 1528 2397 1580 ἐκεῖ
2412 1527 2651 1598 κολασθῇ
2671 1531 2765 1583 καὶ
2779 1529 2855 1601 δῷ
2869 1530 3165 1603 τιμωρίαν,
3183 1531 3241 1586 ἓν
3257 1531 3315 1584 ἓν
3330 1531 3574 1601 γέγονεν·
3598 1529 3664 1586 ἂν
3677 1530 3734 1585 δὲ

2152 1616 2316 1671 κάκεί
2340 1613 2452 1671 τῶν
2472 1616 2656 1672 αὐτῶν
2681 1616 2970 1694 ἀπολαύσῃ
2985 1619 3183 1690 τιμῶν,
3215 1618 3366 1693 [725]
3393 1620 3490 1677 δύο
3513 1618 3733 1689 γέγονεν

2152 1704 2326 1760 οὐδέν.
2363 1707 2434 1761 Ἦ
2455 1707 2516 1761 ού
2536 1707 2714 1763 ταῦτα
2733 1710 3063 1783 περιφέρετε
3085 1712 3143 1765 έν
3168 1713 3288 1775 ταῖς
3310 1711 3542 1782 ἀγοραῖς
3577 1710 3734 1780 ὑμεῖς

2153 1796 2204 1848 οἰ
2228 1794 2525 1861 πολλοὶ,τὰ
2551 1797 2661 1853 ἀπὸ
2674 1798 2777 1870 τῆς
2804 1799 3172 1873 ἰπποδρομίας
3211 1802 3307 1855 καὶ
3335 1799 3445 1855 τῶν
3474 1799 3585 1868 ἔξω
3610 1797 3734 1854 θεά·

2153 1900 2299 1954 τρων
2328 1885 2410 1949 εἰς
2436 1886 2537 1957 τὴν
2558 1885 2855 1958 ἐκκλησίαν
2892 1887 3232 1958 εἰσάγοντες;
3270 1887 3610 1959 Αἰσχύνομαι
3640 1886 3734 1958 μὲν

2153 1970 2247 2029 οὖν
2265 1975 2349 2039 εἰς
2375 1975 2542 2048 μέσον
2554 1976 2730 2031 ταῦτα
2746 1978 3025 2049 προτιθεὶς
3037 1978 3108 2033 τά
3129 1980 3352 2051 ῥήματα
3365 1979 3458 2032 καὶ
3472 1977 3731 2050 ἐρυθριῶ·

2156 2062 2296 2135 πλὴν
2311 2062 2427 2117 ἀλλ’
2437 2064 2653 2138 ἀνάγκη
2666 2064 2841 2121 ταῦτα
2854 2066 3029 2120 εἰπεῖν
3042 2107 3057 2133 ,
3077 2066 3165 2119 ἴνα
3194 2067 3351 2137 ὑμεῖς
3382 2063 3733 2133 ἀπαλλαγῆτέ

2152 2149 2248 2205 τοῦ
2270 2152 2510 2208 ἀτάκτου
2526 2153 2764 2224 γέλωτος
2775 2153 2987 2223 καὶτῆς
3013 2152 3276 2225 αἰσχύνης
3296 2154 3393 2207 καὶ
3409 2153 3512 2224 τῆς
3530 2151 3733 2225 βλάϐης

2153 2239 2256 2311 τῆς
2282 2239 2392 2294 ἀπὸ
2411 2240 2519 2295 τῶν
2542 2242 2806 2313 ῥημάτων
2826 2240 3053 2297 τούτων.
3068 2240 3458 2297 Ταῦτααπολλοὶ
3472 2240 3732 2305 πολλάκις

2152 2327 2420 2397 γελῶντες
2431 2328 2702 2399 λέγουσιν·
2730 2330 2867 2387 ἀλλά
2881 2329 3145 2387 καὶτοῦτο
3158 2329 3471 2402 διαϐολικῆς
3500 2345 3731 2401 κακουρ-

2152 2419 2281 2488 γίας
2304 2418 2480 2486 ἐστὶν,
2523 2420 2584 2475 ὲν
2609 2420 2761 2488 τάξει
2797 2422 3059 2495 ῥημάτων
3102 2421 3334 2479 ἀστείων
3359 2419 3732 2493 διεφθαρμένα

2148 2507 2485 2579 εἰσάγεινείς
2494 2508 2586 2564 τὸν
2599 2509 2714 2580 βίον
2727 2513 2761 2583 ἡ
2770 2510 2887 2583 μῶν
2906 2509 3364 2583 δόγμαςαιταῦτα
3373 2508 3483 2583 γὰρ
3496 2509 3730 2581 συνεχῶς

2152 2597 2246 2652 καὶ
2261 2599 2320 2653 ὲν
2340 2599 2746 2672 ἐργαστηρίοις,
2779 2599 2875 2655 καὶ
2905 2599 2999 2653 ἐπὶ
3025 2599 3125 2671 τῆς
3153 2599 3390 2670 ἀγορᾶς,
3414 2598 3513 2652 καὶ
3538 2599 3599 2651 ὲν
3618 2599 3729 2660 ταῖς

2146 2686 2352 2751 οἰκίαις
2379 2687 2565 2741 πολλοὶ
2586 2686 2998 2760 περιφέρουσιν·
3040 2687 3180 2760 ὅπερ
3216 2685 3456 2757 ἐσχάτης
3479 2684 3731 2749 ἀπιστίας

2151 2777 2271 2829 ἐστὶ
2292 2776 2388 2830 καὶ
2435 2777 2739 2849 παρανοίας
2770 2778 2866 2831 καὶ
2885 2776 3125 2846 γέλωτος
3152 2775 3324 2840 ὅντως
3358 2775 3455 2828 καὶ
3475 2772 3729 2843 παιδικῆς

2150 2861 2407 2927 διανοίας.
2452 2864 2529 2917 Τὸ
2564 2864 2663 2936 μὲν
2690 2863 2800 2934 γάρ
2844 2863 3044 2934 λέγειν,
3067 2863 3152 2919 ὅτι
3177 2861 3274 2917 ὲάν
3301 2861 3630 2925 ἀπελθόντες
3680 2862 3730 2913 οἰ

2151 2953 2381 3026 πονηροὶ
2406 2952 2732 3021 κολασθῶσι,
2777 2954 2875 3011 καὶ
2918 2953 2993 3026 μὴ
3018 2953 3222 3025 σφόδρα
3263 2951 3584 3007 πεπεικέναι
3602 2952 3729 3005 ἑαυ-

2147 3042 2298 3106 τοὺς,
2333 3042 2416 3096 ὅτι
2447 3042 2877 3113 κολασθήσονται
2915 3041 3157 3108 πάντως,
3194 3040 3569 3095 ἀπιστούντων
3614 3038 3732 3091 ἐστὶ

2150 3129 2246 3183 καὶ
2266 3128 2829 3203 διαμφισδητούντων·
2852 3131 2915 3185 τὸ
2950 3131 3030 3196 δὲ,
3075 3132 3126 3185 εἰ
3150 3130 3244 3186 καὶ
3274 3127 3435 3182 τοῦτο
3465 3126 3726 3200 συμϐαίη,

2148 3219 2286 3291 ὅπερ
2314 3216 2408 3274 οὖν
2436 3220 2532 3275 καὶ
2562 3220 2924 3293 συμϐήσεται,
2953 3220 3194 3293 νομίζειν
3232 3219 3333 3290 τῆς
3365 3219 3489 3290 ίσης
3534 3217 3732 3287 αὐτοὺς

2147 3310 2262 3375 τοῖς
2322 3308 2553 3375 δικαίοις
2604 3310 3014 3375 ἀνταποδόσεως
3077 3306 3526 3373 ἀπολελαυκέναι,
3575 3304 3731 3360 τοῦτο

2148 3397 2387 3473 ἐσχάτης
2413 3398 2622 3466 ἀνοίας.

2242 3496 2309 3551 Τί
2351 3496 2531 3573 λέγεις
2556 3538 2575 3566 ,
2608 3500 2732 3556 εἰπέ
2746 3517 2842 3572 μοι
2859 3517 2874 3566 ;
2890 3501 2993 3556 εὰν
3010 3498 3260 3555 ἀπελθὼν
3282 3500 3315 3554 ό
3342 3497 3597 3563 πλούσιος
3615 3499 3731 3553 ἐκεῖ

2148 3591 2463 3663 κολάζηται,
2503 3591 2562 3647 ἓν
2614 3591 2675 3648 ἓν
2718 3591 2946 3660 γέγονε;
2996 3591 3090 3645 καὶ
3135 3589 3254 3653 πῶς
3295 3588 3363 3644 ἂν
3393 3588 3507 3660 έχοι
3536 3588 3729 3657 λόγον;

2147 3682 2300 3737 Πόσα
2322 3679 2433 3755 7&9
2454 3682 2619 3738 αὑτὸν
2648 3681 2882 3737 ἐνταῦθα
2900 3680 3084 3752 βούλει
3110 3680 3281 3737 θεῖναι
3304 3678 3731 3737 ἀπολελαυκέναι

2145 3770 2258 3825 τῶν
2292 3771 2595 3843 χρημάτων
2616 3770 2746 3844 tu};
2774 3770 2960 3842 βούλει
2993 3770 3177 3842 θῶμεν
3205 3766 3433 3836 ὲκατόν;
3477 3764 3621 3836 Ἐγὼ
3672 3765 3731 3820 δὲ

2146 3857 2245 3912 καὶ
2265 3857 2514 3913 διακόσια
2541 3858 2760 3929 τίθημι,
2790 3859 2888 3913 καὶ
2906 3859 3211 3931 »τριακόσια
3244 3856 3341 3912 καὶ
3365 3855 3448 3921 δὶς
3464 3853 3725 3919 τοσαῦτα,

2147 3946 2264 4012 καὶ,
2288 3947 2345 4000 εἰ
2374 3945 2577 4018 βούλει,
2628 3949 2721 4002 καὶ
2761 3947 2929 4018 χίλια,
2957 3948 3095 4018 ὅπερ
3121 3944 3404 4001 ἀδύνατον·
3418 3945 3491 3999 Αἰ
3516 3941 3727 4013 ἡμέραι

2147 4033 2277 4104 γὰρ,
2310 4035 2465 4107 φησὶ,
2522 4033 2644 4089 τῶν
2698 4034 2850 4089 ἐτῶν
2896 4034 3084 4105 ἡμῶν,
3133 4032 3506 4105 ὀγδοήκοντα
3538 4029 3723 4100 ειὲτη·

2147 4124 2288 4197 πλὴν
2319 4124 2455 4181 ἀλλά
2474 4125 2675 4181 κείσθω
2686 4126 2783 4185 καὶ
2810 4124 2977 4196 χίλια.
3001 4123 3095 4195 Μὴ
3113 4122 3260 4195 ζωὴν
3286 4121 3452 4194 ἔχεις,
3474 4119 3597 4174 εἰπέ
3608 4136 3723 4191 μοι,

2146 4213 2383 4269 ἐνταῦθα
2401 4213 2575 4283 δεῖξαι
2598 4214 2750 4277 τέλος
2764 4213 2865 4268 οὐκ
2881 4213 3133 4284 ἔχουσαν,
3164 4211 3288 4266 οὐδὲ
3302 4211 3474 4283 πέρας
3499 4213 3727 4265 ἐπιστα-

2142 4305 2339 4377 μένην,
2374 4305 2571 4377 οἵαπερ
2592 4307 2740 4361 ἐστὶν
2772 4306 2806 4375 ή
2840 4304 2949 4359 τῶν
2981 4303 3208 4358 δικαίων
3235 4303 3383 4369 hcet;
3402 4301 3473 4356 Εῐ
3491 4318 3578 4367 τις
3606 4294 3723 4365 οὖν,

2144 4392 2266 4448 εἰπέ
2294 4412 2410 4465 μοι,
2432 4397 2492 4455 ὲν
2513 4394 2691 4453 ἐτεσιν
2708 4394 2905 4451 ἑκατὸν
2934 4392 3066 4464 μίαν
3084 4396 3256 4447 νύκτα
3282 4390 3414 4463 όναρ
3443 4388 3566 4444 ἰδὼν
3593 4406 3728 4462 χρη-

2146 4481 2292 4548 στὸν,
2324 4483 2420 4539 καὶ
2451 4480 2650 4554 πολλῆς
2680 4481 2806 4537 καθ’
2833 4480 3035 4545 ὕπνους
3063 4479 3380 4543 ἀπολαύσας
3403 4477 3726 4550 τρυφῆς.τά

2142 4570 2340 4643 ἑκατὸν
2365 4571 2457 4642 ἐτη
2481 4571 2786 4637 κολάζοιτο,
2811 4566 2923 4644 ἆρα
2940 4570 3144 4643 δυνήσῃ
3175 4569 3357 4639 λέγειν
3388 4569 3483 4621 ἐπὶ
3525 4566 3723 4637 τούτῳ,

2142 4658 2202 4714 ἓν
2231 4662 2326 4714 καὶ
2345 4659 2425 4725 ιν,
2454 4660 2554 4714 καὶ
2586 4660 2686 4731 τὴν
2706 4659 2836 4731 μίαν
2857 4658 3031 4723 νύκτα
3055 4652 3166 4713 τῶν
3188 4656 3481 4728 ὀνειράτων
3497 4654 3725 4707 ἐκείνων

2140 4752 2255 4812 τοῖς
2274 4747 2666 4822 ἑκατὺνβτεσιν
2684 4748 3020 4821 ἀντίρροπον
3068 4746 3377 4813 metuent;
3415 4745 3537 4798 Οὐκ
3573 4741 3723 4797 ἐστιν

2138 4840 2338 4893 εἰπεῖν.
2363 4838 2628 4909 Τοῦτοιδὴ
2652 4840 2748 4892 καὶ
2773 4841 2904 4909 περὶ
2946 4837 3053 4908 τῆς
3078 4836 3380 4910 μελλούσης
3394 4833 3543 4905 ζωῆς
3577 4834 3725 4901 λογί-

2142 4927 2260 4991 ζου.
2292 4928 2473 5000 Ὅπερ
2489 4929 2600 5000 γάρ
2625 4928 2773 4981 ἐστιν
2801 4927 2934 5000 ὄναρ
2960 4927 3019 4982 ἓν
3034 4926 3172 4996 πρὸς
3199 4926 3396 4980 ἑκατὸν
3423 4923 3540 4996 ἐτη,
3563 4922 3724 4977 τοῦτό
3780 4910 3789 4935 ¹

2140 5017 2290 5071 ἐστιν
2328 5018 2357 5070 ὁ
2380 5014 2577 5088 παρὼν
2612 5015 2727 5085 βίος
2753 5016 2891 5087 πρὸς
2929 5015 3027 5087 τὴν
3058 5014 3360 5086 μέλλουσαν
3390 5012 3555 5084 ζωήν·
3581 5011 3722 5082 μᾶλ-

2139 5105 2230 5161 λον
2256 5105 2314 5160 δὲ
2335 5107 2433 5161 καὶ
2461 5104 2645 5178 πολλῷ
2673 5105 2857 5160 πλέον·
2875 5106 2999 5160 ὅσον
3015 5103 3133 5158 ἐστὶ
3155 5102 3371 5174 σταγὼν
3394 5101 3566 5174 μικρά
3586 5101 3722 5172 πρὸς

2141 5195 2378 5265 πέλαγος
2426 5194 2675 5266 ἄπειρον,
2704 5195 2957 5249 τοσοῦτόν
2982 5195 3100 5247 ἐστι
3133 5192 3283 5265 χίλια
3309 5192 3403 5265 ἐτη
3444 5190 3579 5263 πρὸς
3618 5189 3720 5261 τὴν

2142 5285 2445 5357 μέλλουσαν
2473 5286 2631 5355 δόξαν
2665 5286 2881 5358 ἐκείνην
2911 5286 3006 5341 καὶ
3046 5285 3366 5341 ἀπόλαυσιν.
3400 5282 3511 5337 Καὶ
3536 5279 3592 5333 τί
3610 5279 3719 5350 γάρ

2135 5376 2203 5432 ἂν
2233 5378 2346 5449 ἔχοι
2373 5396 2457 5445 τις
2489 5377 2650 5434 πλέον
2676 5378 2925 5451 εἰπεῖν,ή
2956 5380 3039 5434 ὅτι
3060 5376 3233 5448 πέρας
3259 5375 3358 5430 ούκ
3385 5373 3499 5446 εχει
3519 5370 3615 5427 καὶ
3632 5372 3723 5426 τέ·-

2135 5464 2226 5531 λος
2256 5466 2357 5521 οὐκ
2389 5462 2521 5533 οἶδε,
2552 5468 2646 5523 καὶ
2670 5468 2793 5522 ὅσον
2819 5469 2938 5522 ἐστὶ
2958 5465 3020 5521 τὸ
3050 5465 3214 5538 μέσον
3246 5465 3471 5537 ὀνείρων
3498 5462 3593 5517 καὶ
3623 5456 3724 5529 τῆς

2201 5644 2232 5685 δ
2254 5646 2353 5696 Alii
2385 5647 2661 5705 ἐπενόησαν.

2201 5712 2228 5742 ⁸³
2248 5709 2346 5761 Δίίί
2361 5710 2698 5770 ἑϐδομήκοντα.
