3958 6428
333 385 437 438 9η

327 492 724 559 misericordia,
747 491 978 562 denique
993 505 1151 560 super
1175 490 1289 544 haec
1314 489 1514 554 omnia,
1539 498 1681 542 tanta
1706 491 1915 558 patiens

329 603 513 642 rerum
543 586 718 655 copia,
747 585 920 654 cogita
945 598 1104 652 quam
1138 581 1412 649 probabile
1451 583 1542 645 sit,
1573 580 1717 633 velut
1746 579 1912 632 alter-

327 679 416 732 nis
444 677 691 732 ﬂuctibus
720 675 1024 730 demersum
1053 672 1300 742 pauperis
1327 671 1560 725 animum
1596 669 1782 725 fuisse.
1813 670 1914 724 Co-

327 773 438 840 gita
482 769 710 839 qualiter
737 765 984 822 affectum
1013 764 1182 819 fuisse
1206 764 1464 819 Lazarum
1499 771 1914 818 consentaneum

326 865 421 927 sit,
443 877 564 918 cum
582 860 790 916 videret
819 858 1098 929 parasitos,
1122 857 1445 924 adulatores,
1473 856 1697 910 [amulos
1725 870 1922 910 ascen-

323 960 536 1018 dentes,
566 950 985 1015 descendentes,
1016 947 1370 1019 egredientes,
1401 947 1779 1017 ingredientes,
1807 946 1915 1001 cir-

323 1053 748 1106 cumcursantes,
786 1042 1191 1103 tumultuantes,
1215 1039 1409 1104 ebrios,
1438 1039 1718 1101 salientes,
1752 1052 1912 1092 omne

329 1138 558 1193 lascivia:
578 1152 746 1207 genus
764 1135 1075 1190 exhibentes
1090 1152 1103 1186 :
1118 1133 1266 1203 quasi
1285 1132 1426 1186 enim
1453 1139 1670 1202 pr0pter
1697 1131 1800 1186 hoc
1820 1146 1914 1185 ve-

323 1229 515 1292 nisset,
533 1236 592 1281 ut
609 1223 756 1282 esset
781 1226 1076 1281 alienorum
1098 1225 1357 1278 bonorum
1389 1223 1561 1287 testis,
1581 1224 1650 1276 ita
1673 1223 1724 1276 in
1749 1222 1914 1276 vesti-

325 1321 456 1376 bulo
481 1321 748 1391 projectus
770 1328 901 1384 erat,
918 1319 1089 1373 solum
1111 1319 1232 1372 vitae
1251 1325 1454 1371 tantum
1483 1316 1705 1383 habens,
1736 1324 1793 1369 ut
1814 1331 1909 1370 sua

324 1415 466 1468 mala
488 1413 686 1467 sentire
712 1419 910 1481 posset,
935 1412 986 1465 in
1013 1419 1166 1480 portu
1192 1410 1390 1463 faciens
1415 1407 1767 1478 naufragium,
1787 1407 1912 1477 jux-

325 1515 378 1560 ta
400 1505 597 1558 fnntem
627 1503 1004 1558 molestissima
1031 1501 1118 1556 siti
1148 1500 1498 1555 discruciatus
1525 1499 1726 1553 animo.

357 1605 368 1610 ”
401 1595 749 1662 Proverbium,
775 1597 830 1648 in
859 1604 1005 1664 portu
1031 1593 1454 1664 naufragium—
1475 1591 1659 1645 Dicam
1687 1597 1740 1644 et
1764 1587 1908 1642 aliud

323 1689 593 1759 quoddam
616 1696 813 1756 praeter
832 1687 945 1741 haec
965 1685 1195 1739 malum:
1223 1699 1326 1738 non
1347 1691 1551 1753 poterat
1567 1682 1794 1736 alterum
1822 1684 1907 1734 vi-

322 1785 458 1840 dere
498 1783 775 1838 Lazarum.
819 1780 949 1835 Nam
982 1793 1080 1834 nos
1113 1778 1318 1833 etiamsi
1348 1778 1622 1832 innumera
1649 1776 1910 1844 patiamur

324 1876 489 1942 mala,
513 1875 767 1928 habemus
790 1881 964 1926 tamen
993 1869 1062 1925 ad
1084 1871 1228 1924 illum
1251 1878 1574 1939 spectantes,
1598 1866 1740 1922 unde
1760 1867 1908 1920 suffi-

321 1967 554 2020 cientem
579 1963 901 2032 accipiamus
921 1960 1356 2023 consolationem,
1385 1973 1742 2028 magnumque
1772 1957 1910 2011 fera-

320 2073 445 2111 mus
478 2055 732 2110 molestiae
759 2053 1182 2108 delinimentum.
1228 2050 1360 2106 Nam
1401 2049 1662 2103 malorum
1693 2057 1905 2102 nostro-

320 2165 443 2202 rum
485 2147 718 2216 reperire
745 2154 1056 2212 consortes,
1084 2143 1196 2198 sive
1225 2143 1277 2196 in
1309 2140 1480 2207 factis,
1512 2141 1624 2195 sive
1655 2140 1706 2194 in
1728 2139 1903 2204 dictis,

321 2242 552 2295 multum
581 2239 738 2294 aﬂ‘ert
769 2237 942 2292 solatii
970 2236 1294 2308 lugentibus.
1320 2234 1418 2290 llle
1465 2249 1593 2288 vero
1639 2233 1905 2288 neminem

319 2333 487 2386 alium
513 2329 755 2394 habebat,
774 2327 841 2382 ad
859 2342 1018 2398 quem
1043 2327 1334 2395 respiceret
1349 2324 1535 2379 eadem
1552 2338 1670 2379 cum
1687 2323 1776 2377 illo
1795 2337 1908 2392 pas-

317 2440 467 2491 sum,
497 2425 603 2477 imo
630 2405 700 2477 ne
722 2421 907 2477 audire
929 2420 1142 2490 quidem
1170 2428 1379 2489 poterat
1404 2418 1471 2473 de
1497 2432 1786 2489 quoquam,
1813 2417 1905 2486 qui

319 2517 585 2587 majorum
611 2515 774 2584 ipsius
793 2523 947 2569 aetate
966 2523 1072 2567 tam
1093 2512 1282 2567 acerba
1306 2512 1662 2567 sustinuisset.
1686 2510 1799 2566 Hoc
1813 2526 1908 2564 au-

319 2619 434 2662 tem
452 2608 577 2660 satis
595 2616 673 2660 est
694 2605 760 2660 ad
787 2604 1143 2659 inducendum
1166 2605 1345 2657 animo
1365 2604 1665 2674 caliginem.
1681 2603 1906 2658 Possum

315 2709 380 2752 et
397 2696 536 2750 aliud
571 2696 652 2752 his
672 2695 918 2751 omnibus
943 2693 1161 2762 addere,
1187 2693 1435 2748 videlicet
1462 2693 1605 2764 quod
1633 2709 1702 2750 ne
1727 2692 1796 2749 de
1821 2710 1908 2748 rc-

318 2787 651 2844 surreetione
685 2786 897 2856 quidem
929 2785 1215 2856 quidquam
1246 2785 1479 2846 noluerit
1503 2785 1902 2855 philosophari,

319 2881 419 2939 sed
451 2880 604 2949 hujus
627 2880 750 2933 vitae
779 2893 864 2933 res
891 2877 1136 2933 crederet
1158 2875 1315 2948 hujus
1335 2877 1456 2932 vitae
1480 2878 1586 2932 fine
1605 2879 1900 2932 terminari.

318 2973 452 3026 Erat
480 2970 623 3025 enim
650 2986 715 3024 ex
742 2985 927 3024 eorum
959 2982 1184 3023 numero
1204 3009 1219 3034 ,
1254 2968 1344 3038 qui
1371 2967 1594 3038 gratiam
1631 2968 1902 3037 Evangelii

326 3068 740 3130 praecesserunt.
767 3059 918 3128 Quod
947 3058 993 3114 si
1015 3074 1155 3114 nunc
1181 3058 1263 3113 his
1289 3057 1613 3128 temporibus
1637 3069 1756 3128 post
1783 3069 1903 3112 tan-

316 3162 432 3206 tam
456 3152 546 3207 Dei
562 3153 939 3223 cognitionem,
954 3160 1075 3222 post
1088 3151 1325 3221 egregias
1336 3151 1740 3206 resurrectionis
1757 3166 1900 3221 spes,

317 3253 446 3314 post
487 3244 594 3298 illic
621 3244 848 3314 reposita
889 3242 1232 3313 peccantibus
1256 3242 1536 3312 supplicia,
1562 3250 1687 3312 post
1722 3252 1901 3311 parata

316 3338 391 3390 iis
429 3337 513 3404 qui
544 3345 689 3390 recte
716 3337 964 3390 vixerunt
993 3336 1150 3398 bona,
1196 3333 1332 3388 adeo
1373 3333 1594 3402 dejectis
1620 3333 1813 3387 animis
1840 3349 1904 3388 ac

318 3427 536 3482 miseris
565 3435 688 3481 sunt
709 3427 969 3492 nonnulli,
1000 3435 1059 3480 ut
1088 3441 1156 3479 ne
1176 3424 1366 3479 borum
1393 3424 1611 3495 quidem
1631 3435 1902 3494 exspecta-

317 3522 472 3576 tione
497 3521 830 3588 corrigantur
853 3535 869 3584 ;
889 3518 1024 3589 quid
1051 3515 1263 3572 tandem
1289 3525 1372 3572 est
1398 3516 1685 3586 putandum
1713 3517 1794 3571 illi
1814 3533 1903 3572 ac-

314 3612 536 3679 cidisse,
588 3612 749 3666 etiam
801 3610 901 3664 hac
927 3608 1181 3664 destituto
1227 3608 1460 3662 ancora?
1500 3607 1630 3662 Nam
1661 3607 1752 3663 ille
1799 3609 1902 3663 tale

317 3703 456 3759 nihil
481 3717 730 3772 umquam
775 3699 1135 3771 philosorihari
1167 3701 1356 3767 potuit,
1383 3715 1448 3753 eo
1477 3699 1618 3769 quod
1666 3698 1900 3754 nondum

317 3793 626 3847 advenisset
667 3800 877 3862 tempus
917 3791 1179 3860 ejusmodi
1226 3789 1552 3861 dogmatum.
1584 3790 1666 3844 Ad
1697 3790 1813 3846 haec
1848 3800 1904 3846 ct

317 3884 464 3940 aliud
483 3885 732 3954 quiddam
761 3884 1005 3948 accessit,
1037 3883 1178 3954 quod
1203 3893 1258 3938 et
1285 3883 1422 3938 fama
1452 3885 1618 3954 ipsius
1640 3884 1780 3954 apud
1799 3884 1901 3940 ho-

317 3974 496 4028 mines
525 3973 858 4044 impudentes
889 3973 1274 4029 traduceretur.

397 4063 670 4119 Calamitas
694 4065 818 4134 facit
842 4066 1113 4119 obnoxium
1136 4065 1412 4135 suspicioni
1430 4067 1654 4121 malitite.
1675 4067 1903 4123 —Solot

316 4159 467 4214 enim
513 4159 786 4213 hominum
817 4159 1028 4227 vulgus,
1079 4157 1166 4211 ubi
1213 4172 1347 4226 quos
1392 4159 1624 4213 viderint
1665 4160 1716 4213 in
1763 4159 1902 4215 fame

319 4259 683 4320 perpetuoque
724 4250 912 4304 morbo
953 4258 1008 4304 et
1047 4250 1300 4303 extremis
1325 4261 1539 4318 agentes
1581 4249 1754 4315 malis,
1803 4265 1901 4305 nec

317 4343 626 4412 Opinionem
657 4341 725 4396 de
754 4342 833 4397 eis
861 4340 1058 4395 habere
1087 4341 1301 4406 bonam,
1329 4339 1423 4394 sed
1449 4357 1514 4394 ex
1543 4341 1652 4409 ipsa
1680 4341 1898 4394 calami-

319 4444 435 4487 tate
461 4433 728 4487 aestimare
755 4432 936 4495 vitam,
963 4441 1016 4486 et
1040 4430 1260 4484 omnino
1281 4429 1521 4499 judicare
1550 4432 1669 4485 illos
1689 4431 1758 4485 ob
1789 4446 1901 4484 ma-

317 4523 488 4577 litiam
515 4523 593 4577 sic
635 4521 833 4593 afﬂigi:
877 4522 1084 4592 aliaque
1115 4521 1274 4575 multa
1297 4520 1462 4591 hujus
1499 4523 1712 4592 generis
1763 4522 1901 4577 inter

317 4630 384 4670 se
412 4614 717 4684 loquuntur,
749 4614 909 4668 stulte
947 4612 1159 4682 quidem
1212 4612 1310 4678 illi,
1353 4612 1644 4682 loquuntur
1679 4621 1853 4668 tamen
1882 4631 1896 4667 :

317 4705 409 4760 hic
453 4706 497 4759 si
548 4705 656 4759 Deo
681 4719 836 4758 carus
861 4711 1023 4768 esset,
1054 4718 1384 4773 nequaquam
1417 4703 1588 4773 ipsum
1620 4704 1672 4758 in
1721 4703 1902 4772 hujus-

313 4795 463 4850 modi
494 4794 648 4850 malis
673 4809 793 4850 esse
836 4802 1122 4863 pateretur.
1158 4793 1266 4847 Hoc
1294 4802 1349 4848 et
1371 4794 1422 4848 in
1447 4793 1549 4848 Job
1575 4803 1630 4848 et
1655 4795 1707 4848 iu
1734 4793 1900 4848 Paulo

315 4904 420 4941 usu
442 4888 605 4941 venit.
636 4887 769 4942 Nam
797 4896 851 4941 et
878 4887 950 4941 illi
972 4886 1221 4941 dicebant
1246 4903 1259 4939 :
1291 4885 1480 4941 Nonne
1505 4891 1789 4958 frequenter
1811 4887 1900 4940 tibi

317 4981 510 5034 dictum
539 4990 610 5034 est
640 4981 692 5033 in
733 4981 926 5047 labore,
954 4981 1052 5033 vim
1081 4990 1248 5032 autent
1274 4981 1534 5033 verborum
1563 4988 1766 5032 tuorum
1785 4979 1900 5047 quis

314 5072 630 5126 sustinebit?
659 5071 720 5126 Si
749 5071 881 5124 enim
909 5079 963 5125 tu
991 5071 1260 5125 erudiisses
1284 5071 1490 5134 multos,
1529 5079 1576 5123 et
1601 5085 1781 5123 manus
1819 5071 1901 5123 in-

318 5166 495 5232 ﬁrmas
522 5164 812 5218 consolatus
840 5180 990 5229 esses,
1033 5173 1080 5216 et
1110 5179 1194 5216 eos
1217 5163 1303 5231 qui
1325 5162 1718 5232 inﬁrmabantur
1741 5161 1900 5215 verbis

317 5261 580 5320 stetisses,
603 5256 906 5326 genibusque
926 5255 1146 5324 inﬁrmis
1165 5255 1448 5309 addidisses
1469 5255 1707 5323 ﬁduciam
1728 5271 1746 5308 :
1766 5272 1900 5309 nunc

320 5364 439 5402 vero
484 5348 706 5418 pervenit
732 5348 785 5401 in
813 5358 859 5402 te
888 5347 1049 5410 labor,
1080 5357 1134 5400 tu
1159 5363 1274 5400 vero
1301 5347 1507 5401 curasti.
1559 5345 1746 5400 Nonne
1785 5357 1900 5402 tuus

317 5445 469 5494 timor
493 5451 564 5494 at
588 5441 640 5493 in
663 5439 878 5494 stultitia
899 5437 957 5507 (Ι
961 5437 1041 5492 ob.
1070 5439 1124 5492 4.
1144 5438 1198 5492 2.
1230 5437 1288 5506 6)
1311 5437 1333 5490 ?
1353 5437 1552 5492 Horum
1579 5446 1753 5491 autem
1775 5452 1894 5490 ver-

317 5532 508 5585 borum
554 5531 640 5585 hic
668 5546 858 5586 sensus
901 5538 1024 5585 est:
1051 5530 1097 5585 si
1127 5529 1251 5600 quid
1281 5529 1390 5595 tibi,
1421 5529 1612 5600 inquit,
1637 5529 1794 5588 bona:
1820 5530 1898 5585 rei

264 5683 268 5686 ,
314 5631 528 5693 gestum
555 5621 762 5685 fuisset,
796 5621 1203 5692 haudquaquam
1231 5620 1328 5675 ista
1352 5622 1632 5690 patereris,
1658 5618 1755 5675 sed
1777 5633 1903 5689 pee-

315 5721 562 5768 eatorum
591 5722 646 5768 et
672 5713 967 5783 iniquitatis
1010 5713 1111 5768 luis
1136 5726 1341 5782 paruas.
1376 5711 1447 5767 Et
1471 5711 1574 5767 hoc
1600 5719 1720 5767 erat
1755 5709 1898 5780 quod

315 5806 551 5861 maxime
580 5805 855 5861 mordebat
882 5805 1116 5861 animum
1142 5804 1261 5860 Job.
1292 5805 1366 5862 Ac
1395 5803 1464 5861 de
1489 5803 1652 5859 Paulo
1688 5801 1898 5859 barbari

1587 377 1670 430 DE
1713 375 1980 431 LAZABO
2017 373 2257 430 CONCIO
2297 375 2335 429 1.

3499 375 3600 435 978

2025 483 2127 538 hoc
2171 484 2340 553 ipsum
2386 482 2670 540 dicebant:
2717 498 2836 538 cum
2885 485 3028 540 enim
3078 486 3317 541 viderunt
3367 487 3609 556 viperam

2023 575 2341 644 pendentem
2373 575 2441 629 de
2486 590 2645 628 manu
2696 576 2857 639 illius,
2891 576 3019 631 nihil
3049 576 3172 630 boni
3215 577 3282 632 de
3311 577 3401 632 illo
3428 583 3601 649 suspid

2019 666 2298 731 cubantur,
2347 667 2440 720 sed
2487 667 2864 722 existimabant
2893 686 3014 724 eum
3047 670 3318 728 hominem
3367 689 3488 730 esse
3534 675 3600 730 de

2020 775 2242 814 numero
2267 776 2476 826 eorum,
2508 763 2597 831 qui
2625 771 2862 817 extrema
2891 775 3263 834 perpetrarent
3291 768 3514 824 scelera.
3549 770 3600 824 ld

2021 852 2356 920 perspicuum
2386 862 2467 908 est
2487 869 2552 908 ex
2575 854 2658 909 his
2675 872 2795 924 qua:
2820 855 3069 912 dicebant
3092 875 3107 912 :
3135 858 3312 927 Hunc,
3335 861 3600 932 inquiunt,

2016 958 2050 994 α
2071 943 2202 996 mari
2221 951 2496 1010 servatum,
2519 945 2646 999 ultio
2668 963 2768 1000 non
2792 964 2944 1016 passa
2965 959 3037 1002 est
3064 951 3226 1004 vivere
3243 952 3379 1023 (Act.
3403 953 3492 1009 28.
3520 955 3597 1021 4).

2017 1033 2132 1090 Hoc
2166 1043 2344 1090 autem
2377 1052 2482 1090 non
2529 1038 2870 1094 mediocriter
2897 1056 2996 1102 nos
3029 1059 3242 1114 quoque
3279 1047 3602 1103 conturbare

2015 1126 2312 1182 consuevit.
2362 1129 2613 1184 Attamen
2661 1145 2782 1188 eum
2827 1133 3017 1189 ﬂuctus
3042 1147 3223 1192 essent
3265 1149 3370 1194 tam
3420 1141 3596 1207 multi,

2014 1219 2357 1290 vicissimque
2406 1222 2495 1275 alii
2544 1238 2704 1292 super
2746 1225 2878 1281 alios
2907 1226 3056 1281 illum
3103 1230 3442 1301 impeterent,
3491 1250 3598 1294 non

2017 1319 2189 1364 tamen
2220 1310 2523 1368 demersum
2554 1323 2638 1369 est
2662 1315 2951 1387 navigium,
2983 1319 3078 1375 sed
3108 1321 3347 1390 perinde,
3379 1339 3443 1379 ac
3469 1324 3514 1378 si
3543 1323 3595 1376 in

2014 1399 2230 1457 fornace
2273 1405 2479 1472 positus
2518 1405 2678 1462 veluti
2723 1419 2982 1478 perpetuo
3020 1427 3145 1468 rore
3190 1413 3596 1484 rcfoeillaretur,

2014 1492 2087 1548 ita
2118 1494 2616 1566 phi1050phabatur.

2087 1585 2173 1639 ll.
2206 1584 2535 1642 Proverbium
2573 1591 2818 1660 impium,
2846 1596 2984 1663 quod
3030 1597 3248 1668 explicat
3293 1600 3592 1672 σὴν-νεοδιοο

2009 1691 2144 1730 mus.
2171 1706 2244 1716 —
2270 1677 2385 1734 Non
2416 1681 2558 1736 enim
2595 1683 2811 1740 dicebat
2838 1689 2976 1757 apud
3006 1705 3125 1746 sese
3153 1693 3441 1765 quidquam
3469 1699 3595 1762 tale,

2011 1766 2167 1834 quale
2191 1768 2376 1838 vulgus
2403 1771 2580 1828 dicere
2607 1777 2892 1833 verisimile
2931 1789 3013 1834 est
3045 1799 3057 1834 :
3089 1783 3189 1838 iste
3210 1785 3359 1841 dives
3380 1789 3426 1844 si
3453 1805 3596 1844 mor-

2012 1864 2133 1914 tuus
2181 1859 2290 1915 illic
2337 1865 2550 1930 punitur
2596 1866 2790 1938 datque
2833 1886 3039 1940 poenas,
3079 1892 3240 1933 unum
3288 1879 3485 1938 factum
3514 1894 3597 1939 est

2012 1963 2176 2042 unum
2203 1968 2217 2003 :
2247 1953 2290 2006 si
2333 1968 2461 2009 vero
2509 1957 2616 2012 illic
2663 1961 2850 2016 iisdem
2895 1968 3092 2034 potitur
3131 1969 3440 2042 honoribus,
3486 1976 3595 2032 duo

2007 2039 2148 2096 facta
2173 2056 2298 2100 sunt
2326 2047 2476 2102 nihil.
2508 2052 2699 2107 Annon
2724 2055 2839 2110 haec
2867 2072 2962 2126 per
2982 2060 3095 2114 fora
3117 2039 3472 2123 circumfertis
3499 2085 3595 2126 vos

2010 2133 2272 2204 plerique,
2303 2153 2370 2194 ex
2413 2140 2560 2196 circo
2604 2147 2908 2218 exterisque
2950 2150 3172 2208 theatris
3213 2155 3268 2210 in
3297 2157 3594 2217 Ecclesiam

2009 2225 2405 2320 importantes?
2435 2232 2604 2290 Pudet
2631 2253 2719 2292 me
2745 2241 2958 2308 quidem
2987 2260 3050 2300 ac
3074 2246 3270 2304 rubore
3295 2251 3592 2320 suifundor,

2011 2319 2100 2387 qui
2131 2321 2252 2375 talia
2283 2323 2444 2378 verba
2493 2326 2544 2380 in
2588 2330 2822 2386 medium
2867 2336 3161 2404 proferam,
3194 2340 3295 2396 nisi
3324 2344 3465 2412 quod
3496 2319 3595 2401 ne?

2007 2424 2160 2506 cesso
2187 2424 2268 2468 est
2296 2413 2410 2470 hinc
2436 2416 2636 2483 dicere,
2669 2430 2726 2475 ut
2747 2439 2842 2478 vos
2865 2440 2894 2479 a
2924 2427 3032 2482 risu
3057 2429 3431 2501 incomposito,
3469 2453 3592 2506 pro-

2008 2500 2126 2568 bro,
2177 2513 2231 2558 et
2259 2506 2492 2575 pernicie
2535 2508 2724 2565 horum
2763 2514 3044 2571 verborum
3088 2521 3370 2592 noxiisque
3413 2500 3593 2584 verbis

2008 2593 2330 2650 iiberemini.
2372 2596 2501 2652 Haec
2539 2602 2690 2655 multi
2738 2603 3042 2674 frequenter
3080 2608 3264 2666 dicunt
3307 2613 3589 2671 ridentes:

2007 2697 2192 2738 verum
2219 2685 2321 2741 hoc
2343 2702 2557 2758 quoque
2578 2690 2854 2748 diabolica:
2877 2699 3125 2754 versutia:
3145 2709 3247 2764 est,
3272 2701 3393 2759 loco
3415 2705 3586 2760 dicto-

2009 2788 2126 2826 rum
2153 2775 2386 2831 civilium
2413 2787 2469 2833 et
2499 2781 2824 2836 urbanorum
2875 2787 3170 2854 perniciosa
3220 2790 3272 2844 in
3298 2793 3460 2849 vitam
3487 2812 3589 2850 no-

2007 2873 2173 2920 stram
2242 2867 2496 2926 inducere
2566 2871 2835 2943 dogmata.
2892 2876 3017 2933 llaec
3073 2878 3379 2950 frequenter
3433 2894 3488 2940 et
3538 2888 3591 2944 in

2005 2957 2236 3015 officinis
2261 2970 2316 3016 et
2343 2962 2399 3016 in
2448 2962 2583 3031 foro,
2627 2975 2680 3020 et
2720 2967 2774 3021 in
2806 2967 3008 3024 uadibus
3037 2972 3275 3042 plerique
3313 2976 3591 3035 circumfe-

2007 3060 2149 3119 runt,
2181 3069 2301 3120 quae
2346 3069 2434 3110 res
2477 3065 2729 3112 extremae
2778 3067 2863 3114 est
2903 3063 3287 3121 incredulitatis
3326 3075 3382 3122 et
3409 3084 3592 3125 amen-

2009 3143 2131 3209 tize,
2175 3143 2396 3199 ridicula
2440 3147 2711 3218 animique
2759 3153 2998 3218 puerilis.
3041 3153 3171 3210 Nam
3219 3157 3429 3224 dicere,
3463 3177 3589 3216 num

2007 3231 2131 3287 hinc
2173 3232 2395 3302 profecti
2441 3237 2564 3292 mali
2607 3240 2910 3308 puniantur,
2957 3259 3055 3298 nec
3095 3245 3197 3300 hoc
3241 3249 3590 3307 vehementer

2008 3322 2206 3379 habere
2255 3341 2587 3395 persuasum,
2635 3330 2775 3398 quod
2803 3335 3020 3388 omnino
3052 3338 3300 3404 puniendi
3330 3349 3475 3408 sunt,
3504 3343 3588 3396 in-

2009 3413 2243 3470 ﬁdelium
2273 3428 2354 3480 est
2378 3432 2440 3472 ac
2465 3418 2842 3476 dubitantium.
2890 3423 3016 3478 Illud
3048 3442 3194 3493 vero,
3221 3432 3461 3498 quamvis
3487 3432 3590 3490 hoc

2008 3507 2264 3575 evenerit,
2287 3510 2735 3578 quemadmodum
2759 3515 2918 3569 etiam
2943 3527 3253 3574 eventurum
3283 3529 3384 3589 est,
3406 3533 3588 3593 putare

2005 3598 2175 3653 malos
2212 3600 2420 3670 aequale
2471 3603 2748 3672 praemium
2797 3620 2916 3661 cum
2950 3607 3109 3677 jus-tis
3150 3622 3445 3682 reportare,
3493 3632 3588 3672 ex-

2007 3697 2190 3745 tremae
2215 3691 2495 3748 dementiae
2523 3702 2625 3750 est.

2079 3779 2245 3834 Nulla
2297 3787 2608 3854 comparatio
2671 3786 2803 3841 inter
2849 3790 3002 3843 vitam
3051 3790 3182 3846 hanc
3237 3803 3284 3848 et
3338 3799 3584 3866 futuram.

2003 3870 2211 3938 -—Quid
2243 3889 2425 3943 quaso
2444 3875 2622 3932 dicis?
2649 3878 2702 3933 Si
2728 3878 2878 3934 dives
2898 3880 3024 3936 illuc
3052 3883 3322 3952 profectus
3350 3890 3587 3957 punitur,

2006 3977 2167 4015 unum
2221 3962 2418 4018 factum
2457 3975 2540 4020 est
2579 3969 2784 4022 unum?
2825 3970 2893 4024 Et
2935 3973 3204 4041 quomodo
3248 3976 3384 4032 istuc
3425 3982 3590 4047 possit

2004 4053 2331 4109 consistere?
2346 4056 2486 4121 Quot
2500 4059 2640 4112 enim
2655 4059 2806 4114 annis
2822 4061 2900 4115 vis
2916 4063 3060 4116 illum
3076 4065 3161 4119 hic
3171 4068 3411 4134 pecuniis
3428 4069 3590 4127 fuisse

2003 4141 2266 4199 fruitum?
2295 4145 2388 4200 Vis
2417 4162 2676 4216 ponamus
2704 4153 2961 4206 centum?
2989 4153 3104 4222 Ego
3139 4171 3268 4210 vero
3296 4159 3456 4214 etiam
3485 4160 3588 4215 du-

2005 4245 2191 4292 centos
2221 4254 2382 4308 pono,
2417 4255 2557 4309 pono
2583 4251 2870 4308 trecentos,
2914 4259 3054 4313 pono
3082 4245 3164 4300 bis
3209 4258 3434 4316 tantum,
3464 4263 3518 4307 et
3542 4255 3588 4308 si

2003 4329 2084 4382 vis
2113 4329 2276 4394 mille,
2310 4329 2450 4398 quod
2480 4346 2610 4386 sane
2641 4331 2755 4386 ﬁeri
2782 4349 2886 4387 non
2930 4339 3140 4404 potuit:
3171 4338 3290 4394 Dies
3316 4342 3468 4407 enim,
3505 4343 3586 4398 in-

2003 4421 2137 4490 quit,
2160 4438 2407 4476 annorum
2436 4433 2718 4478 nostrorum
2741 4427 2993 4496 octoginta
3012 4431 3133 4482 anni
3157 4429 3323 4499 (Psal.
3352 4433 3440 4489 89.
3471 4435 3586 4507 .10):

2003 4522 2238 4568 attamen
2266 4526 2529 4584 ponantur
2548 4517 2692 4572 mille
2722 4534 2734 4570 :
2769 4534 2891 4576 num
2921 4527 3090 4588 potes,
3119 4537 3300 4593 quaeso
3328 4532 3400 4589 te,
3425 4526 3586 4582 vitam

2003 4604 2285 4659 ostendere
2312 4621 2431 4676 quae
2476 4606 2632 4661 linem
2681 4624 2786 4663 non
2833 4609 3042 4675 habeat,
3083 4627 3146 4668 ac
3189 4599 3471 4671 terminum
3495 4633 3589 4673 ne-

2003 4697 2154 4761 sciat,
2187 4698 2359 4766 qualis
2398 4707 2481 4753 est
2522 4698 2628 4752 illic
2652 4699 2960 4768 justorum?
2989 4703 3101 4772 Age
3143 4705 3318 4776 igitur,
3359 4709 3511 4776 cedo,
3541 4711 3587 4765 si

2005 4790 2124 4857 quis
2155 4789 2206 4843 in
2226 4789 2379 4843 annis
2407 4798 2620 4844 centum
2649 4792 2869 4848 vidisset
2899 4809 2992 4863 per
3014 4811 3169 4852 unam
3191 4806 3401 4854 noctem
3426 4816 3589 4857 suave

2005 4882 2267 4936 somnium
2295 4923 2310 4947 ,
2364 4883 2647 4953 multisque
2695 4883 2897 4940 deliciis
2950 4902 3048 4956 per
3088 4890 3351 4945 somnium
3396 4890 3588 4947 fruitus

2005 4981 2166 5040 esset,
2197 4987 2260 5027 ac
2303 4983 2515 5028 centum
2560 4976 2714 5030 annis
2761 4978 3073 5046 puniretur:
3120 4995 3246 5035 num
3291 4981 3333 5036 is
3381 4982 3450 5038 de
3485 4981 3590 5038 hoc

2004 5065 2190 5132 dicere.
2211 5074 2405 5135 posset,
2439 5082 2601 5122 unum
2633 5076 2687 5122 et
2715 5084 2899 5136 unum,
2930 5078 2984 5124 et
3010 5071 3217 5125 unicam
3255 5083 3464 5128 noctem
3485 5090 3588 5144 qua

2004 5157 2306 5223 somniavit,
2353 5166 2565 5212 centum
2609 5149 2763 5214 annis
2801 5160 3168 5230 aequiparare?
3207 5163 3360 5218 Dictu
3404 5164 3592 5219 absur-

2004 5246 2152 5301 dum.
2181 5246 2294 5302 Hoc
2313 5246 2424 5316 jam
2462 5257 2515 5304 et
2545 5248 2612 5304 de
2635 5248 2807 5304 futura
2838 5251 2943 5304 vita
2967 5253 3161 5322 cogita.
3188 5251 3318 5307 Nam
3349 5254 3488 5326 quod
3509 5265 3593 5310 est

2005 5340 2270 5394 somnium
2301 5355 2462 5394 unum
2501 5340 2568 5395 ad
2612 5355 2783 5396 annos
2829 5353 3064 5408 centum,
3103 5343 3205 5398 hoc
3226 5355 3315 5400 est
3357 5361 3591 5416 praesens

2005 5430 2113 5484 vita
2140 5431 2206 5485 ad
2233 5433 2393 5485 vitam
2421 5431 2670 5500 futuram,
2689 5431 2796 5486 imo
2817 5433 2992 5502 potius
3019 5433 3188 5490 multo
3215 5436 3410 5491 minus.
3433 5437 3589 5504 Quod

2005 5533 2086 5576 est
2132 5523 2319 5591 exigua
2365 5531 2511 5591 gutta
2555 5522 2623 5580 ad
2672 5523 2888 5594 pelagus
2939 5525 3276 5590 immensum,
3325 5527 3426 5582 hoc
3471 5538 3594 5584 sunt

2005 5614 2130 5667 anni
2177 5613 2324 5668 mille
2351 5613 2416 5668 ad
2463 5612 2696 5669 futuram
2727 5614 2870 5668 illam
2899 5616 3120 5685 gloriam
3163 5625 3218 5673 et
3265 5617 3590 5674 fruitionem.

2008 5705 2075 5761 Et
2111 5703 2237 5773 quid
2289 5703 2500 5759 tandem
2547 5715 2708 5774 queat
2755 5705 2943 5776 aliquis
2993 5706 3222 5777 amplius
3263 5707 3462 5773 dicere,
3493 5709 3595 5767 nisi

2006 5796 2146 5868 quod
2175 5796 2459 5852 terminum
2487 5813 2591 5853 non
2620 5797 2795 5866 habet,
2816 5807 2869 5853 et
2896 5798 3054 5855 linem
3084 5800 3252 5856 nescit
3279 5818 3290 5852 :
3317 5814 3590 5873 quantum-
3633 5789 3639 5794 ’
