3958 6356
474 306 583 361 979

477 444 584 500 que
630 428 858 484 interest
907 425 1046 481 inter
1074 426 1278 480 somnia
1328 434 1380 479 et
1427 438 1516 478 res
1545 436 1718 490 veras,
1755 431 1957 477 tantum
1988 422 2069 476 in-

487 530 654 575 terest
699 520 837 574 inter
867 517 1024 587 hujus
1046 517 1169 571 vita:
1194 525 1389 569 statum
1417 526 1472 568 et
1500 515 1683 605 illius.‘

553 610 623 664 Et
643 611 726 664 hic
749 610 1028 681 puniuntur
1049 608 1302 677 impii.--
1320 605 1456 672 Quin
1486 614 1540 659 et
1569 605 1761 675 alioqui
1788 613 2072 674 antequam

479 704 591 760 illic
645 704 949 774 puniantur,
976 701 1086 770 jam
1119 714 1258 753 nunc
1300 700 1389 769 qui
1436 698 1679 767 imptobc
1703 708 1884 768 agunt,
1915 707 2076 766 atque

478 800 531 854 in
561 798 793 869 peccatis
819 796 1020 860 vivunt,
1056 795 1365 863 puniuntur.
1394 791 1507 847 Nec
1531 793 1673 846 enim
1718 792 1847 844 mihi
1873 790 2075 845 dixeris

476 893 626 951 illum
661 904 844 945 mensa
869 898 1175 956 sumptuosa
1220 884 1347 952 frui,
1378 884 1615 941 vestibus
1641 883 1958 940 circumdari
1986 897 2075 936 se-

476 984 623 1050 ricis,
652 982 1037 1052 mancipiorum
1081 992 1269 1050 greges
1298 978 1663 1045 circumferre,
1686 976 1821 1032 alios
1853 976 2074 1033 submo-

474 1091 604 1131 vere
656 1076 709 1129 iu
742 1073 859 1129 foro
886 1091 900 1125 :
933 1072 1027 1127 sed
1060 1072 1266 1142 explica
1311 1069 1443 1124 mihi
1470 1069 1624 1124 istius
1649 1068 2031 1123 conscientiam
2056 1106 2073 1128 ,

474 1180 529 1224 et
556 1169 762 1224 videbis
787 1166 929 1221 intus
958 1179 1177 1236 gravem
1205 1172 1545 1234 peccatorum
1570 1160 1873 1226 tumultum,
1892 1159 2073 1230 jugem

473 1269 696 1326 metum,
744 1268 1141 1329 tempestatem,
1174 1257 1526 1313 turbationem
1565 1271 1579 1308 :
1610 1254 1814 1309 videbis
1849 1254 1993 1308 velut
2021 1254 2072 1307 in

468 1354 673 1425 judicio
700 1363 935 1408 mentem
965 1351 1031 1405 ad
1055 1351 1305 1405 thronum
1326 1347 1668 1403 conscientia:
1695 1345 2074 1402 conscendisse

473 1446 737 1518 regalem,
768 1454 818 1500 et
855 1453 1123 1514 tamquam
1149 1441 1383 1513 judicem
1426 1440 1726 1511 quempiam
1758 1439 2070 1504 sedentem,

473 1549 529 1596 et
555 1538 903 1610 cogitationes
931 1536 1049 1591 loco
1072 1532 1383 1590 carnificum
1433 1531 1797 1597 adhibentem,
1833 1530 2069 1584 animum

476 1631 920 1703 suSpendentem,
971 1643 1066 1699 pro
1099 1626 1330 1697 peccatis
1358 1625 1700 1688 lacerantem,
1730 1622 2074 1679 vehementer

477 1725 880 1788 inclainautem,
912 1736 1034 1775 cum
1082 1733 1242 1773 nemo
1292 1717 1447 1782 sciat,
1494 1716 1594 1769 nisi
1623 1715 1771 1769 solus
1801 1715 1940 1769 Deus
1982 1714 2072 1784 qui

474 1815 590 1870 haec
643 1815 925 1883 conspicit.
979 1813 1189 1867 Etenim
1239 1812 1330 1881 qui
1376 1809 1658 1864 committit
1708 1807 2069 1871 adulterium,

471 1909 685 1965 etiamsi
739 1907 934 1962 millies
963 1906 1116 1961 fuerit
1161 1906 1331 1970 dites,
1376 1904 1587 1961 etiamsi
1634 1903 1838 1958 nullum
1882 1903 2074 1958 habeat

473 2009 862 2063 accusatorem,
892 2012 995 2052 non
1024 1997 1220 2051 desinit
1262 2006 1439 2051 tamen
1470 1997 1610 2051 intus
1649 1996 1885 2066 seipsum
1914 2009 2073 2050 accu-

472 2105 594 2146 sare
626 2108 641 2144 :
669 2100 725 2145 et
752 2089 997 2158 voluptas
1025 2086 1241 2159 quidem
1270 2087 1591 2157 temporaria
1619 2097 1721 2153 est,
1756 2087 1907 2142 dolor
1940 2101 2069 2142 vero

392 2229 397 2232 .
475 2193 790 2253 perpetuus,
819 2182 982 2237 timor
1025 2181 1260 2250 undique
1286 2195 1349 2235 ac
1380 2190 1596 2245 tremor,
1631 2181 1864 2249 suSpicio
1892 2188 1945 2235 ct
1971 2195 2068 2234 an-

472 2267 1015 2336 xietaszangiportus
1055 2264 1281 2330 metuit,
1332 2266 1545 2320 umbras
1572 2264 1733 2335 ipsas
1776 2264 2065 2332 formidat,

471 2372 600 2413 suos
644 2357 811 2427 ipsius
856 2355 1115 2423 famulos,
1147 2357 1412 2423 conscios,
1459 2356 1676 2421 inscios,
1710 2356 1853 2411 illam
1898 2356 2066 2426 ipsam

470 2466 631 2522 quam
659 2448 916 2519 eorrupit,
969 2456 1025 2504 et
1065 2448 1240 2502 virum
1281 2463 1441 2518 quem
1485 2447 1662 2503 atl‘ecit
1700 2447 2062 2503 contumelia:

468 2541 781 2597 obambulat
821 2554 1060 2595 amarum
1106 2550 1470 2595 accusatorem
1514 2540 1894 2595 circumferens
1932 2556 2065 2596 con-

467 2633 767 2697 scientiam,
792 2646 913 2686 cum
932 2632 1000 2685 sit
1019 2646 1118 2686 suo
1136 2630 1301 2700 ipsius
1314 2631 1516 2701 judicio
1531 2630 1833 2697 damnatus,
1863 2647 1962 2688 nec
1980 2633 2066 2687 vel

468 2724 534 2777 ad
563 2724 726 2778 breve
745 2732 953 2791 tempus
979 2722 1146 2791 possit
1170 2723 1453 2791 respirare.
1478 2720 1610 2775 Nam
1636 2731 1691 2776 et
1716 2723 1768 2776 in
1792 2722 1929 2778 lecto
1945 2723 2063 2778 etin

468 2831 676 2883 mensa,
704 2825 758 2870 et
787 2816 837 2869 in
864 2814 982 2870 foro
1009 2823 1063 2869 et
1089 2817 1143 2869 in
1170 2815 1350 2881 domo,
1383 2823 1440 2870 et
1467 2815 1696 2871 interdiu
1721 2826 1775 2870 et
1800 2825 1978 2881 noctu,
2011 2824 2066 2871 et

473 2908 526 2963 in
556 2909 685 2978 ipsis
726 2906 1034 2978 frequenter
1061 2908 1282 2963 somniis
1309 2908 1425 2963 hazc
1461 2909 1752 2980 iniquitatis
1779 2910 2062 2966 simulacra

467 2998 635 3064 videt,
668 2999 939 3070 ipsiusque
963 2998 1095 3054 Cain
1128 3002 1289 3054 vitam
1317 3000 1464 3068 vivit,
1489 3015 1709 3070 gemens
1736 3015 1800 3056 ac
1829 3011 2063 3058 tremens

463 3106 628 3161 super
670 3103 890 3158 terram,
921 3107 1040 3146 cum
1070 3106 1227 3146 nemo
1257 3091 1391 3146 sciat
1420 3090 1573 3163 (Gen.
1601 3091 1685 3162 4),
1715 3091 1858 3147 intus
1886 3103 2061 3149 tamen

464 3181 628 3237 habet
658 3182 832 3253 ignem
876 3197 1088 3252 semper
1113 3192 1505 3238 coacervatum.
1537 3182 1682 3240 Idem
1711 3187 1982 3256 patiuntur
2006 3197 2062 3243 et

465 3274 554 3342 qui
583 3274 822 3343 rapinam
854 3283 1124 3340 exercent,
1171 3283 1226 3330 et
1252 3275 1342 3345 qui
1371 3274 1561 3330 fraude
1587 3275 1793 3331 lucrum
1820 3275 2057 3334 faciunt:

460 3365 643 3421 hocet
681 3366 899 3431 ebriosi,
956 3366 1008 3420 in
1059 3382 1269 3421 summa
1316 3376 1576 3437 quotquot
1604 3369 1657 3423 in
1708 3371 1936 3438 peccatis
1981 3371 2062 3426 vi-

462 3467 612 3512 vunt.
657 3457 844 3527 Neque
872 3457 1013 3513 enim
1046 3458 1151 3512 ulla
1192 3459 1400 3514 ratione
1430 3459 1691 3529 judicium
1721 3462 1848 3518 illud
1886 3473 2060 3533 potest

460 3549 750 3618 corrumpi.
795 3547 905 3604 lmo
934 3548 1142 3603 etiamsi
1170 3564 1275 3603 non
1301 3559 1573 3605 sectemur
1610 3551 1876 3617 virtutem,
1909 3553 2061 3609 dole-

459 3655 581 3696 mus
604 3651 778 3695 tamen
805 3655 871 3696 eo
893 3640 1035 3710 quod
1059 3655 1178 3695 eam
1200 3658 1304 3697 non
1330 3642 1669 3712 assequimur
1693 3661 1709 3698 :
1738 3656 1793 3700 et
1816 3645 1941 3701 licet
1958 3647 2057 3701 im-

460 3731 779 3801 probitatem
809 3740 1110 3800 sectemur,
1125 3740 1302 3788 tamen
1324 3743 1570 3790 cessante
1606 3736 1872 3806 voluptate
1896 3753 2054 3807 quam

458 3836 526 3876 ex
573 3830 796 3893 peccato
844 3822 1204 3892 percipimus,
1255 3824 1518 3881 sentimus
1563 3826 1825 3883 dolorem.
1875 3828 2055 3899 Itaque

458 3930 527 3970 ne
550 3914 840 3970 dixerimus
869 3914 937 3970 de
975 3914 1227 3971 divitibus
1253 3914 1341 3971 hic
1380 3917 1622 3987 improbe
1650 3919 1967 3988 viventibus,
2000 3932 2056 3977 et

458 4007 529 4064 de
573 4008 733 4078 justis
775 4008 885 4064 illic
924 4007 1178 4063 felicitate
1223 4008 1538 4076 fruentibus,
1584 4010 1725 4082 quod
1773 4029 1937 4068 unum
1984 4014 2055 4070 sit

459 4114 643 4165 unum,
674 4098 768 4154 sed
794 4098 937 4170 quod
965 4099 1073 4155 duo
1113 4100 1219 4155 sint
1242 4101 1394 4156 nihil.
1421 4102 1858 4174 Quandoquidem
1894 4106 2052 4177 justis

454 4202 510 4249 et
532 4207 595 4247 ea
621 4206 741 4261 qua:
770 4190 879 4246 illic
900 4201 1045 4256 sunt,
1074 4202 1127 4246 et
1152 4207 1215 4247 ea
1239 4209 1359 4264 quae
1384 4192 1473 4248 hic
1498 4205 1641 4262 sunt,
1664 4197 1883 4252 multam
1915 4214 2052 4269 pra:-

454 4286 583 4340 bcnt
610 4284 936 4354 voluptatem
962 4303 975 4339 :
1004 4285 1094 4356 qui
1143 4301 1271 4342 vero
1296 4287 1349 4340 in
1397 4289 1630 4358 nequitia
1659 4298 1715 4344 et
1754 4289 1938 4347 fraude
1965 4293 2049 4348 vi-

454 4388 563 4434 tam
585 4389 765 4450 agunt,
783 4389 839 4451 et
867 4379 953 4435 hic
977 4391 1031 4435 et
1058 4380 1164 4435 illic
1189 4381 1480 4451 puniuntur
1505 4399 1519 4436 :
1554 4382 1641 4438 hic
1656 4383 2044 4442 discruciantur

452 4450 852 4539 exspectatione
876 4471 1119 4540 supplicii
1150 4450 1256 4527 illic
1281 4471 1464 4537 futuri,
1493 4471 1687 4530 deinde
1723 4476 1862 4531 mala
1885 4492 2047 4548 quam

451 4563 521 4616 ab
563 4563 809 4620 omnibus
852 4562 1031 4618 ferunt
1069 4563 1339 4632 opinione,
1385 4575 1640 4634 praeterea
1680 4568 1822 4638 quod
1871 4568 2045 4639 ipsum

450 4652 612 4708 etiam
638 4662 912 4723 peccatum
931 4653 1163 4708 animam
1185 4655 1419 4724 ipsorum
1446 4659 1740 4729 corrumpit
1771 4677 1784 4714 :
1815 4659 2045 4731 denique

451 4753 730 4815 postquam
745 4744 870 4800 hinc
889 4744 1109 4815 profecti
1125 4756 1268 4812 sunt,
1301 4748 1653 4807 intolerabilia
1676 4754 2046 4823 perpetiuntur

450 4834 731 4906 supplicia.
760 4836 989 4893 Rursum
1014 4835 1142 4907 justi
1184 4838 1392 4894 etiamsi
1423 4840 1511 4894 hic
1541 4841 1816 4898 innumera
1847 4859 2043 4916 perpe-

449 4927 649 4982 tiantur
663 4927 876 4995 acerba,
895 4928 1146 4998 quoniam
1168 4928 1308 4984 bona
1328 4946 1452 5001 spes
1470 4931 1564 4987 alit
1582 4933 1723 4997 illos,
1739 4934 2042 5010 habentque

447 5021 775 5090 voluptatem
804 5035 1013 5091 puram,
1046 5020 1276 5087 limam,
1303 5034 1358 5078 et
1403 5023 1670 5093 stabilem,
1717 5027 1877 5083 etiam
1922 5044 2043 5103 post

448 5114 583 5180 haec,
609 5114 887 5171 innumera
928 5114 1049 5169 illos
1076 5116 1348 5186 excipiunt
1390 5116 1547 5182 bona,
1591 5120 2040 5190 quemadmodum

452 5219 508 5268 et
526 5207 729 5264 Lazaro
754 5208 966 5264 accidit.
998 5206 1108 5264 Nec
1132 5209 1275 5265 enim
1314 5208 1491 5265 isthuc
1517 5211 1646 5267 mihi
1672 5212 1893 5280 dixeris,
1924 5227 2041 5273 erat

446 5301 742 5368 ulcerosus,
772 5316 959 5356 verum
988 5300 1120 5356 illud
1166 5301 1462 5367 considera,
1492 5305 1634 5375 quod
1676 5308 1866 5377 quovis
1909 5326 2038 5366 auro

446 5394 817 5464 pretiOsiorcm
848 5395 993 5450 intus
1021 5394 1251 5451 habebat
1287 5397 1519 5452 animam
1542 5441 1556 5463 ,
1590 5399 1698 5455 imo
1724 5402 1903 5458 verius
1931 5419 2037 5460 non

445 5487 676 5541 animam
708 5496 933 5551 tantum,
963 5502 1149 5542 verum
1194 5488 1354 5543 etiam
1399 5505 1595 5561 corpus
1640 5493 1825 5563 ipsius.
1858 5495 2037 5551 Virtus

447 5579 589 5631 enim
614 5579 854 5650 corporis
881 5593 987 5634 non
1015 5590 1098 5636 est
1120 5579 1354 5636 obesitas
1376 5581 1618 5653 bonaque
1646 5584 1918 5655 habitudo,
1940 5588 2036 5644 sed

451 5678 622 5724 tantos
666 5687 729 5727 ac
757 5672 891 5728 tales
920 5672 1059 5729 ferre
1101 5674 1389 5729 cruciatus.
1416 5675 1530 5732 Non
1570 5678 1713 5734 enim
1753 5681 1798 5735 si
1822 5682 1940 5751 quis
1984 5683 2037 5738 in

450 5773 672 5829 corpore
699 5772 867 5834 gestet
908 5765 1031 5820 talia
1056 5764 1271 5822 vulnera
1300 5767 1681 5827 abominandus
1724 5783 1823 5839 est,
1854 5789 2035 5831 verum

1254 305 1310 363 S.
1349 304 1626 363 JOANNlS
1660 300 2135 360 CllRYSOSTOMI
2171 303 2491 361 ARClllEP.
2532 306 3067 367 CONSTANTINOP.

3674 310 3772 369 980

2189 420 2234 475 si
2258 423 2377 493 quis
2403 424 2454 478 in
2479 425 2657 480 animo
2684 427 2958 485 innumera
2986 431 3187 488 habens
3216 434 3414 501 ulcera,
3442 438 3644 495 nullam
3666 440 3777 499 illo-

2183 528 2303 567 rum
2331 528 2514 569 curam
2544 528 2697 587 agat,
2730 518 2775 572 is
2800 520 3183 577 abominandus
3212 536 3315 590 est,
3347 529 3521 595 qualis
3545 541 3664 586 erat
3691 532 3775 589 ille

2182 604 2350 668 dives,
2386 606 2527 661 intus
2554 618 2695 664 totus
2723 611 3015 666 ulcerosus.
3047 616 3105 669 Et
3144 620 3595 695 quemadmodum
3621 638 3775 681 ames

2184 695 2339 764 hujus
2367 698 2638 768 lingebant
2678 701 2917 767 vulnera,
2959 706 3038 759 sic
3065 715 3119 761 et
3144 706 3421 766 daemones
3464 712 3607 768 illius
3651 730 3774 786 pce-

2181 798 2297 842 cata
2330 806 2344 841 :
2376 801 2431 845 et
2456 793 2904 860 quemadmodum
2937 796 3023 852 hic
3048 798 3099 853 in
3148 800 3287 856 fame
3327 803 3454 869 cibi,
3483 806 3554 859 ita
3596 807 3684 862 ille
3723 809 3773 865 in

2182 878 2321 934 fame
2346 885 2520 935 omnis
2563 883 2773 940 virtutis
2802 888 3029 943 vivebat.

2254 971 2340 1025 12.
2370 972 2494 1028 lla-c
2515 974 2673 1043 igitur
2691 978 2868 1032 omnia
2889 994 3011 1034 cum
3034 980 3288 1050 sciamus,
3318 984 3769 1059 philosophemur,

2182 1076 2356 1131 neque
2380 1062 2620 1121 dicamus
2644 1084 2657 1119 :
2681 1068 2726 1122 si
2754 1068 2901 1123 illum
2930 1071 3069 1127 Deus
3089 1086 3342 1140 amasset,
3368 1075 3770 1151 haudquaquam

2181 1168 2303 1208 eum
2352 1170 2638 1225 pauperem
2677 1174 2798 1216 esse
2828 1176 3017 1231 passus
3060 1163 3264 1222 fuisset.
3310 1167 3445 1223 Nam
3475 1169 3578 1227 hoc
3604 1173 3770 1243 ipsum

2180 1243 2394 1313 quidem
2423 1248 2716 1304 maximum
2747 1261 2829 1306 est
2858 1252 3157 1311 dilectionis
3186 1269 3578 1329 argumentum.
3614 1265 3770 1329 Quem

2179 1335 2313 1390 enim
2338 1337 2502 1409 diligit
2524 1338 2679 1408 Deus,
2702 1345 2935 1416 castigat,
2956 1348 3184 1419 ﬂagellat
3202 1360 3370 1405 autem
3384 1368 3581 1408 omnem
3610 1356 3771 1424 [ilium

2178 1443 2326 1496 quem
2351 1430 2525 1501 recipit
2552 1431 2733 1502 (Hebr.
2764 1434 2852 1493 12.
2879 1438 2953 1507 6).
2978 1438 3048 1493 Et
3073 1455 3257 1496 rursus
3287 1459 3302 1496 :
3330 1440 3455 1511 Fili,
3484 1448 3535 1498 si
3557 1462 3767 1503 accesse-

2178 1520 2250 1574 ris
2276 1521 2346 1575 ad
2372 1524 2691 1581 serviendum
2727 1527 2967 1599 Domino,
3010 1550 3245 1604 prcepara
3272 1537 3497 1591 animam
3541 1548 3680 1594 tuam
3704 1542 3766 1595 ad

2177 1613 2520 1681 tentationem,
2552 1617 2713 1688 dirige
2733 1635 2822 1673 cor
2847 1630 2988 1676 tuum
3023 1640 3083 1677 ac
3109 1641 3366 1693 persevera
3384 1627 3579 1700 '(Eccli.
3602 1631 3657 1685 2.
3694 1633 3764 1703 l).

2176 1703 2468 1775 Ejiciamus
2495 1709 2678 1779 igitur,
2706 1711 3055 1780 dilectissimi,
3085 1716 3214 1772 istas
3257 1734 3614 1791 supervacuas
3652 1724 3764 1794 opi-

2177 1796 2383 1866 niones,
2417 1800 2761 1873 vulgariaque
2782 1805 3267 1863 iStiusmodi'dicta.
3298 1809 3583 1879 Turpitudo
3605 1815 3761 1880 enim,

2175 1888 2365 1959 inquit,
2395 1908 2456 1945 ac
2479 1894 2848 1966 stultiloquium
2877 1909 2923 1953 et
2947 1902 3229 1956 scurrilitas
3252 1920 3315 1957 ne
3338 1904 3583 1975 prodeant
3601 1924 3664 1960 ex
3687 1925 3760 1962 ore

2174 1990 2338 2035 vestro
2386 1980 2601 2054 (Ephes.
2633 1987 2686 2043 5.
2716 1987 2795 2059 4).
2828 1989 2937 2045 Nec
2981 1992 3077 2063 ipsi
3128 1994 3247 2048 talia
3293 1996 3576 2066 loquamur
3606 2016 3619 2051 :
3647 2008 3699 2054 et
3722 1998 3759 2054 si

2174 2069 2307 2125 alios
2331 2071 2603 2130 videamus
2623 2077 2743 2131 talia
2766 2078 3066 2150 loquentes,
3086 2083 3396 2141 obturemus
3419 2089 3521 2143 illis
3543 2102 3626 2155 os,
3643 2105 3754 2145 con-

2175 2170 2255 2217 tra
2285 2163 2621 2236 insurgamus
2647 2170 2860 2237 acriter,
2889 2173 3236 2231 cohibeamus
3259 2194 3443 2234 eorum
3488 2182 3756 2252 impuden-

2178 2262 2283 2308 tem
2315 2256 2568 2327 linguam.
2615 2261 2726 2330 Age
2771 2263 2815 2316 si
2841 2281 2998 2334 quem
3032 2267 3254 2324 vidisses
3278 2270 3541 2328 latrocinii
3575 2275 3756 2344 princi-

2173 2361 2293 2416 pem
2313 2362 2646 2417 grassantem
2675 2357 2914 2425 pervias,
2935 2363 3375 2428 praetereuntibus
3402 2365 3754 2433 insidiantem,

2171 2454 2234 2495 ea
2260 2458 2377 2511 qua:
2397 2453 2521 2500 sunt
2546 2446 2597 2500 in
2623 2449 2764 2518 agris
2784 2452 3100 2520 rapientem,
3124 2456 3174 2509 in
3201 2458 3481 2525 speluncas
3498 2476 3561 2515 ac
3587 2461 3758 2519 foveas

2171 2533 2549 2593 subterraneas
2577 2554 2764 2596 aurum
2791 2552 2845 2597 et
2867 2555 3142 2614 argentum
3164 2548 3544 2619 dcfodientem,
3571 2570 3633 2609 ac
3658 2556 3756 2610 illic

2170 2624 2335 2680 multa
2366 2630 2727 2687 recludentem
2745 2648 3007 2702 armenta,
3031 2649 3205 2696 vestes
3227 2657 3292 2696 ac
3319 2647 3579 2715 mancipia
3600 2650 3756 2704 multa

2170 2732 2234 2771 ex
2262 2717 2657 2779 incursionibus
2675 2725 2776 2782 illis
2803 2729 3188 2799 possidentem,
3217 2750 3314 2804 age
3339 2736 3424 2792 die
3453 2740 3602 2808 mihi,
3634 2758 3754 2796 num

2170 2810 2317 2866 illum
2362 2814 2574 2871 beatum
2602 2818 2810 2876 dice-tes
2852 2835 3069 2893 propter
3094 2826 3303 2884 divitias
3330 2830 3449 2884 illas
3475 2847 3542 2885 an
3588 2837 3755 2904 potius

2167 2907 2425 2963 miserum
2449 2912 2770 2980 praedicares
2786 2926 3004 2987 propter
3020 2920 3337 2990 supplicium
3358 2924 3436 2979 illi
3458 2930 3758 2982 venturum?

2166 3000 2328 3069 Atqui
2368 2999 2607 3059 nondum
2655 3010 3076 3078 comprehensus
3114 3024 3215 3078 est,
3266 3031 3441 3087 neque
3474 3020 3525 3073 in
3571 3038 3757 3077 manus

2161 3090 2358 3161 judicis
2406 3094 2649 3162 traditus,
2700 3113 2802 3154 nec
2843 3100 2894 3154 in
2941 3117 3207 3159 carcerem
3249 3107 3544 3177 conjectus,
3588 3129 3756 3181 neque

2163 3192 2529 3242 accusatorem
2554 3186 2757 3256 habuit,
2785 3206 2956 3261 neque
2983 3195 3033 3247 in
3061 3194 3321 3264 judicium
3346 3203 3513 3264 venit,
3546 3205 3640 3259 sed
3665 3205 3754 3259 de-

2166 3279 2302 3334 liciis
2346 3280 2617 3352 indulget,
2664 3284 2993 3353 inebriatur,
3036 3289 3305 3361 multaque
3348 3309 3526 3350 rerum
3572 3298 3755 3353 fruitur

2162 3368 2457 3426 afﬂuentia.
2487 3375 2737 3430 Attamen
2782 3392 2888 3431 non
2932 3388 3152 3450 propter
3198 3368 3503 3452 praesentia,
3535 3405 3752 3459 qua-que

2162 3461 2446 3530 videntur,
2493 3464 2797 3533 judicamus
2867 3468 3276 3529 illum‘beatum
3327 3494 3340 3532 :
3387 3479 3481 3532 sed
3538 3494 3752 3551 propter

2163 3554 2358 3622 futura,
2407 3571 2629 3627 quaeque
2673 3558 2972 3627 imminent,
3005 3562 3151 3618 illum
3196 3566 3448 3624 miserum
3493 3574 3748 3641 pradica-

2160 3661 2213 3700 m
2221 3661 2302 3702 ιιε.

2233 3739 2384 3796 Dives
2409 3742 2611 3811 iniquus
2640 3745 2789 3799 latro.
2820 3778 2893 3787 —
2915 3748 3027 3805 Hoc
3074 3752 3201 3807 item
3244 3763 3299 3810 et
3325 3756 3393 3813 de
3418 3757 3673 3815 divitibus
3696 3770 3748 3816 et

2158 3831 2228 3888 de
2254 3834 2430 3888 avaris
2457 3837 2651 3906 cogita.
2685 3838 2942 3896 Latrones
2984 3844 3216 3914 quipiam
3258 3858 3402 3913 sunt,
3448 3850 3565 3906 vias
3600 3852 3744 3908 obsi-

2159 3924 2370 3994 dentes,
2402 3944 2489 3983 res
2515 3934 2945 3998 prsetereuntium
2972 3942 3260 4008 rapientes,
3285 3942 3429 3997 velut
3454 3944 3505 3999 in
3535 3946 3748 4015 Spelun-

2158 4020 2238 4074 cis
2257 4034 2319 4075 ac
2340 4018 2508 4075 foveis
2521 4022 2902 4089 subterraneis,
2917 4028 3144 4084 aliorum
3168 4032 3443 4089 facultates
3462 4036 3513 4090 iu
3533 4039 3647 4093 suis
3661 4054 3747 4094 cu-

2158 4109 2347 4165 biculis
2365 4111 2717 4170 defodientes.
2735 4115 2813 4172 Ne
2835 4119 2991 4188 igitur
3010 4120 3193 4176 beatos
3212 4123 3450 4182 dicamus
3471 4128 3590 4184 illos
3616 4145 3748 4200 pro-

2156 4216 2274 4271 pter
2290 4207 2593 4274 przesentia,
2609 4209 2703 4263 sed
2721 4210 2946 4267 miseros
2960 4224 3176 4284 propter
3191 4215 3389 4283 futura,
3411 4230 3628 4289 propter
3647 4222 3748 4278 for-

2156 4298 2466 4353 midandum
2487 4299 2615 4355 illud
2635 4300 2916 4371 judicium,
2938 4316 3158 4376 propter
3181 4307 3513 4367 inevitabiles
3537 4329 3741 4383 pinnas,

2153 4398 2373 4460 propter
2390 4393 2636 4447 tenebras
2651 4395 2964 4461 exteriores,
2979 4412 3098 4467 qua:
3118 4398 3263 4469 ipsos
3278 4412 3579 4473 exceptura:
3596 4416 3741 4461 sunt.

2152 4479 2284 4535 Nam
2308 4480 2542 4539 latrones
2557 4483 2772 4553 quidem
2797 4484 3105 4557 frequenter
3118 4505 3183 4545 ex
3205 4491 3479 4549 hominum
3497 4498 3745 4555 manibus

2152 4570 2323 4641 elapsi
2371 4583 2537 4639 sunt,
2587 4575 2933 4636 nihilominus
2978 4593 3101 4636 cum
3152 4582 3255 4639 hoc
3294 4588 3562 4655 sciamus,
3610 4602 3669 4647 et
3712 4609 3743 4648 a

2152 4662 2308 4719 nobis
2354 4665 2482 4736 ipsis
2524 4666 2877 4738 deprecamur
2912 4682 2967 4727 et
3005 4674 3074 4729 ab
3103 4674 3342 4733 hostibus
3384 4678 3745 4750 imprecantur

2151 4754 2376 4811 istorum
2405 4759 2588 4825 vitam,
2618 4776 2722 4815 una
2746 4776 2867 4818 cum
2892 4766 3206 4823 exsecrabili
3237 4785 3415 4826 rerum
3442 4777 3616 4843 copia.
3648 4780 3742 4832 At-

2149 4846 2244 4916 qui
2272 4848 2372 4904 sub
2398 4849 2508 4904 Deo
2529 4866 2634 4904 non
2665 4852 2790 4908 licet
2819 4853 2957 4910 istud
2983 4856 3184 4914 dicere.
3215 4858 3404 4918 Nullus
3428 4865 3571 4918 enim
3600 4867 3741 4921 illius

2149 4938 2364 5009 effugiet
2412 4945 2753 5010 sententiam,
2799 4946 2895 5002 sed
2947 4964 3135 5005 omnes
3180 4955 3437 5021 omnino,
3484 4959 3573 5025 qui
3615 4974 3738 5013 cum

2149 5030 2425 5088 fraudibus
2448 5044 2500 5089 et
2527 5036 2724 5105 rapinis
2750 5037 2953 5103 vivunt,
2987 5040 3082 5097 Dei
3108 5042 3391 5099 vindictam
3417 5048 3515 5101 sibi
3558 5065 3741 5105 accer-

2148 5133 2274 5178 sunt
2301 5124 2442 5179 illam
2487 5125 2842 5183 immortalem
2885 5130 3096 5201 liueque
3149 5148 3440 5203 carentem,
3483 5145 3739 5209 quemad-

2148 5216 2365 5272 modum
2403 5225 2459 5272 et
2484 5216 2634 5273 dives
2676 5219 2788 5276 ille.
2835 5221 2965 5290 Qua:
3003 5224 3216 5293 quidem
3247 5229 3424 5282 omnia
3469 5232 3608 5300 apud
3635 5249 3737 5289 nos

2150 5308 2295 5378 ipsos
2337 5309 2695 5378 conferentes,
2738 5312 3088 5383 dilectissimi,
3137 5333 3203 5373 ne
3231 5316 3412 5376 beatos
3437 5321 3737 5391 judicemus

2147 5404 2236 5475 qui
2264 5404 2482 5471 divitiis,
2528 5404 2624 5461 sed
2651 5407 2741 5476 qui
2769 5408 2964 5464 virtute
3010 5411 3212 5479 pnediti
3239 5424 3363 5467 sunt
3392 5433 3404 5466 :
3434 5432 3605 5485 neque
3630 5419 3735 5471 mi-

2146 5510 2297 5552 seros
2322 5495 2583 5562 dicamus,
2608 5498 2698 5568 qui
2722 5499 2921 5569 degunt
2946 5502 2996 5554 in
3020 5514 3348 5572 paupertate,
3378 5506 3471 5560 sed
3500 5508 3733 5576 quicum

2148 5589 2488 5660 improbitate
2519 5607 2537 5648 :
2567 5607 2636 5646 ne
2672 5594 2956 5661 praesentia
3007 5596 3384 5665 respiciamus,
3416 5598 3510 5652 sed
3558 5598 3731 5655 futura

2148 5682 2536 5753 prospiciamus
2565 5702 2577 5736 :
2608 5699 2677 5739 ne
2719 5694 2999 5741 externum
3039 5687 3312 5751 amictum,
3357 5688 3448 5744 sed
3476 5690 3733 5759 cujusque

2149 5777 2531 5833 conscientiam
2563 5780 2958 5848 examinemus;
2995 5793 3364 5855 sectantesque
3392 5786 3637 5841 virtutem
3670 5798 3732 5838 ac
