  <div class='ocr_page' id='page_1' title='image "/cluster/home/n/w/nwhite01/storage/ocr_20150623/48:no.1:pt.2/coo.31924054869478/458.png"; bbox 0 0 3958 6414; ppageno 0'>
   <div class='ocr_carea' id='block_1_1' title="bbox 220 501 323 560">
    <p class='ocr_par' dir='ltr' id='par_1_1' title="bbox 220 501 323 560">
     <span class='ocr_line' id='line_1_1' title="bbox 220 501 323 560; baseline 0 -1"><span class='ocrx_word' id='word_1_1' title='bbox 220 501 323 560; x_wconf 80' lang='lat'>9‘79</span> 
     </span>
    </p>
   </div>
   <div class='ocr_carea' id='block_1_2' title="bbox 227 605 1813 685">
    <p class='ocr_par' dir='ltr' id='par_1_2' title="bbox 227 605 1813 685">
     <span class='ocr_line' id='line_1_2' title="bbox 227 605 1813 685; baseline -0.007 -16"><span class='ocrx_word' id='word_1_2' title='bbox 227 615 335 674; x_wconf 67' lang='grc' dir='ltr'>τῶν</span> <span class='ocrx_word' id='word_1_3' title='bbox 375 612 722 685; x_wconf 80' lang='grc' dir='ltr'>πραγμάτων</span> <span class='ocrx_word' id='word_1_4' title='bbox 766 608 1048 680; x_wconf 87' lang='grc' dir='ltr'>ἀληθείας,</span> <span class='ocrx_word' id='word_1_5' title='bbox 1076 605 1335 662; x_wconf 90' lang='grc' dir='ltr'>τοσοῦτόν</span> <span class='ocrx_word' id='word_1_6' title='bbox 1358 608 1474 663; x_wconf 80' lang='grc' dir='ltr'>ἐστι</span> <span class='ocrx_word' id='word_1_7' title='bbox 1507 608 1608 678; x_wconf 89' lang='grc' dir='ltr'>τῆς</span> <span class='ocrx_word' id='word_1_8' title='bbox 1640 624 1813 662; x_wconf 90' lang='grc' dir='ltr'>κατα-</span> 
     </span>
    </p>
   </div>
   <div class='ocr_carea' id='block_1_3' title="bbox 225 691 1493 765">
    <p class='ocr_par' dir='ltr' id='par_1_3' title="bbox 225 691 1493 765">
     <span class='ocr_line' id='line_1_3' title="bbox 225 691 1493 765; baseline -0.005 -15"><span class='ocrx_word' id='word_1_9' title='bbox 225 697 472 758; x_wconf 85' lang='grc' dir='ltr'>στάσεως</span> <span class='ocrx_word' id='word_1_10' title='bbox 489 695 696 765; x_wconf 81' lang='grc' dir='ltr'>ταύτης</span> <span class='ocrx_word' id='word_1_11' title='bbox 717 696 812 748; x_wconf 77' lang='grc' dir='ltr'>καὶ</span> <span class='ocrx_word' id='word_1_12' title='bbox 846 693 950 762; x_wconf 89' lang='grc' dir='ltr'>τῆς</span> <span class='ocrx_word' id='word_1_13' title='bbox 974 694 1093 746; x_wconf 86' lang='grc' dir='ltr'>ἐκεῖ</span> <span class='ocrx_word' id='word_1_14' title='bbox 1115 691 1178 744; x_wconf 81' lang='grc' dir='ltr'>τὸ</span> <span class='ocrx_word' id='word_1_15' title='bbox 1205 691 1493 764; x_wconf 72' lang='grc' dir='ltr'>διάφορονς</span> 
     </span>
    </p>
   </div>
   <div class='ocr_carea' id='block_1_4' title="bbox 301 774 1817 848">
    <p class='ocr_par' dir='ltr' id='par_1_4' title="bbox 301 774 1817 848">
     <span class='ocr_line' id='line_1_4' title="bbox 301 774 1817 848; baseline -0.005 -15"><span class='ocrx_word' id='word_1_16' title='bbox 301 779 514 842; x_wconf 82' lang='grc' dir='ltr'>ΙἈλλως</span> <span class='ocrx_word' id='word_1_17' title='bbox 541 778 598 832; x_wconf 89' lang='grc' dir='ltr'>δὲ</span> <span class='ocrx_word' id='word_1_18' title='bbox 631 779 727 832; x_wconf 80' lang='grc' dir='ltr'>καὶ</span> <span class='ocrx_word' id='word_1_19' title='bbox 755 776 863 848; x_wconf 78' lang='grc' dir='ltr'>πρὸ</span> <span class='ocrx_word' id='word_1_20' title='bbox 884 778 983 846; x_wconf 90' lang='grc' dir='ltr'>τῆς</span> <span class='ocrx_word' id='word_1_21' title='bbox 1019 777 1139 829; x_wconf 85' lang='grc' dir='ltr'>ἐκεῖ</span> <span class='ocrx_word' id='word_1_22' title='bbox 1164 775 1457 841; x_wconf 84' lang='grc' dir='ltr'>κολάσεως,</span> <span class='ocrx_word' id='word_1_23' title='bbox 1487 774 1735 829; x_wconf 88' lang='grc' dir='ltr'>ἐντεῦθεν</span> <span class='ocrx_word' id='word_1_24' title='bbox 1765 774 1817 826; x_wconf 87' lang='grc' dir='ltr'>οί</span> 
     </span>
    </p>
   </div>
   <div class='ocr_carea' id='block_1_5' title="bbox 229 857 1813 933">
    <p class='ocr_par' dir='ltr' id='par_1_5' title="bbox 229 857 1813 933">
     <span class='ocr_line' id='line_1_5' title="bbox 229 857 1813 933; baseline -0.003 -16"><span class='ocrx_word' id='word_1_25' title='bbox 229 862 656 933; x_wconf 89' lang='grc' dir='ltr'>πονηρευόμενοι</span> <span class='ocrx_word' id='word_1_26' title='bbox 686 860 782 915; x_wconf 81' lang='grc' dir='ltr'>καὶ</span> <span class='ocrx_word' id='word_1_27' title='bbox 817 861 877 914; x_wconf 84' lang='grc' dir='ltr'>ἐν</span> <span class='ocrx_word' id='word_1_28' title='bbox 902 859 1201 932; x_wconf 83' lang='grc' dir='ltr'>ἁμαρτίαις</span> <span class='ocrx_word' id='word_1_29' title='bbox 1234 858 1436 924; x_wconf 77' lang='grc' dir='ltr'>ζῶντες</span> <span class='ocrx_word' id='word_1_30' title='bbox 1476 857 1813 922; x_wconf 80' lang='grc' dir='ltr'>κολάζονται.</span> 
     </span>
    </p>
   </div>
   <div class='ocr_carea' id='block_1_6' title="bbox 231 940 1818 1017">
    <p class='ocr_par' dir='ltr' id='par_1_6' title="bbox 231 940 1818 1017">
     <span class='ocr_line' id='line_1_6' title="bbox 231 940 1818 1017; baseline -0.005 -17"><span class='ocrx_word' id='word_1_31' title='bbox 231 948 321 1017; x_wconf 82' lang='grc' dir='ltr'>Μὴ</span> <span class='ocrx_word' id='word_1_32' title='bbox 351 945 461 1016; x_wconf 90' lang='grc' dir='ltr'>γάρ</span> <span class='ocrx_word' id='word_1_33' title='bbox 494 961 585 1015; x_wconf 91' lang='grc' dir='ltr'>μοι</span> <span class='ocrx_word' id='word_1_34' title='bbox 626 944 720 997; x_wconf 80' lang='grc' dir='ltr'>τὸν</span> <span class='ocrx_word' id='word_1_35' title='bbox 770 942 1053 1016; x_wconf 76' lang='grc' dir='ltr'>τραπέζης</span> <span class='ocrx_word' id='word_1_36' title='bbox 1103 942 1446 997; x_wconf 77' lang='grc' dir='ltr'>ἀπολαύοντα</span> <span class='ocrx_word' id='word_1_37' title='bbox 1496 940 1818 1003; x_wconf 75' lang='grc' dir='ltr'>πολυτελοῦς</span> 
     </span>
    </p>
   </div>
   <div class='ocr_carea' id='block_1_7' title="bbox 232 1026 1821 1099">
    <p class='ocr_par' dir='ltr' id='par_1_7' title="bbox 232 1026 1821 1099">
     <span class='ocr_line' id='line_1_7' title="bbox 232 1026 1821 1099; baseline -0.003 -16"><span class='ocrx_word' id='word_1_38' title='bbox 232 1028 421 1092; x_wconf 69' lang='grc' dir='ltr'>ἁπλῶς</span> <span class='ocrx_word' id='word_1_39' title='bbox 451 1028 634 1099; x_wconf 71' lang='grc' dir='ltr'>εἴπῃς,</span> <span class='ocrx_word' id='word_1_40' title='bbox 669 1028 765 1080; x_wconf 77' lang='grc' dir='ltr'>καὶ</span> <span class='ocrx_word' id='word_1_41' title='bbox 796 1027 892 1080; x_wconf 75' lang='grc' dir='ltr'>τὸν</span> <span class='ocrx_word' id='word_1_42' title='bbox 939 1026 1129 1097; x_wconf 84' lang='grc' dir='ltr'>ἱμάτια</span> <span class='ocrx_word' id='word_1_43' title='bbox 1168 1026 1633 1096; x_wconf 82' lang='grc' dir='ltr'>περιϐεϐλημένον</span> <span class='ocrx_word' id='word_1_44' title='bbox 1667 1040 1821 1096; x_wconf 82' lang='grc' dir='ltr'>σηρι-</span> 
     </span>
    </p>
   </div>
   <div class='ocr_carea' id='block_1_8' title="bbox 232 1107 1819 1182">
    <p class='ocr_par' dir='ltr' id='par_1_8' title="bbox 232 1107 1819 1182">
     <span class='ocr_line' id='line_1_8' title="bbox 232 1107 1819 1182; baseline -0.003 -17"><span class='ocrx_word' id='word_1_45' title='bbox 232 1111 326 1176; x_wconf 88' lang='grc' dir='ltr'>κά,</span> <span class='ocrx_word' id='word_1_46' title='bbox 359 1111 455 1164; x_wconf 78' lang='grc' dir='ltr'>καὶ</span> <span class='ocrx_word' id='word_1_47' title='bbox 469 1110 819 1182; x_wconf 84' lang='grc' dir='ltr'>ἀνδραπόδων</span> <span class='ocrx_word' id='word_1_48' title='bbox 836 1112 1035 1179; x_wconf 81' lang='grc' dir='ltr'>ἀγέλας</span> <span class='ocrx_word' id='word_1_49' title='bbox 1063 1110 1449 1182; x_wconf 80' lang='grc' dir='ltr'>περιφέροντα,</span> <span class='ocrx_word' id='word_1_50' title='bbox 1475 1111 1571 1163; x_wconf 78' lang='grc' dir='ltr'>καὶ</span> <span class='ocrx_word' id='word_1_51' title='bbox 1599 1107 1819 1162; x_wconf 89' lang='grc' dir='ltr'>σοϐοῦν-</span> 
     </span>
    </p>
   </div>
   <div class='ocr_carea' id='block_1_9' title="bbox 230 1191 1822 1267">
    <p class='ocr_par' dir='ltr' id='par_1_9' title="bbox 230 1191 1822 1267">
     <span class='ocr_line' id='line_1_9' title="bbox 230 1191 1822 1267; baseline -0.004 -18"><span class='ocrx_word' id='word_1_52' title='bbox 230 1213 302 1251; x_wconf 89' lang='grc' dir='ltr'>τα</span> <span class='ocrx_word' id='word_1_53' title='bbox 331 1196 424 1248; x_wconf 75' lang='grc' dir='ltr'>ἐπὶ</span> <span class='ocrx_word' id='word_1_54' title='bbox 453 1195 556 1265; x_wconf 88' lang='grc' dir='ltr'>τῆς</span> <span class='ocrx_word' id='word_1_55' title='bbox 599 1196 827 1267; x_wconf 76' lang='grc' dir='ltr'>ἀγορᾶςο</span> <span class='ocrx_word' id='word_1_56' title='bbox 858 1195 975 1249; x_wconf 87' lang='grc' dir='ltr'>ἀλλ’</span> <span class='ocrx_word' id='word_1_57' title='bbox 1030 1193 1339 1258; x_wconf 85' lang='grc' dir='ltr'>ἀνάπτυξόν</span> <span class='ocrx_word' id='word_1_58' title='bbox 1389 1212 1480 1265; x_wconf 92' lang='grc' dir='ltr'>μοι</span> <span class='ocrx_word' id='word_1_59' title='bbox 1512 1192 1703 1247; x_wconf 89' lang='grc' dir='ltr'>τούτου</span> <span class='ocrx_word' id='word_1_60' title='bbox 1758 1191 1822 1243; x_wconf 75' lang='grc' dir='ltr'>τὸ</span> 
     </span>
    </p>
   </div>
   <div class='ocr_carea' id='block_1_10' title="bbox 235 1275 1821 1349">
    <p class='ocr_par' dir='ltr' id='par_1_10' title="bbox 235 1275 1821 1349">
     <span class='ocr_line' id='line_1_10' title="bbox 235 1275 1821 1349; baseline -0.003 -17"><span class='ocrx_word' id='word_1_61' title='bbox 235 1277 496 1343; x_wconf 80' lang='grc' dir='ltr'>συνειδὸς,</span> <span class='ocrx_word' id='word_1_62' title='bbox 520 1279 617 1331; x_wconf 72' lang='grc' dir='ltr'>καὶ</span> <span class='ocrx_word' id='word_1_63' title='bbox 648 1278 769 1348; x_wconf 72' lang='grc' dir='ltr'>δψει</span> <span class='ocrx_word' id='word_1_64' title='bbox 800 1278 969 1331; x_wconf 83' lang='grc' dir='ltr'>πολὺν</span> <span class='ocrx_word' id='word_1_65' title='bbox 997 1277 1209 1331; x_wconf 80' lang='grc' dir='ltr'>ἔνδοθεν</span> <span class='ocrx_word' id='word_1_66' title='bbox 1232 1275 1460 1349; x_wconf 91' lang='grc' dir='ltr'>θόρυϐον</span> <span class='ocrx_word' id='word_1_67' title='bbox 1494 1276 1603 1329; x_wconf 86' lang='grc' dir='ltr'>τῶν</span> <span class='ocrx_word' id='word_1_68' title='bbox 1642 1277 1821 1347; x_wconf 85' lang='grc' dir='ltr'>ἀμαρ-</span> 
     </span>
    </p>
   </div>
   <div class='ocr_carea' id='block_1_11' title="bbox 233 1357 1821 1432">
    <p class='ocr_par' dir='ltr' id='par_1_11' title="bbox 233 1357 1821 1432">
     <span class='ocr_line' id='line_1_11' title="bbox 233 1357 1821 1432; baseline -0.004 -17"><span class='ocrx_word' id='word_1_69' title='bbox 233 1378 300 1432; x_wconf 82' lang='grc' dir='ltr'>τη</span> <span class='ocrx_word' id='word_1_70' title='bbox 310 1362 516 1432; x_wconf 88' lang='grc' dir='ltr'>μάτων,</span> <span class='ocrx_word' id='word_1_71' title='bbox 534 1360 698 1431; x_wconf 89' lang='grc' dir='ltr'>φόϐον</span> <span class='ocrx_word' id='word_1_72' title='bbox 725 1360 972 1431; x_wconf 80' lang='grc' dir='ltr'>διηνεκῆ,</span> <span class='ocrx_word' id='word_1_73' title='bbox 989 1359 1258 1432; x_wconf 87' lang='grc' dir='ltr'>χειμῶνα,</span> <span class='ocrx_word' id='word_1_74' title='bbox 1286 1358 1553 1431; x_wconf 80' lang='grc' dir='ltr'>ταραχὴν,</span> <span class='ocrx_word' id='word_1_75' title='bbox 1570 1357 1821 1428; x_wconf 89' lang='grc' dir='ltr'>καθάπερ</span> 
     </span>
    </p>
   </div>
   <div class='ocr_carea' id='block_1_12' title="bbox 234 1441 1821 1518">
    <p class='ocr_par' dir='ltr' id='par_1_12' title="bbox 234 1441 1821 1518">
     <span class='ocr_line' id='line_1_12' title="bbox 234 1441 1821 1518; baseline -0.003 -19"><span class='ocrx_word' id='word_1_76' title='bbox 234 1449 295 1499; x_wconf 81' lang='grc' dir='ltr'>ἐν</span> <span class='ocrx_word' id='word_1_77' title='bbox 313 1445 652 1518; x_wconf 76' lang='grc' dir='ltr'>δικαστηρίῳ</span> <span class='ocrx_word' id='word_1_78' title='bbox 671 1444 763 1499; x_wconf 82' lang='grc' dir='ltr'>τὸν</span> <span class='ocrx_word' id='word_1_79' title='bbox 796 1445 921 1500; x_wconf 90' lang='grc' dir='ltr'>νοῦν</span> <span class='ocrx_word' id='word_1_80' title='bbox 942 1445 1035 1498; x_wconf 74' lang='grc' dir='ltr'>ἐπὶ</span> <span class='ocrx_word' id='word_1_81' title='bbox 1080 1444 1173 1497; x_wconf 85' lang='grc' dir='ltr'>τὸν</span> <span class='ocrx_word' id='word_1_82' title='bbox 1198 1443 1387 1513; x_wconf 85' lang='grc' dir='ltr'>θρόνον</span> <span class='ocrx_word' id='word_1_83' title='bbox 1422 1442 1701 1497; x_wconf 83' lang='grc' dir='ltr'>ἀναϐάντα</span> <span class='ocrx_word' id='word_1_84' title='bbox 1729 1441 1821 1495; x_wconf 75' lang='grc' dir='ltr'>τὸν</span> 
     </span>
    </p>
   </div>
   <div class='ocr_carea' id='block_1_13' title="bbox 239 1525 1822 1598">
    <p class='ocr_par' dir='ltr' id='par_1_13' title="bbox 239 1525 1822 1598">
     <span class='ocr_line' id='line_1_13' title="bbox 239 1525 1822 1598; baseline -0.003 -16"><span class='ocrx_word' id='word_1_85' title='bbox 239 1527 519 1598; x_wconf 81' lang='grc' dir='ltr'>βασιλικὸν</span> <span class='ocrx_word' id='word_1_86' title='bbox 542 1536 570 1569; x_wconf 69' lang='grc' dir='ltr'>α</span> <span class='ocrx_word' id='word_1_87' title='bbox 605 1527 700 1582; x_wconf 90' lang='grc' dir='ltr'>τοῦ</span> <span class='ocrx_word' id='word_1_88' title='bbox 720 1529 1045 1593; x_wconf 83' lang='grc' dir='ltr'>συνειδότος,</span> <span class='ocrx_word' id='word_1_89' title='bbox 1075 1528 1171 1581; x_wconf 74' lang='grc' dir='ltr'>καὶ</span> <span class='ocrx_word' id='word_1_90' title='bbox 1190 1526 1382 1598; x_wconf 83' lang='grc' dir='ltr'>ὥσπερ</span> <span class='ocrx_word' id='word_1_91' title='bbox 1406 1525 1528 1580; x_wconf 76' lang='grc' dir='ltr'>τινὰ</span> <span class='ocrx_word' id='word_1_92' title='bbox 1559 1525 1822 1596; x_wconf 86' lang='grc' dir='ltr'>δικαστὴν</span> 
     </span>
    </p>
   </div>
   <div class='ocr_carea' id='block_1_14' title="bbox 237 1607 1822 1684">
    <p class='ocr_par' dir='ltr' id='par_1_14' title="bbox 237 1607 1822 1684">
     <span class='ocr_line' id='line_1_14' title="bbox 237 1607 1822 1684; baseline -0.004 -18"><span class='ocrx_word' id='word_1_93' title='bbox 237 1612 576 1684; x_wconf 84' lang='grc' dir='ltr'>καθήμενον,</span> <span class='ocrx_word' id='word_1_94' title='bbox 596 1613 691 1667; x_wconf 70' lang='grc' dir='ltr'>καὶ</span> <span class='ocrx_word' id='word_1_95' title='bbox 720 1614 846 1676; x_wconf 83' lang='grc' dir='ltr'>τοὺς</span> <span class='ocrx_word' id='word_1_96' title='bbox 861 1612 1158 1683; x_wconf 83' lang='grc' dir='ltr'>λογισμοὺς</span> <span class='ocrx_word' id='word_1_97' title='bbox 1178 1609 1550 1682; x_wconf 84' lang='grc' dir='ltr'>παριστῶντα,</span> <span class='ocrx_word' id='word_1_98' title='bbox 1568 1607 1822 1677; x_wconf 89' lang='grc' dir='ltr'>καθάπερ</span> 
     </span>
    </p>
   </div>
   <div class='ocr_carea' id='block_1_15' title="bbox 237 1688 1823 1767">
    <p class='ocr_par' dir='ltr' id='par_1_15' title="bbox 237 1688 1823 1767">
     <span class='ocr_line' id='line_1_15' title="bbox 237 1688 1823 1767; baseline -0.004 -18"><span class='ocrx_word' id='word_1_99' title='bbox 237 1695 493 1767; x_wconf 81' lang='grc' dir='ltr'>δημίους,</span> <span class='ocrx_word' id='word_1_100' title='bbox 530 1696 627 1750; x_wconf 75' lang='grc' dir='ltr'>καὶ</span> <span class='ocrx_word' id='word_1_101' title='bbox 654 1694 975 1766; x_wconf 89' lang='grc' dir='ltr'>ἀναρτῶντα</span> <span class='ocrx_word' id='word_1_102' title='bbox 1010 1695 1111 1766; x_wconf 87' lang='grc' dir='ltr'>τὴν</span> <span class='ocrx_word' id='word_1_103' title='bbox 1140 1693 1400 1758; x_wconf 81' lang='grc' dir='ltr'>διάνοιαν,</span> <span class='ocrx_word' id='word_1_104' title='bbox 1435 1694 1530 1746; x_wconf 74' lang='grc' dir='ltr'>καὶ</span> <span class='ocrx_word' id='word_1_105' title='bbox 1573 1688 1823 1756; x_wconf 82' lang='grc' dir='ltr'>καταξαί-</span> 
     </span>
    </p>
   </div>
   <div class='ocr_carea' id='block_1_16' title="bbox 240 1772 1823 1851">
    <p class='ocr_par' dir='ltr' id='par_1_16' title="bbox 240 1772 1823 1851">
     <span class='ocr_line' id='line_1_16' title="bbox 240 1772 1823 1851; baseline -0.003 -18"><span class='ocrx_word' id='word_1_106' title='bbox 240 1796 398 1833; x_wconf 89' lang='grc' dir='ltr'>νοντα</span> <span class='ocrx_word' id='word_1_107' title='bbox 414 1779 554 1851; x_wconf 84' lang='grc' dir='ltr'>ὑπὲρ</span> <span class='ocrx_word' id='word_1_108' title='bbox 582 1777 1132 1850; x_wconf 83' lang='grc' dir='ltr'>τῶνήμαρτημένων,</span> <span class='ocrx_word' id='word_1_109' title='bbox 1159 1777 1253 1830; x_wconf 78' lang='grc' dir='ltr'>καὶ</span> <span class='ocrx_word' id='word_1_110' title='bbox 1282 1774 1562 1847; x_wconf 84' lang='grc' dir='ltr'>ἐμϐοῶντα</span> <span class='ocrx_word' id='word_1_111' title='bbox 1590 1772 1823 1846; x_wconf 88' lang='grc' dir='ltr'>μεγάλα,</span> 
     </span>
    </p>
   </div>
   <div class='ocr_carea' id='block_1_17' title="bbox 242 1856 1823 1931">
    <p class='ocr_par' dir='ltr' id='par_1_17' title="bbox 242 1856 1823 1931">
     <span class='ocr_line' id='line_1_17' title="bbox 242 1856 1823 1931; baseline -0.003 -16"><span class='ocrx_word' id='word_1_112' title='bbox 242 1861 471 1931; x_wconf 82' lang='grc' dir='ltr'>μηδενὸς</span> <span class='ocrx_word' id='word_1_113' title='bbox 505 1861 728 1926; x_wconf 77' lang='grc' dir='ltr'>εἰδότος,</span> <span class='ocrx_word' id='word_1_114' title='bbox 759 1860 875 1914; x_wconf 88' lang='grc' dir='ltr'>ἀλλ’</span> <span class='ocrx_word' id='word_1_115' title='bbox 901 1859 1053 1931; x_wconf 81' lang='grc' dir='ltr'>ἢτοῦ</span> <span class='ocrx_word' id='word_1_116' title='bbox 1081 1861 1257 1913; x_wconf 89' lang='grc' dir='ltr'>ταῦτα</span> <span class='ocrx_word' id='word_1_117' title='bbox 1301 1858 1667 1929; x_wconf 86' lang='grc' dir='ltr'>ἐπισταμένου</span> <span class='ocrx_word' id='word_1_118' title='bbox 1699 1856 1823 1928; x_wconf 74' lang='grc' dir='ltr'>βλί-</span> 
     </span>
    </p>
   </div>
   <div class='ocr_carea' id='block_1_18' title="bbox 240 1932 1823 2016">
    <p class='ocr_par' dir='ltr' id='par_1_18' title="bbox 240 1932 1823 2016">
     <span class='ocr_line' id='line_1_18' title="bbox 240 1932 1823 2016; baseline -0.003 -18"><span class='ocrx_word' id='word_1_119' title='bbox 240 1962 368 1998; x_wconf 89' lang='grc' dir='ltr'>πειν</span> <span class='ocrx_word' id='word_1_120' title='bbox 391 1945 526 1999; x_wconf 86' lang='grc' dir='ltr'>Θεοῦ</span> <span class='ocrx_word' id='word_1_121' title='bbox 556 1945 740 2016; x_wconf 87' lang='grc' dir='ltr'>μόνου.</span> <span class='ocrx_word' id='word_1_122' title='bbox 760 1932 775 1945; x_wconf 75' lang='grc'><em>’</em></span> <span class='ocrx_word' id='word_1_123' title='bbox 795 1945 908 1998; x_wconf 76' lang='grc' dir='ltr'>Καὶ</span> <span class='ocrx_word' id='word_1_124' title='bbox 940 1944 1049 2016; x_wconf 84' lang='grc' dir='ltr'>γὰρ</span> <span class='ocrx_word' id='word_1_125' title='bbox 1094 1946 1122 2011; x_wconf 81' lang='grc' dir='ltr'>ό</span> <span class='ocrx_word' id='word_1_126' title='bbox 1172 1942 1461 2015; x_wconf 84' lang='grc' dir='ltr'>μοιχεύων,</span> <span class='ocrx_word' id='word_1_127' title='bbox 1520 1942 1625 1995; x_wconf 70' lang='grc' dir='ltr'>κᾶν</span> <span class='ocrx_word' id='word_1_128' title='bbox 1671 1940 1823 2014; x_wconf 70' lang='grc'>[724]</span> 
     </span>
    </p>
   </div>
   <div class='ocr_carea' id='block_1_19' title="bbox 242 2024 1824 2102">
    <p class='ocr_par' dir='ltr' id='par_1_19' title="bbox 242 2024 1824 2102">
     <span class='ocr_line' id='line_1_19' title="bbox 242 2024 1824 2102; baseline -0.003 -21"><span class='ocrx_word' id='word_1_129' title='bbox 242 2027 506 2099; x_wconf 80' lang='grc' dir='ltr'>μυριάκις</span> <span class='ocrx_word' id='word_1_130' title='bbox 596 2026 873 2091; x_wconf 88' lang='grc' dir='ltr'>πλούσιος,</span> <span class='ocrx_word' id='word_1_131' title='bbox 904 2026 1008 2081; x_wconf 86' lang='grc' dir='ltr'>κᾶν</span> <span class='ocrx_word' id='word_1_132' title='bbox 1042 2026 1244 2098; x_wconf 78' lang='grc' dir='ltr'>μηδένα</span> <span class='ocrx_word' id='word_1_133' title='bbox 1276 2024 1682 2096; x_wconf 75' lang='grc' dir='ltr'>κατηγοροῦντα</span> <span class='ocrx_word' id='word_1_134' title='bbox 1704 2024 1824 2096; x_wconf 82' lang='grc' dir='ltr'>ἔχῃ,</span> 
     </span>
    </p>
   </div>
   <div class='ocr_carea' id='block_1_20' title="bbox 238 2107 1827 2181">
    <p class='ocr_par' dir='ltr' id='par_1_20' title="bbox 238 2107 1827 2181">
     <span class='ocr_line' id='line_1_20' title="bbox 238 2107 1827 2181; baseline -0.001 -20"><span class='ocrx_word' id='word_1_135' title='bbox 238 2112 303 2163; x_wconf 79' lang='grc' dir='ltr'>οὐ</span> <span class='ocrx_word' id='word_1_136' title='bbox 330 2110 565 2164; x_wconf 80' lang='grc' dir='ltr'>παύεται</span> <span class='ocrx_word' id='word_1_137' title='bbox 591 2110 788 2164; x_wconf 83' lang='grc' dir='ltr'>ἑαυτοῦ</span> <span class='ocrx_word' id='word_1_138' title='bbox 811 2108 1137 2181; x_wconf 88' lang='grc' dir='ltr'>κατηγορῶν</span> <span class='ocrx_word' id='word_1_139' title='bbox 1168 2108 1334 2163; x_wconf 76' lang='grc' dir='ltr'>ἔνδον⁸</span> <span class='ocrx_word' id='word_1_140' title='bbox 1369 2109 1463 2162; x_wconf 76' lang='grc' dir='ltr'>καὶ</span> <span class='ocrx_word' id='word_1_141' title='bbox 1488 2110 1520 2179; x_wconf 88' lang='grc' dir='ltr'>ή</span> <span class='ocrx_word' id='word_1_142' title='bbox 1549 2108 1646 2179; x_wconf 81' lang='grc' dir='ltr'>μὲν</span> <span class='ocrx_word' id='word_1_143' title='bbox 1667 2107 1827 2179; x_wconf 80' lang='grc' dir='ltr'>ἡδονὴ</span> 
     </span>
    </p>
   </div>
   <div class='ocr_carea' id='block_1_21' title="bbox 241 2191 1828 2265">
    <p class='ocr_par' dir='ltr' id='par_1_21' title="bbox 241 2191 1828 2265">
     <span class='ocr_line' id='line_1_21' title="bbox 241 2191 1828 2265; baseline -0.001 -19"><span class='ocrx_word' id='word_1_144' title='bbox 241 2195 604 2265; x_wconf 89' lang='grc' dir='ltr'>πρόσκαιρος,</span> <span class='ocrx_word' id='word_1_145' title='bbox 627 2195 661 2264; x_wconf 82' lang='grc' dir='ltr'><strong>ἡ</strong></span> <span class='ocrx_word' id='word_1_146' title='bbox 688 2194 746 2248; x_wconf 84' lang='grc' dir='ltr'>δὲ</span> <span class='ocrx_word' id='word_1_147' title='bbox 777 2193 940 2264; x_wconf 86' lang='grc' dir='ltr'>ὀδύνη</span> <span class='ocrx_word' id='word_1_148' title='bbox 978 2192 1254 2264; x_wconf 82' lang='grc' dir='ltr'>διηνεκὴς,</span> <span class='ocrx_word' id='word_1_149' title='bbox 1294 2192 1459 2263; x_wconf 84' lang='grc' dir='ltr'>φόϐος</span> <span class='ocrx_word' id='word_1_150' title='bbox 1489 2191 1828 2262; x_wconf 86' lang='grc' dir='ltr'>πανταχόθεν</span> 
     </span>
    </p>
   </div>
   <div class='ocr_carea' id='block_1_22' title="bbox 240 2276 1829 2348">
    <p class='ocr_par' dir='ltr' id='par_1_22' title="bbox 240 2276 1829 2348">
     <span class='ocr_line' id='line_1_22' title="bbox 240 2276 1829 2348; baseline -0.001 -18"><span class='ocrx_word' id='word_1_151' title='bbox 240 2279 341 2330; x_wconf 74' lang='grc' dir='ltr'>καὶ</span> <span class='ocrx_word' id='word_1_152' title='bbox 386 2277 609 2348; x_wconf 84' lang='grc' dir='ltr'>τρόμος,</span> <span class='ocrx_word' id='word_1_153' title='bbox 662 2278 869 2346; x_wconf 77' lang='grc' dir='ltr'>ὑποψία</span> <span class='ocrx_word' id='word_1_154' title='bbox 930 2276 1024 2331; x_wconf 76' lang='grc' dir='ltr'>καὶ</span> <span class='ocrx_word' id='word_1_155' title='bbox 1068 2276 1298 2346; x_wconf 82' lang='grc' dir='ltr'>ἀγωνία⁶</span> <span class='ocrx_word' id='word_1_156' title='bbox 1346 2276 1473 2342; x_wconf 81' lang='grc' dir='ltr'>τοὺς</span> <span class='ocrx_word' id='word_1_157' title='bbox 1521 2276 1829 2340; x_wconf 77' lang='grc' dir='ltr'>στενωποὺς</span> 
     </span>
    </p>
   </div>
   <div class='ocr_carea' id='block_1_23' title="bbox 239 2358 1827 2432">
    <p class='ocr_par' dir='ltr' id='par_1_23' title="bbox 239 2358 1827 2432">
     <span class='ocr_line' id='line_1_23' title="bbox 239 2358 1827 2432; baseline 0.001 -20"><span class='ocrx_word' id='word_1_158' title='bbox 239 2358 470 2423; x_wconf 81' lang='grc' dir='ltr'>δέδοικε,</span> <span class='ocrx_word' id='word_1_159' title='bbox 517 2362 617 2425; x_wconf 71' lang='grc' dir='ltr'>τὰς</span> <span class='ocrx_word' id='word_1_160' title='bbox 678 2361 834 2424; x_wconf 80' lang='grc' dir='ltr'>σκιάς</span> <span class='ocrx_word' id='word_1_161' title='bbox 864 2360 1035 2425; x_wconf 77' lang='grc' dir='ltr'>αὐτάς</span> <span class='ocrx_word' id='word_1_162' title='bbox 1062 2359 1275 2432; x_wconf 83' lang='grc' dir='ltr'>τρέμει,</span> <span class='ocrx_word' id='word_1_163' title='bbox 1303 2363 1428 2425; x_wconf 75' lang='grc' dir='ltr'>τοὺς</span> <span class='ocrx_word' id='word_1_164' title='bbox 1458 2361 1674 2424; x_wconf 81' lang='grc' dir='ltr'>οἰκέτας</span> <span class='ocrx_word' id='word_1_165' title='bbox 1703 2362 1827 2424; x_wconf 77' lang='grc' dir='ltr'>τοὺς</span> 
     </span>
    </p>
   </div>
   <div class='ocr_carea' id='block_1_24' title="bbox 242 2438 1827 2515">
    <p class='ocr_par' dir='ltr' id='par_1_24' title="bbox 242 2438 1827 2515">
     <span class='ocr_line' id='line_1_24' title="bbox 242 2438 1827 2515; baseline 0.003 -22"><span class='ocrx_word' id='word_1_166' title='bbox 242 2438 461 2506; x_wconf 79' lang='grc' dir='ltr'>ἑαυτοῦ,</span> <span class='ocrx_word' id='word_1_167' title='bbox 494 2441 620 2506; x_wconf 82' lang='grc' dir='ltr'>τοὺς</span> <span class='ocrx_word' id='word_1_168' title='bbox 646 2443 972 2510; x_wconf 83' lang='grc' dir='ltr'>συνειδότας,</span> <span class='ocrx_word' id='word_1_169' title='bbox 994 2444 1122 2507; x_wconf 79' lang='grc' dir='ltr'>τοὺς</span> <span class='ocrx_word' id='word_1_170' title='bbox 1145 2443 1494 2513; x_wconf 81' lang='grc' dir='ltr'>ἀγνοοῦντας,</span> <span class='ocrx_word' id='word_1_171' title='bbox 1514 2444 1611 2515; x_wconf 79' lang='grc' dir='ltr'>τὴν</span> <span class='ocrx_word' id='word_1_172' title='bbox 1640 2443 1827 2514; x_wconf 63' lang='grc' dir='ltr'>⁴ᾕδικη-</span> 
     </span>
    </p>
   </div>
   <div class='ocr_carea' id='block_1_25' title="bbox 245 2522 1821 2598">
    <p class='ocr_par' dir='ltr' id='par_1_25' title="bbox 245 2522 1821 2598">
     <span class='ocr_line' id='line_1_25' title="bbox 245 2522 1821 2598; baseline 0.001 -22"><span class='ocrx_word' id='word_1_173' title='bbox 245 2522 416 2592; x_wconf 77' lang='grc' dir='ltr'>μένην</span> <span class='ocrx_word' id='word_1_174' title='bbox 438 2524 630 2596; x_wconf 75' lang='grc' dir='ltr'>αὐτὴν,</span> <span class='ocrx_word' id='word_1_175' title='bbox 657 2525 749 2579; x_wconf 85' lang='grc' dir='ltr'>τὸν</span> <span class='ocrx_word' id='word_1_176' title='bbox 779 2526 1108 2597; x_wconf 84' lang='grc' dir='ltr'>ὑϐρισμένον</span> <span class='ocrx_word' id='word_1_177' title='bbox 1141 2526 1335 2598; x_wconf 83' lang='grc' dir='ltr'>ἄνδρα·</span> <span class='ocrx_word' id='word_1_178' title='bbox 1356 2527 1705 2598; x_wconf 84' lang='grc' dir='ltr'>περιέρχεται</span> <span class='ocrx_word' id='word_1_179' title='bbox 1736 2545 1821 2579; x_wconf 82' lang='grc' dir='ltr'>πι-</span> 
     </span>
    </p>
   </div>
   <div class='ocr_carea' id='block_1_26' title="bbox 241 2605 1830 2687">
    <p class='ocr_par' dir='ltr' id='par_1_26' title="bbox 241 2605 1830 2687">
     <span class='ocr_line' id='line_1_26' title="bbox 241 2605 1830 2687; baseline 0.004 -29"><span class='ocrx_word' id='word_1_180' title='bbox 241 2605 378 2676; x_wconf 80' lang='grc' dir='ltr'>κρὸν</span> <span class='ocrx_word' id='word_1_181' title='bbox 402 2609 707 2682; x_wconf 83' lang='grc' dir='ltr'>κατήγορον</span> <span class='ocrx_word' id='word_1_182' title='bbox 737 2610 1051 2684; x_wconf 82' lang='grc' dir='ltr'>περιφέρων</span> <span class='ocrx_word' id='word_1_183' title='bbox 1074 2610 1134 2664; x_wconf 82' lang='grc' dir='ltr'>τὸ</span> <span class='ocrx_word' id='word_1_184' title='bbox 1163 2610 1422 2687; x_wconf 71' lang='grc' dir='ltr'>συνειδὸς,</span> <span class='ocrx_word' id='word_1_185' title='bbox 1439 2610 1830 2682; x_wconf 83' lang='grc' dir='ltr'>αὐτοκατάκρι·</span> 
     </span>
    </p>
   </div>
   <div class='ocr_carea' id='block_1_27' title="bbox 242 2688 1830 2764">
    <p class='ocr_par' dir='ltr' id='par_1_27' title="bbox 242 2688 1830 2764">
     <span class='ocr_line' id='line_1_27' title="bbox 242 2688 1830 2764; baseline 0.003 -24"><span class='ocrx_word' id='word_1_186' title='bbox 242 2706 343 2751; x_wconf 86' lang='grc' dir='ltr'>τος</span> <span class='ocrx_word' id='word_1_187' title='bbox 368 2688 465 2751; x_wconf 86' lang='grc' dir='ltr'>ῶν,</span> <span class='ocrx_word' id='word_1_188' title='bbox 496 2692 590 2744; x_wconf 80' lang='grc' dir='ltr'>καὶ</span> <span class='ocrx_word' id='word_1_189' title='bbox 622 2691 743 2745; x_wconf 80' lang='grc' dir='ltr'>οὐδὲ</span> <span class='ocrx_word' id='word_1_190' title='bbox 777 2693 974 2764; x_wconf 84' lang='grc' dir='ltr'>μικρὸν</span> <span class='ocrx_word' id='word_1_191' title='bbox 1008 2692 1344 2747; x_wconf 81' lang='grc' dir='ltr'>ἀναπνεῦσαι</span> <span class='ocrx_word' id='word_1_192' title='bbox 1370 2692 1687 2763; x_wconf 85' lang='grc' dir='ltr'>δυνάμενος.</span> <span class='ocrx_word' id='word_1_193' title='bbox 1720 2694 1830 2746; x_wconf 73' lang='grc' dir='ltr'>Καὶ</span> 
     </span>
    </p>
   </div>
   <div class='ocr_carea' id='block_1_28' title="bbox 241 2771 1826 2849">
    <p class='ocr_par' dir='ltr' id='par_1_28' title="bbox 241 2771 1826 2849">
     <span class='ocr_line' id='line_1_28' title="bbox 241 2771 1826 2849; baseline 0.004 -26"><span class='ocrx_word' id='word_1_194' title='bbox 241 2771 489 2849; x_wconf 73' lang='grc' dir='ltr'>γάρκαὶ</span> <span class='ocrx_word' id='word_1_195' title='bbox 520 2773 615 2825; x_wconf 72' lang='grc' dir='ltr'>ἐπὶ</span> <span class='ocrx_word' id='word_1_196' title='bbox 647 2773 853 2845; x_wconf 87' lang='grc' dir='ltr'>κλίνης,</span> <span class='ocrx_word' id='word_1_197' title='bbox 887 2778 980 2829; x_wconf 78' lang='grc' dir='ltr'>καὶ</span> <span class='ocrx_word' id='word_1_198' title='bbox 1023 2779 1080 2830; x_wconf 88' lang='grc' dir='ltr'>ἐν</span> <span class='ocrx_word' id='word_1_199' title='bbox 1114 2776 1379 2849; x_wconf 80' lang='grc' dir='ltr'>τραπέζῃ,</span> <span class='ocrx_word' id='word_1_200' title='bbox 1413 2778 1507 2830; x_wconf 77' lang='grc' dir='ltr'>καὶ</span> <span class='ocrx_word' id='word_1_201' title='bbox 1542 2778 1600 2829; x_wconf 85' lang='grc' dir='ltr'>ἐν</span> <span class='ocrx_word' id='word_1_202' title='bbox 1630 2777 1826 2847; x_wconf 77' lang='grc' dir='ltr'>ἀγορᾷ,</span> 
     </span>
    </p>
   </div>
   <div class='ocr_carea' id='block_1_29' title="bbox 243 2855 1831 2931">
    <p class='ocr_par' dir='ltr' id='par_1_29' title="bbox 243 2855 1831 2931">
     <span class='ocr_line' id='line_1_29' title="bbox 243 2855 1831 2931; baseline 0.003 -23"><span class='ocrx_word' id='word_1_203' title='bbox 243 2855 344 2908; x_wconf 74' lang='grc' dir='ltr'>καὶ</span> <span class='ocrx_word' id='word_1_204' title='bbox 363 2857 419 2907; x_wconf 84' lang='grc' dir='ltr'>ὲν</span> <span class='ocrx_word' id='word_1_205' title='bbox 438 2856 608 2925; x_wconf 71' lang='grc' dir='ltr'>οἰκία,</span> <span class='ocrx_word' id='word_1_206' title='bbox 640 2859 733 2911; x_wconf 68' lang='grc' dir='ltr'>καὶ</span> <span class='ocrx_word' id='word_1_207' title='bbox 762 2861 817 2912; x_wconf 87' lang='grc' dir='ltr'>ἐν</span> <span class='ocrx_word' id='word_1_208' title='bbox 847 2861 1046 2931; x_wconf 77' lang='grc' dir='ltr'>ἡμέρα,</span> <span class='ocrx_word' id='word_1_209' title='bbox 1079 2863 1172 2915; x_wconf 75' lang='grc' dir='ltr'>καὶ</span> <span class='ocrx_word' id='word_1_210' title='bbox 1217 2863 1275 2915; x_wconf 86' lang='grc' dir='ltr'>ἐν</span> <span class='ocrx_word' id='word_1_211' title='bbox 1310 2863 1483 2927; x_wconf 81' lang='grc' dir='ltr'>νυκτὶ,</span> <span class='ocrx_word' id='word_1_212' title='bbox 1520 2861 1614 2914; x_wconf 76' lang='grc' dir='ltr'>καὶ</span> <span class='ocrx_word' id='word_1_213' title='bbox 1643 2862 1700 2913; x_wconf 80' lang='grc' dir='ltr'>ἐν</span> <span class='ocrx_word' id='word_1_214' title='bbox 1735 2862 1831 2913; x_wconf 87' lang='grc' dir='ltr'>αὐ-</span> 
     </span>
    </p>
   </div>
   <div class='ocr_carea' id='block_1_30' title="bbox 238 2940 1831 3016">
    <p class='ocr_par' dir='ltr' id='par_1_30' title="bbox 238 2940 1831 3016">
     <span class='ocr_line' id='line_1_30' title="bbox 238 2940 1831 3016; baseline 0.004 -26"><span class='ocrx_word' id='word_1_215' title='bbox 238 2940 359 3000; x_wconf 82' lang='grc' dir='ltr'>τοῖς</span> <span class='ocrx_word' id='word_1_216' title='bbox 379 2942 490 3003; x_wconf 86' lang='grc' dir='ltr'>τοῖς</span> <span class='ocrx_word' id='word_1_217' title='bbox 516 2941 757 3011; x_wconf 73' lang='grc' dir='ltr'>ὀνείρασι</span> <span class='ocrx_word' id='word_1_218' title='bbox 792 2943 1053 3007; x_wconf 81' lang='grc' dir='ltr'>πολλάκις</span> <span class='ocrx_word' id='word_1_219' title='bbox 1083 2945 1151 2998; x_wconf 86' lang='grc' dir='ltr'>τὰ</span> <span class='ocrx_word' id='word_1_220' title='bbox 1188 2946 1286 3016; x_wconf 88' lang='grc' dir='ltr'>τῆς</span> <span class='ocrx_word' id='word_1_221' title='bbox 1328 2945 1602 3016; x_wconf 86' lang='grc' dir='ltr'>ἁμαρτίας</span> <span class='ocrx_word' id='word_1_222' title='bbox 1635 2944 1831 2997; x_wconf 75' lang='grc' dir='ltr'>εἴδωλα</span> 
     </span>
    </p>
   </div>
   <div class='ocr_carea' id='block_1_31' title="bbox 241 3020 1832 3100">
    <p class='ocr_par' dir='ltr' id='par_1_31' title="bbox 241 3020 1832 3100">
     <span class='ocr_line' id='line_1_31' title="bbox 241 3020 1832 3100; baseline 0.006 -28"><span class='ocrx_word' id='word_1_223' title='bbox 241 3020 456 3090; x_wconf 78' lang='grc' dir='ltr'>βλέπει,</span> <span class='ocrx_word' id='word_1_224' title='bbox 490 3024 692 3078; x_wconf 74' lang='grc' dir='ltr'>καὶτὸν</span> <span class='ocrx_word' id='word_1_225' title='bbox 721 3025 815 3078; x_wconf 90' lang='grc' dir='ltr'>τοῦ</span> <span class='ocrx_word' id='word_1_226' title='bbox 846 3026 986 3079; x_wconf 85' lang='grc' dir='ltr'>Κάῖν</span> <span class='ocrx_word' id='word_1_227' title='bbox 1010 3026 1074 3098; x_wconf 79' lang='grc' dir='ltr'>ζῇ</span> <span class='ocrx_word' id='word_1_228' title='bbox 1113 3026 1248 3098; x_wconf 84' lang='grc' dir='ltr'>βίον,</span> <span class='ocrx_word' id='word_1_229' title='bbox 1276 3030 1475 3082; x_wconf 82' lang='grc' dir='ltr'>στένων</span> <span class='ocrx_word' id='word_1_230' title='bbox 1492 3029 1583 3082; x_wconf 75' lang='grc' dir='ltr'>καὶ</span> <span class='ocrx_word' id='word_1_231' title='bbox 1610 3028 1832 3100; x_wconf 86' lang='grc' dir='ltr'>τρέμων</span> 
     </span>
    </p>
   </div>
   <div class='ocr_carea' id='block_1_32' title="bbox 238 3104 1829 3185">
    <p class='ocr_par' dir='ltr' id='par_1_32' title="bbox 238 3104 1829 3185">
     <span class='ocr_line' id='line_1_32' title="bbox 238 3104 1829 3185; baseline 0.007 -31"><span class='ocrx_word' id='word_1_232' title='bbox 238 3104 341 3158; x_wconf 69' lang='grc' dir='ltr'>ἐπὶ</span> <span class='ocrx_word' id='word_1_233' title='bbox 370 3105 471 3174; x_wconf 89' lang='grc' dir='ltr'>τῆς</span> <span class='ocrx_word' id='word_1_234' title='bbox 510 3108 631 3178; x_wconf 89' lang='grc' dir='ltr'>γῆς,</span> <span class='ocrx_word' id='word_1_235' title='bbox 665 3108 760 3161; x_wconf 73' lang='grc' dir='ltr'>καὶ</span> <span class='ocrx_word' id='word_1_236' title='bbox 813 3110 1041 3180; x_wconf 84' lang='grc' dir='ltr'>μηδενὸς</span> <span class='ocrx_word' id='word_1_237' title='bbox 1066 3110 1287 3175; x_wconf 80' lang='grc' dir='ltr'>εἰδότος,</span> <span class='ocrx_word' id='word_1_238' title='bbox 1323 3112 1598 3183; x_wconf 72' lang='grc' dir='ltr'>ἕνδονὲχει</span> <span class='ocrx_word' id='word_1_239' title='bbox 1631 3113 1691 3165; x_wconf 86' lang='grc' dir='ltr'>τὸ</span> <span class='ocrx_word' id='word_1_240' title='bbox 1718 3111 1829 3185; x_wconf 86' lang='grc' dir='ltr'>πῦρ</span> 
     </span>
    </p>
   </div>
   <div class='ocr_carea' id='block_1_33' title="bbox 241 3188 1829 3266">
    <p class='ocr_par' dir='ltr' id='par_1_33' title="bbox 241 3188 1829 3266">
     <span class='ocr_line' id='line_1_33' title="bbox 241 3188 1829 3266; baseline 0.004 -25"><span class='ocrx_word' id='word_1_241' title='bbox 241 3188 661 3260; x_wconf 80' lang='grc' dir='ltr'>συνειλεγμένον</span> <span class='ocrx_word' id='word_1_242' title='bbox 692 3193 799 3247; x_wconf 86' lang='grc' dir='ltr'>ἀεί,</span> <span class='ocrx_word' id='word_1_243' title='bbox 845 3194 1016 3247; x_wconf 90' lang='grc' dir='ltr'>Τοῦτο</span> <span class='ocrx_word' id='word_1_244' title='bbox 1044 3194 1138 3247; x_wconf 75' lang='grc' dir='ltr'>καὶ</span> <span class='ocrx_word' id='word_1_245' title='bbox 1162 3197 1210 3247; x_wconf 83' lang='grc' dir='ltr'>οί</span> <span class='ocrx_word' id='word_1_246' title='bbox 1247 3195 1600 3266; x_wconf 71' lang='grc' dir='ltr'>ἁρπάζοντες,</span> <span class='ocrx_word' id='word_1_247' title='bbox 1633 3196 1727 3249; x_wconf 72' lang='grc' dir='ltr'>καὶ</span> <span class='ocrx_word' id='word_1_248' title='bbox 1782 3198 1829 3248; x_wconf 85' lang='grc' dir='ltr'>οί</span> 
     </span>
    </p>
   </div>
   <div class='ocr_carea' id='block_1_34' title="bbox 242 3273 1830 3351">
    <p class='ocr_par' dir='ltr' id='par_1_34' title="bbox 242 3273 1830 3351">
     <span class='ocr_line' id='line_1_34' title="bbox 242 3273 1830 3351; baseline 0.006 -25"><span class='ocrx_word' id='word_1_249' title='bbox 242 3273 697 3339; x_wconf 82' lang='grc' dir='ltr'>πλεονεκτοῦντες</span> <span class='ocrx_word' id='word_1_250' title='bbox 717 3278 1008 3346; x_wconf 55' lang='grc' dir='ltr'>πάσχουσα</span> <span class='ocrx_word' id='word_1_251' title='bbox 1035 3276 1196 3331; x_wconf 85' lang='grc' dir='ltr'>τοῦτο</span> <span class='ocrx_word' id='word_1_252' title='bbox 1215 3280 1307 3332; x_wconf 76' lang='grc' dir='ltr'>καὶ</span> <span class='ocrx_word' id='word_1_253' title='bbox 1326 3280 1384 3332; x_wconf 78' lang='grc' dir='ltr'>οἱ</span> <span class='ocrx_word' id='word_1_254' title='bbox 1405 3280 1718 3351; x_wconf 85' lang='grc' dir='ltr'>μεθύοντες,</span> <span class='ocrx_word' id='word_1_255' title='bbox 1737 3283 1830 3335; x_wconf 80' lang='grc' dir='ltr'>καὶ</span> 
     </span>
    </p>
   </div>
   <div class='ocr_carea' id='block_1_35' title="bbox 237 3356 1831 3436">
    <p class='ocr_par' dir='ltr' id='par_1_35' title="bbox 237 3356 1831 3436">
     <span class='ocr_line' id='line_1_35' title="bbox 237 3356 1831 3436; baseline 0.006 -26"><span class='ocrx_word' id='word_1_256' title='bbox 237 3356 477 3421; x_wconf 77' lang='grc' dir='ltr'>ἕκαστος</span> <span class='ocrx_word' id='word_1_257' title='bbox 504 3359 562 3412; x_wconf 85' lang='grc' dir='ltr'>δὲ</span> <span class='ocrx_word' id='word_1_258' title='bbox 605 3359 795 3424; x_wconf 86' lang='grc' dir='ltr'>ἁπλῶς</span> <span class='ocrx_word' id='word_1_259' title='bbox 823 3360 933 3413; x_wconf 89' lang='grc' dir='ltr'>τῶν</span> <span class='ocrx_word' id='word_1_260' title='bbox 972 3363 1031 3414; x_wconf 80' lang='grc' dir='ltr'>ἐν</span> <span class='ocrx_word' id='word_1_261' title='bbox 1081 3364 1378 3434; x_wconf 81' lang='grc' dir='ltr'>ἁμαρτίαις</span> <span class='ocrx_word' id='word_1_262' title='bbox 1414 3364 1650 3429; x_wconf 83' lang='grc' dir='ltr'>ζώντων·</span> <span class='ocrx_word' id='word_1_263' title='bbox 1687 3367 1831 3436; x_wconf 80' lang='grc' dir='ltr'>ἀμή-</span> 
     </span>
    </p>
   </div>
   <div class='ocr_carea' id='block_1_36' title="bbox 238 3441 1830 3521">
    <p class='ocr_par' dir='ltr' id='par_1_36' title="bbox 238 3441 1830 3521">
     <span class='ocr_line' id='line_1_36' title="bbox 238 3441 1830 3521; baseline 0.006 -27"><span class='ocrx_word' id='word_1_264' title='bbox 238 3457 409 3511; x_wconf 78' lang='grc' dir='ltr'>χανον</span> <span class='ocrx_word' id='word_1_265' title='bbox 432 3441 540 3514; x_wconf 83' lang='grc' dir='ltr'>γάρ</span> <span class='ocrx_word' id='word_1_266' title='bbox 570 3444 746 3497; x_wconf 84' lang='grc' dir='ltr'>ἐκεῖνο</span> <span class='ocrx_word' id='word_1_267' title='bbox 769 3444 1136 3517; x_wconf 67' lang='grc' dir='ltr'>διαφθαρῆναι</span> <span class='ocrx_word' id='word_1_268' title='bbox 1175 3448 1234 3501; x_wconf 87' lang='grc' dir='ltr'>τὸ</span> <span class='ocrx_word' id='word_1_269' title='bbox 1273 3449 1643 3521; x_wconf 79' lang='grc' dir='ltr'>δικαστήριον”</span> <span class='ocrx_word' id='word_1_270' title='bbox 1693 3450 1830 3504; x_wconf 84' lang='grc' dir='ltr'>ἀλλά</span> 
     </span>
    </p>
   </div>
   <div class='ocr_carea' id='block_1_37' title="bbox 235 3524 1831 3603">
    <p class='ocr_par' dir='ltr' id='par_1_37' title="bbox 235 3524 1831 3603">
     <span class='ocr_line' id='line_1_37' title="bbox 235 3524 1831 3603; baseline 0.008 -29"><span class='ocrx_word' id='word_1_271' title='bbox 235 3524 351 3575; x_wconf 72' lang='grc' dir='ltr'>κᾶν</span> <span class='ocrx_word' id='word_1_272' title='bbox 382 3524 457 3594; x_wconf 81' lang='grc' dir='ltr'>μὴ</span> <span class='ocrx_word' id='word_1_273' title='bbox 486 3526 761 3597; x_wconf 83' lang='grc' dir='ltr'>μετίωμεν</span> <span class='ocrx_word' id='word_1_274' title='bbox 791 3528 891 3599; x_wconf 84' lang='grc' dir='ltr'>τὴν</span> <span class='ocrx_word' id='word_1_275' title='bbox 922 3529 1141 3601; x_wconf 80' lang='grc' dir='ltr'>ἀρετὴν,</span> <span class='ocrx_word' id='word_1_276' title='bbox 1158 3531 1307 3600; x_wconf 84' lang='grc' dir='ltr'>ὅμως</span> <span class='ocrx_word' id='word_1_277' title='bbox 1333 3531 1831 3603; x_wconf 75' lang='grc' dir='ltr'>ὀδυνώμεθα,ἐπει-</span> 
     </span>
    </p>
   </div>
   <div class='ocr_carea' id='block_1_38' title="bbox 234 3608 1832 3689">
    <p class='ocr_par' dir='ltr' id='par_1_38' title="bbox 234 3608 1832 3689">
     <span class='ocr_line' id='line_1_38' title="bbox 234 3608 1832 3689; baseline 0.007 -29"><span class='ocrx_word' id='word_1_278' title='bbox 234 3608 304 3678; x_wconf 85' lang='grc' dir='ltr'>δὴ</span> <span class='ocrx_word' id='word_1_279' title='bbox 343 3609 420 3680; x_wconf 83' lang='grc' dir='ltr'>μὴ</span> <span class='ocrx_word' id='word_1_280' title='bbox 447 3611 849 3682; x_wconf 87' lang='grc' dir='ltr'>μετερχόμεθα,</span> <span class='ocrx_word' id='word_1_281' title='bbox 873 3612 975 3667; x_wconf 77' lang='grc' dir='ltr'>κᾶν</span> <span class='ocrx_word' id='word_1_282' title='bbox 1006 3614 1282 3684; x_wconf 86' lang='grc' dir='ltr'>μετίωμεν</span> <span class='ocrx_word' id='word_1_283' title='bbox 1314 3615 1415 3686; x_wconf 81' lang='grc' dir='ltr'>τὴν</span> <span class='ocrx_word' id='word_1_284' title='bbox 1445 3617 1663 3683; x_wconf 86' lang='grc' dir='ltr'>κακίαν,</span> <span class='ocrx_word' id='word_1_285' title='bbox 1682 3618 1832 3689; x_wconf 85' lang='grc' dir='ltr'>ὅμως</span> 
     </span>
    </p>
   </div>
   <div class='ocr_carea' id='block_1_39' title="bbox 239 3693 1829 3772">
    <p class='ocr_par' dir='ltr' id='par_1_39' title="bbox 239 3693 1829 3772">
     <span class='ocr_line' id='line_1_39' title="bbox 239 3693 1829 3772; baseline 0.007 -27"><span class='ocrx_word' id='word_1_286' title='bbox 239 3693 588 3764; x_wconf 88' lang='grc' dir='ltr'>παυσάμενοι</span> <span class='ocrx_word' id='word_1_287' title='bbox 611 3697 709 3767; x_wconf 87' lang='grc' dir='ltr'>τῆς</span> <span class='ocrx_word' id='word_1_288' title='bbox 742 3697 935 3768; x_wconf 84' lang='grc' dir='ltr'>ἡδονῆς</span> <span class='ocrx_word' id='word_1_289' title='bbox 967 3699 1065 3768; x_wconf 86' lang='grc' dir='ltr'>τῆς</span> <span class='ocrx_word' id='word_1_290' title='bbox 1104 3700 1245 3752; x_wconf 86' lang='grc' dir='ltr'>κατά</span> <span class='ocrx_word' id='word_1_291' title='bbox 1273 3700 1370 3770; x_wconf 77' lang='grc' dir='ltr'>τὴν</span> <span class='ocrx_word' id='word_1_292' title='bbox 1409 3701 1706 3772; x_wconf 85' lang='grc' dir='ltr'>ἁμαρτίαν,</span> <span class='ocrx_word' id='word_1_293' title='bbox 1742 3704 1829 3756; x_wconf 71' lang='lat' dir='ltr'>al-</span> 
     </span>
    </p>
   </div>
   <div class='ocr_carea' id='block_1_40' title="bbox 241 3776 1830 3855">
    <p class='ocr_par' dir='ltr' id='par_1_40' title="bbox 241 3776 1830 3855">
     <span class='ocr_line' id='line_1_40' title="bbox 241 3776 1830 3855; baseline 0.006 -25"><span class='ocrx_word' id='word_1_294' title='bbox 241 3776 558 3847; x_wconf 84' lang='grc' dir='ltr'>σθανόμεθα</span> <span class='ocrx_word' id='word_1_295' title='bbox 586 3779 687 3849; x_wconf 86' lang='grc' dir='ltr'>τῆς</span> <span class='ocrx_word' id='word_1_296' title='bbox 714 3779 926 3852; x_wconf 80' lang='grc' dir='ltr'>ὀδύνης.</span> <span class='ocrx_word' id='word_1_297' title='bbox 956 3781 1048 3851; x_wconf 84' lang='grc' dir='ltr'>Μὴ</span> <span class='ocrx_word' id='word_1_298' title='bbox 1090 3781 1275 3835; x_wconf 85' lang='grc' dir='ltr'>τοίνυν</span> <span class='ocrx_word' id='word_1_299' title='bbox 1307 3782 1552 3855; x_wconf 86' lang='grc' dir='ltr'>λέγωμεν</span> <span class='ocrx_word' id='word_1_300' title='bbox 1585 3786 1678 3838; x_wconf 71' lang='grc' dir='ltr'>ἐπὶ</span> <span class='ocrx_word' id='word_1_301' title='bbox 1722 3786 1830 3840; x_wconf 88' lang='grc' dir='ltr'>τῶν</span> 
     </span>
    </p>
   </div>
   <div class='ocr_carea' id='block_1_41' title="bbox 238 3859 1831 3938">
    <p class='ocr_par' dir='ltr' id='par_1_41' title="bbox 238 3859 1831 3938">
     <span class='ocr_line' id='line_1_41' title="bbox 238 3859 1831 3938; baseline 0.008 -26"><span class='ocrx_word' id='word_1_302' title='bbox 238 3859 620 3914; x_wconf 82' lang='grc' dir='ltr'>πλουτούντων</span> <span class='ocrx_word' id='word_1_303' title='bbox 653 3863 883 3917; x_wconf 78' lang='grc' dir='ltr'>ἐνταῦθα</span> <span class='ocrx_word' id='word_1_304' title='bbox 933 3865 1027 3917; x_wconf 76' lang='grc' dir='ltr'>καὶ</span> <span class='ocrx_word' id='word_1_305' title='bbox 1058 3869 1536 3938; x_wconf 56' lang='grc' dir='ltr'>πονηρευομένων,</span> <span class='ocrx_word' id='word_1_306' title='bbox 1578 3870 1671 3923; x_wconf 77' lang='grc' dir='ltr'>καὶ</span> <span class='ocrx_word' id='word_1_307' title='bbox 1723 3870 1831 3925; x_wconf 88' lang='grc' dir='ltr'>τῶν</span> 
     </span>
    </p>
   </div>
   <div class='ocr_carea' id='block_1_42' title="bbox 235 3943 1831 4015">
    <p class='ocr_par' dir='ltr' id='par_1_42' title="bbox 235 3943 1831 4015">
     <span class='ocr_line' id='line_1_42' title="bbox 235 3943 1831 4015; baseline 0.006 -19"><span class='ocrx_word' id='word_1_308' title='bbox 235 3943 471 3998; x_wconf 89' lang='grc' dir='ltr'>δικαίων</span> <span class='ocrx_word' id='word_1_309' title='bbox 499 3946 608 3999; x_wconf 88' lang='grc' dir='ltr'>τῶν</span> <span class='ocrx_word' id='word_1_310' title='bbox 634 3945 1015 4001; x_wconf 85' lang='grc' dir='ltr'>ἀπολαυόντων</span> <span class='ocrx_word' id='word_1_311' title='bbox 1055 3949 1192 4012; x_wconf 85' lang='grc' dir='ltr'>ἐκεῖ,</span> <span class='ocrx_word' id='word_1_312' title='bbox 1241 3949 1323 4003; x_wconf 80' lang='grc' dir='ltr'>ὅτι</span> <span class='ocrx_word' id='word_1_313' title='bbox 1359 3949 1416 4003; x_wconf 83' lang='grc' dir='ltr'>ἓν</span> <span class='ocrx_word' id='word_1_314' title='bbox 1462 3951 1540 4015; x_wconf 83' lang='grc' dir='ltr'>ἓν,</span> <span class='ocrx_word' id='word_1_315' title='bbox 1593 3950 1709 4005; x_wconf 87' lang='grc' dir='ltr'>ἀλλ’</span> <span class='ocrx_word' id='word_1_316' title='bbox 1750 3955 1831 4006; x_wconf 85' lang='grc' dir='ltr'>ὃτι</span> 
     </span>
    </p>
   </div>
   <div class='ocr_carea' id='block_1_43' title="bbox 237 4027 1833 4103">
    <p class='ocr_par' dir='ltr' id='par_1_43' title="bbox 237 4027 1833 4103">
     <span class='ocr_line' id='line_1_43' title="bbox 237 4027 1833 4103; baseline 0.006 -22"><span class='ocrx_word' id='word_1_317' title='bbox 237 4027 340 4081; x_wconf 86' lang='grc' dir='ltr'>δύο</span> <span class='ocrx_word' id='word_1_318' title='bbox 387 4028 560 4081; x_wconf 80' lang='grc' dir='ltr'>οὐδέν.</span> <span class='ocrx_word' id='word_1_319' title='bbox 594 4030 720 4093; x_wconf 84' lang='grc' dir='ltr'>Τοῖς</span> <span class='ocrx_word' id='word_1_320' title='bbox 751 4030 850 4101; x_wconf 83' lang='grc' dir='ltr'>μὲν</span> <span class='ocrx_word' id='word_1_321' title='bbox 880 4033 989 4103; x_wconf 86' lang='grc' dir='ltr'>γὰρ</span> <span class='ocrx_word' id='word_1_322' title='bbox 1016 4032 1249 4098; x_wconf 87' lang='grc' dir='ltr'>δικαίοις</span> <span class='ocrx_word' id='word_1_323' title='bbox 1278 4035 1371 4089; x_wconf 78' lang='grc' dir='ltr'>καὶ</span> <span class='ocrx_word' id='word_1_324' title='bbox 1402 4037 1469 4088; x_wconf 84' lang='grc' dir='ltr'>τὰ</span> <span class='ocrx_word' id='word_1_325' title='bbox 1507 4038 1624 4089; x_wconf 87' lang='grc' dir='ltr'>ἐκεῖ</span> <span class='ocrx_word' id='word_1_326' title='bbox 1646 4039 1739 4091; x_wconf 76' lang='grc' dir='ltr'>καὶ</span> <span class='ocrx_word' id='word_1_327' title='bbox 1762 4037 1833 4091; x_wconf 80' lang='grc' dir='ltr'>τὰ</span> 
     </span>
    </p>
   </div>
   <div class='ocr_carea' id='block_1_44' title="bbox 239 4110 1833 4192">
    <p class='ocr_par' dir='ltr' id='par_1_44' title="bbox 239 4110 1833 4192">
     <span class='ocr_line' id='line_1_44' title="bbox 239 4110 1833 4192; baseline 0.007 -29"><span class='ocrx_word' id='word_1_328' title='bbox 239 4110 488 4165; x_wconf 77' lang='grc' dir='ltr'>ἐνταῦθα</span> <span class='ocrx_word' id='word_1_329' title='bbox 514 4112 715 4183; x_wconf 83' lang='grc' dir='ltr'>πολλὴν</span> <span class='ocrx_word' id='word_1_330' title='bbox 756 4116 986 4186; x_wconf 82' lang='grc' dir='ltr'>παρέχει</span> <span class='ocrx_word' id='word_1_331' title='bbox 1028 4116 1126 4187; x_wconf 86' lang='grc' dir='ltr'>τὴν</span> <span class='ocrx_word' id='word_1_332' title='bbox 1169 4118 1382 4190; x_wconf 75' lang='grc' dir='ltr'>ἡδονήν·</span> <span class='ocrx_word' id='word_1_333' title='bbox 1426 4121 1472 4172; x_wconf 80' lang='grc' dir='ltr'>οἱ</span> <span class='ocrx_word' id='word_1_334' title='bbox 1501 4120 1557 4173; x_wconf 77' lang='grc' dir='ltr'>δὲ</span> <span class='ocrx_word' id='word_1_335' title='bbox 1587 4122 1643 4173; x_wconf 81' lang='grc' dir='ltr'>ἐν</span> <span class='ocrx_word' id='word_1_336' title='bbox 1670 4138 1833 4192; x_wconf 86' lang='grc' dir='ltr'>πονη-</span> 
     </span>
    </p>
   </div>
   <div class='ocr_carea' id='block_1_45' title="bbox 240 4195 1833 4265">
    <p class='ocr_par' dir='ltr' id='par_1_45' title="bbox 240 4195 1833 4265">
     <span class='ocr_line' id='line_1_45' title="bbox 240 4195 1833 4265; baseline 0.008 -18"><span class='ocrx_word' id='word_1_337' title='bbox 240 4196 397 4264; x_wconf 84' lang='grc' dir='ltr'>ρίαις</span> <span class='ocrx_word' id='word_1_338' title='bbox 412 4195 505 4248; x_wconf 79' lang='grc' dir='ltr'>καὶ</span> <span class='ocrx_word' id='word_1_339' title='bbox 534 4197 592 4250; x_wconf 86' lang='grc' dir='ltr'>ἐν</span> <span class='ocrx_word' id='word_1_340' title='bbox 611 4196 971 4265; x_wconf 81' lang='grc' dir='ltr'>πλεονεξίαις,</span> <span class='ocrx_word' id='word_1_341' title='bbox 998 4202 1094 4253; x_wconf 74' lang='grc' dir='ltr'>καὶ</span> <span class='ocrx_word' id='word_1_342' title='bbox 1134 4201 1367 4255; x_wconf 87' lang='grc' dir='ltr'>ἐνταῦθα</span> <span class='ocrx_word' id='word_1_343' title='bbox 1396 4203 1490 4256; x_wconf 72' lang='grc' dir='ltr'>καὶ</span> <span class='ocrx_word' id='word_1_344' title='bbox 1527 4204 1643 4257; x_wconf 84' lang='grc' dir='ltr'>ἐκεῖ</span> <span class='ocrx_word' id='word_1_345' title='bbox 1674 4204 1833 4259; x_wconf 84' lang='grc' dir='ltr'>κολά-</span> 
     </span>
    </p>
   </div>
   <div class='ocr_carea' id='block_1_46' title="bbox 238 4279 1833 4361">
    <p class='ocr_par' dir='ltr' id='par_1_46' title="bbox 238 4279 1833 4361">
     <span class='ocr_line' id='line_1_46' title="bbox 238 4279 1833 4361; baseline 0.004 -28"><span class='ocrx_word' id='word_1_346' title='bbox 238 4280 452 4345; x_wconf 76' lang='grc' dir='ltr'>ζονται.</span> <span class='ocrx_word' id='word_1_347' title='bbox 469 4279 570 4334; x_wconf 79' lang='grc' dir='ltr'>Καὶ</span> <span class='ocrx_word' id='word_1_348' title='bbox 586 4281 696 4353; x_wconf 78' lang='grc' dir='ltr'>γὰρ</span> <span class='ocrx_word' id='word_1_349' title='bbox 714 4283 807 4336; x_wconf 79' lang='grc' dir='ltr'>καὶ</span> <span class='ocrx_word' id='word_1_350' title='bbox 833 4283 1066 4337; x_wconf 79' lang='grc' dir='ltr'>ἐνταῦθα</span> <span class='ocrx_word' id='word_1_351' title='bbox 1090 4284 1407 4350; x_wconf 77' lang='grc' dir='ltr'>κολάζονται</span> <span class='ocrx_word' id='word_1_352' title='bbox 1437 4289 1502 4358; x_wconf 83' lang='grc' dir='ltr'>τῇ</span> <span class='ocrx_word' id='word_1_353' title='bbox 1537 4288 1833 4361; x_wconf 78' lang='grc' dir='ltr'>προσδοκίᾳ</span> 
     </span>
    </p>
   </div>
   <div class='ocr_carea' id='block_1_47' title="bbox 236 4364 1832 4441">
    <p class='ocr_par' dir='ltr' id='par_1_47' title="bbox 236 4364 1832 4441">
     <span class='ocr_line' id='line_1_47' title="bbox 236 4364 1832 4441; baseline 0.008 -27"><span class='ocrx_word' id='word_1_354' title='bbox 236 4364 349 4433; x_wconf 84' lang='grc' dir='ltr'>τῆς</span> <span class='ocrx_word' id='word_1_355' title='bbox 378 4365 495 4416; x_wconf 85' lang='grc' dir='ltr'>ἐκεῖ</span> <span class='ocrx_word' id='word_1_356' title='bbox 513 4365 801 4435; x_wconf 82' lang='grc' dir='ltr'>τιμωρίας,</span> <span class='ocrx_word' id='word_1_357' title='bbox 829 4367 922 4420; x_wconf 80' lang='grc' dir='ltr'>καὶ</span> <span class='ocrx_word' id='word_1_358' title='bbox 963 4370 1027 4438; x_wconf 80' lang='grc' dir='ltr'>τῇ</span> <span class='ocrx_word' id='word_1_359' title='bbox 1060 4370 1274 4440; x_wconf 84' lang='grc' dir='ltr'>πονηρᾷ</span> <span class='ocrx_word' id='word_1_360' title='bbox 1306 4370 1459 4441; x_wconf 86' lang='grc' dir='ltr'>παρὰ</span> <span class='ocrx_word' id='word_1_361' title='bbox 1483 4371 1699 4425; x_wconf 87' lang='grc' dir='ltr'>πάντων</span> <span class='ocrx_word' id='word_1_362' title='bbox 1728 4372 1832 4426; x_wconf 82' lang='grc' dir='ltr'>ὐπ-</span> 
     </span>
    </p>
   </div>
   <div class='ocr_carea' id='block_1_48' title="bbox 238 4445 1832 4526">
    <p class='ocr_par' dir='ltr' id='par_1_48' title="bbox 238 4445 1832 4526">
     <span class='ocr_line' id='line_1_48' title="bbox 238 4445 1832 4526; baseline 0.006 -28"><span class='ocrx_word' id='word_1_363' title='bbox 238 4445 401 4516; x_wconf 67' lang='grc' dir='ltr'>οψίᾳ,</span> <span class='ocrx_word' id='word_1_364' title='bbox 453 4446 545 4498; x_wconf 73' lang='grc' dir='ltr'>καὶ</span> <span class='ocrx_word' id='word_1_365' title='bbox 574 4447 723 4518; x_wconf 84' lang='grc' dir='ltr'>αὐτῷ</span> <span class='ocrx_word' id='word_1_366' title='bbox 780 4449 855 4519; x_wconf 83' lang='grc' dir='ltr'>τῷ</span> <span class='ocrx_word' id='word_1_367' title='bbox 886 4449 1222 4521; x_wconf 84' lang='grc' dir='ltr'>ἁμαρτάνειν</span> <span class='ocrx_word' id='word_1_368' title='bbox 1255 4451 1351 4505; x_wconf 73' lang='grc' dir='ltr'>καὶ</span> <span class='ocrx_word' id='word_1_369' title='bbox 1397 4453 1496 4524; x_wconf 78' lang='grc' dir='ltr'>τὴν</span> <span class='ocrx_word' id='word_1_370' title='bbox 1531 4453 1708 4525; x_wconf 74' lang='grc' dir='ltr'>ψυχὴν</span> <span class='ocrx_word' id='word_1_371' title='bbox 1734 4454 1832 4526; x_wconf 83' lang='grc' dir='ltr'>τὴν</span> 
     </span>
    </p>
   </div>
   <div class='ocr_carea' id='block_1_49' title="bbox 240 4527 1832 4610">
    <p class='ocr_par' dir='ltr' id='par_1_49' title="bbox 240 4527 1832 4610">
     <span class='ocr_line' id='line_1_49' title="bbox 240 4527 1832 4610; baseline 0.006 -26"><span class='ocrx_word' id='word_1_372' title='bbox 240 4527 460 4584; x_wconf 64' lang='grc' dir='ltr'>ἑαυτῶν</span> <span class='ocrx_word' id='word_1_373' title='bbox 480 4531 833 4603; x_wconf 76' lang='grc' dir='ltr'>διαφθείρειν·</span> <span class='ocrx_word' id='word_1_374' title='bbox 860 4535 951 4587; x_wconf 71' lang='grc' dir='ltr'>καὶ</span> <span class='ocrx_word' id='word_1_375' title='bbox 976 4535 1112 4605; x_wconf 87' lang='grc' dir='ltr'>μετά</span> <span class='ocrx_word' id='word_1_376' title='bbox 1135 4536 1234 4607; x_wconf 82' lang='grc' dir='ltr'>τὴν</span> <span class='ocrx_word' id='word_1_377' title='bbox 1249 4535 1498 4591; x_wconf 80' lang='grc' dir='ltr'>ἐντεῦθεν</span> <span class='ocrx_word' id='word_1_378' title='bbox 1523 4533 1832 4610; x_wconf 78' lang='grc' dir='ltr'>ἀποδημίαν</span> 
     </span>
    </p>
   </div>
   <div class='ocr_carea' id='block_1_50' title="bbox 238 4616 1831 4692">
    <p class='ocr_par' dir='ltr' id='par_1_50' title="bbox 238 4616 1831 4692">
     <span class='ocr_line' id='line_1_50' title="bbox 238 4616 1831 4692; baseline 0.004 -21"><span class='ocrx_word' id='word_1_379' title='bbox 238 4616 557 4687; x_wconf 76' lang='grc' dir='ltr'>ἀφορήτους</span> <span class='ocrx_word' id='word_1_380' title='bbox 603 4617 935 4686; x_wconf 84' lang='grc' dir='ltr'>ὑπομένουσι</span> <span class='ocrx_word' id='word_1_381' title='bbox 985 4621 1276 4691; x_wconf 87' lang='grc' dir='ltr'>τιμωρίας.</span> <span class='ocrx_word' id='word_1_382' title='bbox 1326 4622 1492 4676; x_wconf 83' lang='grc' dir='ltr'>Πάλιν</span> <span class='ocrx_word' id='word_1_383' title='bbox 1528 4625 1576 4675; x_wconf 87' lang='grc' dir='ltr'>οί</span> <span class='ocrx_word' id='word_1_384' title='bbox 1611 4623 1831 4692; x_wconf 87' lang='grc' dir='ltr'>δίκαιοι,</span> 
     </span>
    </p>
   </div>
   <div class='ocr_carea' id='block_1_51' title="bbox 238 4699 1835 4777">
    <p class='ocr_par' dir='ltr' id='par_1_51' title="bbox 238 4699 1835 4777">
     <span class='ocr_line' id='line_1_51' title="bbox 238 4699 1835 4777; baseline 0.006 -25"><span class='ocrx_word' id='word_1_385' title='bbox 238 4701 355 4752; x_wconf 84' lang='grc' dir='ltr'>κᾶν</span> <span class='ocrx_word' id='word_1_386' title='bbox 390 4700 559 4770; x_wconf 81' lang='grc' dir='ltr'>μυρία</span> <span class='ocrx_word' id='word_1_387' title='bbox 594 4699 879 4770; x_wconf 76' lang='grc' dir='ltr'>πάσχωσιν</span> <span class='ocrx_word' id='word_1_388' title='bbox 928 4702 1163 4755; x_wconf 86' lang='grc' dir='ltr'>ἐνταῦθα</span> <span class='ocrx_word' id='word_1_389' title='bbox 1206 4702 1376 4769; x_wconf 85' lang='grc' dir='ltr'>δεινὰ,</span> <span class='ocrx_word' id='word_1_390' title='bbox 1412 4708 1677 4777; x_wconf 83' lang='grc' dir='ltr'>χρησταῖς</span> <span class='ocrx_word' id='word_1_391' title='bbox 1716 4725 1835 4761; x_wconf 88' lang='grc' dir='ltr'>συν-</span> 
     </span>
    </p>
   </div>
   <div class='ocr_carea' id='block_1_52' title="bbox 238 4782 1830 4861">
    <p class='ocr_par' dir='ltr' id='par_1_52' title="bbox 238 4782 1830 4861">
     <span class='ocr_line' id='line_1_52' title="bbox 238 4782 1830 4861; baseline 0.007 -28"><span class='ocrx_word' id='word_1_392' title='bbox 238 4782 538 4851; x_wconf 67' lang='grc' dir='ltr'>τρέφονται</span> <span class='ocrx_word' id='word_1_393' title='bbox 572 4785 716 4846; x_wconf 81' lang='grc' dir='ltr'>’ταῖς</span> <span class='ocrx_word' id='word_1_394' title='bbox 774 4782 1004 4850; x_wconf 86' lang='grc' dir='ltr'>ἐλπίσιν,</span> <span class='ocrx_word' id='word_1_395' title='bbox 1064 4784 1256 4857; x_wconf 78' lang='grc' dir='ltr'>ἡδονὴν</span> <span class='ocrx_word' id='word_1_396' title='bbox 1308 4787 1523 4857; x_wconf 78' lang='grc' dir='ltr'>ἔχοντες</span> <span class='ocrx_word' id='word_1_397' title='bbox 1561 4788 1830 4861; x_wconf 78' lang='grc' dir='ltr'>καθαρὰν,</span> 
     </span>
    </p>
   </div>
   <div class='ocr_carea' id='block_1_53' title="bbox 243 4865 1833 4943">
    <p class='ocr_par' dir='ltr' id='par_1_53' title="bbox 243 4865 1833 4943">
     <span class='ocr_line' id='line_1_53' title="bbox 243 4865 1833 4943; baseline 0.008 -27"><span class='ocrx_word' id='word_1_398' title='bbox 243 4865 498 4935; x_wconf 82' lang='grc' dir='ltr'>βεϐαίαν,</span> <span class='ocrx_word' id='word_1_399' title='bbox 522 4866 800 4936; x_wconf 72' lang='grc' dir='ltr'>ἀκίνητον⁸</span> <span class='ocrx_word' id='word_1_400' title='bbox 834 4867 925 4920; x_wconf 79' lang='grc' dir='ltr'>καὶ</span> <span class='ocrx_word' id='word_1_401' title='bbox 964 4868 1104 4938; x_wconf 84' lang='grc' dir='ltr'>μετὰ</span> <span class='ocrx_word' id='word_1_402' title='bbox 1142 4868 1317 4924; x_wconf 87' lang='grc' dir='ltr'>ταῦτα</span> <span class='ocrx_word' id='word_1_403' title='bbox 1344 4871 1412 4924; x_wconf 84' lang='grc' dir='ltr'>τὰ</span> <span class='ocrx_word' id='word_1_404' title='bbox 1446 4872 1614 4943; x_wconf 86' lang='grc' dir='ltr'>μυρία</span> <span class='ocrx_word' id='word_1_405' title='bbox 1638 4875 1833 4938; x_wconf 76' lang='grc' dir='ltr'>αὐτοὺς</span> 
     </span>
    </p>
   </div>
   <div class='ocr_carea' id='block_1_54' title="bbox 240 4948 1833 5030">
    <p class='ocr_par' dir='ltr' id='par_1_54' title="bbox 240 4948 1833 5030">
     <span class='ocr_line' id='line_1_54' title="bbox 240 4948 1833 5030; baseline 0.006 -29"><span class='ocrx_word' id='word_1_406' title='bbox 240 4949 550 5013; x_wconf 77' lang='grc' dir='ltr'>διαδέξεται</span> <span class='ocrx_word' id='word_1_407' title='bbox 576 4949 777 5017; x_wconf 84' lang='grc' dir='ltr'>ἀγαθὰ,</span> <span class='ocrx_word' id='word_1_408' title='bbox 812 4950 1065 5023; x_wconf 84' lang='grc' dir='ltr'>καθάπερ</span> <span class='ocrx_word' id='word_1_409' title='bbox 1086 4948 1179 5006; x_wconf 76' lang='grc' dir='ltr'>οὖν</span> <span class='ocrx_word' id='word_1_410' title='bbox 1201 4952 1297 5006; x_wconf 74' lang='grc' dir='ltr'>καὶ</span> <span class='ocrx_word' id='word_1_411' title='bbox 1318 4952 1409 5007; x_wconf 83' lang='grc' dir='ltr'>τὸν</span> <span class='ocrx_word' id='word_1_412' title='bbox 1443 4953 1713 5027; x_wconf 80' lang='grc' dir='ltr'>Λάζαρον.</span> <span class='ocrx_word' id='word_1_413' title='bbox 1741 4958 1833 5030; x_wconf 80' lang='grc' dir='ltr'>Μὴ</span> 
     </span>
    </p>
   </div>
   <div class='ocr_carea' id='block_1_55' title="bbox 240 5031 1831 5105">
    <p class='ocr_par' dir='ltr' id='par_1_55' title="bbox 240 5031 1831 5105">
     <span class='ocr_line' id='line_1_55' title="bbox 240 5031 1831 5105; baseline 0.004 -20"><span class='ocrx_word' id='word_1_414' title='bbox 240 5033 360 5103; x_wconf 85' lang='grc' dir='ltr'>γάρ</span> <span class='ocrx_word' id='word_1_415' title='bbox 401 5049 492 5102; x_wconf 88' lang='grc' dir='ltr'>μοι</span> <span class='ocrx_word' id='word_1_416' title='bbox 512 5031 669 5085; x_wconf 91' lang='grc' dir='ltr'>τοῦτο</span> <span class='ocrx_word' id='word_1_417' title='bbox 707 5033 888 5105; x_wconf 78' lang='grc' dir='ltr'>εἴπῃς,</span> <span class='ocrx_word' id='word_1_418' title='bbox 917 5035 998 5087; x_wconf 84' lang='grc' dir='ltr'>ὅτι</span> <span class='ocrx_word' id='word_1_419' title='bbox 1023 5034 1256 5105; x_wconf 75' lang='grc' dir='ltr'>ἧλκωτο,</span> <span class='ocrx_word' id='word_1_420' title='bbox 1286 5036 1422 5089; x_wconf 84' lang='grc' dir='ltr'>ἀλλά</span> <span class='ocrx_word' id='word_1_421' title='bbox 1438 5038 1594 5090; x_wconf 90' lang='grc' dir='ltr'>τοῦτο</span> <span class='ocrx_word' id='word_1_422' title='bbox 1617 5039 1831 5105; x_wconf 86' lang='grc' dir='ltr'>σκόπει,</span> 
     </span>
    </p>
   </div>
   <div class='ocr_carea' id='block_1_56' title="bbox 239 5115 1829 5196">
    <p class='ocr_par' dir='ltr' id='par_1_56' title="bbox 239 5115 1829 5196">
     <span class='ocr_line' id='line_1_56' title="bbox 239 5115 1829 5196; baseline 0.004 -26"><span class='ocrx_word' id='word_1_423' title='bbox 239 5119 332 5170; x_wconf 78' lang='grc' dir='ltr'>ὅτι</span> <span class='ocrx_word' id='word_1_424' title='bbox 362 5115 564 5187; x_wconf 87' lang='grc' dir='ltr'>χρυσοῦ</span> <span class='ocrx_word' id='word_1_425' title='bbox 591 5116 792 5180; x_wconf 87' lang='grc' dir='ltr'>παντὸς</span> <span class='ocrx_word' id='word_1_426' title='bbox 823 5118 1157 5190; x_wconf 81' lang='grc' dir='ltr'>τιμιωτέραν</span> <span class='ocrx_word' id='word_1_427' title='bbox 1178 5118 1326 5172; x_wconf 76' lang='grc' dir='ltr'>ἔνδον</span> <span class='ocrx_word' id='word_1_428' title='bbox 1360 5118 1471 5192; x_wconf 86' lang='grc' dir='ltr'>εἷχε</span> <span class='ocrx_word' id='word_1_429' title='bbox 1502 5124 1602 5195; x_wconf 82' lang='grc' dir='ltr'>τὴν</span> <span class='ocrx_word' id='word_1_430' title='bbox 1628 5124 1829 5196; x_wconf 76' lang='grc' dir='ltr'>ψυχήν·</span> 
     </span>
    </p>
   </div>
   <div class='ocr_carea' id='block_1_57' title="bbox 241 5197 1833 5279">
    <p class='ocr_par' dir='ltr' id='par_1_57' title="bbox 241 5197 1833 5279">
     <span class='ocr_line' id='line_1_57' title="bbox 241 5197 1833 5279; baseline 0.007 -28"><span class='ocrx_word' id='word_1_431' title='bbox 241 5200 453 5271; x_wconf 84' lang='grc' dir='ltr'>μᾶλλον</span> <span class='ocrx_word' id='word_1_432' title='bbox 486 5197 543 5252; x_wconf 87' lang='grc' dir='ltr'>δέ</span> <span class='ocrx_word' id='word_1_433' title='bbox 589 5201 649 5253; x_wconf 85' lang='grc' dir='ltr'>οὐ</span> <span class='ocrx_word' id='word_1_434' title='bbox 680 5199 777 5271; x_wconf 85' lang='grc' dir='ltr'>τὴν</span> <span class='ocrx_word' id='word_1_435' title='bbox 822 5200 1000 5271; x_wconf 80' lang='grc' dir='ltr'>ψυχὴν</span> <span class='ocrx_word' id='word_1_436' title='bbox 1044 5202 1225 5272; x_wconf 85' lang='grc' dir='ltr'>μόνον,</span> <span class='ocrx_word' id='word_1_437' title='bbox 1257 5202 1391 5257; x_wconf 80' lang='grc' dir='ltr'>ἀλλὰ</span> <span class='ocrx_word' id='word_1_438' title='bbox 1441 5207 1534 5259; x_wconf 80' lang='grc' dir='ltr'>καὶ</span> <span class='ocrx_word' id='word_1_439' title='bbox 1582 5207 1641 5261; x_wconf 76' lang='grc' dir='ltr'>τὸ</span> <span class='ocrx_word' id='word_1_440' title='bbox 1673 5208 1833 5279; x_wconf 87' lang='grc' dir='ltr'>σῶμα</span> 
     </span>
    </p>
   </div>
   <div class='ocr_carea' id='block_1_58' title="bbox 238 5282 1830 5360">
    <p class='ocr_par' dir='ltr' id='par_1_58' title="bbox 238 5282 1830 5360">
     <span class='ocr_line' id='line_1_58' title="bbox 238 5282 1830 5360; baseline 0.008 -25"><span class='ocrx_word' id='word_1_441' title='bbox 238 5282 438 5339; x_wconf 78' lang='grc' dir='ltr'>αὐτοῦ’</span> <span class='ocrx_word' id='word_1_442' title='bbox 459 5284 629 5354; x_wconf 85' lang='grc' dir='ltr'>ἀρετὴ</span> <span class='ocrx_word' id='word_1_443' title='bbox 646 5283 755 5355; x_wconf 85' lang='grc' dir='ltr'>γὰρ</span> <span class='ocrx_word' id='word_1_444' title='bbox 784 5284 1037 5355; x_wconf 87' lang='grc' dir='ltr'>σώματος</span> <span class='ocrx_word' id='word_1_445' title='bbox 1056 5286 1116 5339; x_wconf 82' lang='grc' dir='ltr'>οὐ</span> <span class='ocrx_word' id='word_1_446' title='bbox 1144 5287 1483 5359; x_wconf 86' lang='grc' dir='ltr'>πολυσαρκία</span> <span class='ocrx_word' id='word_1_447' title='bbox 1506 5292 1598 5344; x_wconf 71' lang='grc' dir='ltr'>καὶ</span> <span class='ocrx_word' id='word_1_448' title='bbox 1618 5293 1830 5360; x_wconf 83' lang='grc' dir='ltr'>εὐεξία,</span> 
     </span>
    </p>
   </div>
   <div class='ocr_carea' id='block_1_59' title="bbox 235 5364 1833 5442">
    <p class='ocr_par' dir='ltr' id='par_1_59' title="bbox 235 5364 1833 5442">
     <span class='ocr_line' id='line_1_59' title="bbox 235 5364 1833 5442; baseline 0.009 -26"><span class='ocrx_word' id='word_1_449' title='bbox 235 5364 388 5421; x_wconf 83' lang='grc' dir='ltr'>ἀλλά</span> <span class='ocrx_word' id='word_1_450' title='bbox 416 5364 684 5429; x_wconf 82' lang='grc' dir='ltr'>τοσαύτας</span> <span class='ocrx_word' id='word_1_451' title='bbox 742 5368 835 5420; x_wconf 75' lang='grc' dir='ltr'>καὶ</span> <span class='ocrx_word' id='word_1_452' title='bbox 889 5367 1143 5432; x_wconf 83' lang='grc' dir='ltr'>τοιαύτας</span> <span class='ocrx_word' id='word_1_453' title='bbox 1172 5369 1361 5440; x_wconf 87' lang='grc' dir='ltr'>φέρειν</span> <span class='ocrx_word' id='word_1_454' title='bbox 1416 5371 1703 5442; x_wconf 83' lang='grc' dir='ltr'>βασάνους.</span> <span class='ocrx_word' id='word_1_455' title='bbox 1757 5378 1833 5430; x_wconf 87' lang='grc' dir='ltr'>υύ</span> 
     </span>
    </p>
   </div>
   <div class='ocr_carea' id='block_1_60' title="bbox 236 5447 1831 5529">
    <p class='ocr_par' dir='ltr' id='par_1_60' title="bbox 236 5447 1831 5529">
     <span class='ocr_line' id='line_1_60' title="bbox 236 5447 1831 5529; baseline 0.01 -31"><span class='ocrx_word' id='word_1_456' title='bbox 236 5452 380 5520; x_wconf 72' lang='grc' dir='ltr'>γὰρ,</span> <span class='ocrx_word' id='word_1_457' title='bbox 400 5447 454 5500; x_wconf 79' lang='grc' dir='ltr'>εἴ</span> <span class='ocrx_word' id='word_1_458' title='bbox 478 5467 561 5513; x_wconf 90' lang='grc' dir='ltr'>τις</span> <span class='ocrx_word' id='word_1_459' title='bbox 585 5450 678 5502; x_wconf 72' lang='grc' dir='ltr'>ἐπὶ</span> <span class='ocrx_word' id='word_1_460' title='bbox 706 5450 801 5504; x_wconf 91' lang='grc' dir='ltr'>τοῦ</span> <span class='ocrx_word' id='word_1_461' title='bbox 830 5448 1083 5523; x_wconf 87' lang='grc' dir='ltr'>σώματος</span> <span class='ocrx_word' id='word_1_462' title='bbox 1124 5453 1417 5524; x_wconf 87' lang='grc' dir='ltr'>τραύματα</span> <span class='ocrx_word' id='word_1_463' title='bbox 1444 5456 1556 5527; x_wconf 76' lang='grc' dir='ltr'>ἔχοι</span> <span class='ocrx_word' id='word_1_464' title='bbox 1583 5458 1831 5529; x_wconf 89' lang='grc' dir='ltr'>τοιαῦτα,</span> 
     </span>
    </p>
   </div>
   <div class='ocr_carea' id='block_1_61' title="bbox 238 5532 1834 5616">
    <p class='ocr_par' dir='ltr' id='par_1_61' title="bbox 238 5532 1834 5616">
     <span class='ocr_line' id='line_1_61' title="bbox 238 5532 1834 5616; baseline 0.007 -30"><span class='ocrx_word' id='word_1_465' title='bbox 238 5532 541 5616; x_wconf 65' lang='grc' dir='ltr'>βδελυκτὺς</span> <span class='ocrx_word' id='word_1_466' title='bbox 571 5535 601 5586; x_wconf 88' lang='grc' dir='ltr'>ό</span> <span class='ocrx_word' id='word_1_467' title='bbox 629 5532 887 5616; x_wconf 84' lang='grc' dir='ltr'>τοιοῦτος·</span> <span class='ocrx_word' id='word_1_468' title='bbox 921 5533 1036 5587; x_wconf 86' lang='grc' dir='ltr'>ἀλλ’</span> <span class='ocrx_word' id='word_1_469' title='bbox 1070 5535 1124 5588; x_wconf 84' lang='grc' dir='ltr'>εί</span> <span class='ocrx_word' id='word_1_470' title='bbox 1153 5553 1237 5599; x_wconf 91' lang='grc' dir='ltr'>τις</span> <span class='ocrx_word' id='word_1_471' title='bbox 1260 5537 1352 5590; x_wconf 76' lang='grc' dir='ltr'>ἐπὶ</span> <span class='ocrx_word' id='word_1_472' title='bbox 1374 5539 1471 5608; x_wconf 84' lang='grc' dir='ltr'>τῆς</span> <span class='ocrx_word' id='word_1_473' title='bbox 1492 5538 1670 5611; x_wconf 71' lang='grc' dir='ltr'>ψυχῆς</span> <span class='ocrx_word' id='word_1_474' title='bbox 1699 5544 1834 5616; x_wconf 73' lang='grc' dir='ltr'>ἕλκη</span> 
     </span>
    </p>
   </div>
   <div class='ocr_carea' id='block_1_62' title="bbox 249 5614 1835 5690">
    <p class='ocr_par' dir='ltr' id='par_1_62' title="bbox 249 5614 1835 5690">
     <span class='ocr_line' id='line_1_62' title="bbox 249 5614 1835 5690; baseline 0.009 -28"><span class='ocrx_word' id='word_1_475' title='bbox 249 5616 423 5690; x_wconf 47' lang='grc' dir='ltr'>ίιυρία</span> <span class='ocrx_word' id='word_1_476' title='bbox 453 5615 614 5685; x_wconf 82' lang='grc' dir='ltr'>ἔχων,</span> <span class='ocrx_word' id='word_1_477' title='bbox 645 5614 913 5685; x_wconf 86' lang='grc' dir='ltr'>μηδεμίαν</span> <span class='ocrx_word' id='word_1_478' title='bbox 934 5616 1110 5669; x_wconf 81' lang='grc' dir='ltr'>αὐτῶν</span> <span class='ocrx_word' id='word_1_479' title='bbox 1126 5618 1443 5689; x_wconf 81' lang='grc' dir='ltr'>ἐπιμέλειαν</span> <span class='ocrx_word' id='word_1_480' title='bbox 1466 5627 1691 5676; x_wconf 85' lang='grc' dir='ltr'>ποιοῖτο·</span> <span class='ocrx_word' id='word_1_481' title='bbox 1723 5614 1835 5690; x_wconf 75' lang='grc' dir='ltr'>οἷος</span> 
     </span>
    </p>
   </div>
   <div class='ocr_carea' id='block_1_63' title="bbox 236 5689 1835 5775">
    <p class='ocr_par' dir='ltr' id='par_1_63' title="bbox 236 5689 1835 5775">
     <span class='ocr_line' id='line_1_63' title="bbox 236 5689 1835 5775; baseline 0.007 -23"><span class='ocrx_word' id='word_1_482' title='bbox 236 5689 312 5766; x_wconf 74' lang='grc' dir='ltr'>ἦν</span> <span class='ocrx_word' id='word_1_483' title='bbox 354 5702 566 5762; x_wconf 78' lang='grc' dir='ltr'>ἐκεῖνος</span> <span class='ocrx_word' id='word_1_484' title='bbox 593 5702 621 5751; x_wconf 90' lang='grc' dir='ltr'>ό</span> <span class='ocrx_word' id='word_1_485' title='bbox 642 5697 916 5764; x_wconf 88' lang='grc' dir='ltr'>πλούσιος,</span> <span class='ocrx_word' id='word_1_486' title='bbox 949 5698 1161 5756; x_wconf 81' lang='grc' dir='ltr'>ἔνδοθεν</span> <span class='ocrx_word' id='word_1_487' title='bbox 1190 5702 1503 5775; x_wconf 80' lang='grc' dir='ltr'>ἡλκωμένος</span> <span class='ocrx_word' id='word_1_488' title='bbox 1532 5705 1695 5771; x_wconf 75' lang='grc' dir='ltr'>ἄπας.</span> <span class='ocrx_word' id='word_1_489' title='bbox 1725 5689 1835 5762; x_wconf 60' lang='grc' dir='ltr'>Καὶ.</span> 
     </span>
    </p>
   </div>
   <div class='ocr_carea' id='block_1_64' title="bbox 318 5926 1528 5988">
    <p class='ocr_par' dir='ltr' id='par_1_64' title="bbox 318 5926 1528 5988">
     <span class='ocr_line' id='line_1_64' title="bbox 318 5926 1528 5988; baseline 0.015 -21"><span class='ocrx_word' id='word_1_490' title='bbox 318 5944 339 5967; x_wconf 74' lang='grc' dir='ltr'>ι</span> <span class='ocrx_word' id='word_1_491' title='bbox 362 5932 460 5981; x_wconf 62' lang='grc' dir='ltr'>τὸν</span> <span class='ocrx_word' id='word_1_492' title='bbox 475 5926 730 5988; x_wconf 75' lang='grc' dir='ltr'>βασιλικὸν</span> <span class='ocrx_word' id='word_1_493' title='bbox 749 5928 891 5976; x_wconf 77' lang='lat' dir='ltr'><strong>deest</strong></span> <span class='ocrx_word' id='word_1_494' title='bbox 909 5929 969 5977; x_wconf 69' lang='lat' dir='ltr'>in.</span> <span class='ocrx_word' id='word_1_495' title='bbox 984 5931 1133 5981; x_wconf 70' lang='lat' dir='ltr'><strong>Savil.</strong></span> <span class='ocrx_word' id='word_1_496' title='bbox 1161 5939 1211 5981; x_wconf 76' lang='lat' dir='ltr'>et</span> <span class='ocrx_word' id='word_1_497' title='bbox 1234 5926 1394 5983; x_wconf 76' lang='lat' dir='ltr'><strong>tribus</strong></span> <span class='ocrx_word' id='word_1_498' title='bbox 1415 5948 1528 5985; x_wconf 89' lang='lat' dir='ltr'>mss.</span> 
     </span>
    </p>
   </div>
   <div class='ocr_carea' id='block_1_65' title="bbox 552 6037 1318 6100">
    <p class='ocr_par' dir='ltr' id='par_1_65' title="bbox 552 6037 1318 6100">
     <span class='ocr_line' id='line_1_65' title="bbox 552 6037 1318 6100; baseline 0.003 -3"><span class='ocrx_word' id='word_1_499' title='bbox 552 6037 828 6099; x_wconf 71' lang='lat' dir='ltr'>PATROL.</span> <span class='ocrx_word' id='word_1_500' title='bbox 875 6038 993 6098; x_wconf 70' lang='lat' dir='ltr'>Gn.</span> <span class='ocrx_word' id='word_1_501' title='bbox 1038 6037 1318 6100; x_wconf 68' lang='lat' dir='ltr'>XLVIII.</span> 
     </span>
    </p>
   </div>
   <div class='ocr_carea' id='block_1_66' title="bbox 1460 486 2239 549">
    <p class='ocr_par' dir='ltr' id='par_1_66' title="bbox 1460 486 2239 549">
     <span class='ocr_line' id='line_1_66' title="bbox 1460 486 2239 549; baseline 0.008 -10"><span class='ocrx_word' id='word_1_502' title='bbox 1460 486 1547 541; x_wconf 88' lang='lat' dir='ltr'>DE</span> <span class='ocrx_word' id='word_1_503' title='bbox 1587 488 1866 546; x_wconf 80' lang='lat' dir='ltr'><strong>LAZARO</strong></span> <span class='ocrx_word' id='word_1_504' title='bbox 1906 492 2158 549; x_wconf 82' lang='lat' dir='ltr'>CONCIO</span> <span class='ocrx_word' id='word_1_505' title='bbox 2195 491 2239 546; x_wconf 84' lang='grc' dir='ltr'>ῐ.</span> 
     </span>
    </p>
   </div>
   <div class='ocr_carea' id='block_1_67' title="bbox 3391 488 3495 543">
    <p class='ocr_par' dir='ltr' id='par_1_67' title="bbox 3391 488 3495 543">
     <span class='ocr_line' id='line_1_67' title="bbox 3391 488 3495 543; baseline -0.019 0"><span class='ocrx_word' id='word_1_506' title='bbox 3391 488 3495 543; x_wconf 66' lang='grc'>930</span> 
     </span>
    </p>
   </div>
   <div class='ocr_carea' id='block_1_68' title="bbox 1919 601 3495 676">
    <p class='ocr_par' dir='ltr' id='par_1_68' title="bbox 1919 601 3495 676">
     <span class='ocr_line' id='line_1_68' title="bbox 1919 601 3495 676; baseline -0.001 -17"><span class='ocrx_word' id='word_1_507' title='bbox 1919 603 2172 676; x_wconf 86' lang='grc' dir='ltr'>καθάπερ</span> <span class='ocrx_word' id='word_1_508' title='bbox 2201 605 2251 656; x_wconf 89' lang='grc' dir='ltr'>οί</span> <span class='ocrx_word' id='word_1_509' title='bbox 2288 602 2448 667; x_wconf 85' lang='grc' dir='ltr'>κύνες</span> <span class='ocrx_word' id='word_1_510' title='bbox 2482 601 2672 656; x_wconf 90' lang='grc' dir='ltr'>τούτου</span> <span class='ocrx_word' id='word_1_511' title='bbox 2709 602 3045 673; x_wconf 83' lang='grc' dir='ltr'>περιέλειχον</span> <span class='ocrx_word' id='word_1_512' title='bbox 3083 608 3152 662; x_wconf 78' lang='grc' dir='ltr'>τὰ</span> <span class='ocrx_word' id='word_1_513' title='bbox 3187 604 3495 676; x_wconf 78' lang='grc' dir='ltr'>τραύματα,</span> 
     </span>
    </p>
   </div>
   <div class='ocr_carea' id='block_1_69' title="bbox 1919 694 3500 770">
    <p class='ocr_par' dir='ltr' id='par_1_69' title="bbox 1919 694 3500 770">
     <span class='ocr_line' id='line_1_69' title="bbox 1919 694 3500 770; baseline 0.001 -21"><span class='ocrx_word' id='word_1_514' title='bbox 1919 694 2092 760; x_wconf 78' lang='grc' dir='ltr'>οὕτως</span> <span class='ocrx_word' id='word_1_515' title='bbox 2126 696 2335 749; x_wconf 82' lang='grc' dir='ltr'>ἐκείνου</span> <span class='ocrx_word' id='word_1_516' title='bbox 2364 695 2616 765; x_wconf 89' lang='grc' dir='ltr'>δαίμονες</span> <span class='ocrx_word' id='word_1_517' title='bbox 2631 696 2698 750; x_wconf 82' lang='grc' dir='ltr'>τά</span> <span class='ocrx_word' id='word_1_518' title='bbox 2723 697 3114 768; x_wconf 81' lang='grc' dir='ltr'>ἁμαρτήματα’</span> <span class='ocrx_word' id='word_1_519' title='bbox 3140 698 3235 750; x_wconf 78' lang='grc' dir='ltr'>καὶ</span> <span class='ocrx_word' id='word_1_520' title='bbox 3251 697 3500 770; x_wconf 85' lang='grc' dir='ltr'>καθάπερ</span> 
     </span>
    </p>
   </div>
   <div class='ocr_carea' id='block_1_70' title="bbox 1920 784 3503 862">
    <p class='ocr_par' dir='ltr' id='par_1_70' title="bbox 1920 784 3503 862">
     <span class='ocr_line' id='line_1_70' title="bbox 1920 784 3503 862; baseline 0.001 -20"><span class='ocrx_word' id='word_1_521' title='bbox 1920 784 2070 853; x_wconf 75' lang='grc' dir='ltr'>οὗτος</span> <span class='ocrx_word' id='word_1_522' title='bbox 2089 790 2146 842; x_wconf 83' lang='grc' dir='ltr'>ἐν</span> <span class='ocrx_word' id='word_1_523' title='bbox 2164 788 2309 860; x_wconf 87' lang='grc' dir='ltr'>λιμῷ</span> <span class='ocrx_word' id='word_1_524' title='bbox 2338 789 2566 860; x_wconf 76' lang='grc' dir='ltr'>τροφῆς,</span> <span class='ocrx_word' id='word_1_525' title='bbox 2597 789 2771 853; x_wconf 71' lang='grc' dir='ltr'>οὕτως</span> <span class='ocrx_word' id='word_1_526' title='bbox 2801 793 3009 855; x_wconf 88' lang='grc' dir='ltr'>ἐκεῖνος</span> <span class='ocrx_word' id='word_1_527' title='bbox 3046 792 3105 845; x_wconf 84' lang='grc' dir='ltr'>ἐν</span> <span class='ocrx_word' id='word_1_528' title='bbox 3144 790 3287 862; x_wconf 83' lang='grc' dir='ltr'>λιμῷ</span> <span class='ocrx_word' id='word_1_529' title='bbox 3324 792 3503 862; x_wconf 79' lang='grc' dir='ltr'>πάσης</span> 
     </span>
    </p>
   </div>
   <div class='ocr_carea' id='block_1_71' title="bbox 1921 880 2267 955">
    <p class='ocr_par' dir='ltr' id='par_1_71' title="bbox 1921 880 2267 955">
     <span class='ocr_line' id='line_1_71' title="bbox 1921 880 2267 955; baseline 0.003 -19"><span class='ocrx_word' id='word_1_530' title='bbox 1921 883 2124 955; x_wconf 89' lang='grc' dir='ltr'>ἀρετῆς</span> <span class='ocrx_word' id='word_1_531' title='bbox 2151 880 2267 953; x_wconf 77' lang='grc' dir='ltr'>ἔζη.</span> 
     </span>
    </p>
   </div>
   <div class='ocr_carea' id='block_1_72' title="bbox 1986 999 3505 1077">
    <p class='ocr_par' dir='ltr' id='par_1_72' title="bbox 1986 999 3505 1077">
     <span class='ocr_line' id='line_1_72' title="bbox 1986 999 3505 1077; baseline -0.006 -14"><span class='ocrx_word' id='word_1_532' title='bbox 1986 1005 2080 1063; x_wconf 87' lang='grc' dir='ltr'>ιϐ’.</span> <span class='ocrx_word' id='word_1_533' title='bbox 2095 1004 2262 1060; x_wconf 83' lang='grc' dir='ltr'>Ταῦτ’</span> <span class='ocrx_word' id='word_1_534' title='bbox 2287 999 2383 1059; x_wconf 80' lang='grc' dir='ltr'>οὖν</span> <span class='ocrx_word' id='word_1_535' title='bbox 2410 1004 2608 1067; x_wconf 83' lang='grc' dir='ltr'>εἰδότες</span> <span class='ocrx_word' id='word_1_536' title='bbox 2638 1002 2853 1057; x_wconf 72' lang='grc' dir='ltr'>ἅπαντα</span> <span class='ocrx_word' id='word_1_537' title='bbox 2881 1002 3278 1074; x_wconf 78' lang='grc' dir='ltr'>φιλοσοφῶμεν,</span> <span class='ocrx_word' id='word_1_538' title='bbox 3309 1003 3401 1056; x_wconf 71' lang='grc' dir='ltr'>καὶ</span> <span class='ocrx_word' id='word_1_539' title='bbox 3423 1007 3505 1077; x_wconf 80' lang='grc' dir='ltr'>μὴ</span> 
     </span>
    </p>
   </div>
   <div class='ocr_carea' id='block_1_73' title="bbox 1922 1096 3509 1172">
    <p class='ocr_par' dir='ltr' id='par_1_73' title="bbox 1922 1096 3509 1172">
     <span class='ocr_line' id='line_1_73' title="bbox 1922 1096 3509 1172; baseline -0.003 -17"><span class='ocrx_word' id='word_1_540' title='bbox 1922 1100 2191 1172; x_wconf 85' lang='grc' dir='ltr'>λέγωμεν,</span> <span class='ocrx_word' id='word_1_541' title='bbox 2215 1101 2298 1154; x_wconf 82' lang='grc' dir='ltr'>ὅτι</span> <span class='ocrx_word' id='word_1_542' title='bbox 2325 1101 2373 1153; x_wconf 84' lang='grc' dir='ltr'>εί</span> <span class='ocrx_word' id='word_1_543' title='bbox 2399 1099 2490 1153; x_wconf 81' lang='grc' dir='ltr'>τὸν</span> <span class='ocrx_word' id='word_1_544' title='bbox 2514 1099 2662 1152; x_wconf 88' lang='grc' dir='ltr'>δεῖνα</span> <span class='ocrx_word' id='word_1_545' title='bbox 2690 1098 2863 1167; x_wconf 78' lang='grc' dir='ltr'>ἐφίλει</span> <span class='ocrx_word' id='word_1_546' title='bbox 2891 1096 3087 1160; x_wconf 83' lang='grc' dir='ltr'>όΘεδς,</span> <span class='ocrx_word' id='word_1_547' title='bbox 3112 1098 3213 1151; x_wconf 91' lang='grc' dir='ltr'>οὐκ</span> <span class='ocrx_word' id='word_1_548' title='bbox 3247 1097 3313 1151; x_wconf 81' lang='grc' dir='ltr'>ἂν</span> <span class='ocrx_word' id='word_1_549' title='bbox 3340 1096 3509 1151; x_wconf 77' lang='grc' dir='ltr'>αὐτὸν</span> 
     </span>
    </p>
   </div>
   <div class='ocr_carea' id='block_1_74' title="bbox 1923 1186 3500 1264">
    <p class='ocr_par' dir='ltr' id='par_1_74' title="bbox 1923 1186 3500 1264">
     <span class='ocr_line' id='line_1_74' title="bbox 1923 1186 3500 1264; baseline -0.003 -15"><span class='ocrx_word' id='word_1_550' title='bbox 1923 1195 2101 1264; x_wconf 82' lang='grc' dir='ltr'>ἀφῆκε</span> <span class='ocrx_word' id='word_1_551' title='bbox 2120 1191 2375 1263; x_wconf 86' lang='grc' dir='ltr'>γενέσθαι</span> <span class='ocrx_word' id='word_1_552' title='bbox 2396 1191 2622 1262; x_wconf 84' lang='grc' dir='ltr'>πένητα.</span> <span class='ocrx_word' id='word_1_553' title='bbox 2654 1190 2794 1244; x_wconf 78' lang='grc' dir='ltr'>Αὐτὸ</span> <span class='ocrx_word' id='word_1_554' title='bbox 2825 1190 2923 1261; x_wconf 85' lang='grc' dir='ltr'>μὲν</span> <span class='ocrx_word' id='word_1_555' title='bbox 2950 1186 3042 1244; x_wconf 83' lang='grc' dir='ltr'>οῦν</span> <span class='ocrx_word' id='word_1_556' title='bbox 3065 1189 3222 1243; x_wconf 88' lang='grc' dir='ltr'>τοῦτο</span> <span class='ocrx_word' id='word_1_557' title='bbox 3247 1190 3500 1260; x_wconf 73' lang='grc' dir='ltr'>μέγιστον</span> 
     </span>
    </p>
   </div>
   <div class='ocr_carea' id='block_1_75' title="bbox 1924 1277 3508 1359">
    <p class='ocr_par' dir='ltr' id='par_1_75' title="bbox 1924 1277 3508 1359">
     <span class='ocr_line' id='line_1_75' title="bbox 1924 1277 3508 1359; baseline -0.001 -24"><span class='ocrx_word' id='word_1_558' title='bbox 1924 1280 2144 1351; x_wconf 84' lang='grc' dir='ltr'>ἀγάπης</span> <span class='ocrx_word' id='word_1_559' title='bbox 2178 1278 2477 1351; x_wconf 85' lang='grc' dir='ltr'>τεκμήριόν</span> <span class='ocrx_word' id='word_1_560' title='bbox 2518 1280 2686 1332; x_wconf 79' lang='grc' dir='ltr'>ἐστιν’</span> <span class='ocrx_word' id='word_1_561' title='bbox 2729 1280 2838 1333; x_wconf 78' lang='grc' dir='ltr'>Ὃν</span> <span class='ocrx_word' id='word_1_562' title='bbox 2869 1279 2980 1349; x_wconf 77' lang='grc' dir='ltr'>γὰρ</span> <span class='ocrx_word' id='word_1_563' title='bbox 3016 1277 3219 1351; x_wconf 70' lang='grc' dir='ltr'>ἀγαπᾷ</span> <span class='ocrx_word' id='word_1_564' title='bbox 3268 1281 3476 1349; x_wconf 82' lang='grc' dir='ltr'>Κύριος</span> <span class='ocrx_word' id='word_1_565' title='bbox 3489 1333 3508 1359; x_wconf 61' lang='lat'><strong>,</strong></span> 
     </span>
    </p>
   </div>
   <div class='ocr_carea' id='block_1_76' title="bbox 1926 1371 3561 1445">
    <p class='ocr_par' dir='ltr' id='par_1_76' title="bbox 1926 1371 3561 1445">
     <span class='ocr_line' id='line_1_76' title="bbox 1926 1371 3561 1445; baseline 0.002 -19"><span class='ocrx_word' id='word_1_566' title='bbox 1926 1371 2211 1428; x_wconf 80' lang='grc' dir='ltr'>παιδεύει·</span> <span class='ocrx_word' id='word_1_567' title='bbox 2241 1372 2529 1442; x_wconf 72' lang='grc' dir='ltr'>μαστιγοῖ</span> <span class='ocrx_word' id='word_1_568' title='bbox 2568 1372 2637 1426; x_wconf 86' lang='grc' dir='ltr'>δὲ</span> <span class='ocrx_word' id='word_1_569' title='bbox 2665 1372 2868 1428; x_wconf 73' lang='grc' dir='ltr'>πάντα</span> <span class='ocrx_word' id='word_1_570' title='bbox 2894 1374 3050 1439; x_wconf 80' lang='grc' dir='ltr'>υἱὸν,</span> <span class='ocrx_word' id='word_1_571' title='bbox 3081 1373 3153 1428; x_wconf 81' lang='grc' dir='ltr'>ὃν</span> <span class='ocrx_word' id='word_1_572' title='bbox 3176 1375 3505 1445; x_wconf 81' lang='grc' dir='ltr'>παραδέχε-</span> <span class='ocrx_word' id='word_1_573' title='bbox 3558 1424 3561 1437; x_wconf 89' lang='grc'>,</span> 
     </span>
    </p>
   </div>
   <div class='ocr_carea' id='block_1_77' title="bbox 1927 1464 3504 1537">
    <p class='ocr_par' dir='ltr' id='par_1_77' title="bbox 1927 1464 3504 1537">
     <span class='ocr_line' id='line_1_77' title="bbox 1927 1464 3504 1537; baseline 0.001 -18"><span class='ocrx_word' id='word_1_574' title='bbox 1927 1484 2038 1520; x_wconf 79' lang='grc' dir='ltr'>ται.</span> <span class='ocrx_word' id='word_1_575' title='bbox 2077 1464 2227 1537; x_wconf 75' lang='grc'>[725]</span> <span class='ocrx_word' id='word_1_576' title='bbox 2260 1465 2371 1520; x_wconf 77' lang='grc' dir='ltr'>Καὶ</span> <span class='ocrx_word' id='word_1_577' title='bbox 2400 1465 2580 1534; x_wconf 89' lang='grc' dir='ltr'>πάλιν,</span> <span class='ocrx_word' id='word_1_578' title='bbox 2618 1466 2858 1531; x_wconf 78' lang='grc' dir='ltr'>Τέκνον,</span> <span class='ocrx_word' id='word_1_579' title='bbox 2886 1466 2994 1521; x_wconf 80' lang='grc' dir='ltr'>ἐὰν</span> <span class='ocrx_word' id='word_1_580' title='bbox 3020 1469 3326 1537; x_wconf 79' lang='grc' dir='ltr'>προσέρχῃ</span> <span class='ocrx_word' id='word_1_581' title='bbox 3364 1468 3504 1521; x_wconf 81' lang='grc' dir='ltr'>δου-</span> 
     </span>
    </p>
   </div>
   <div class='ocr_carea' id='block_1_78' title="bbox 1926 1559 3508 1630">
    <p class='ocr_par' dir='ltr' id='par_1_78' title="bbox 1926 1559 3508 1630">
     <span class='ocr_line' id='line_1_78' title="bbox 1926 1559 3508 1630; baseline 0.001 -17"><span class='ocrx_word' id='word_1_582' title='bbox 1926 1561 2130 1614; x_wconf 77' lang='grc' dir='ltr'>λεύειν</span> <span class='ocrx_word' id='word_1_583' title='bbox 2164 1561 2379 1628; x_wconf 80' lang='grc' dir='ltr'>Κυρίῳ,</span> <span class='ocrx_word' id='word_1_584' title='bbox 2404 1561 2729 1630; x_wconf 73' lang='grc' dir='ltr'>ἐτοῖμασον</span> <span class='ocrx_word' id='word_1_585' title='bbox 2756 1560 2872 1628; x_wconf 73' lang='grc' dir='ltr'>τὴν</span> <span class='ocrx_word' id='word_1_586' title='bbox 2892 1559 3105 1628; x_wconf 70' lang='grc' dir='ltr'>ψυχήν</span> <span class='ocrx_word' id='word_1_587' title='bbox 3125 1577 3242 1614; x_wconf 90' lang='grc' dir='ltr'>σου</span> <span class='ocrx_word' id='word_1_588' title='bbox 3266 1563 3355 1627; x_wconf 81' lang='grc' dir='ltr'>είς</span> <span class='ocrx_word' id='word_1_589' title='bbox 3391 1576 3508 1614; x_wconf 59' lang='grc' dir='ltr'>πει.</span> 
     </span>
    </p>
   </div>
   <div class='ocr_carea' id='block_1_79' title="bbox 1920 1652 3508 1723">
    <p class='ocr_par' dir='ltr' id='par_1_79' title="bbox 1920 1652 3508 1723">
     <span class='ocr_line' id='line_1_79' title="bbox 1920 1652 3508 1723; baseline 0 -16"><span class='ocrx_word' id='word_1_590' title='bbox 1920 1652 2182 1722; x_wconf 81' lang='grc' dir='ltr'>ρασμὸν,</span> <span class='ocrx_word' id='word_1_591' title='bbox 2212 1653 2475 1709; x_wconf 77' lang='grc' dir='ltr'>εὔθυνον</span> <span class='ocrx_word' id='word_1_592' title='bbox 2496 1653 2613 1722; x_wconf 75' lang='grc' dir='ltr'>τὴν</span> <span class='ocrx_word' id='word_1_593' title='bbox 2639 1653 2897 1723; x_wconf 77' lang='grc' dir='ltr'>καρδίαν</span> <span class='ocrx_word' id='word_1_594' title='bbox 2917 1668 3057 1717; x_wconf 89' lang='grc' dir='ltr'>σου,</span> <span class='ocrx_word' id='word_1_595' title='bbox 3094 1654 3194 1707; x_wconf 72' lang='grc' dir='ltr'>καὶ</span> <span class='ocrx_word' id='word_1_596' title='bbox 3223 1654 3508 1723; x_wconf 78' lang='grc' dir='ltr'>καρτέρη·</span> 
     </span>
    </p>
   </div>
   <div class='ocr_carea' id='block_1_80' title="bbox 1927 1741 3510 1819">
    <p class='ocr_par' dir='ltr' id='par_1_80' title="bbox 1927 1741 3510 1819">
     <span class='ocr_line' id='line_1_80' title="bbox 1927 1741 3510 1819; baseline 0 -20"><span class='ocrx_word' id='word_1_597' title='bbox 1927 1760 2064 1800; x_wconf 78' lang='grc' dir='ltr'>σον.</span> <span class='ocrx_word' id='word_1_598' title='bbox 2109 1745 2459 1817; x_wconf 87' lang='grc' dir='ltr'>Ἐκϐάλωμεν</span> <span class='ocrx_word' id='word_1_599' title='bbox 2483 1741 2598 1810; x_wconf 85' lang='grc' dir='ltr'>οῦν,</span> <span class='ocrx_word' id='word_1_600' title='bbox 2630 1746 2927 1817; x_wconf 74' lang='grc' dir='ltr'>ἀγαπητοὶ,</span> <span class='ocrx_word' id='word_1_601' title='bbox 2955 1745 3056 1809; x_wconf 90' lang='grc' dir='ltr'>τάς</span> <span class='ocrx_word' id='word_1_602' title='bbox 3082 1746 3345 1819; x_wconf 81' lang='grc' dir='ltr'>περιττὰς</span> <span class='ocrx_word' id='word_1_603' title='bbox 3386 1745 3510 1801; x_wconf 81' lang='grc' dir='ltr'>ταύ-</span> 
     </span>
    </p>
   </div>
   <div class='ocr_carea' id='block_1_81' title="bbox 1927 1828 3509 1912">
    <p class='ocr_par' dir='ltr' id='par_1_81' title="bbox 1927 1828 3509 1912">
     <span class='ocr_line' id='line_1_81' title="bbox 1927 1828 3509 1912; baseline 0.001 -20"><span class='ocrx_word' id='word_1_604' title='bbox 1927 1856 2026 1903; x_wconf 89' lang='grc' dir='ltr'>τας</span> <span class='ocrx_word' id='word_1_605' title='bbox 2048 1838 2347 1910; x_wconf 79' lang='grc' dir='ltr'>προλήψεις</span> <span class='ocrx_word' id='word_1_606' title='bbox 2369 1828 2464 1908; x_wconf 68' lang='grc' dir='ltr'>ἀιρ’</span> <span class='ocrx_word' id='word_1_607' title='bbox 2480 1839 2712 1904; x_wconf 81' lang='grc' dir='ltr'>ἑαυτῶν,</span> <span class='ocrx_word' id='word_1_608' title='bbox 2736 1839 2832 1892; x_wconf 57' lang='grc' dir='ltr'>καὶ⁵</span> <span class='ocrx_word' id='word_1_609' title='bbox 2854 1839 2923 1893; x_wconf 89' lang='grc' dir='ltr'>τά</span> <span class='ocrx_word' id='word_1_610' title='bbox 2961 1838 3187 1911; x_wconf 83' lang='grc' dir='ltr'>δημώδη</span> <span class='ocrx_word' id='word_1_611' title='bbox 3216 1839 3386 1893; x_wconf 91' lang='grc' dir='ltr'>ταῦτα</span> <span class='ocrx_word' id='word_1_612' title='bbox 3414 1841 3509 1912; x_wconf 79' lang='grc' dir='ltr'>ῥή-</span> 
     </span>
    </p>
   </div>
   <div class='ocr_carea' id='block_1_82' title="bbox 1934 1930 3509 2003">
    <p class='ocr_par' dir='ltr' id='par_1_82' title="bbox 1934 1930 3509 2003">
     <span class='ocr_line' id='line_1_82' title="bbox 1934 1930 3509 2003; baseline 0.001 -21"><span class='ocrx_word' id='word_1_613' title='bbox 1934 1945 2097 2000; x_wconf 90' lang='grc' dir='ltr'>ματα.</span> <span class='ocrx_word' id='word_1_614' title='bbox 2136 1931 2473 2000; x_wconf 78' lang='grc' dir='ltr'>Αίσχρότης</span> <span class='ocrx_word' id='word_1_615' title='bbox 2506 1932 2637 2003; x_wconf 82' lang='grc' dir='ltr'>γὰρ,</span> <span class='ocrx_word' id='word_1_616' title='bbox 2669 1930 2824 2002; x_wconf 74' lang='grc' dir='ltr'>φησὶ,</span> <span class='ocrx_word' id='word_1_617' title='bbox 2862 1931 2961 1985; x_wconf 78' lang='grc' dir='ltr'>καί</span> <span class='ocrx_word' id='word_1_618' title='bbox 2998 1932 3358 2002; x_wconf 75' lang='grc' dir='ltr'>μωρολογία,</span> <span class='ocrx_word' id='word_1_619' title='bbox 3409 1931 3509 1984; x_wconf 77' lang='grc' dir='ltr'>καὶ</span> 
     </span>
    </p>
   </div>
   <div class='ocr_carea' id='block_1_83' title="bbox 1929 2020 3601 2091">
    <p class='ocr_par' dir='ltr' id='par_1_83' title="bbox 1929 2020 3601 2091">
     <span class='ocr_line' id='line_1_83' title="bbox 1929 2020 3601 2091; baseline 0.001 -17"><span class='ocrx_word' id='word_1_620' title='bbox 1929 2020 2294 2087; x_wconf 79' lang='grc' dir='ltr'>εὐτραπελία</span> <span class='ocrx_word' id='word_1_621' title='bbox 2330 2020 2418 2090; x_wconf 77' lang='grc' dir='ltr'>μὴ</span> <span class='ocrx_word' id='word_1_622' title='bbox 2471 2021 2891 2091; x_wconf 84' lang='grc' dir='ltr'>ἐκπορευέσθω</span> <span class='ocrx_word' id='word_1_623' title='bbox 2942 2023 3012 2077; x_wconf 83' lang='grc' dir='ltr'>ἐκ</span> <span class='ocrx_word' id='word_1_624' title='bbox 3056 2022 3164 2076; x_wconf 83' lang='grc' dir='ltr'>τοῦ</span> <span class='ocrx_word' id='word_1_625' title='bbox 3213 2022 3510 2091; x_wconf 78' lang='grc' dir='ltr'>στόματος</span> <span class='ocrx_word' id='word_1_626' title='bbox 3598 2034 3601 2037; x_wconf 71' lang='lat'><strong><em>‘</em></strong></span> 
     </span>
    </p>
   </div>
   <div class='ocr_carea' id='block_1_84' title="bbox 1928 2105 3511 2183">
    <p class='ocr_par' dir='ltr' id='par_1_84' title="bbox 1928 2105 3511 2183">
     <span class='ocr_line' id='line_1_84' title="bbox 1928 2105 3511 2183; baseline 0.001 -20"><span class='ocrx_word' id='word_1_627' title='bbox 1928 2108 2115 2179; x_wconf 72' lang='grc' dir='ltr'>ὑμῶν.</span> <span class='ocrx_word' id='word_1_628' title='bbox 2145 2111 2298 2182; x_wconf 87' lang='grc' dir='ltr'>Μήτε</span> <span class='ocrx_word' id='word_1_629' title='bbox 2328 2105 2419 2165; x_wconf 88' lang='grc' dir='ltr'>οὖν</span> <span class='ocrx_word' id='word_1_630' title='bbox 2447 2112 2603 2164; x_wconf 72' lang='grc' dir='ltr'>αὐτοὶ</span> <span class='ocrx_word' id='word_1_631' title='bbox 2625 2111 2799 2165; x_wconf 89' lang='grc' dir='ltr'>ταῦτα</span> <span class='ocrx_word' id='word_1_632' title='bbox 2818 2111 3088 2183; x_wconf 84' lang='grc' dir='ltr'>λέγωμεν,</span> <span class='ocrx_word' id='word_1_633' title='bbox 3112 2111 3248 2165; x_wconf 86' lang='grc' dir='ltr'>ἀλλὰ</span> <span class='ocrx_word' id='word_1_634' title='bbox 3276 2112 3379 2166; x_wconf 87' lang='grc' dir='ltr'>κᾶν</span> <span class='ocrx_word' id='word_1_635' title='bbox 3399 2114 3511 2164; x_wconf 79' lang='grc' dir='ltr'>ἐτέ-</span> 
     </span>
    </p>
   </div>
   <div class='ocr_carea' id='block_1_85' title="bbox 1932 2202 3513 2275">
    <p class='ocr_par' dir='ltr' id='par_1_85' title="bbox 1932 2202 3513 2275">
     <span class='ocr_line' id='line_1_85' title="bbox 1932 2202 3513 2275; baseline -0.001 -18"><span class='ocrx_word' id='word_1_636' title='bbox 1932 2222 2058 2274; x_wconf 86' lang='grc' dir='ltr'>ρους</span> <span class='ocrx_word' id='word_1_637' title='bbox 2088 2203 2289 2274; x_wconf 78' lang='grc' dir='ltr'>ίδωμεν</span> <span class='ocrx_word' id='word_1_638' title='bbox 2321 2203 2497 2259; x_wconf 89' lang='grc' dir='ltr'>ταῦτα</span> <span class='ocrx_word' id='word_1_639' title='bbox 2519 2203 2800 2272; x_wconf 89' lang='grc' dir='ltr'>λέγοντας,</span> <span class='ocrx_word' id='word_1_640' title='bbox 2826 2202 3294 2275; x_wconf 83' lang='grc' dir='ltr'>ἐπιστομίσωμεν,</span> <span class='ocrx_word' id='word_1_641' title='bbox 3321 2203 3513 2268; x_wconf 79' lang='grc' dir='ltr'>κατεξ-</span> 
     </span>
    </p>
   </div>
   <div class='ocr_carea' id='block_1_86' title="bbox 1931 2292 3511 2368">
    <p class='ocr_par' dir='ltr' id='par_1_86' title="bbox 1931 2292 3511 2368">
     <span class='ocr_line' id='line_1_86' title="bbox 1931 2292 3511 2368; baseline -0.002 -17"><span class='ocrx_word' id='word_1_642' title='bbox 1931 2296 2251 2367; x_wconf 88' lang='grc' dir='ltr'>αναστῶμεν</span> <span class='ocrx_word' id='word_1_643' title='bbox 2284 2296 2550 2368; x_wconf 83' lang='grc' dir='ltr'>σφοδρῶς,</span> <span class='ocrx_word' id='word_1_644' title='bbox 2581 2297 2895 2367; x_wconf 80' lang='grc' dir='ltr'>ἐπίσχωμεν</span> <span class='ocrx_word' id='word_1_645' title='bbox 2921 2294 3020 2367; x_wconf 84' lang='grc' dir='ltr'>τὴν</span> <span class='ocrx_word' id='word_1_646' title='bbox 3034 2292 3395 2367; x_wconf 82' lang='grc' dir='ltr'>’ἀναίσχυντον</span> <span class='ocrx_word' id='word_1_647' title='bbox 3417 2297 3511 2349; x_wconf 85' lang='grc' dir='ltr'>αὐ-</span> 
     </span>
    </p>
   </div>
   <div class='ocr_carea' id='block_1_87' title="bbox 1930 2387 3512 2461">
    <p class='ocr_par' dir='ltr' id='par_1_87' title="bbox 1930 2387 3512 2461">
     <span class='ocr_line' id='line_1_87' title="bbox 1930 2387 3512 2461; baseline 0 -18"><span class='ocrx_word' id='word_1_648' title='bbox 1930 2390 2038 2443; x_wconf 88' lang='grc' dir='ltr'>τῶν</span> <span class='ocrx_word' id='word_1_649' title='bbox 2062 2389 2329 2459; x_wconf 87' lang='grc' dir='ltr'>γλῶτταν.</span> <span class='ocrx_word' id='word_1_650' title='bbox 2371 2387 2440 2442; x_wconf 79' lang='grc' dir='ltr'>Εἴ</span> <span class='ocrx_word' id='word_1_651' title='bbox 2464 2406 2590 2444; x_wconf 90' lang='grc' dir='ltr'>τινα</span> <span class='ocrx_word' id='word_1_652' title='bbox 2618 2388 2761 2460; x_wconf 76' lang='grc' dir='ltr'>ἴδῃς,</span> <span class='ocrx_word' id='word_1_653' title='bbox 2788 2388 2907 2442; x_wconf 85' lang='grc' dir='ltr'>εἰπέ</span> <span class='ocrx_word' id='word_1_654' title='bbox 2935 2406 3045 2460; x_wconf 90' lang='grc' dir='ltr'>μοι,</span> <span class='ocrx_word' id='word_1_655' title='bbox 3076 2388 3379 2461; x_wconf 83' lang='grc' dir='ltr'>λῄσταρχον</span> <span class='ocrx_word' id='word_1_656' title='bbox 3408 2406 3512 2443; x_wconf 83' lang='grc' dir='ltr'>κα-</span> 
     </span>
    </p>
   </div>
   <div class='ocr_carea' id='block_1_88' title="bbox 1931 2480 3510 2554">
    <p class='ocr_par' dir='ltr' id='par_1_88' title="bbox 1931 2480 3510 2554">
     <span class='ocr_line' id='line_1_88' title="bbox 1931 2480 3510 2554; baseline -0.003 -17"><span class='ocrx_word' id='word_1_657' title='bbox 1931 2484 2266 2554; x_wconf 85' lang='grc' dir='ltr'>τατρέχοντα</span> <span class='ocrx_word' id='word_1_658' title='bbox 2292 2483 2392 2547; x_wconf 80' lang='grc' dir='ltr'>τὰς</span> <span class='ocrx_word' id='word_1_659' title='bbox 2437 2483 2612 2546; x_wconf 84' lang='grc' dir='ltr'>ὁδοὺς,</span> <span class='ocrx_word' id='word_1_660' title='bbox 2657 2484 2771 2545; x_wconf 85' lang='grc' dir='ltr'>τοῖς</span> <span class='ocrx_word' id='word_1_661' title='bbox 2811 2480 3103 2552; x_wconf 88' lang='grc' dir='ltr'>παριοῦσιν</span> <span class='ocrx_word' id='word_1_662' title='bbox 3132 2481 3510 2551; x_wconf 80' lang='grc' dir='ltr'>ἐφεδρεύοντα,</span> 
     </span>
    </p>
   </div>
   <div class='ocr_carea' id='block_1_89' title="bbox 1930 2574 3508 2647">
    <p class='ocr_par' dir='ltr' id='par_1_89' title="bbox 1930 2574 3508 2647">
     <span class='ocr_line' id='line_1_89' title="bbox 1930 2574 3508 2647; baseline -0.002 -17"><span class='ocrx_word' id='word_1_663' title='bbox 1930 2577 1997 2630; x_wconf 76' lang='grc' dir='ltr'>τὰ</span> <span class='ocrx_word' id='word_1_664' title='bbox 2030 2579 2094 2630; x_wconf 82' lang='grc' dir='ltr'>ἐκ</span> <span class='ocrx_word' id='word_1_665' title='bbox 2127 2576 2236 2630; x_wconf 90' lang='grc' dir='ltr'>τῶν</span> <span class='ocrx_word' id='word_1_666' title='bbox 2264 2576 2449 2647; x_wconf 84' lang='grc' dir='ltr'>ἀγρῶν</span> <span class='ocrx_word' id='word_1_667' title='bbox 2478 2574 2815 2645; x_wconf 78' lang='grc' dir='ltr'>ἁρπάζοντα,</span> <span class='ocrx_word' id='word_1_668' title='bbox 2844 2576 2923 2638; x_wconf 82' lang='grc' dir='ltr'>είς</span> <span class='ocrx_word' id='word_1_669' title='bbox 2955 2575 3194 2646; x_wconf 88' lang='grc' dir='ltr'>σπήλαια</span> <span class='ocrx_word' id='word_1_670' title='bbox 3219 2577 3312 2629; x_wconf 77' lang='grc' dir='ltr'>καὶ</span> <span class='ocrx_word' id='word_1_671' title='bbox 3345 2592 3508 2627; x_wconf 84' lang='grc' dir='ltr'>κατα·</span> 
     </span>
    </p>
   </div>
   <div class='ocr_carea' id='block_1_90' title="bbox 1931 2666 3512 2740">
    <p class='ocr_par' dir='ltr' id='par_1_90' title="bbox 1931 2666 3512 2740">
     <span class='ocr_line' id='line_1_90' title="bbox 1931 2666 3512 2740; baseline 0 -21"><span class='ocrx_word' id='word_1_672' title='bbox 1931 2666 2108 2731; x_wconf 88' lang='grc' dir='ltr'>δύσεις</span> <span class='ocrx_word' id='word_1_673' title='bbox 2133 2667 2351 2740; x_wconf 90' lang='grc' dir='ltr'>χρυσίον</span> <span class='ocrx_word' id='word_1_674' title='bbox 2369 2667 2463 2721; x_wconf 75' lang='grc' dir='ltr'>καὶ</span> <span class='ocrx_word' id='word_1_675' title='bbox 2485 2666 2746 2738; x_wconf 88' lang='grc' dir='ltr'>ἀργύριον</span> <span class='ocrx_word' id='word_1_676' title='bbox 2763 2666 3179 2737; x_wconf 82' lang='grc' dir='ltr'>κατορύττοντα,</span> <span class='ocrx_word' id='word_1_677' title='bbox 3203 2666 3296 2720; x_wconf 71' lang='grc' dir='ltr'>καὶ</span> <span class='ocrx_word' id='word_1_678' title='bbox 3316 2667 3512 2735; x_wconf 84' lang='grc' dir='ltr'>ἀγέλας</span> 
     </span>
    </p>
   </div>
   <div class='ocr_carea' id='block_1_91' title="bbox 1933 2759 3512 2831">
    <p class='ocr_par' dir='ltr' id='par_1_91' title="bbox 1933 2759 3512 2831">
     <span class='ocr_line' id='line_1_91' title="bbox 1933 2759 3512 2831; baseline -0.001 -18"><span class='ocrx_word' id='word_1_679' title='bbox 1933 2760 2293 2814; x_wconf 88' lang='grc' dir='ltr'>ἀποκλείοντα</span> <span class='ocrx_word' id='word_1_680' title='bbox 2320 2759 2522 2823; x_wconf 83' lang='grc' dir='ltr'>πολλὰς</span> <span class='ocrx_word' id='word_1_681' title='bbox 2553 2759 2689 2823; x_wconf 79' lang='grc' dir='ltr'>ἐκεῖ,</span> <span class='ocrx_word' id='word_1_682' title='bbox 2731 2760 2827 2813; x_wconf 76' lang='grc' dir='ltr'>καὶ</span> <span class='ocrx_word' id='word_1_683' title='bbox 2854 2760 3044 2829; x_wconf 75' lang='grc' dir='ltr'>ἱμάτια</span> <span class='ocrx_word' id='word_1_684' title='bbox 3079 2761 3174 2813; x_wconf 80' lang='grc' dir='ltr'>καὶ</span> <span class='ocrx_word' id='word_1_685' title='bbox 3205 2760 3512 2831; x_wconf 75' lang='grc' dir='ltr'>ἀνδράποδα</span> 
     </span>
    </p>
   </div>
   <div class='ocr_carea' id='block_1_92' title="bbox 1934 2849 3512 2924">
    <p class='ocr_par' dir='ltr' id='par_1_92' title="bbox 1934 2849 3512 2924">
     <span class='ocr_line' id='line_1_92' title="bbox 1934 2849 3512 2924; baseline 0.002 -20"><span class='ocrx_word' id='word_1_686' title='bbox 1934 2853 2103 2906; x_wconf 87' lang='grc' dir='ltr'>πολλὰ</span> <span class='ocrx_word' id='word_1_687' title='bbox 2137 2853 2474 2922; x_wconf 81' lang='grc' dir='ltr'>κεκτημένον</span> <span class='ocrx_word' id='word_1_688' title='bbox 2508 2853 2571 2905; x_wconf 83' lang='grc' dir='ltr'>ἐκ</span> <span class='ocrx_word' id='word_1_689' title='bbox 2598 2852 2694 2922; x_wconf 86' lang='grc' dir='ltr'>τῆς</span> <span class='ocrx_word' id='word_1_690' title='bbox 2736 2851 3085 2922; x_wconf 84' lang='grc' dir='ltr'>καταδρομῆς</span> <span class='ocrx_word' id='word_1_691' title='bbox 3134 2852 3367 2922; x_wconf 83' lang='grc' dir='ltr'>ἐκείνης,</span> <span class='ocrx_word' id='word_1_692' title='bbox 3406 2849 3512 2924; x_wconf 81' lang='grc' dir='ltr'>ἆρα</span> 
     </span>
    </p>
   </div>
   <div class='ocr_carea' id='block_1_93' title="bbox 1933 2943 3509 3016">
    <p class='ocr_par' dir='ltr' id='par_1_93' title="bbox 1933 2943 3509 3016">
     <span class='ocr_line' id='line_1_93' title="bbox 1933 2943 3509 3016; baseline 0.002 -20"><span class='ocrx_word' id='word_1_693' title='bbox 1933 2944 2115 3007; x_wconf 86' lang='grc' dir='ltr'>αὐτὸν,</span> <span class='ocrx_word' id='word_1_694' title='bbox 2143 2944 2264 2997; x_wconf 85' lang='grc' dir='ltr'>εἰπέ</span> <span class='ocrx_word' id='word_1_695' title='bbox 2288 2962 2399 3015; x_wconf 88' lang='grc' dir='ltr'>μοι,</span> <span class='ocrx_word' id='word_1_696' title='bbox 2431 2944 2757 3016; x_wconf 80' lang='grc' dir='ltr'>μακαρίζεις</span> <span class='ocrx_word' id='word_1_697' title='bbox 2790 2943 2877 2997; x_wconf 74' lang='grc' dir='ltr'>διὰ</span> <span class='ocrx_word' id='word_1_698' title='bbox 2907 2944 2998 2997; x_wconf 74' lang='grc' dir='ltr'>τὸν</span> <span class='ocrx_word' id='word_1_699' title='bbox 3037 2943 3264 2997; x_wconf 86' lang='grc' dir='ltr'>πλοῦτον</span> <span class='ocrx_word' id='word_1_700' title='bbox 3286 2946 3509 3010; x_wconf 80' lang='grc' dir='ltr'>ἐκεῖνον,</span> 
     </span>
    </p>
   </div>
   <div class='ocr_carea' id='block_1_94' title="bbox 1933 3035 3513 3107">
    <p class='ocr_par' dir='ltr' id='par_1_94' title="bbox 1933 3035 3513 3107">
     <span class='ocr_line' id='line_1_94' title="bbox 1933 3035 3513 3107; baseline 0.003 -20"><span class='ocrx_word' id='word_1_701' title='bbox 1933 3035 2305 3105; x_wconf 75' lang='grc' dir='ltr'>ἢταλανίζεις</span> <span class='ocrx_word' id='word_1_702' title='bbox 2349 3036 2437 3090; x_wconf 85' lang='grc' dir='ltr'>διὰ</span> <span class='ocrx_word' id='word_1_703' title='bbox 2486 3036 2583 3107; x_wconf 84' lang='grc' dir='ltr'>τὴν</span> <span class='ocrx_word' id='word_1_704' title='bbox 2633 3036 2938 3107; x_wconf 87' lang='grc' dir='ltr'>μέλλουσαν</span> <span class='ocrx_word' id='word_1_705' title='bbox 2984 3036 3143 3089; x_wconf 78' lang='grc' dir='ltr'>αὐτὸν</span> <span class='ocrx_word' id='word_1_706' title='bbox 3178 3036 3513 3106; x_wconf 85' lang='grc' dir='ltr'>διαδέχεσθαι</span> 
     </span>
    </p>
   </div>
   <div class='ocr_carea' id='block_1_95' title="bbox 1935 3127 3513 3201">
    <p class='ocr_par' dir='ltr' id='par_1_95' title="bbox 1935 3127 3513 3201">
     <span class='ocr_line' id='line_1_95' title="bbox 1935 3127 3513 3201; baseline 0.002 -22"><span class='ocrx_word' id='word_1_707' title='bbox 1935 3128 2121 3196; x_wconf 82' lang='grc' dir='ltr'>δίκην;</span> <span class='ocrx_word' id='word_1_708' title='bbox 2154 3128 2349 3182; x_wconf 83' lang='grc' dir='ltr'>Καίτοι</span> <span class='ocrx_word' id='word_1_709' title='bbox 2375 3127 2527 3182; x_wconf 82' lang='grc' dir='ltr'>οὐπω</span> <span class='ocrx_word' id='word_1_710' title='bbox 2550 3130 2920 3200; x_wconf 80' lang='grc' dir='ltr'>συνείληπται,</span> <span class='ocrx_word' id='word_1_711' title='bbox 2959 3131 3079 3183; x_wconf 82' lang='grc' dir='ltr'>οὐδὲ</span> <span class='ocrx_word' id='word_1_712' title='bbox 3108 3131 3187 3191; x_wconf 86' lang='grc' dir='ltr'>εἰς</span> <span class='ocrx_word' id='word_1_713' title='bbox 3214 3133 3400 3201; x_wconf 89' lang='grc' dir='ltr'>χεῖρας</span> <span class='ocrx_word' id='word_1_714' title='bbox 3420 3129 3513 3183; x_wconf 83' lang='grc' dir='ltr'>τοῦ</span> 
     </span>
    </p>
   </div>
   <div class='ocr_carea' id='block_1_96' title="bbox 1933 3219 3507 3293">
    <p class='ocr_par' dir='ltr' id='par_1_96' title="bbox 1933 3219 3507 3293">
     <span class='ocr_line' id='line_1_96' title="bbox 1933 3219 3507 3293; baseline 0 -20"><span class='ocrx_word' id='word_1_715' title='bbox 1933 3219 2187 3274; x_wconf 88' lang='grc' dir='ltr'>δικαστοῦ</span> <span class='ocrx_word' id='word_1_716' title='bbox 2218 3220 2603 3290; x_wconf 85' lang='grc' dir='ltr'>παραδέδοται,</span> <span class='ocrx_word' id='word_1_717' title='bbox 2638 3221 2761 3276; x_wconf 88' lang='grc' dir='ltr'>οὐδὲ</span> <span class='ocrx_word' id='word_1_718' title='bbox 2801 3224 2880 3285; x_wconf 84' lang='grc' dir='ltr'>εἰς</span> <span class='ocrx_word' id='word_1_719' title='bbox 2919 3222 3293 3293; x_wconf 77' lang='grc' dir='ltr'>δεσμωτήριον</span> <span class='ocrx_word' id='word_1_720' title='bbox 3328 3222 3507 3274; x_wconf 71' lang='grc' dir='ltr'>ἐνέπε-</span> 
     </span>
    </p>
   </div>
   <div class='ocr_carea' id='block_1_97' title="bbox 1937 3314 3509 3386">
    <p class='ocr_par' dir='ltr' id='par_1_97' title="bbox 1937 3314 3509 3386">
     <span class='ocr_line' id='line_1_97' title="bbox 1937 3314 3509 3386; baseline 0.001 -19"><span class='ocrx_word' id='word_1_721' title='bbox 1937 3330 2048 3379; x_wconf 90' lang='grc' dir='ltr'>σεν,</span> <span class='ocrx_word' id='word_1_722' title='bbox 2076 3314 2192 3367; x_wconf 87' lang='grc' dir='ltr'>οὐδὲ</span> <span class='ocrx_word' id='word_1_723' title='bbox 2214 3316 2519 3386; x_wconf 88' lang='grc' dir='ltr'>κατήγορον</span> <span class='ocrx_word' id='word_1_724' title='bbox 2549 3314 2729 3385; x_wconf 80' lang='grc' dir='ltr'>ἔσχεν,</span> <span class='ocrx_word' id='word_1_725' title='bbox 2764 3314 2882 3368; x_wconf 84' lang='grc' dir='ltr'>οὐδὲ</span> <span class='ocrx_word' id='word_1_726' title='bbox 2918 3315 3022 3368; x_wconf 81' lang='grc' dir='ltr'>ὐπὸ</span> <span class='ocrx_word' id='word_1_727' title='bbox 3054 3315 3234 3386; x_wconf 77' lang='grc' dir='ltr'>ψῆφον</span> <span class='ocrx_word' id='word_1_728' title='bbox 3273 3316 3509 3382; x_wconf 85' lang='grc' dir='ltr'>ἐγένετο,</span> 
     </span>
    </p>
   </div>
   <div class='ocr_carea' id='block_1_98' title="bbox 1936 3406 3515 3479">
    <p class='ocr_par' dir='ltr' id='par_1_98' title="bbox 1936 3406 3515 3479">
     <span class='ocr_line' id='line_1_98' title="bbox 1936 3406 3515 3479; baseline 0 -18"><span class='ocrx_word' id='word_1_729' title='bbox 1936 3406 2072 3461; x_wconf 85' lang='grc' dir='ltr'>ἁλλά</span> <span class='ocrx_word' id='word_1_730' title='bbox 2092 3411 2293 3479; x_wconf 76' lang='grc' dir='ltr'>τρυφᾷ,</span> <span class='ocrx_word' id='word_1_731' title='bbox 2318 3408 2529 3479; x_wconf 91' lang='grc' dir='ltr'>μεθύει,</span> <span class='ocrx_word' id='word_1_732' title='bbox 2569 3409 2829 3479; x_wconf 81' lang='grc' dir='ltr'>εὐπορίας</span> <span class='ocrx_word' id='word_1_733' title='bbox 2861 3408 3123 3463; x_wconf 86' lang='grc' dir='ltr'>ἀπολαύει</span> <span class='ocrx_word' id='word_1_734' title='bbox 3144 3408 3367 3479; x_wconf 65' lang='grc' dir='ltr'>πολλῆς</span> <span class='ocrx_word' id='word_1_735' title='bbox 3402 3408 3515 3461; x_wconf 77' lang='grc' dir='ltr'>ἀλλ’</span> 
     </span>
    </p>
   </div>
   <div class='ocr_carea' id='block_1_99' title="bbox 1933 3501 3517 3573">
    <p class='ocr_par' dir='ltr' id='par_1_99' title="bbox 1933 3501 3517 3573">
     <span class='ocr_line' id='line_1_99' title="bbox 1933 3501 3517 3573; baseline 0.002 -20"><span class='ocrx_word' id='word_1_736' title='bbox 1933 3501 2082 3572; x_wconf 86' lang='grc' dir='ltr'>ὅμως</span> <span class='ocrx_word' id='word_1_737' title='bbox 2113 3502 2175 3554; x_wconf 91' lang='grc' dir='ltr'>οὐ</span> <span class='ocrx_word' id='word_1_738' title='bbox 2205 3501 2295 3555; x_wconf 88' lang='grc' dir='ltr'>διὰ</span> <span class='ocrx_word' id='word_1_739' title='bbox 2321 3502 2388 3555; x_wconf 89' lang='grc' dir='ltr'>τὰ</span> <span class='ocrx_word' id='word_1_740' title='bbox 2416 3501 2661 3572; x_wconf 85' lang='grc' dir='ltr'>παρόντα</span> <span class='ocrx_word' id='word_1_741' title='bbox 2704 3501 2798 3555; x_wconf 58' lang='grc' dir='ltr'>καὶ⁵</span> <span class='ocrx_word' id='word_1_742' title='bbox 2826 3502 2895 3555; x_wconf 82' lang='grc' dir='ltr'>τὰ</span> <span class='ocrx_word' id='word_1_743' title='bbox 2923 3501 3176 3573; x_wconf 87' lang='grc' dir='ltr'>ὁρώμενα</span> <span class='ocrx_word' id='word_1_744' title='bbox 3216 3502 3376 3555; x_wconf 79' lang='grc' dir='ltr'>αὐτὸν</span> <span class='ocrx_word' id='word_1_745' title='bbox 3415 3519 3517 3571; x_wconf 67' lang='grc' dir='ltr'>μαι</span> 
     </span>
    </p>
   </div>
   <div class='ocr_carea' id='block_1_100' title="bbox 1936 3593 3517 3667">
    <p class='ocr_par' dir='ltr' id='par_1_100' title="bbox 1936 3593 3517 3667">
     <span class='ocr_line' id='line_1_100' title="bbox 1936 3593 3517 3667; baseline 0 -20"><span class='ocrx_word' id='word_1_746' title='bbox 1936 3593 2255 3665; x_wconf 81' lang='grc' dir='ltr'>καρίζομεν,</span> <span class='ocrx_word' id='word_1_747' title='bbox 2278 3594 2416 3649; x_wconf 85' lang='grc' dir='ltr'>ἀλλά</span> <span class='ocrx_word' id='word_1_748' title='bbox 2444 3594 2532 3649; x_wconf 84' lang='grc' dir='ltr'>διὰ</span> <span class='ocrx_word' id='word_1_749' title='bbox 2558 3594 2627 3648; x_wconf 82' lang='grc' dir='ltr'>τὰ</span> <span class='ocrx_word' id='word_1_750' title='bbox 2673 3594 2937 3666; x_wconf 83' lang='grc' dir='ltr'>μέλλοντα</span> <span class='ocrx_word' id='word_1_751' title='bbox 2968 3595 3062 3648; x_wconf 78' lang='grc' dir='ltr'>καὶ</span> <span class='ocrx_word' id='word_1_752' title='bbox 3091 3595 3517 3667; x_wconf 84' lang='grc' dir='ltr'>προσδοκώμενα</span> 
     </span>
    </p>
   </div>
   <div class='ocr_carea' id='block_1_101' title="bbox 1936 3687 2306 3759">
    <p class='ocr_par' dir='ltr' id='par_1_101' title="bbox 1936 3687 2306 3759">
     <span class='ocr_line' id='line_1_101' title="bbox 1936 3687 2306 3759; baseline 0.011 -19"><span class='ocrx_word' id='word_1_753' title='bbox 1936 3687 2306 3759; x_wconf 80' lang='grc' dir='ltr'>ταλανίζομεν.</span> 
     </span>
    </p>
   </div>
   <div class='ocr_carea' id='block_1_102' title="bbox 2007 3801 3517 3859">
    <p class='ocr_par' dir='ltr' id='par_1_102' title="bbox 2007 3801 3517 3859">
     <span class='ocr_line' id='line_1_102' title="bbox 2007 3801 3517 3859; baseline 0.003 -4"><span class='ocrx_word' id='word_1_754' title='bbox 2007 3802 2176 3856; x_wconf 90' lang='grc' dir='ltr'>Τοῦτο</span> <span class='ocrx_word' id='word_1_755' title='bbox 2206 3803 2299 3857; x_wconf 70' lang='grc' dir='ltr'>καὶ</span> <span class='ocrx_word' id='word_1_756' title='bbox 2324 3801 2545 3858; x_wconf 77' lang='grc' dir='ltr'>ἐπὶτῶν</span> <span class='ocrx_word' id='word_1_757' title='bbox 2579 3803 2954 3858; x_wconf 86' lang='grc' dir='ltr'>πλουτούντων</span> <span class='ocrx_word' id='word_1_758' title='bbox 2998 3805 3091 3858; x_wconf 72' lang='grc' dir='ltr'>καὶ</span> <span class='ocrx_word' id='word_1_759' title='bbox 3131 3804 3517 3859; x_wconf 85' lang='grc' dir='ltr'>πλεονεκτούν-</span> 
     </span>
    </p>
   </div>
   <div class='ocr_carea' id='block_1_103' title="bbox 1933 3895 3516 3970">
    <p class='ocr_par' dir='ltr' id='par_1_103' title="bbox 1933 3895 3516 3970">
     <span class='ocr_line' id='line_1_103' title="bbox 1933 3895 3516 3970; baseline 0 -21"><span class='ocrx_word' id='word_1_760' title='bbox 1933 3913 2043 3949; x_wconf 91' lang='grc' dir='ltr'>των</span> <span class='ocrx_word' id='word_1_761' title='bbox 2096 3895 2329 3966; x_wconf 88' lang='grc' dir='ltr'>λόγισαι.</span> <span class='ocrx_word' id='word_1_762' title='bbox 2380 3896 2588 3968; x_wconf 81' lang='grc' dir='ltr'>Δῃσταί</span> <span class='ocrx_word' id='word_1_763' title='bbox 2619 3896 2762 3959; x_wconf 84' lang='grc' dir='ltr'>τινές</span> <span class='ocrx_word' id='word_1_764' title='bbox 2790 3898 2925 3950; x_wconf 84' lang='grc' dir='ltr'>εἰσιν</span> <span class='ocrx_word' id='word_1_765' title='bbox 2955 3897 3093 3959; x_wconf 80' lang='grc' dir='ltr'>ὁδοῖς</span> <span class='ocrx_word' id='word_1_766' title='bbox 3115 3897 3516 3970; x_wconf 81' lang='grc' dir='ltr'>ἐφεδρεύοντες,</span> 
     </span>
    </p>
   </div>
   <div class='ocr_carea' id='block_1_104' title="bbox 1936 3989 3519 4062">
    <p class='ocr_par' dir='ltr' id='par_1_104' title="bbox 1936 3989 3519 4062">
     <span class='ocr_line' id='line_1_104' title="bbox 1936 3989 3519 4062; baseline 0 -20"><span class='ocrx_word' id='word_1_767' title='bbox 1936 3989 2005 4043; x_wconf 85' lang='grc' dir='ltr'>τὰ</span> <span class='ocrx_word' id='word_1_768' title='bbox 2060 3990 2170 4043; x_wconf 86' lang='grc' dir='ltr'>τῶν</span> <span class='ocrx_word' id='word_1_769' title='bbox 2233 3990 2540 4062; x_wconf 87' lang='grc' dir='ltr'>παριόντων</span> <span class='ocrx_word' id='word_1_770' title='bbox 2598 3989 2958 4062; x_wconf 81' lang='grc' dir='ltr'>ἁρπάζοντες,</span> <span class='ocrx_word' id='word_1_771' title='bbox 3007 3989 3196 4060; x_wconf 81' lang='grc' dir='ltr'>ὥσπερ</span> <span class='ocrx_word' id='word_1_772' title='bbox 3256 3993 3314 4044; x_wconf 84' lang='grc' dir='ltr'>ἐν</span> <span class='ocrx_word' id='word_1_773' title='bbox 3382 4008 3519 4059; x_wconf 79' lang='grc' dir='ltr'>σπη-</span> 
     </span>
    </p>
   </div>
   <div class='ocr_carea' id='block_1_105' title="bbox 1936 4082 3518 4151">
    <p class='ocr_par' dir='ltr' id='par_1_105' title="bbox 1936 4082 3518 4151">
     <span class='ocr_line' id='line_1_105' title="bbox 1936 4082 3518 4151; baseline -0.001 -16"><span class='ocrx_word' id='word_1_774' title='bbox 1936 4082 2107 4146; x_wconf 89' lang='grc' dir='ltr'>λαίοις</span> <span class='ocrx_word' id='word_1_775' title='bbox 2161 4082 2254 4136; x_wconf 75' lang='grc' dir='ltr'>καὶ</span> <span class='ocrx_word' id='word_1_776' title='bbox 2307 4082 2657 4146; x_wconf 84' lang='grc' dir='ltr'>καταδύσεσι,</span> <span class='ocrx_word' id='word_1_777' title='bbox 2688 4085 2800 4147; x_wconf 86' lang='grc' dir='ltr'>τοῖς</span> <span class='ocrx_word' id='word_1_778' title='bbox 2848 4083 3058 4137; x_wconf 79' lang='grc' dir='ltr'>ἑαυτῶν</span> <span class='ocrx_word' id='word_1_779' title='bbox 3099 4082 3365 4151; x_wconf 81' lang='grc' dir='ltr'>θαλάμοις</span> <span class='ocrx_word' id='word_1_780' title='bbox 3391 4100 3518 4134; x_wconf 84' lang='grc' dir='ltr'>κατ-</span> 
     </span>
    </p>
   </div>
   <div class='ocr_carea' id='block_1_106' title="bbox 1936 4172 3516 4244">
    <p class='ocr_par' dir='ltr' id='par_1_106' title="bbox 1936 4172 3516 4244">
     <span class='ocr_line' id='line_1_106' title="bbox 1936 4172 3516 4244; baseline -0.001 -18"><span class='ocrx_word' id='word_1_781' title='bbox 1936 4175 2255 4243; x_wconf 89' lang='grc' dir='ltr'>ορύττοντες</span> <span class='ocrx_word' id='word_1_782' title='bbox 2296 4176 2394 4238; x_wconf 85' lang='grc' dir='ltr'>τὰς</span> <span class='ocrx_word' id='word_1_783' title='bbox 2450 4174 2652 4242; x_wconf 82' lang='grc' dir='ltr'>ἐτέρων</span> <span class='ocrx_word' id='word_1_784' title='bbox 2696 4174 3029 4244; x_wconf 83' lang='grc' dir='ltr'>περιουσίας.</span> <span class='ocrx_word' id='word_1_785' title='bbox 3068 4172 3157 4243; x_wconf 85' lang='grc' dir='ltr'><strong>Μὴ</strong></span> <span class='ocrx_word' id='word_1_786' title='bbox 3206 4172 3384 4224; x_wconf 86' lang='grc' dir='ltr'>τοίνυν</span> <span class='ocrx_word' id='word_1_787' title='bbox 3417 4189 3516 4241; x_wconf 89' lang='grc' dir='ltr'>μα-</span> 
     </span>
    </p>
   </div>
   <div class='ocr_carea' id='block_1_107' title="bbox 1940 4263 3511 4337">
    <p class='ocr_par' dir='ltr' id='par_1_107' title="bbox 1940 4263 3511 4337">
     <span class='ocr_line' id='line_1_107' title="bbox 1940 4263 3511 4337; baseline -0.002 -19"><span class='ocrx_word' id='word_1_788' title='bbox 1940 4265 2258 4337; x_wconf 78' lang='grc' dir='ltr'>καρίζωμεν</span> <span class='ocrx_word' id='word_1_789' title='bbox 2292 4267 2490 4329; x_wconf 81' lang='grc' dir='ltr'>αὐτοὺς</span> <span class='ocrx_word' id='word_1_790' title='bbox 2532 4265 2619 4318; x_wconf 74' lang='grc' dir='ltr'>διὰ</span> <span class='ocrx_word' id='word_1_791' title='bbox 2652 4265 2721 4318; x_wconf 84' lang='grc' dir='ltr'>τά</span> <span class='ocrx_word' id='word_1_792' title='bbox 2752 4265 3016 4336; x_wconf 86' lang='grc' dir='ltr'>παρόντα,</span> <span class='ocrx_word' id='word_1_793' title='bbox 3052 4263 3187 4317; x_wconf 75' lang='grc' dir='ltr'>ἀλλὰ</span> <span class='ocrx_word' id='word_1_794' title='bbox 3211 4264 3511 4326; x_wconf 72' lang='grc' dir='ltr'>ταλανίζω‹</span> 
     </span>
    </p>
   </div>
   <div class='ocr_carea' id='block_1_108' title="bbox 1940 4355 3513 4429">
    <p class='ocr_par' dir='ltr' id='par_1_108' title="bbox 1940 4355 3513 4429">
     <span class='ocr_line' id='line_1_108' title="bbox 1940 4355 3513 4429; baseline -0.003 -19"><span class='ocrx_word' id='word_1_795' title='bbox 1940 4375 2040 4429; x_wconf 89' lang='grc' dir='ltr'>μεν</span> <span class='ocrx_word' id='word_1_796' title='bbox 2068 4356 2154 4410; x_wconf 82' lang='grc' dir='ltr'>διὰ</span> <span class='ocrx_word' id='word_1_797' title='bbox 2176 4356 2245 4410; x_wconf 81' lang='grc' dir='ltr'>τὰ</span> <span class='ocrx_word' id='word_1_798' title='bbox 2269 4357 2550 4428; x_wconf 86' lang='grc' dir='ltr'>μέλλοντα,</span> <span class='ocrx_word' id='word_1_799' title='bbox 2582 4357 2668 4410; x_wconf 72' lang='grc' dir='ltr'>διὰ</span> <span class='ocrx_word' id='word_1_800' title='bbox 2702 4357 2762 4409; x_wconf 82' lang='grc' dir='ltr'>τὸ</span> <span class='ocrx_word' id='word_1_801' title='bbox 2794 4355 3022 4427; x_wconf 80' lang='grc' dir='ltr'>φοϐερὸν</span> <span class='ocrx_word' id='word_1_802' title='bbox 3055 4356 3231 4409; x_wconf 81' lang='grc' dir='ltr'>ἐκεῖνο</span> <span class='ocrx_word' id='word_1_803' title='bbox 3264 4355 3513 4424; x_wconf 87' lang='grc' dir='ltr'>δικαστή-</span> 
     </span>
    </p>
   </div>
   <div class='ocr_carea' id='block_1_109' title="bbox 1940 4447 3517 4522">
    <p class='ocr_par' dir='ltr' id='par_1_109' title="bbox 1940 4447 3517 4522">
     <span class='ocr_line' id='line_1_109' title="bbox 1940 4447 3517 4522; baseline -0.003 -19"><span class='ocrx_word' id='word_1_804' title='bbox 1940 4467 2075 4521; x_wconf 86' lang='grc' dir='ltr'>ριον,</span> <span class='ocrx_word' id='word_1_805' title='bbox 2102 4449 2189 4504; x_wconf 77' lang='grc' dir='ltr'>διὰ</span> <span class='ocrx_word' id='word_1_806' title='bbox 2241 4450 2340 4514; x_wconf 80' lang='grc' dir='ltr'>τὰς</span> <span class='ocrx_word' id='word_1_807' title='bbox 2382 4452 2792 4522; x_wconf 73' lang='grc' dir='ltr'>ἀπαραιτήτους</span> <span class='ocrx_word' id='word_1_808' title='bbox 2823 4449 3071 4513; x_wconf 85' lang='grc' dir='ltr'>εὐθύνας,</span> <span class='ocrx_word' id='word_1_809' title='bbox 3102 4447 3189 4502; x_wconf 82' lang='grc' dir='ltr'>διὰ</span> <span class='ocrx_word' id='word_1_810' title='bbox 3224 4449 3285 4501; x_wconf 82' lang='grc' dir='ltr'>τὸ</span> <span class='ocrx_word' id='word_1_811' title='bbox 3330 4449 3517 4512; x_wconf 86' lang='grc' dir='ltr'>σκότος</span> 
     </span>
    </p>
   </div>
   <div class='ocr_carea' id='block_1_110' title="bbox 1935 4540 3515 4615">
    <p class='ocr_par' dir='ltr' id='par_1_110' title="bbox 1935 4540 3515 4615">
     <span class='ocr_line' id='line_1_110' title="bbox 1935 4540 3515 4615; baseline -0.001 -19"><span class='ocrx_word' id='word_1_812' title='bbox 1935 4543 1999 4596; x_wconf 79' lang='grc' dir='ltr'>τὸ</span> <span class='ocrx_word' id='word_1_813' title='bbox 2032 4541 2314 4615; x_wconf 79' lang='grc' dir='ltr'>ἐξώτερον,</span> <span class='ocrx_word' id='word_1_814' title='bbox 2366 4542 2394 4595; x_wconf 86' lang='grc' dir='ltr'>ὃ</span> <span class='ocrx_word' id='word_1_815' title='bbox 2438 4541 2618 4614; x_wconf 77' lang='grc' dir='ltr'>μέλλει</span> <span class='ocrx_word' id='word_1_816' title='bbox 2665 4543 2860 4607; x_wconf 69' lang='grc' dir='ltr'>αὐτοὺς</span> <span class='ocrx_word' id='word_1_817' title='bbox 2904 4540 3278 4612; x_wconf 84' lang='grc' dir='ltr'>ὑποδέχεσθαι.</span> <span class='ocrx_word' id='word_1_818' title='bbox 3325 4541 3515 4595; x_wconf 83' lang='grc' dir='ltr'>Καίτοι</span> 
     </span>
    </p>
   </div>
   <div class='ocr_carea' id='block_1_111' title="bbox 1937 4634 3510 4707">
    <p class='ocr_par' dir='ltr' id='par_1_111' title="bbox 1937 4634 3510 4707">
     <span class='ocr_line' id='line_1_111' title="bbox 1937 4634 3510 4707; baseline -0.002 -18"><span class='ocrx_word' id='word_1_819' title='bbox 1937 4636 1986 4689; x_wconf 90' lang='grc' dir='ltr'>οἱ</span> <span class='ocrx_word' id='word_1_820' title='bbox 2029 4636 2127 4707; x_wconf 86' lang='grc' dir='ltr'>μὲν</span> <span class='ocrx_word' id='word_1_821' title='bbox 2181 4636 2376 4707; x_wconf 76' lang='grc' dir='ltr'>λῃσταὶ</span> <span class='ocrx_word' id='word_1_822' title='bbox 2424 4636 2682 4700; x_wconf 80' lang='grc' dir='ltr'>πολλάκις</span> <span class='ocrx_word' id='word_1_823' title='bbox 2739 4635 2999 4705; x_wconf 77' lang='grc' dir='ltr'>ἐξέφυγον</span> <span class='ocrx_word' id='word_1_824' title='bbox 3049 4634 3352 4706; x_wconf 85' lang='grc' dir='ltr'>ἀνθρώπων</span> <span class='ocrx_word' id='word_1_825' title='bbox 3405 4637 3510 4704; x_wconf 79' lang='grc' dir='ltr'>χεῖ-</span> 
     </span>
    </p>
   </div>
   <div class='ocr_carea' id='block_1_112' title="bbox 1939 4728 3521 4801">
    <p class='ocr_par' dir='ltr' id='par_1_112' title="bbox 1939 4728 3521 4801">
     <span class='ocr_line' id='line_1_112' title="bbox 1939 4728 3521 4801; baseline -0.003 -18"><span class='ocrx_word' id='word_1_826' title='bbox 1939 4746 2058 4801; x_wconf 87' lang='grc' dir='ltr'>ρας·</span> <span class='ocrx_word' id='word_1_827' title='bbox 2093 4729 2204 4782; x_wconf 80' lang='grc' dir='ltr'>ἀλλ’</span> <span class='ocrx_word' id='word_1_828' title='bbox 2234 4730 2382 4800; x_wconf 78' lang='grc' dir='ltr'>ὅμως</span> <span class='ocrx_word' id='word_1_829' title='bbox 2435 4730 2527 4782; x_wconf 75' lang='grc' dir='ltr'>καὶ</span> <span class='ocrx_word' id='word_1_830' title='bbox 2574 4729 2732 4782; x_wconf 81' lang='grc' dir='ltr'>τοῦτο</span> <span class='ocrx_word' id='word_1_831' title='bbox 2767 4729 2987 4793; x_wconf 86' lang='grc' dir='ltr'>εἰδότες,</span> <span class='ocrx_word' id='word_1_832' title='bbox 3049 4728 3143 4781; x_wconf 79' lang='grc' dir='ltr'>καὶ</span> <span class='ocrx_word' id='word_1_833' title='bbox 3173 4728 3384 4789; x_wconf 80' lang='grc' dir='ltr'>ἑαυτοῖς</span> <span class='ocrx_word' id='word_1_834' title='bbox 3429 4728 3521 4780; x_wconf 71' lang='grc' dir='ltr'>καὶ</span> 
     </span>
    </p>
   </div>
   <div class='ocr_carea' id='block_1_113' title="bbox 1937 4819 3518 4894">
    <p class='ocr_par' dir='ltr' id='par_1_113' title="bbox 1937 4819 3518 4894">
     <span class='ocr_line' id='line_1_113' title="bbox 1937 4819 3518 4894; baseline -0.004 -19"><span class='ocrx_word' id='word_1_835' title='bbox 1937 4823 2150 4894; x_wconf 76' lang='grc' dir='ltr'>ἐχθροῖς</span> <span class='ocrx_word' id='word_1_836' title='bbox 2200 4822 2555 4893; x_wconf 78' lang='grc' dir='ltr'>ἀπευξάμεθα</span> <span class='ocrx_word' id='word_1_837' title='bbox 2599 4821 2664 4875; x_wconf 85' lang='grc' dir='ltr'>ἂν</span> <span class='ocrx_word' id='word_1_838' title='bbox 2688 4821 2777 4875; x_wconf 75' lang='grc' dir='ltr'>τὸν</span> <span class='ocrx_word' id='word_1_839' title='bbox 2839 4823 3062 4875; x_wconf 73' lang='grc' dir='ltr'>ἐκείνων</span> <span class='ocrx_word' id='word_1_840' title='bbox 3108 4820 3241 4890; x_wconf 78' lang='grc' dir='ltr'>βίον,</span> <span class='ocrx_word' id='word_1_841' title='bbox 3292 4820 3383 4873; x_wconf 79' lang='grc' dir='ltr'>καὶ</span> <span class='ocrx_word' id='word_1_842' title='bbox 3423 4819 3518 4888; x_wconf 82' lang='grc' dir='ltr'>τὴν</span> 
     </span>
    </p>
   </div>
   <div class='ocr_carea' id='block_1_114' title="bbox 1937 4911 3520 4987">
    <p class='ocr_par' dir='ltr' id='par_1_114' title="bbox 1937 4911 3520 4987">
     <span class='ocr_line' id='line_1_114' title="bbox 1937 4911 3520 4987; baseline -0.004 -19"><span class='ocrx_word' id='word_1_843' title='bbox 1937 4912 2193 4987; x_wconf 78' lang='grc' dir='ltr'>εὐπορίαν</span> <span class='ocrx_word' id='word_1_844' title='bbox 2245 4916 2345 4986; x_wconf 79' lang='grc' dir='ltr'>τὴν</span> <span class='ocrx_word' id='word_1_845' title='bbox 2405 4915 2701 4985; x_wconf 85' lang='grc' dir='ltr'>ἐπάρατον.</span> <span class='ocrx_word' id='word_1_846' title='bbox 2772 4914 2894 4967; x_wconf 74' lang='grc' dir='ltr'>Ἐπὶ</span> <span class='ocrx_word' id='word_1_847' title='bbox 2946 4914 3003 4967; x_wconf 80' lang='grc' dir='ltr'>δὲ</span> <span class='ocrx_word' id='word_1_848' title='bbox 3071 4913 3166 4966; x_wconf 86' lang='grc' dir='ltr'>τοῦ</span> <span class='ocrx_word' id='word_1_849' title='bbox 3223 4911 3358 4964; x_wconf 85' lang='grc' dir='ltr'>Θεοῦ</span> <span class='ocrx_word' id='word_1_850' title='bbox 3423 4911 3520 4962; x_wconf 73' lang='grc' dir='ltr'>οὐκ</span> 
     </span>
    </p>
   </div>
   <div class='ocr_carea' id='block_1_115' title="bbox 1936 5002 3521 5076">
    <p class='ocr_par' dir='ltr' id='par_1_115' title="bbox 1936 5002 3521 5076">
     <span class='ocr_line' id='line_1_115' title="bbox 1936 5002 3521 5076; baseline -0.004 -16"><span class='ocrx_word' id='word_1_851' title='bbox 1936 5007 2050 5060; x_wconf 79' lang='grc' dir='ltr'>ἔστι</span> <span class='ocrx_word' id='word_1_852' title='bbox 2079 5007 2236 5061; x_wconf 89' lang='grc' dir='ltr'>τοῦτο</span> <span class='ocrx_word' id='word_1_853' title='bbox 2281 5008 2475 5062; x_wconf 82' lang='grc' dir='ltr'>εἰπεῖν·</span> <span class='ocrx_word' id='word_1_854' title='bbox 2508 5005 2685 5070; x_wconf 67' lang='grc' dir='ltr'>οὐδεὶς</span> <span class='ocrx_word' id='word_1_855' title='bbox 2716 5005 2824 5076; x_wconf 87' lang='grc' dir='ltr'>γάρ</span> <span class='ocrx_word' id='word_1_856' title='bbox 2856 5005 3020 5058; x_wconf 89' lang='grc' dir='ltr'>αὐτοῦ</span> <span class='ocrx_word' id='word_1_857' title='bbox 3060 5002 3402 5072; x_wconf 70' lang='grc' dir='ltr'>διαφεύξεται</span> <span class='ocrx_word' id='word_1_858' title='bbox 3427 5002 3521 5073; x_wconf 59' lang='grc' dir='ltr'>τῆν</span> 
     </span>
    </p>
   </div>
   <div class='ocr_carea' id='block_1_116' title="bbox 1934 5094 3519 5170">
    <p class='ocr_par' dir='ltr' id='par_1_116' title="bbox 1934 5094 3519 5170">
     <span class='ocr_line' id='line_1_116' title="bbox 1934 5094 3519 5170; baseline -0.008 -15"><span class='ocrx_word' id='word_1_859' title='bbox 1934 5099 2133 5170; x_wconf 66' lang='grc' dir='ltr'>ψῆφον,</span> <span class='ocrx_word' id='word_1_860' title='bbox 2156 5100 2292 5154; x_wconf 85' lang='grc' dir='ltr'>ἀλλά</span> <span class='ocrx_word' id='word_1_861' title='bbox 2323 5103 2520 5163; x_wconf 85' lang='grc' dir='ltr'>πάντες</span> <span class='ocrx_word' id='word_1_862' title='bbox 2544 5099 2759 5161; x_wconf 87' lang='grc' dir='ltr'>πάντως</span> <span class='ocrx_word' id='word_1_863' title='bbox 2785 5100 2832 5151; x_wconf 88' lang='grc' dir='ltr'>οί</span> <span class='ocrx_word' id='word_1_864' title='bbox 2859 5098 2915 5151; x_wconf 84' lang='grc' dir='ltr'>ἐν</span> <span class='ocrx_word' id='word_1_865' title='bbox 2949 5094 3282 5159; x_wconf 79' lang='grc' dir='ltr'>πλεονεξίαις</span> <span class='ocrx_word' id='word_1_866' title='bbox 3314 5095 3408 5147; x_wconf 77' lang='grc' dir='ltr'>καὶ</span> <span class='ocrx_word' id='word_1_867' title='bbox 3426 5094 3519 5165; x_wconf 84' lang='grc' dir='ltr'>ἁρ-</span> 
     </span>
    </p>
   </div>
   <div class='ocr_carea' id='block_1_117' title="bbox 1938 5184 3522 5262">
    <p class='ocr_par' dir='ltr' id='par_1_117' title="bbox 1938 5184 3522 5262">
     <span class='ocr_line' id='line_1_117' title="bbox 1938 5184 3522 5262; baseline -0.005 -20"><span class='ocrx_word' id='word_1_868' title='bbox 1938 5193 2140 5258; x_wconf 79' lang='grc' dir='ltr'>παγαῖς</span> <span class='ocrx_word' id='word_1_869' title='bbox 2174 5191 2377 5255; x_wconf 77' lang='grc' dir='ltr'>ζῶντες</span> <span class='ocrx_word' id='word_1_870' title='bbox 2404 5191 2503 5262; x_wconf 86' lang='grc' dir='ltr'>τὴν</span> <span class='ocrx_word' id='word_1_871' title='bbox 2551 5191 2685 5260; x_wconf 83' lang='grc' dir='ltr'>παρ’</span> <span class='ocrx_word' id='word_1_872' title='bbox 2726 5186 2891 5241; x_wconf 91' lang='grc' dir='ltr'>αὐτοῦ</span> <span class='ocrx_word' id='word_1_873' title='bbox 2942 5186 3099 5256; x_wconf 88' lang='grc' dir='ltr'>δίκην</span> <span class='ocrx_word' id='word_1_874' title='bbox 3127 5184 3522 5238; x_wconf 81' lang='grc' dir='ltr'>ἐπισπάσονται</span> 
     </span>
    </p>
   </div>
   <div class='ocr_carea' id='block_1_118' title="bbox 1936 5277 3521 5355">
    <p class='ocr_par' dir='ltr' id='par_1_118' title="bbox 1936 5277 3521 5355">
     <span class='ocr_line' id='line_1_118' title="bbox 1936 5277 3521 5355; baseline -0.004 -20"><span class='ocrx_word' id='word_1_875' title='bbox 1936 5283 2035 5355; x_wconf 75' lang='grc' dir='ltr'>τὴν</span> <span class='ocrx_word' id='word_1_876' title='bbox 2077 5283 2344 5337; x_wconf 86' lang='grc' dir='ltr'>ἀθάνατον</span> <span class='ocrx_word' id='word_1_877' title='bbox 2389 5282 2607 5351; x_wconf 82' lang='grc' dir='ltr'>ἐκείνην</span> <span class='ocrx_word' id='word_1_878' title='bbox 2665 5281 2760 5335; x_wconf 70' lang='grc' dir='ltr'>καὶ</span> <span class='ocrx_word' id='word_1_879' title='bbox 2791 5280 2945 5343; x_wconf 84' lang='grc' dir='ltr'>τέλος</span> <span class='ocrx_word' id='word_1_880' title='bbox 2977 5279 3075 5331; x_wconf 90' lang='grc' dir='ltr'>οὐκ</span> <span class='ocrx_word' id='word_1_881' title='bbox 3111 5277 3360 5348; x_wconf 79' lang='grc' dir='ltr'>ἔχουσαν,</span> <span class='ocrx_word' id='word_1_882' title='bbox 3419 5294 3521 5329; x_wconf 85' lang='grc' dir='ltr'>κα-</span> 
     </span>
    </p>
   </div>
   <div class='ocr_carea' id='block_1_119' title="bbox 1937 5366 3520 5446">
    <p class='ocr_par' dir='ltr' id='par_1_119' title="bbox 1937 5366 3520 5446">
     <span class='ocr_line' id='line_1_119' title="bbox 1937 5366 3520 5446; baseline -0.003 -19"><span class='ocrx_word' id='word_1_883' title='bbox 1937 5375 2116 5446; x_wconf 87' lang='grc' dir='ltr'>θάπερ</span> <span class='ocrx_word' id='word_1_884' title='bbox 2147 5371 2239 5429; x_wconf 85' lang='grc' dir='ltr'>οῦν</span> <span class='ocrx_word' id='word_1_885' title='bbox 2263 5374 2356 5429; x_wconf 78' lang='grc' dir='ltr'>καὶ</span> <span class='ocrx_word' id='word_1_886' title='bbox 2392 5377 2421 5428; x_wconf 91' lang='grc' dir='ltr'>ό</span> <span class='ocrx_word' id='word_1_887' title='bbox 2448 5373 2702 5437; x_wconf 88' lang='grc' dir='ltr'>πλούσιος</span> <span class='ocrx_word' id='word_1_888' title='bbox 2727 5375 2956 5436; x_wconf 85' lang='grc' dir='ltr'>ἐκεῖνος.</span> <span class='ocrx_word' id='word_1_889' title='bbox 2983 5373 3160 5443; x_wconf 72' lang='grc' dir='ltr'>’Ἄπερ</span> <span class='ocrx_word' id='word_1_890' title='bbox 3192 5366 3285 5427; x_wconf 79' lang='grc' dir='ltr'>οὖν</span> <span class='ocrx_word' id='word_1_891' title='bbox 3309 5369 3520 5424; x_wconf 77' lang='grc' dir='ltr'>ἅπαντα</span> 
     </span>
    </p>
   </div>
   <div class='ocr_carea' id='block_1_120' title="bbox 1937 5463 3521 5540">
    <p class='ocr_par' dir='ltr' id='par_1_120' title="bbox 1937 5463 3521 5540">
     <span class='ocr_line' id='line_1_120' title="bbox 1937 5463 3521 5540; baseline -0.005 -17"><span class='ocrx_word' id='word_1_892' title='bbox 1937 5471 2067 5540; x_wconf 82' lang='grc' dir='ltr'>παρ’</span> <span class='ocrx_word' id='word_1_893' title='bbox 2123 5469 2335 5532; x_wconf 78' lang='grc' dir='ltr'>ἑαυτοῖς</span> <span class='ocrx_word' id='word_1_894' title='bbox 2400 5466 2764 5535; x_wconf 87' lang='grc' dir='ltr'>συλλέγοντες,</span> <span class='ocrx_word' id='word_1_895' title='bbox 2823 5464 3113 5535; x_wconf 65' lang='grc' dir='ltr'>ἀγαπητοὶ,</span> <span class='ocrx_word' id='word_1_896' title='bbox 3170 5463 3245 5535; x_wconf 82' lang='grc' dir='ltr'>μὴ</span> <span class='ocrx_word' id='word_1_897' title='bbox 3297 5464 3423 5527; x_wconf 80' lang='grc' dir='ltr'>τοὺς</span> <span class='ocrx_word' id='word_1_898' title='bbox 3464 5466 3521 5515; x_wconf 79' lang='grc' dir='ltr'>ἐν</span> 
     </span>
    </p>
   </div>
   <div class='ocr_carea' id='block_1_121' title="bbox 1938 5547 3516 5638">
    <p class='ocr_par' dir='ltr' id='par_1_121' title="bbox 1938 5547 3516 5638">
     <span class='ocr_line' id='line_1_121' title="bbox 1938 5547 3516 5638; baseline -0.006 -23"><span class='ocrx_word' id='word_1_899' title='bbox 1938 5561 2171 5632; x_wconf 82' lang='grc' dir='ltr'>πλούτῳ,</span> <span class='ocrx_word' id='word_1_900' title='bbox 2208 5559 2343 5615; x_wconf 88' lang='grc' dir='ltr'>ἀλλά</span> <span class='ocrx_word' id='word_1_901' title='bbox 2373 5547 2499 5624; x_wconf 78' lang='grc' dir='ltr'>τοὺς</span> <span class='ocrx_word' id='word_1_902' title='bbox 2530 5562 2588 5613; x_wconf 83' lang='grc' dir='ltr'>ἐν</span> <span class='ocrx_word' id='word_1_903' title='bbox 2620 5561 2786 5630; x_wconf 85' lang='grc' dir='ltr'>ἀρετῇ</span> <span class='ocrx_word' id='word_1_904' title='bbox 2850 5556 3055 5623; x_wconf 79' lang='grc' dir='ltr'>ζῶντας</span> <span class='ocrx_word' id='word_1_905' title='bbox 3107 5553 3516 5638; x_wconf 77' lang='grc' dir='ltr'>μακαρίζωμεν·</span> 
     </span>
    </p>
   </div>
   <div class='ocr_carea' id='block_1_122' title="bbox 1941 5648 3517 5727">
    <p class='ocr_par' dir='ltr' id='par_1_122' title="bbox 1941 5648 3517 5727">
     <span class='ocr_line' id='line_1_122' title="bbox 1941 5648 3517 5727; baseline -0.005 -19"><span class='ocrx_word' id='word_1_906' title='bbox 1941 5654 2016 5727; x_wconf 79' lang='grc' dir='ltr'>μὴ</span> <span class='ocrx_word' id='word_1_907' title='bbox 2044 5656 2169 5718; x_wconf 77' lang='grc' dir='ltr'>τοὺς</span> <span class='ocrx_word' id='word_1_908' title='bbox 2197 5656 2254 5707; x_wconf 83' lang='grc' dir='ltr'>ἐν</span> <span class='ocrx_word' id='word_1_909' title='bbox 2287 5652 2464 5725; x_wconf 70' lang='grc' dir='ltr'>πενίᾳ,</span> <span class='ocrx_word' id='word_1_910' title='bbox 2496 5651 2632 5707; x_wconf 88' lang='grc' dir='ltr'>ἀλλά</span> <span class='ocrx_word' id='word_1_911' title='bbox 2666 5653 2791 5716; x_wconf 85' lang='grc' dir='ltr'>τοὺς</span> <span class='ocrx_word' id='word_1_912' title='bbox 2839 5652 2896 5705; x_wconf 86' lang='grc' dir='ltr'>ἐν</span> <span class='ocrx_word' id='word_1_913' title='bbox 2929 5651 3097 5722; x_wconf 80' lang='grc' dir='ltr'>κακίᾳ</span> <span class='ocrx_word' id='word_1_914' title='bbox 3122 5648 3517 5719; x_wconf 74' lang='grc' dir='ltr'>ταλανίζωμεν·</span> 
     </span>
    </p>
   </div>
   <div class='ocr_carea' id='block_1_123' title="bbox 1942 5741 3522 5818">
    <p class='ocr_par' dir='ltr' id='par_1_123' title="bbox 1942 5741 3522 5818">
     <span class='ocr_line' id='line_1_123' title="bbox 1942 5741 3522 5818; baseline -0.006 -16"><span class='ocrx_word' id='word_1_915' title='bbox 1942 5746 2017 5818; x_wconf 82' lang='grc' dir='ltr'>μὴ</span> <span class='ocrx_word' id='word_1_916' title='bbox 2047 5747 2116 5800; x_wconf 87' lang='grc' dir='ltr'>τὰ</span> <span class='ocrx_word' id='word_1_917' title='bbox 2144 5745 2389 5818; x_wconf 88' lang='grc' dir='ltr'>παρόντα</span> <span class='ocrx_word' id='word_1_918' title='bbox 2445 5745 2753 5815; x_wconf 85' lang='grc' dir='ltr'>βλέπωμεν,</span> <span class='ocrx_word' id='word_1_919' title='bbox 2805 5743 2940 5798; x_wconf 86' lang='grc' dir='ltr'>ἀλλά</span> <span class='ocrx_word' id='word_1_920' title='bbox 2976 5743 3045 5796; x_wconf 87' lang='grc' dir='ltr'>τὰ</span> <span class='ocrx_word' id='word_1_921' title='bbox 3098 5741 3358 5813; x_wconf 87' lang='grc' dir='ltr'>μέλλοντα</span> <span class='ocrx_word' id='word_1_922' title='bbox 3397 5757 3522 5794; x_wconf 83' lang='grc' dir='ltr'>σκο-</span> 
     </span>
    </p>
   </div>
   <div class='ocr_carea' id='block_1_124' title="bbox 1941 5833 3586 5915">
    <p class='ocr_par' dir='ltr' id='par_1_124' title="bbox 1941 5833 3586 5915">
     <span class='ocr_line' id='line_1_124' title="bbox 1941 5833 3586 5915; baseline -0.003 -25"><span class='ocrx_word' id='word_1_923' title='bbox 1941 5838 2151 5907; x_wconf 84' lang='grc' dir='ltr'>πῶμεν·</span> <span class='ocrx_word' id='word_1_924' title='bbox 2189 5838 2262 5908; x_wconf 79' lang='grc' dir='ltr'>μὴ</span> <span class='ocrx_word' id='word_1_925' title='bbox 2311 5837 2409 5908; x_wconf 80' lang='grc' dir='ltr'>τὴν</span> <span class='ocrx_word' id='word_1_926' title='bbox 2436 5836 2634 5902; x_wconf 78' lang='grc' dir='ltr'>ἔξωθεν</span> <span class='ocrx_word' id='word_1_927' title='bbox 2665 5836 2976 5909; x_wconf 77' lang='grc' dir='ltr'>περιϐολὴν,</span> <span class='ocrx_word' id='word_1_928' title='bbox 3014 5835 3150 5889; x_wconf 88' lang='grc' dir='ltr'>ἀλλά</span> <span class='ocrx_word' id='word_1_929' title='bbox 3188 5834 3248 5888; x_wconf 84' lang='grc' dir='ltr'>τὸ</span> <span class='ocrx_word' id='word_1_930' title='bbox 3287 5833 3520 5890; x_wconf 75' lang='grc' dir='ltr'>ἑκάστου</span> <span class='ocrx_word' id='word_1_931' title='bbox 3582 5910 3586 5915; x_wconf 17' lang='grc' dir='ltr'>ι</span> 
     </span>
    </p>
   </div>
   <div class='ocr_carea' id='block_1_125' title="bbox 1942 5926 3523 6015">
    <p class='ocr_par' dir='ltr' id='par_1_125' title="bbox 1945 5926 3523 6002">
     <span class='ocr_line' id='line_1_125' title="bbox 1945 5926 3523 6002; baseline -0.003 -18"><span class='ocrx_word' id='word_1_932' title='bbox 1945 5930 2183 5995; x_wconf 75' lang='grc' dir='ltr'>συνειδὸς</span> <span class='ocrx_word' id='word_1_933' title='bbox 2208 5928 2568 6001; x_wconf 77' lang='grc' dir='ltr'>ἐξετάζωμεν,</span> <span class='ocrx_word' id='word_1_934' title='bbox 2600 5930 2690 5985; x_wconf 70' lang='grc' dir='ltr'>καὶ</span> <span class='ocrx_word' id='word_1_935' title='bbox 2719 5929 2817 6002; x_wconf 86' lang='grc' dir='ltr'>τὴν</span> <span class='ocrx_word' id='word_1_936' title='bbox 2863 5931 2928 5984; x_wconf 84' lang='grc' dir='ltr'>ἐκ</span> <span class='ocrx_word' id='word_1_937' title='bbox 2952 5928 3061 5984; x_wconf 86' lang='grc' dir='ltr'>τῶν</span> <span class='ocrx_word' id='word_1_938' title='bbox 3083 5926 3523 6000; x_wconf 81' lang='grc' dir='ltr'>κατορθωμάτων</span> 
     </span>
    </p>
   </div>
   <div class='ocr_carea' id='block_1_126' title="bbox 1894 6117 1941 6129">
    <p class='ocr_par' dir='ltr' id='par_1_126' title="bbox 1894 6117 1941 6129">
     <span class='ocr_line' id='line_1_126' title="bbox 1894 6117 1941 6129; baseline 0 0"><span class='ocrx_word' id='word_1_939' title='bbox 1894 6117 1941 6129; x_wconf 60' lang='grc' dir='ltr'>-α,</span> 
     </span>
    </p>
   </div>
  </div>
