3958 6358
365 386 465 442 981

362 499 693 570 voluptatem
717 515 836 571 quze
860 515 926 556 ex
953 510 1097 558 recte
1127 500 1276 558 factis
1301 501 1670 572 proficiscitur,
1695 501 1953 558 Lazarum

367 591 664 661 imitemur,
690 593 883 653 divites
909 594 1066 649 simul
1091 608 1155 650 ac
1181 609 1465 665 pauperes.
1486 592 1602 648 Non
1629 594 1768 648 enim
1796 609 1960 650 unum

369 691 581 738 tantum
612 693 703 738 aut
731 684 857 752 duo,
886 685 1052 741 triave
1091 685 1301 740 virtutis
1342 685 1632 740 certamina
1669 685 1960 742 sustinuit:

366 788 557 830 verum
585 783 640 830 et
682 776 852 832 multo
879 777 1051 848 plura,
1087 787 1476 848 paupertatem,
1506 775 1785 832 adversam
1814 777 1962 834 vale-

366 868 632 937 tudinem,
664 869 1005 925 solitudinem
1035 885 1097 924 ac
1123 868 1526 926 destitutionem
1553 870 1622 924 ab
1646 871 1710 924 iis
1747 869 1836 940 qui
1867 885 1964 925 cu-

361 975 483 1014 ram
515 960 656 1016 illius
695 977 885 1032 gerere
909 961 1172 1017 debebant
1200 980 1214 1018 :
1242 960 1434 1017 deinde
1458 962 1598 1032 quod
1625 961 1740 1016 haec
1783 961 1964 1017 omnia

365 1052 666 1120 patiebatur
693 1054 747 1108 in
776 1053 958 1120 domo,
977 1069 1096 1124 qum
1125 1061 1334 1123 poterat
1360 1052 1474 1108 haec
1500 1052 1638 1107 mala
1667 1051 1958 1121 depellere,

368 1158 546 1212 neque
585 1159 707 1198 eum
737 1145 846 1199 ullo
887 1144 1080 1200 solatio
1120 1145 1398 1214 quisquam
1427 1142 1774 1213 dignabatur;
1818 1141 1962 1212 quod

362 1231 570 1287 videret
598 1233 768 1300 illum,
797 1249 826 1288 a
850 1249 956 1304 quo
982 1233 1391 1304 despiciebatur,
1425 1232 1586 1286 tantis
1606 1231 1706 1286 frui
1729 1232 1960 1299 deliciis,

363 1335 538 1390 neque
567 1321 776 1378 deliciis
803 1324 964 1379 modo
993 1324 1118 1388 frui,
1151 1339 1335 1378 verum
1375 1324 1536 1377 etiam
1569 1338 1690 1377 cum
1721 1322 1962 1393 improbe

361 1412 586 1478 viveret,
636 1413 767 1467 nihil
801 1423 976 1469 tamen
1020 1430 1182 1485 grave
1226 1413 1431 1484 perpeti
1466 1431 1478 1468 :
1513 1421 1769 1483 praeterea
1817 1413 1958 1484 quod

370 1516 480 1556 non
529 1503 748 1559 haberet
775 1503 1002 1560 alterum
1031 1505 1290 1558 Lazarum
1329 1503 1396 1559 ad
1443 1519 1602 1574 quem
1633 1505 1957 1574 respiceret;

361 1603 624 1660 prmterea
654 1595 796 1664 quod
825 1595 895 1651 de
931 1595 1322 1650 resurrectione
1349 1593 1478 1650 nihil
1508 1603 1691 1666 posset
1720 1595 1958 1671 philoso-

366 1681 515 1750 phari
543 1701 556 1735 :
585 1684 651 1738 ad
682 1685 795 1740 haec
826 1687 970 1756 quod
1013 1701 1176 1757 super
1204 1686 1320 1742 hcce
1363 1702 1482 1757 qua:
1523 1685 1757 1740 diximus
1783 1687 1918 1740 mala
1939 1728 1956 1754 ,

359 1787 427 1826 ex
457 1774 846 1832 calamitatibus
888 1777 990 1832 illis
1031 1793 1063 1830 a
1093 1777 1248 1849 vuigo
1297 1779 1489 1831 malam
1543 1777 1704 1832 ferret
1746 1777 1958 1846 Opinio-

359 1879 524 1932 nem;
556 1867 695 1937 quod
729 1883 834 1923 non
881 1868 1101 1923 biduum
1133 1869 1457 1934 triduumve,
1489 1867 1583 1923 sed
1611 1884 1706 1939 per
1744 1882 1956 1923 onmem

360 1954 522 2009 vitam
569 1965 624 2011 et
662 1959 894 2029 seipsum
914 1959 1116 2014 videret
1164 1960 1216 2014 in
1256 1959 1518 2029 ejusmodi
1547 1959 1954 2025 calamitatibus,

357 2053 416 2099 et
439 2047 653 2104 divitem
705 2052 758 2105 in
790 2051 1004 2108 diverso
1055 2068 1235 2108 rerum
1284 2061 1445 2107 statu.
1477 2051 1758 2120 Quomodo
1801 2052 1959 2121 igitur

355 2141 558 2197 erimus
597 2143 923 2209 excusandi,
974 2143 1019 2198 si
1066 2158 1188 2199 cum
1239 2143 1326 2198 hie
1371 2153 1591 2198 cunctas
1639 2142 1957 2198 afllictiones

357 2232 517 2286 simul
563 2234 991 2303 conglomeratas
1037 2244 1180 2290 tanta
1235 2235 1510 2304 pertulerit
1537 2235 1698 2289 animi
1749 2234 1956 2290 fortitu-

361 2326 510 2391 dine,
553 2342 648 2382 nos
680 2343 746 2382 ne
793 2327 1069 2383 dimidium
1123 2329 1336 2399 quidem
1391 2329 1580 2383 horum
1635 2328 1954 2382 tulerimus?

360 2416 478 2471 Non
506 2418 646 2472 enim
668 2428 842 2489 potes,
867 2434 972 2472 non
997 2429 1165 2490 potes,
1191 2420 1422 2489 inquam,
1453 2419 1614 2472 alium
1633 2434 1952 2488 quemquam

350 2663 437 2705 DE
482 2665 724 2708 ιΑΖΑιιο
767 2666 995 2710 CONCIO
1055 2668 1342 2711 SECUNDA
1401 2669 1418 2708 2

1215 2769 1529 2834 Daemones
1577 2772 1590 2810 :

420 3024 472 3078 1.
504 3023 711 3079 Primus
739 3025 808 3079 ad
832 3027 1064 3080 uirtutem
1087 3027 1279 3098 gradus
1303 3068 1318 3092 ,
1342 3038 1416 3082 est
1439 3027 1623 3082 aliena:
1643 3027 1816 3081 virtuti
1841 3043 1941 3098 ap-

343 3116 610 3193 plaudete.
641 3147 712 3157 —
743 3117 1048 3178 Admiratus
1073 3133 1190 3176 sum
1217 3118 1492 3180 raritatem
1525 3128 1756 3180 vestram
1779 3169 1794 3193 ,
1823 3134 1943 3181 cum

343 3232 517 3287 nuper
555 3216 623 3272 de
663 3217 867 3272 Lazaro
909 3219 1071 3274 verba
1113 3217 1375 3284 facerem,
1424 3218 1566 3288 quod
1602 3227 1657 3272 et
1693 3219 1942 3288 pauperis

343 3307 490 3363 illius
525 3308 857 3383 tolerantiam
899 3310 1153 3365 laudastis
1179 3353 1194 3376 ,
1239 3318 1295 3364 et
1339 3310 1517 3364 divitis
1559 3310 1939 3364 immanitatem

340 3399 900 3472 inhumanitatemque
940 3402 1188 3458 detestati
1223 3403 1370 3457 estis.
1401 3401 1532 3456 Nam
1561 3402 1659 3456 ista
1688 3417 1793 3455 non
1820 3400 1939 3454 vul-

340 3492 491 3563 garia
518 3501 644 3548 sunt
669 3493 821 3548 bonae
847 3495 1039 3549 mentis
1069 3505 1404 3564 argumenta.
1456 3494 1668 3549 Etenim
1699 3491 1944 3563 quamvis

340 3598 450 3638 non
481 3594 747 3640 sectemur
775 3585 1048 3651 virtutem,
1077 3585 1122 3638 si
1149 3585 1428 3640 laudemus
1456 3593 1633 3641 tamen
1665 3587 1939 3654 virtutem,

339 3677 565 3732 omnino
593 3677 885 3746 poterimus
921 3677 988 3732 ad
1031 3679 1170 3732 illam
1200 3679 1524 3748 pertingere.
1565 3679 1825 3734 Similiter
1848 3695 1943 3734 au~

339 3776 474 3833 tem,
503 3767 710 3822 etiamsi
741 3783 850 3824 non
892 3768 1156 3838 fugiamus
1185 3769 1442 3824 malitiam
1470 3811 1486 3836 ,
1515 3771 1560 3824 si
1594 3779 1771 3826 tamen
1803 3771 1942 3824 vitu-

339 3875 594 3930 peremus
625 3859 880 3916 malitiam
905 3903 922 3928 ,
969 3862 1086 3916 sine
1110 3860 1272 3915 dubio
1299 3861 1590 3930 poterimus
1627 3862 1771 3917 illam
1800 3863 1938 3918 effu-

337 3966 488 4020 gere.
529 3951 790 4018 Quoniam
821 3951 983 4022 igitur
1023 3952 1188 4006 multa
1214 3967 1336 4007 eum
1359 3953 1522 4007 animi
1568 3953 1938 4009 benevolentia

338 4058 619 4099 sermones
645 4045 764 4101 illos
778 4044 1083 4112 excepistis,
1112 4059 1210 4115 age
1233 4061 1352 4116 qua:
1377 4054 1582 4102 restant
1607 4047 1766 4101 etiam
1784 4048 1936 4102 vobis

340 4134 729 4203 persolvamus.
763 4134 980 4188 Vidistis
1001 4134 1150 4189 illum
1174 4136 1226 4189 in
1244 4136 1510 4190 vestibulo
1534 4137 1734 4204 divitis,
1759 4138 1938 4193 videte

337 4225 590 4280 eumdem
618 4225 780 4281 hodie
806 4226 858 4280 in
899 4225 1019 4280 sinu
1047 4224 1277 4280 Abrahae
1308 4244 1322 4280 :
1348 4225 1553 4280 vidistis
1577 4226 1722 4282 illum
1753 4244 1873 4282 cum
1891 4244 1935 4283 θ

336 4317 564 4372 canibus
597 4317 1096 4388 circumlingeretur
1114 4358 1129 4382 ,
1158 4315 1336 4372 videte
1367 4316 1615 4372 eumdem
1641 4319 1709 4372 ab
1732 4319 1934 4388 angelis

336 4408 637 4478 stipatum:
669 4409 876 4464 vidistis
925 4409 1072 4464 illum
1121 4417 1231 4463 tum
1282 4408 1336 4463 in
1365 4417 1710 4479 paupertate,
1756 4410 1934 4467 videte

336 4516 484 4557 nunc
506 4501 751 4579 eumdem
777 4501 830 4558 in
859 4501 1064 4558 deliciis
1093 4500 1337 4559 :vidistis
1379 4502 1528 4557 illum
1565 4503 1620 4558 in
1657 4502 1828 4571 fame,
1851 4503 1934 4559 vi-

335 4593 463 4646 dete
503 4592 556 4646 in
606 4592 772 4647 multa
816 4607 1002 4648 rerum
1037 4591 1306 4648 affluentia
1338 4611 1352 4648 z
1380 4593 1589 4650 vidistis
1627 4594 1778 4650 illum
1816 4610 1936 4650 cer-

337 4691 543 4738 tantem
569 4723 585 4749 ,
618 4683 797 4739 videte
836 4693 1150 4739 coronatum
1187 4701 1201 4738 :
1232 4682 1441 4738 vidistis
1470 4683 1684 4740 labores
1706 4726 1722 4750 ,
1756 4685 1935 4742 videte

336 4773 617 4841 praemium
643 4815 657 4839 ,
701 4782 962 4844 quotquot
989 4775 1120 4830 estis
1139 4773 1224 4830 vel
1251 4774 1473 4842 divites,
1513 4775 1600 4830 vel
1628 4791 1887 4846 pauperes
1918 4795 1932 4832 :

333 4866 530 4921 divites
543 4866 783 4937 quidem,
804 4881 874 4922 ne
896 4867 1094 4938 putetis
1122 4867 1332 4923 divitias
1351 4868 1553 4939 aliquid
1584 4883 1704 4924 esse
1732 4871 1932 4941 magni,

335 4957 383 5011 si
414 4956 550 5012 desit
573 4957 781 5023 virtus;
824 4972 1088 5028 pauperes
1110 4973 1237 5014 vero
1261 4999 1277 5026 ,
1309 4973 1378 5014 ne
1412 4958 1663 5029 iudicetis
1700 4975 1932 5030 pauper—

336 5056 504 5102 tatem
535 5047 701 5103 ullum
727 5063 848 5104 esse
873 5048 1073 5104 malum
1103 5067 1116 5103 :
1150 5049 1390 5120 utrisque
1416 5065 1544 5106 vero
1578 5053 1936 5108 communiter

334 5147 447 5194 stat
474 5137 560 5194 hic
602 5147 919 5210 prteceptor.
960 5140 1172 5195 Etenim
1212 5140 1261 5195 si
1299 5140 1387 5196 hic
1415 5142 1467 5196 in
1491 5151 1800 5212 paupertate
1827 5159 1932 5200 non

334 5230 643 5301 indignatus
663 5241 764 5296 est,
793 5247 952 5301 quam
979 5233 1188 5288 veniam
1212 5242 1506 5297 merentur,
1527 5234 1616 5304 qui
1650 5234 1701 5287 id
1733 5235 1931 5290 faciunt

336 5325 392 5379 in
440 5324 681 5380 divitiis?
728 5324 785 5382 Si
833 5325 919 5381 hic
960 5326 1014 5380 in
1040 5325 1180 5380 fame
1228 5326 1494 5396 tantisque
1538 5327 1693 5382 malis
1731 5327 1933 5398 degens

332 5417 535 5488 gratias
575 5417 722 5486 egit,
767 5416 893 5488 quid
937 5417 1293 5473 excusationis
1340 5417 1601 5484 afferent,
1648 5418 1736 5488 qui
1776 5421 1933 5474 rebus

332 5506 680 5562 afﬂuentibus
710 5524 814 5564 non
859 5509 926 5564 ad
968 5509 1210 5566 eamdem
1241 5509 1424 5564 volunt
1451 5511 1729 5580 pervenire
1761 5511 1930 5565 virtu-

334 5599 489 5653 tem?
514 5598 720 5653 Rursus
737 5614 1016 5669 pauperes,
1044 5602 1134 5671 qui
1156 5601 1374 5672 indigne
1398 5602 1726 5671 molesteque
1755 5600 1934 5656 ferunt

331 5699 630 5759 egestatem
651 5729 668 5755 ,
715 5707 875 5761 quam
907 5691 1264 5763 impetrabunt
1309 5695 1518 5749 veniam
1542 5735 1557 5761 ,
1613 5708 1734 5748 cum
1765 5693 1850 5748 hic
1877 5694 1930 5748 in

345 5877 360 5889 ,
400 5824 426 5891 _'_
455 5823 635 5891 Collega
660 5825 1044 5891 eumpodicibus
1077 5835 1179 5878 .ttss.
1219 5829 1378 5891 Regiis
1414 5827 1548 5887 1819,
1599 5825 1738 5888 1960,
1766 5825 1928 5878 1963:

329 5877 624 5936 Eolbertiuis
645 5887 725 5948 49,
749 5887 858 5937 564.

1637 388 1716 446 DE
1755 391 2024 447 LAZARO
2062 393 2306 448 CONCIO
2345 394 2408 450 ll.

3556 392 3662 448 98?.

2065 521 2510 576 commemorare,
2537 509 2626 580 qui
2668 510 2789 565 talia
2819 520 3065 584 tantaque
3092 529 3375 585 perpessus
3403 519 3471 574 sit
3495 522 3654 577 mala.

2066 597 2306 670 Eamque
2348 599 2417 655 ob
2443 616 2555 655 rem
2599 602 2843 659 Christus
2873 603 3014 660 hunc
3057 607 3390 676 potissimum
3431 613 3656 682 exempli

2066 705 2223 745 causa
2251 693 2525 762 preposuit
2557 694 2608 748 in
2651 695 2906 764 medium,
2937 706 2996 752 ut
3033 699 3078 752 si
3124 702 3336 770 quando
3357 702 3408 756 in
3441 718 3526 758 res
3558 706 3654 758 tri-

2067 793 2177 838 stes
2217 783 2582 853 inciderimus,
2614 787 3017 844 considerantes
3046 801 3244 861 quanto
3273 792 3359 847 ille
3383 793 3659 852 intervallo

2066 889 2166 930 nos
2207 877 2509 946 superarit,
2559 894 2627 932 ex
2677 879 2817 934 illius
2853 879 3185 952 philosophia
3235 885 3364 938 satis
3407 900 3662 956 magnun.

2065 964 2316 1020 solatium
2356 968 2722 1038 molestiaeque
2749 969 2980 1024 lenimen
3027 971 3316 1041 capiamus.
3347 973 3656 1033 Communis

2065 1056 2208 1112 enim
2237 1057 2384 1113 orbis
2413 1058 2600 1114 doctor
2628 1060 2716 1114 ille
2745 1062 3045 1131 propositus
3069 1071 3170 1129 est,
3202 1079 3314 1117 rem
3346 1081 3655 1134 quamcum-

2065 1163 2170 1220 que
2195 1149 2474 1205 molestam
2504 1151 2845 1221 patientibus,
2864 1154 2951 1222 qui
2975 1169 3031 1208 se
3052 1155 3486 1224 conspiciendum
3516 1173 3650 1225 pra:-

2065 1239 2157 1295 bet
2198 1241 2465 1308 omnibus,
2511 1241 2714 1311 hosque
2757 1258 2944 1298 omnes
2991 1259 3250 1313 superans
3302 1245 3650 1300 afflictionum

2065 1331 2448 1403 magnitudine.
2477 1333 2582 1388 Pro
2607 1333 2692 1389 his
2739 1333 2897 1404 igitur
2925 1337 3171 1390 omnibus
3216 1337 3410 1406 gratias
3436 1347 3654 1406 agentes

2063 1422 2294 1492 benigno
2339 1423 2468 1489 Deo,
2501 1432 2835 1494 reportcmus
2863 1440 2924 1479 ex
2957 1424 3055 1479 hac
3096 1427 3398 1480 narratione
3428 1427 3652 1481 fructum

2063 1521 2118 1568 et
2143 1514 2422 1570 utilitatem
2455 1533 2467 1569 :
2499 1515 2836 1570 continenter
2885 1516 3025 1570 hunc
3049 1524 3103 1570 et
3133 1516 3184 1569 in
3210 1517 3570 1583 eousessihus,
3601 1527 3654 1572 et

2064 1603 2117 1658 in
2162 1604 2383 1669 rudibus,
2413 1613 2468 1659 et
2494 1605 2547 1659 in
2591 1604 2725 1669 foro,
2758 1605 2986 1674 denique
3015 1605 3067 1658 iu
3098 1605 3241 1660 omni
3281 1607 3399 1660 loco
3423 1606 3652 1661 circum-

2061 1691 2318 1762 ferentes,
2341 1708 2655 1764 summoque
2680 1694 2854 1748 studio
2870 1695 3079 1750 divitias
3105 1710 3312 1762 omnes,
3338 1713 3466 1766 quas
3496 1696 3653 1752 habet

2063 1783 2178 1840 hazc
2219 1785 2488 1854 parabola,
2540 1787 2918 1855 percipientes,
2949 1803 3056 1857 quo
3103 1788 3258 1842 simul
3289 1797 3342 1842 et
3373 1790 3652 1858 przcsentia

2062 1877 2194 1932 citra
2220 1879 2516 1932 molestiam
2544 1878 2678 1932 mala
2696 1887 3141 1944 transcurramus,
3159 1888 3212 1934 et
3237 1878 3530 1933 futurorum
3559 1880 3653 1933 bo-

2064 1983 2253 2021 norum
2315 1975 2590 2036 compotes
2653 1967 3130 2038 evadamnszqnze
3193 1969 3346 2024 nobis
3404 1970 3651 2025 clunibus

2062 2060 2296 2128 contigat
2324 2059 2535 2128 assequi
2579 2059 2748 2129 gratia
2792 2059 3220 2129 benignitateque
3248 2060 3458 2115 Domini
3487 2065 3651 2116 nostri

2061 2149 2187 2204 Jesu
2209 2149 2430 2215 ChriSti,
2459 2149 2543 2204 cui
2587 2165 2709 2204 cum
2755 2149 2912 2204 Patre
2941 2159 2994 2204 et
3021 2150 3221 2221 Spiritu
3251 2161 3437 2206 sancto
3461 2151 3649 2223 gloria,

2062 2240 2255 2307 honor,
2283 2241 2544 2308 adoratio,
2577 2255 2718 2296 nunc
2744 2249 2798 2296 et
2823 2256 3056 2311 semper,
3097 2250 3151 2298 et
3176 2243 3228 2296 in
3258 2243 3452 2297 saecula
3481 2258 3650 2298 saecu-

2061 2332 2256 2387 lorum.
2287 2334 2479 2388 Amen.

1481 2668 1560 2708 ET
1614 2667 1784 2719 QUOD
1830 2667 2047 2709 ANIME
2103 2664 2318 2707 ΜΟΙΠἘ
2373 2664 2686 2708 νἰοιΕΝΤΑ
2745 2666 3227 2722 DECEDENTIUM,
3282 2667 3405 2711 NON
3453 2669 3646 2712 FIUN'I‘

1640 2770 1851 2822 DEQUE
1895 2769 2148 2812 wmcro
2192 2770 2272 2810 ET
2315 2756 2781 2812 ELEEMOSYNA'.

2056 3027 2197 3081 fame
2242 3025 2608 3097 peuuriaque,
2649 3027 2939 3083 solitudine
2981 3038 3035 3084 et
3077 3030 3300 3086 adversa
3343 3033 3650 3098 valetudine

2051 3119 2213 3180 vitam
2246 3115 2460 3180 assidue
2486 3123 2702 3179 trahens
2728 3117 2778 3179 in
2807 3120 3012 3181 aedibus
3039 3120 3218 3184 divitis
3242 3171 3256 3192 ,
3290 3138 3344 3183 et
3370 3129 3437 3184 ab
3465 3132 3637 3184 omni-

2052 3216 2150 3272 bus
2193 3217 2512 3287 despectus,
2558 3216 2625 3270 ad
2668 3217 2782 3270 haec
2813 3233 2917 3271 non
2961 3217 3162 3274 habens
3194 3219 3354 3274 alium
3379 3221 3446 3275 ad
3483 3239 3643 3292 quem

2051 3307 2238 3364 eadem
2284 3323 2592 3378 perpessum
2638 3309 2962 3377 respiceret,
3003 3311 3083 3366 sic
3110 3323 3362 3382 appareat
3402 3313 3640 3382 philoso-

2051 3397 2243 3468 phatus
2262 3397 2286 3452 ?

2125 3489 2272 3543 Dives
2297 3505 2410 3543 vere
2432 3489 2564 3558 quis.
2585 3517 2658 3528 —
2686 3489 2768 3543 Ab
2795 3488 2898 3544 hoc
2923 3490 3194 3546 discamus
3220 3507 3324 3548 non
3353 3509 3450 3563 pro
3475 3495 3646 3551 beatis

2051 3580 2247 3636 habere
2293 3580 2505 3646 divites,
2554 3595 2727 3650 neque
2751 3596 2849 3648 pro
2871 3582 3080 3637 miseris
3109 3582 3308 3638 habere
3339 3599 3599 3655 pauperes
3625 3604 3638 3639 :

2049 3672 2156 3726 imo
2193 3672 2238 3726 si
2269 3687 2454 3726 verum
2498 3671 2647 3726 fateri
2687 3671 2844 3737 licet,
2880 3688 2946 3727 ne
2970 3673 3120 3728 dives
3157 3675 3372 3744 quidem
3403 3676 3490 3731 ille
3515 3689 3599 3732 εει
3623 3718 3641 3742 ,

2046 3763 2136 3832 qui
2160 3762 2336 3816 multis
2351 3761 2542 3831 opibus
2558 3761 2987 3818 circumvallatus
3006 3773 3106 3830 est,
3131 3765 3226 3820 sed
3252 3767 3341 3836 qui
3369 3782 3476 3822 non
3524 3773 3647 3838 eget

2047 3857 2226 3911 multis
2261 3874 2274 3912 :
2303 3872 2404 3912 nec
2429 3856 2474 3911 is
2503 3871 2702 3925 pauper
2731 3865 2836 3924 est,
2866 3856 2956 3926 qui
2984 3857 3116 3912 nihil
3147 3859 3400 3926 possidet,
3429 3859 3524 3916 sed
3547 3863 3638 3931 qui

2045 3951 2209 4005 multa
2239 3950 2569 4018 concupiscit
2596 3968 2610 4003 :
2643 3949 2831 4004 discite
2877 3949 3020 4004 hunc
3065 3965 3185 4006 esse
3215 3950 3374 4007 finem
3406 3967 3636 4024 pauper—

2046 4041 2168 4094 tatis
2187 4049 2241 4095 et
2259 4039 2569 4109 opulentiae.
2597 4038 2655 4093 Si
2676 4054 2832 4108 quem
2852 4039 3048 4095 videris
3073 4041 3238 4095 multa
3259 4044 3644 4112 concupisceno

2044 4144 2150 4188 tem
2176 4175 2191 4198 ,
2241 4134 2544 4189 existimato
2584 4133 2729 4187 illum
2773 4132 3011 4186 omnium
3050 4147 3170 4187 esse
3219 4135 3635 4204 pauperrimum,

2041 4225 2202 4280 etiam
2249 4226 2296 4280 si
2346 4224 2617 4294 possideat
2657 4223 2900 4278 omnium
2937 4239 3089 4294 opes.
3144 4223 3375 4280 Rursum
3401 4227 3444 4282 si
3475 4244 3636 4298 quem

2042 4318 2240 4373 videris
2280 4333 2385 4372 non
2413 4317 2595 4372 multis
2623 4325 2905 4387 egentem,
2946 4317 3095 4371 illum
3129 4318 3379 4373 omnibus
3406 4321 3636 4389 opulen-

2043 4411 2235 4465 tiorem
2257 4424 2377 4464 esse
2401 4409 2601 4475 ducito,
2619 4408 2826 4463 etiamsi
2853 4409 2984 4462 nihil
3011 4407 3297 4478 possideat.
3322 4409 3455 4464 Nam
3475 4427 3598 4468 men
3619 4445 3633 4458 -

2041 4503 2111 4558 tis
2157 4501 2384 4565 affectu,
2434 4516 2540 4555 non
2589 4501 2898 4556 facultatum
2941 4501 3142 4568 modo,
3193 4513 3555 4572 paupertatem
3579 4521 3636 4563 et

2041 4595 2365 4664 opulentiam
2411 4593 2678 4649 mstimare
2723 4593 3123 4648 consuevimus.
3169 4593 3631 4661 Quemadmodqu

2041 4689 2203 4758 igitur
2231 4702 2383 4752 eum,
2429 4685 2518 4755 qui
2548 4695 2806 4755 perpetuo
2843 4685 2956 4739 sitit
2996 4701 3106 4739 non
3148 4686 3448 4743 dixerimus
3486 4699 3634 4745 recte

2041 4779 2219 4832 valere
2242 4819 2256 4840 ,
2299 4776 2460 4831 etiam
2490 4775 2534 4828 si
2564 4775 2715 4844 c0pia
2743 4790 2920 4830 rerum
2959 4773 3179 4841 affluat,
3206 4777 3365 4832 etiam
3396 4777 3442 4832 si
3481 4777 3630 4846 juxta

2041 4869 2232 4924 ﬂuvios
2274 4882 2337 4922 ac
2379 4866 2553 4922 fontes
2597 4865 2878 4921 accumbat
2909 4883 2922 4920 :
2952 4864 3098 4938 (quid
3125 4867 3267 4922 enim
3296 4867 3511 4937 prodest
3543 4868 3630 4922 illa

2041 4976 2296 5030 aquarum
2327 4960 2515 5030 capia,
2561 4974 2682 5014 cum
2725 4955 2937 5012 affectio
2980 4965 3194 5012 maneat
3231 4958 3634 5029 inexstincta)?
3695 4997 3712 5010 .

2041 5052 2224 5106 itidem
2251 5059 2307 5106 et
2334 5051 2385 5106 in
2407 5049 2658 5105 divitibus
2684 5048 2958 5113 faciamus,
2987 5061 3082 5102 eos
3102 5046 3189 5117 qui
3219 5057 3476 5118 perpetuo
3500 5063 3630 5104 con-

2040 5145 2353 5217 cupiscunt,
2400 5144 2689 5212 sitiuntque
2735 5141 2943 5206 aliena,
2995 5155 3063 5195 ne
3105 5150 3350 5210 putemus
3376 5156 3627 5212 umquam

2041 5252 2162 5292 esse
2187 5250 2347 5289 sanos
2369 5275 2382 5298 ,
2428 5249 2528 5289 nec
2575 5233 2679 5286 ulla
2725 5232 2824 5285 frui
2861 5246 3040 5285 rerum
3077 5232 3251 5302 copia.
3295 5232 3503 5286 Etenim
3534 5233 3624 5303 qui

2041 5343 2190 5382 suam
2245 5327 2412 5397 ipsius
2465 5324 2954 5394 concupiscentiam
3007 5339 3113 5378 non
3169 5333 3347 5394 potest
3402 5324 3628 5384 sistere.

2039 5421 2246 5475 etiamsi
2284 5430 2596 5473 cunctorum
2641 5418 2834 5484 opibus
2865 5417 3088 5471 vallatus
3115 5417 3219 5482 sit,
3248 5416 3516 5485 quomodo
3542 5417 3628 5472 fu-

2041 5520 2189 5565 turus
2213 5518 2298 5565 est
2325 5509 2370 5564 is
2395 5524 2647 5580 umquam
2694 5510 2748 5561 in
2789 5507 3028 5562 divitiis?
3077 5507 3186 5562 Eos
3210 5523 3337 5562 vero
3365 5509 3454 5578 qui
3485 5509 3628 5578 quod

2043 5605 2240 5658 habent
2283 5604 2412 5657 satis
2437 5617 2557 5657 esse
2589 5601 2824 5665 ducunt,
2858 5600 3053 5670 quique
3079 5615 3172 5654 sua
3205 5610 3348 5654 sorte
3386 5602 3623 5654 contenti

2039 5706 2197 5762 sunt,
2229 5711 2326 5749 nec
2350 5695 2548 5749 alienas
2577 5695 3022 5761 circumspectant
3063 5692 3372 5754 facultates.
3415 5693 3628 5748 etiamsi

2043 5786 2240 5842 fuerint
2259 5786 2494 5840 omnium
2522 5784 2852 5855 cgentissimi
2875 5825 2890 5849 ,
2921 5783 3159 5838 omnium
3187 5782 3624 5852 opulentissimos

2041 5877 2238 5935 ducere
2276 5885 2505 5949 oportet.
2553 5877 2683 5933 Nam
2717 5875 2809 5949 qui
2853 5889 2962 5932 non
3016 5873 3216 5947 indiget
3263 5873 3477 5940 alienis,
3516 5876 3612 5929 sed
