3958 6370
430 339 544 393 4385

442 462 589 524 putat
620 454 721 509 sibi
747 453 877 509 satis
902 468 1021 511 esse
1048 452 1189 524 quod
1219 452 1401 520 habet,
1424 451 1662 507 omnium
1699 460 1781 505 est
1806 448 2028 519 opulen-

442 546 696 601 tissimus.
745 545 850 601 Sed
889 545 1111 617 agedum
1140 545 1185 599 si
1223 544 1430 614 placet,
1462 543 1527 597 ad
1561 541 1886 613 propositam
1915 553 2027 593 ma-

441 640 626 693 teriam
679 648 1028 693 revertamur.
1101 637 1336 706 Accidit,
1390 635 1594 705 inquit,
1643 644 1700 689 ut
1754 636 2031 687 moreretur

436 728 685 797 Lazarus,
711 746 772 784 ac
794 730 1141 801 deportaretur
1164 729 1226 783 ab
1247 728 1437 799 angelis
1465 724 1615 801 (Lac.
1650 727 1736 783 16.
1767 725 1883 796 22).

510 822 720 876 Animas
752 822 970 877 violenta
996 830 1154 875 morte
1181 819 1529 875 decedentium
1551 835 1654 872 non
1688 818 1801 888 ﬁeri
1833 816 2025 871 dmino-

436 930 542 967 nes.
574 944 647 954 —
670 913 768 969 Hic
785 913 983 968 malum
1004 911 1289 984 quemdam
1315 911 1558 966 morbum
1579 910 1738 979 cupio
1754 924 1819 964 ex
1836 907 2027 963 vestris

435 1004 629 1059 animis
654 1003 888 1074 exigere.
944 1002 1079 1059 Sunt
1107 1001 1250 1077 enim
1296 1001 1537 1072 plerique
1585 999 1889 1069 simplices,
1935 998 2025 1068 qui

438 1103 623 1164 putant
664 1095 868 1149 animas
893 1093 1128 1149 violenta
1163 1101 1338 1148 morte
1372 1090 1743 1146 decedentium
1772 1090 1884 1144 ﬁeri
1911 1089 2023 1142 dac-

438 1201 643 1241 mones.
689 1183 806 1240 Non
834 1184 904 1239 ita
944 1199 1005 1239 se
1033 1199 1121 1240 res
1162 1182 1362 1249 habet,
1409 1197 1515 1236 non
1546 1181 1615 1235 ita
1642 1195 1793 1235 sane.
1843 1178 2024 1250 Neque

440 1277 582 1331 enim
626 1276 820 1331 animm
859 1275 1091 1331 violenta
1137 1283 1309 1330 morte
1342 1272 1711 1328 decedentium
1758 1269 1889 1325 ﬁunt
1916 1269 2023 1325 the-

435 1385 641 1437 mones,
674 1370 767 1425 sed
793 1370 985 1424 anima:
1013 1369 1186 1439 potius
1212 1369 1266 1424 in
1289 1368 1522 1439 peccatis
1548 1367 1837 1423 viventium
1870 1383 1884 1421 :
1916 1381 2020 1419 non

442 1463 582 1534 quod
618 1471 859 1518 mutetur
889 1462 1096 1517 illarum
1127 1460 1418 1517 substantia
1444 1501 1461 1529 ,
1501 1458 1595 1515 sed
1621 1458 1761 1530 quod
1790 1460 2020 1529 ipsarum

432 1556 680 1610 Voluntas
706 1554 1009 1609 daemonum
1031 1553 1343 1625 pravitatem
1375 1553 1628 1609 imitetur.
1661 1552 1775 1608 Hoc
1797 1562 1849 1607 et
1869 1551 2019 1606 Chri-

430 1658 549 1704 stus
579 1648 711 1703 dixit
734 1647 935 1704 Judzcis
956 1689 971 1714 ,
1012 1647 1112 1703 Vos
1138 1648 1234 1717 ﬁlii
1259 1646 1447 1701 diaboli
1476 1645 1592 1701 estis
1614 1644 1784 1716 (Joan.
1813 1644 1865 1699 8.
1891 1641 1979 1714 44)
2007 1660 2019 1697 :

358 1752 364 1757 ‘
435 1740 572 1796 ﬁlios
596 1740 791 1796 diaboli
818 1739 965 1805 dicit,
997 1755 1102 1795 non
1130 1738 1271 1809 quod
1301 1738 1354 1792 in
1382 1737 1526 1793 illius
1560 1746 1800 1792 naturam
1838 1743 2020 1791 essent

394 1831 806 1911 Aransmutati,
836 1830 934 1911 sed
959 1816 1210 1909 quoniam
1252 1831 1394 1886 illius
1425 1844 1589 1900 opera
1617 1828 1897 1883 iaciebant.
1930 1826 2018 1882 ld-

432 1924 577 1979 eireo
636 1908 811 1979 etiam
836 1904 1065 1993 subiicit
1109 1941 1124 1977 :
1172 1921 1313 1978 Nam
1365 1923 1613 1978 desideria
1666 1922 1822 1987 patris
1871 1921 2019 1975 vestri

429 2015 577 2068 vultis
606 2015 771 2084 facere
798 1998 989 2085 (Joan.
1017 2013 1068 2069 8.
1104 2015 1225 2087 44).
1265 2013 1468 2068 Rursus
1510 2012 1745 2069 Joannes
1774 2029 1786 2065 :
1820 2011 2016 2083 Proge-

431 2105 534 2159 nies
564 2104 850 2173 viperarum
873 2145 889 2170 ,
930 2104 1040 2172 quis
1074 2103 1433 2158 demonstravit
1462 2104 1601 2157 vobis
1639 2104 1814 2173 fugere
1836 2118 1868 2154 a
1896 2118 2018 2156 ven-

430 2206 547 2249 tura
572 2195 693 2248 ira?
735 2192 914 2249 Facite
940 2194 1095 2264 igitur
1122 2184 1343 2265 fructum
1375 2193 1580 2264 dignum
1608 2193 1925 2264 pmnitentiw,
1958 2208 2019 2245 ac

430 2298 492 2339 ne
534 2285 692 2339 velitis
726 2284 893 2339 dicere
923 2300 943 2339 :
971 2292 1164 2354 patrem
1202 2284 1444 2338 habemus
1488 2283 1762 2338 Abraham.
1810 2284 2017 2339 Etenim

429 2392 521 2432 cas
551 2377 694 2446 leges
730 2377 968 2447 agnoscit
1016 2377 1422 2447 prapinquitatis
1460 2375 1765 2445 Scriptura,
1814 2385 1872 2431 ut
1910 2392 2017 2432 non

427 2467 516 2539 qui
544 2474 729 2522 natura
763 2467 1034 2539 conjuncti
1077 2477 1231 2533 sunt,
1275 2466 1367 2522 sed
1408 2467 1495 2538 qui
1527 2468 1723 2522 virtute
1753 2467 2019 2522 malitiave

432 2559 712 2630 propinqui
756 2568 912 2624 sunt,
942 2559 1111 2614 soleat
1135 2558 1405 2628 appellare
1433 2566 1707 2627 cognatos.
1746 2558 1811 2612 Et
1839 2558 2018 2627 cujus-

429 2665 659 2721 cumque
697 2665 878 2706 mores
904 2650 1095 2720 aliquis
1123 2650 1483 2719 expresserit,
1514 2650 1672 2720 hujus
1691 2659 1745 2705 et
1773 2650 1934 2705 tilium
1964 2660 2018 2705 et

430 2744 649 2801 fratrem
675 2745 823 2799 illum
849 2756 969 2799 esse
988 2744 1118 2799 dicit
1141 2742 1436 2813 Scriptura.

495 2838 553 2891 2.
583 2839 653 2891 At
693 2836 844 2906 cujus
883 2836 956 2891 rei
998 2837 1165 2906 gratia
1209 2835 1451 2891 diabolus
1497 2837 1652 2890 istam
1705 2850 2015 2907 perversam

428 2927 734 2998 opinionem
767 2925 1012 2982 invexit?
1057 2925 1292 2981 Conatus
1322 2935 1404 2979 est
1447 2935 1740 2998 martyrum
1766 2923 2018 2981 defodere

427 3030 485 3079 et
510 3023 738 3078 obruere
765 3020 1013 3092 gloriam.
1063 3020 1275 3074 Etenim
1319 3032 1442 3074 eum
1480 3018 1557 3073 illi
1594 3029 1765 3074 morte
1788 3017 2015 3073 violenta

426 3114 783 3182 decesserint,
813 3114 1032 3185 cupiens
1062 3127 1277 3184 pravam
1307 3112 1376 3169 de
1405 3113 1507 3167 illis
1530 3113 1747 3184 gignere
1768 3113 2019 3183 suspicio-

428 3224 572 3273 nem,
596 3207 699 3264 hoc
715 3206 841 3264 fecit
868 3227 882 3264 :
906 3222 1091 3263 verum
1119 3222 1228 3262 non
1256 3206 1427 3275 potuit
1458 3223 1472 3260 :
1505 3214 1853 3275 perseverant
1873 3206 2014 3261 enim

428 3311 691 3375 martyres
714 3343 730 3369 ,
782 3301 1057 3371 proprium
1110 3300 1414 3357 obtinentes
1462 3298 1825 3369 splendorem.
1877 3299 2015 3365 Quin

426 3394 568 3450 aliud
614 3393 781 3448 multo
815 3393 1086 3448 crudelius
1122 3392 1478 3463 perpetravit,
1525 3391 1778 3447 maleﬁcis
1808 3391 2015 3462 ipsique

427 3483 840 3539 inservientibus
866 3497 962 3552 per
985 3482 1082 3537 has
1103 3483 1387 3551 opiniones
1412 3483 1679 3550 persuasis
1703 3522 1719 3549 ,
1745 3491 1804 3537 ut
1833 3491 2016 3537 tenera

429 3574 715 3630 multorum
737 3572 1138 3627 adulescentum
1169 3586 1393 3641 corpora
1421 3571 1774 3638 trucidarent,
1800 3586 2018 3641 speran-

430 3677 512 3722 tes
551 3665 819 3728 futurum,
868 3673 927 3718 ut
968 3662 1157 3718 ﬁerent
1198 3663 1505 3729 daemones,
1554 3678 1849 3733 rursusque
1890 3665 2017 3734 ipsis

430 3758 770 3814 inservirent.
803 3756 1001 3811 Verum
1030 3770 1136 3809 non
1163 3764 1286 3810 sunt
1312 3756 1412 3809 ista
1440 3770 1596 3817 vera,
1641 3770 1743 3811 non
1782 3765 1900 3810 sun'
1933 3757 2015 3810 in-

430 3865 609 3920 quam.
633 3847 771 3917 Quid
799 3848 954 3918 igitur
974 3855 1060 3903 est
1080 3846 1221 3917 quod
1243 3846 1513 3902 dmmoncs
1540 3846 2016 3911 dicunt,.monaclti

431 3943 575 3998 illius
625 3956 742 3997 sum
794 3938 1011 3994 anima?
1067 3938 1207 3993 Sane
1258 3947 1477 4007 promer
1535 3937 1636 3991 hoc
1686 3939 1857 4006 ipsum
1910 3953 2018 3992 non

430 4033 627 4098 credo,
679 4030 801 4103 quia
846 4030 1121 4085 dmmones
1164 4029 1391 4083 dicunt:
1421 4027 1691 4098 decipiunt
1735 4029 1877 4083 enim
1920 4045 2017 4084 au-

429 4125 650 4180 ditores.
1490 4160 1497 4168 .
1636 4164 1641 4169 ,
1894 4165 1903 4174 ,

500 4217 716 4272 Damon
739 4230 829 4270 nec
853 4229 969 4269 vera
991 4214 1162 4268 dicens
1178 4213 1459 4267 audiendus
1487 4222 1579 4268 est.
1599 4213 2019 4284 —Quapropter

428 4318 485 4363 et
513 4307 706 4362 Paulus
732 4305 862 4375 ipsis
884 4305 1093 4360 tametsi
1119 4319 1243 4359 vera
1264 4303 1564 4360 dicentibus
1585 4304 1838 4375 imposuit
1863 4307 2020 4361 silen-

431 4403 585 4467 tium,
615 4415 681 4454 ne
702 4414 765 4454 ex
796 4398 938 4453 veris
958 4398 1099 4453 nacti
1135 4398 1489 4463 occasionem,
1517 4406 1638 4468 post
1664 4397 2016 4480 admiscereut

434 4491 742 4555 mendacia,
798 4489 1063 4559 ﬁdemque
1115 4489 1215 4543 sibi
1266 4489 1634 4544 conciliarent.
1689 4490 1820 4547 Cum
1874 4493 2017 4548 enim

434 4580 728 4642 dixissent,
756 4577 855 4633 Isti
875 4578 1102 4632 homines
1126 4579 1254 4631 servi
1273 4578 1368 4633 Dei
1391 4580 1627 4633 altissimi
1652 4591 1789 4648 sunt,
1821 4600 2021 4638 annun-

433 4674 613 4726 tiantes
644 4671 783 4725 vobis
822 4670 954 4723 viam
991 4670 1168 4724 salutis
1198 4671 1334 4737 (Act.
1367 4670 1453 4726 16.
1483 4673 1607 4741 i7),
1655 4672 1842 4729 dolens
1875 4676 2019 4744 Apo-

433 4764 605 4819 stolus
644 4763 936 4832 increpavit
980 4762 1313 4833 Pythonem,
1362 4774 1521 4834 atque
1567 4766 1714 4821 exire
1736 4767 1914 4836 jussit.
1954 4767 2022 4822 Et

434 4869 611 4912 tamen
635 4855 763 4927 quid
792 4855 917 4909 mali
942 4854 1189 4909 dicebant
1218 4871 1231 4907 :
1266 4853 1361 4909 Isti
1401 4856 1626 4911 homines
1663 4858 1793 4912 servi
1824 4857 1921 4912 Dei
1944 4859 2025 4912 al-

416 4950 612 5005 tissimi
639 4947 797 5002 sunt?
835 4945 940 5001 Sed
972 4945 1226 5015 quoniam
1256 4946 1497 5017 plerique
1531 4946 1885 5016 simpliciores
1911 4964 2019 5003 non

434 5049 631 5096 norunt
654 5053 866 5108 semper
890 5037 1186 5107 diiudicare
1213 5052 1332 5107 quae
1352 5053 1382 5091 a
1399 5037 1730 5094 daemonibus
1750 5039 2017 5105 dicuntur,

435 5133 601 5187 semel
630 5145 724 5186 eos
759 5130 981 5185 exclusit
1008 5144 1038 5183 a
1065 5129 1187 5185 ﬁde.
1234 5129 1329 5184 Exi
1365 5130 1641 5186 infantium
1685 5147 1910 5187 numero
1937 5149 2017 5200 es,

436 5226 626 5294 inquit,
657 5238 763 5278 non
793 5230 875 5279 est
901 5232 1051 5277 tuum
1077 5222 1246 5277 libere
1271 5222 1453 5293 loqui,
1482 5232 1599 5278 tace
1624 5266 1638 5290 ,
1665 5223 1976 5280 obmutesce
2004 5244 2018 5280 :

438 5332 543 5371 non
573 5326 656 5371 est
682 5326 832 5369 tuum
859 5314 1151 5383 praedicare
1170 5355 1185 5380 ,
1215 5318 1576 5384 apostolorum
1604 5318 1704 5373 ista
1728 5328 1814 5373 est
1833 5304 2021 5375 aucto:

443 5412 596 5465 ritas.
641 5409 779 5477 Quid
809 5422 1033 5477 usurpas
1059 5408 1200 5477 quod
1236 5418 1382 5463 tuum
1412 5426 1517 5464 non
1552 5410 1671 5466 est?
1710 5410 1854 5479 Sile,
1889 5413 2023 5468 infa-

432 5502 644 5556 -mis.es.
672 5502 763 5555 Sic
785 5511 840 5555 et
865 5500 1113 5554 Christus
1137 5499 1376 5555 dicentes
1408 5503 1506 5571 ipsi
1534 5502 1826 5567 daemones,
1857 5505 2021 5558 Novi-

440 5607 549 5644 mus
571 5602 616 5643 te
638 5592 723 5659 qui
746 5593 835 5657 sis,
867 5591 1157 5658 increpavit
1181 5590 1340 5644 multa
1365 5607 1483 5645 eum
1517 5594 1803 5648 acrimonia
1828 5594 2017 5666 (Marc.

444 5685 491 5737 9.
524 5684 625 5747 24,
653 5695 697 5735 et
722 5684 843 5738 Luc.
867 5684 919 5738 4.
944 5684 1037 5751 54)
1066 5700 1078 5737 :
1107 5684 1259 5738 nobis
1310 5684 1479 5755 legem
1521 5689 1904 5756 prmscribens,
1955 5706 2023 5744 ne

439 5788 546 5841 quo
568 5785 736 5845 pacto
759 5777 988 5833 daemoni
1018 5774 1242 5830 ﬁdamus
1262 5816 1279 5844 ,
1321 5778 1532 5834 etiamsi
1561 5778 1653 5834 tibi
1681 5781 1877 5852 aliquid
1907 5785 2019 5839 veri

1214 336 1254 393 S
1309 334 1588 392 JOANNIS
1622 328 2098 390 CllRYSOSTOMI
2141 325 2454 383 ARClllEP.
2498 326 3034 385 CONSTANTINOP.
3596 335 3679 397 θεῖ

2145 445 2357 501 dixerit.
2392 446 2488 501 llis
2509 445 2668 517 igitur
2693 448 2939 518 cognitis,
2970 464 3037 506 ne
3065 464 3287 521 prorsus
3305 461 3573 521 credamus
3590 465 3683 522 dte-

2139 536 2283 591 moni
2315 553 2328 590 :
2360 536 2466 592 imo
2489 539 2646 593 etiam
2669 539 2714 593 si
2735 539 2863 611 quid
2881 541 2993 596 veri
3021 541 3288 612 loquatur,
3316 545 3565 617 fugiamus
3583 567 3684 605 eum

2136 636 2192 683 et
2219 643 2541 685 aversemur.
2595 629 2726 686 Nam
2756 647 2885 688 sana
2928 633 3175 704 dogmata
3213 637 3573 711 salutiferaque
3598 659 3683 697 non

2136 736 2164 773 a
2195 719 2530 776 daemonibus
2554 765 2569 791 ,
2611 722 2706 778 sed
2746 739 2813 779 ex
2860 724 3040 781 divina
3064 726 3341 800 Scriptura
3372 730 3491 788 licet
3528 747 3687 788 exacte

2133 810 2364 870 discere.
2421 813 2492 870 Ut
2532 814 2694 886 igitur
2720 818 3058 887 cognoscatis
3102 834 3209 876 non
3256 835 3414 893 posse
3456 823 3594 889 ﬁeri,
3641 841 3684 879 υ.

2135 903 2317 959 anima
2344 919 2571 977 corpore
2598 922 2816 978 egressa
2844 910 3021 965 veniat
3043 911 3144 968 sub
3165 915 3491 985 tyrannidem
3512 917 3685 975 dzemov

2135 1010 2296 1063 num,
2335 997 2458 1052 audi
2486 998 2616 1069 quid
2656 998 2785 1055 dicit
2824 1000 3021 1057 Paulus
3054 1021 3068 1057 :
3096 1002 3198 1071 Qui
3222 1005 3354 1059 enim
3378 1018 3587 1064 mortuus
3605 1021 3683 1071 est.

2122 1088 2435 1159 justi/Scalas
2460 1101 2535 1146 est
2557 1108 2589 1146 a
2609 1103 2813 1163 peccato
2840 1092 3018 1168 (Rom.
3045 1095 3098 1152 6.
3131 1097 3211 1165 7),
3239 1099 3342 1152 hoc
3364 1108 3445 1154 est
3471 1116 3567 1156 non
3588 1116 3683 1156 am-

2131 1179 2270 1250 plius
2306 1191 2509 1251 peccat.
2557 1182 2690 1239 Nam
2718 1184 2764 1240 si
2793 1186 2985 1241 animm
3011 1186 3064 1242 in
3094 1202 3318 1258 corpore
3346 1193 3568 1248 manenti
3589 1195 3684 1249 dia-

2130 1269 2288 1326 bolus
2322 1288 2430 1327 non
2459 1282 2634 1344 potest
2660 1274 2861 1333 inferre
2892 1277 2996 1332 vim
3021 1321 3037 1344 ,
3078 1280 3412 1351 perspicuum
3451 1294 3528 1339 est
3560 1287 3683 1357 quod

2130 1377 2231 1418 nec
2259 1378 2510 1433 egressze.
2541 1365 2822 1435 Quomodo
2851 1368 3033 1439 igitur,
3060 1369 3250 1440 inquis,
3276 1383 3509 1445 peccant,
3538 1376 3577 1431 si
3595 1379 3681 1431 vim

2130 1470 2236 1509 non
2268 1457 2573 1525 patiuntur?
2597 1457 2853 1516 Volentes
2882 1470 3180 1534 sponteque
3204 1477 3269 1520 ac
3291 1469 3492 1536 seipsas
3517 1468 3680 1539 injuria

2128 1546 2423 1605 alﬁcieutes
2478 1559 2736 1620 peccant,
2789 1567 2898 1608 non
2954 1563 3158 1612 coacta:
3205 1572 3387 1629 neque
3434 1563 3682 1631 tyrannide

2128 1654 2398 1710 oppressa:
2428 1658 2443 1697 :
2469 1642 2630 1714 idque
2653 1643 2925 1701 declarant
2952 1661 3140 1704 omnes
3166 1689 3183 1717 ,
3214 1651 3305 1721 qui
3322 1666 3701 1721 superaverunt

2128 1730 2267 1787 illius
2298 1733 2746 1791 machinamenta.
2778 1736 2952 1793 Veluti
2977 1737 3193 1796 beatum
3218 1740 3323 1798 Job
3346 1786 3361 1809 ,
3388 1758 3505 1799 cum
3529 1749 3680 1801 omnia

2130 1824 2466 1892 miscuisset,
2502 1841 2609 1882 non
2637 1828 2809 1898 potuit
2835 1837 3010 1885 tamen
3036 1834 3389 1901 persuadere,
3413 1847 3468 1892 ut
3498 1814 3699 1910 aliquod~

2125 1915 2344 1970 verbum
2366 1915 2738 1988 blasphemum
2761 1922 3028 1991 proferret
3053 1922 3178 1994 (Job
3202 1924 3257 1978 2.
3287 1926 3341 1980 9.
3373 1927 3483 1998 10).

2194 2004 2431 2062 Liberum
2465 2008 2748 2065 arbitrium.
2775 2042 2847 2052 —
2874 2012 3027 2071 Unde
3052 2018 3390 2087 perspicuum
3423 2031 3501 2077 est
3526 2023 3575 2077 in
3602 2038 3679 2077 no-

2123 2095 2205 2152 bis
2231 2098 2390 2153 situm
2415 2112 2556 2166 esse,
2587 2110 2647 2156 ut
2673 2102 2757 2158 vel
2779 2104 3231 2176 obtemperemus,
3263 2107 3350 2165 vel
3379 2126 3480 2167 non
3504 2112 3681 2168 obtem-

2126 2203 2373 2258 peremus
2402 2190 2544 2246 illius
2568 2194 2809 2249 consiliis
2828 2236 2846 2263 ,
2889 2211 2989 2252 nec
3012 2213 3112 2254 nos
3132 2199 3294 2256 ullam
3324 2204 3679 2269 necessitatem,

2125 2296 2298 2351 neque
2325 2285 2660 2355 tyrannidem
2690 2287 2800 2357 pati
2826 2288 2895 2344 ab
2921 2290 3036 2345 illo.
3064 2291 3180 2347 Non
3208 2296 3382 2349 solum
3409 2311 3471 2351 ex
3496 2297 3555 2352 iis
3578 2313 3678 2368 qua:

2123 2372 2261 2428 dicta
2289 2384 2432 2444 sunt,
2462 2392 2645 2433 verum
2677 2379 2837 2433 etiam
2860 2395 2923 2435 ex
2949 2381 3048 2438 hac
3077 2384 3331 2453 parabola
3360 2387 3536 2456 liquet,
3561 2387 3678 2457 quod

2123 2465 2315 2519 anima:
2341 2481 2534 2537 corpus
2557 2483 2788 2538 egressa:
2811 2510 2827 2538 ,
2869 2487 2975 2527 non
3017 2474 3104 2530 hic
3146 2468 3565 2545 commorantur,
3602 2479 3677 2533 sed

2125 2559 2364 2625 protinus
2385 2557 2739 2615 abducuntur.
2771 2562 2834 2615 Et
2855 2565 3142 2633 quomodo,
3162 2566 3308 2621 audi.
3330 2570 3515 2623 Accidit
3538 2570 3677 2632 enim,

2124 2648 2323 2718 inquit,
2361 2658 2416 2702 ut
2460 2661 2771 2717 moreretur,
2802 2669 2864 2705 ac
2885 2654 3212 2709 deduceretur
3244 2658 3311 2712 ab
3344 2659 3527 2730 angelis
3550 2658 3676 2729 (Lar.

2124 2738 2210 2794 16.
2239 2740 2354 2809 :22).
2403 2739 2522 2796 Non
2563 2742 2734 2797 solum
2760 2754 2937 2800 autem
2977 2745 3245 2815 justorum
3284 2750 3472 2805 anima:
3492 2794 3507 2819 ,
3534 2751 3614 2806 sed
3635 2762 3678 2804 et

2122 2847 2307 2886 eorum
2334 2834 2423 2903 qui
2454 2834 2594 2889 male
2623 2835 2887 2904 vixerunt,
2920 2837 3044 2894 illuc
3074 2838 3450 2896 deducuntur:
3478 2852 3618 2913 atque
3637 2843 3677 2895 id

2121 2940 2332 2980 rursum
2362 2942 2430 2981 ex
2455 2928 2557 2983 alio
2587 2927 2750 2983 divite
2778 2931 3114 3000 perspicuum
3139 2941 3241 2989 est.
3268 2935 3546 3005 Postquam
3560 2936 3677 2989 enim

2122 3017 2339 3072 uberem
2360 3026 2676 3086 proventura
2705 3019 3079 3089 produxissent
3098 3024 3211 3093 agri
3243 3025 3432 3094 ipsius,
3460 3025 3575 3080 dicit
3597 3024 3677 3079 sibi

2122 3106 2223 3176 ipsi
2256 3125 2270 3161 :
2308 3107 2444 3175 Quid
2478 3110 2665 3179 faciant
2695 3124 2716 3165 :
2742 3110 2991 3166 demoliar
3019 3114 3201 3168 horrea
3236 3132 3350 3169 mea
3371 3157 3386 3183 ,
3425 3133 3484 3170 ac
3509 3117 3679 3188 majora

2120 3199 2385 3268 aediﬁcabo
2412 3196 2524 3270 (Id.
2550 3200 2638 3255 12.
2687 3201 2824 3272 i8)?
2872 3202 3014 3258 Nihil
3057 3204 3159 3260 hac
3195 3216 3381 3264 mente
3426 3207 3678 3263 infelicius.

2122 3289 2262 3345 Vere
2299 3290 2586 3346 demolitus
2626 3302 2712 3347 est
2748 3308 2845 3348 sua
2890 3295 3057 3364 ipsius
3094 3296 3335 3353 horrea:
3364 3313 3482 3354 nam
3518 3298 3679 3353 horrea

2121 3397 2242 3466 quae
2268 3382 2566 3452 deprredari
2591 3398 2698 3438 non
2720 3394 2945 3455 possunt
2965 3401 3073 3442 non
3100 3397 3225 3442 sunt
3260 3391 3423 3457 muri,
3450 3389 3538 3443 sed
3577 3402 3680 3458 pau-

2120 3493 2308 3548 perum
2335 3486 2569 3544 ventres,
2593 3478 2786 3547 quibus
2814 3479 2904 3532 ille
2931 3480 3187 3550 neglectis
3207 3482 3471 3537 sollicitus
3497 3491 3601 3535 erat
3624 3480 3679 3533 de

2123 3570 2434 3641 parietibus.
2487 3570 2624 3638 Quid
2670 3572 2826 3642 igitur
2863 3572 2992 3628 dicit
3039 3573 3114 3628 illi
3161 3574 3345 3630 Deus?
3390 3574 3682 3640 Stulte,hac

2121 3672 2266 3717 nocte
2282 3672 2506 3733 repetent
2538 3663 2763 3717 animum
2787 3672 2926 3718 tuam
2958 3665 3047 3719 abs
3070 3676 3118 3719 te
3155 3664 3264 3737 (Ib.
3289 3682 3338 3720 υ.
3369 3665 3480 3740 20).
3506 3666 3593 3721 Hic
3613 3666 3681 3719 in-

2121 3755 2236 3824 quit
2257 3749 2543 3809 deduetum
2568 3754 2732 3809 fuisse
2752 3755 2819 3810 ab
2838 3756 3063 3827 angelis,
3092 3757 3201 3813 illic
3226 3768 3410 3814 autem
3432 3767 3677 3829 repetunt:

2121 3855 2175 3901 et
2201 3847 2572 3917 buncquidem
2586 3862 2686 3903 ceu
2708 3848 2941 3902 vinctum
2973 3848 3296 3914 educebant,
3330 3852 3477 3905 illum
3501 3865 3617 3904 vero
3634 3856 3680 3899 ut

2121 3950 2373 3991 coronam
2390 3944 2688 4005 gestantem
2710 3938 2996 4007 stipabant.
3017 3940 3081 3993 Et
3102 3940 3542 4009 quemadmodum
3557 3953 3678 3998 eum,

2121 4030 2209 4099 qui
2243 4030 2389 4100 prius
2414 4030 2467 4084 in
2505 4030 2680 4085 stadio
2721 4032 2884 4086 multa
2933 4032 3151 4087 vulnera
3195 4035 3445 4104 accepit,
3491 4047 3550 4087 ac
3575 4046 3679 4085 san-

2121 4121 2281 4190 guine
2299 4136 2622 4190 conspersus
2644 4130 2747 4185 est,
2777 4132 2897 4191 post
2916 4137 3115 4179 corona
3141 4126 3308 4194 capiti
3333 4124 3527 4191 addita,
3550 4124 3579 4178 ii
3606 4122 3680 4192 qui

2121 4224 2245 4269 ante
2281 4215 2511 4269 stadium
2551 4222 2731 4282 stant,
2762 4225 3066 4285 susceptum
3094 4217 3257 4272 multa
3284 4233 3406 4272 cum
3434 4218 3580 4272 laude
3602 4214 3682 4270 do-

2123 4323 2268 4363 mum
2288 4307 2579 4373 deducunt,
2607 4309 3007 4378 applaudeutes,
3035 4309 3171 4365 bene
3191 4311 3509 4377 ominantes,
3538 4307 3682 4362 admi-

2124 4411 2322 4464 rantes,
2351 4401 2429 4457 sic
2456 4411 2511 4456 et
2536 4402 2709 4470 angeli
2739 4401 2999 4456 Lazarum
3027 4411 3137 4455 tum
3164 4400 3498 4457 deducebant
3518 4443 3532 4465 ,
3560 4398 3683 4454 illius

2123 4509 2253 4549 vero
2273 4495 2505 4547 animam
2531 4493 2842 4563 repetebant
2870 4490 3170 4548 metuendae
3195 4493 3441 4563 quaedam
3463 4493 3677 4547 virtutes.

2126 4586 2364 4641 fortassis
2387 4585 2455 4640 ad
2480 4586 2581 4641 hoc
2600 4585 2778 4667 missae
2809 4603 2824 4641 :
2848 4599 3020 4656 neque
3042 4586 3186 4642 enim
3215 4601 3309 4640 sua
3327 4594 3513 4656 sponte
3528 4582 3680 4637 anima

2125 4678 2189 4732 ad
2232 4677 2378 4731 illam
2417 4678 2621 4732 secedit
2657 4677 2817 4737 vitam
2844 4717 2858 4743 ,
2886 4686 3178 4747 propterea
3203 4677 3348 4746 quod
3379 4677 3480 4731 hoc
3500 4689 3565 4731 ne
3586 4671 3680 4727 ﬁeri

2124 4771 2337 4839 quidem
2381 4771 2565 4839 possit.
2614 4768 2751 4824 Nam
2794 4770 2840 4824 si
2883 4770 3148 4825 civitatem
3191 4771 3407 4826 «vitate
3447 4774 3682 4823 mutantes

2125 4876 2344 4931 egemus
2381 4859 2758 4925 deductoribus
2781 4898 2796 4924 ,
2844 4860 3014 4915 multo
3056 4860 3225 4930 magis
3266 4861 3442 4914 anima
3479 4873 3507 4912 a
3544 4868 3683 4912 carus

2125 4954 2362 5020 divulsa,
2404 4962 2459 5009 et
2491 4952 2557 5007 ad
2586 4951 2817 5007 futuram
2845 4952 3110 5008 transiens
3139 4953 3301 5011 vitam
3332 4966 3467 5022 opus
3494 4948 3681 5004 habeth

2126 5049 2225 5101 viae
2260 5047 2514 5102 dUCibUSu
2551 5045 2886 5113 Quapmpter
2929 5044 3236 5112 frequenter
3282 5057 3426 5099 nunc
3464 5039 3680 5109 emergit.

2127 5139 2343 5194 nuncin
2373 5136 2692 5208 profundum
2718 5134 3044 5205 demergitur
3062 5175 3079 5202 ,
3109 5135 3401 5206 metuitque
3438 5144 3490 5189 et
3528 5133 3678 5187 horret

2125 5245 2245 5284 cum
2275 5238 2357 5286 est
2380 5244 2409 5283 a
2435 5243 2596 5283 carne
2632 5227 2954 5282 discessura.
3011 5226 3146 5281 Nam
3190 5242 3313 5282 cum
3363 5224 3568 5294 semper
3601 5235 3680 5276 nos

2127 5324 2361 5378 stimulat
2388 5331 2724 5392 peccatorum
2751 5320 3108 5387 conscientia,
3157 5329 3267 5374 tum
3315 5327 3440 5374 vero
3480 5315 3679 5370 maxime

2128 5414 2216 5469 illa
2244 5413 2396 5479 hora,
2424 5428 2544 5467 cum
2574 5412 2702 5467 hinc
2722 5426 2906 5467 sumus
2931 5411 3226 5466 abducendi
3252 5410 3318 5464 ad
3348 5410 3437 5464 illa
3467 5408 3625 5461 tribuo
3643 5426 3675 5439 σ-

2128 5509 2229 5574 lia,
2276 5507 2724 5576 metuendumque
2767 5505 3023 5574 judicium
3058 5522 3072 5557 :
3103 5513 3215 5558 tum
3258 5504 3400 5559 enim
3440 5502 3550 5557 sive
3578 5494 3677 5565 quis

2129 5599 2305 5668 rapuit
2324 5639 2338 5663 ,
2387 5598 2500 5652 sive
2532 5597 2831 5659 fraudavit,
2873 5596 2986 5650 sive
3012 5595 3328 5671 contumelia
3357 5592 3556 5655 aﬁ'ecit,
3582 5587 3676 5641 sive

2128 5691 2372 5761 cuiquam
2390 5700 2585 5760 praeter
2603 5704 2817 5746 causam
2836 5689 3083 5743 inimicus
3108 5672 3276 5743 factas
3295 5694 3397 5754 est,
3424 5684 3530 5740 sive
3556 5676 3673 5733 aliud

2129 5781 2498 5855 quodcumque
2521 5781 2723 5837 facinus
2747 5778 3069 5851 perpetravit
3103 5796 3116 5834 :
3146 5778 3422 5855 universus
3451 5770 3551 5828 illic
3571 5780 3668 5838 pec-
