3958 6436
357 467 469 526 983

357 577 510 634 εστὶν
536 572 931 647 εὐπορώτερος.
986 569 1128 624 Ἀλλ’
1160 572 1206 624 εἰ
1244 570 1412 634 δοκεῖ,
1455 570 1549 623 ἐπὶ
1582 569 1682 640 τήν
1718 585 1942 640 προκει-

361 661 532 730 μένην
553 657 808 712 ὑπόθεσιν
841 653 1242 726 ἐπανέλθωμεν.
1281 653 1564 724 Ἐγένετο,
1592 649 1778 722 φησὶν,
1801 651 1948 704 ἀπο-

358 741 568 797 θανεῖν
593 740 702 794 τὸν
741 737 1034 808 Λάζαρον,
1080 737 1179 792 καί
1226 735 1633 806 ἀπενεχθῆναι
1663 733 1782 789 ὑπὸ
1831 731 1950 786 τῶν

351 825 654 898 ἀγγέλων.

445 906 715 962 Ἐνταῦθα
753 903 988 976 πονηρὸν
1030 901 1246 975 νόσημα
1287 903 1388 972 τῆς
1430 900 1706 973 ὑμετέρας
1749 897 1952 965 ἐξελεῖν
2002 911 2012 919 ·

361 987 629 1063 βούλομαι
661 989 864 1062 ψυχῆς.
902 989 1014 1044 Καὶ
1047 989 1154 1060 γὰρ
1195 986 1384 1041 πολλοὶ
1421 983 1532 1038 τῶν
1573 981 1952 1055 άφελεστέρων

358 1075 646 1145 νομίζουσι
669 1073 770 1138 τὰς
795 1073 976 1145 ψυχὰς
1014 1072 1122 1128 τῶν
1151 1071 1310 1142 βιαίῳ
1331 1070 1547 1138 Θανάτῳ
1571 1067 1952 1122 τελευτώντων

355 1159 628 1231 δαίμονας
653 1157 923 1228 γίνεσθαι.
947 1157 1062 1212 Οὐκ
1090 1155 1206 1209 ἐστι
1235 1155 1293 1210 δὲ
1319 1153 1508 1219 τοῦτο,
1538 1153 1640 1208 οὐκ
1668 1152 1839 1206 ἔστιν.
1877 1151 1950 1205 Οὐ

357 1245 477 1314 γὰρ
497 1245 554 1296 αἱ
575 1241 746 1312 ψυχαὶ
774 1241 883 1295 τῶν
908 1239 1366 1312 βιοθανατούντων
1391 1238 1647 1308 δαίμονες
1676 1235 1950 1304 γίνονται,

358 1313 484 1381 ἀλλ’
524 1327 582 1383 αἰ
620 1325 795 1397 ψυχαὶ
823 1325 932 1379 τῶν
967 1327 1023 1380 ἐν
1066 1324 1428 1397 ἁμαρτήμασι
1469 1313 1710 1386 ζώντων,
1760 1319 1820 1372 οὐ
1856 1319 1955 1389 τῆς

357 1410 556 1474 οὐσίας
572 1410 752 1464 αὐτῶν
781 1409 1280 1481 μεταϐαλλομένης,
1303 1407 1438 1461 ἀλλά
1465 1407 1562 1478 τῆς
1583 1403 1955 1475 προαιρέσεως

360 1495 552 1549 αὐτῶν
585 1493 683 1566 τὴν
716 1493 939 1547 ἐκείνων
973 1492 1316 1564 μιμουμένης
1340 1489 1562 1544 κακίαν.
1609 1487 1782 1541 Τοῦτο
1824 1485 1955 1556 γοῦν

361 1579 626 1652 καὶπρὸς
665 1579 792 1642 τοὺς
832 1576 1120 1636 Ἰουδαίους
1161 1575 1336 1648 δηλῶν
1381 1575 1409 1626 6
1439 1572 1674 1644 Χριστὸς
1725 1571 1912 1640 ἔλεγεν
1938 1587 1950 1602 ·

374 1663 580 1733 ’Υμεῖς
609 1660 715 1716 τοῦ
761 1660 1044 1714 διαϐόλου
1078 1659 1198 1714 υἱοί
1226 1659 1388 1714 ἐστε·
1431 1659 1583 1720 υἱοὺς
1619 1657 1676 1710 δέ
1709 1654 1953 1709 διαϐόλου

361 1747 570 1809 αὐτοὺς
601 1742 772 1810 εἶπεν,
811 1744 912 1797 οὐκ
948 1741 1138 1816 ἐπειδὴ
1181 1743 1261 1806 εἰς
1306 1743 1406 1813 τὴν
1445 1738 1598 1813 [728]
1632 1739 1820 1792 οὐσίαν
1859 1737 1955 1808 τὴν

328 1829 580 1901 ἐκείνου
636 1827 956 1899 μετέπεσον,
1010 1826 1146 1880 ἁλλά
1186 1825 1374 1898 ἐπειδὴ
1432 1826 1500 1880 τὰ
1553 1824 1690 1897 ἔργα
1743 1823 1954 1878 ἐκείνου

363 1914 592 1968 ἐποίουν
619 1931 632 1946 ο
660 1913 742 1966 διὸ
787 1914 880 1966 καὶ
910 1910 1236 1986 προστίθησι
1265 1927 1279 1942 ·
1337 1911 1448 1977 Τὰς
1497 1909 1607 1982 γὰρ
1641 1910 1957 1977 ἐπιθυμίας

365 1998 482 2052 τοῦ
514 1997 736 2066 πατρὸς
785 1995 954 2066 ὑμῶν
1003 1992 1202 2051 θέλετε
1248 1995 1468 2048 ποιεῖν·
1541 1995 1653 2048 Καὶ
1710 1994 1872 2047 πάλιν
1930 1997 1958 2046 ὁ

381 2083 658 2151 Ἰωάννης·
685 2080 1038 2148 Γεννήματα
1062 2077 1334 2147 ἐχιδνῶν,
1362 2079 1456 2144 τις
1475 2079 1794 2143 ὑπέδειξεν
1817 2077 1960 2148 ὑμῖν

364 2165 589 2237 φυγεῖν
615 2164 733 2220 ἀπὸ
768 2162 875 2232 τῆς
895 2163 1246 2233 μελλούσης
1277 2161 1496 2232 ὀργῆς-ς
1521 2163 1822 2232 Ποιήσατε
1846 2157 1960 2218 οὖν

367 2249 612 2319 καρπὸν
629 2249 802 2312 ἄξιον
821 2245 932 2315 τῆς
943 2245 1286 2316 μετανοίας,
1305 2245 1404 2299 καὶ
1419 2245 1505 2315 μὴ
1527 2245 1744 2315 δόξητε
1757 2246 1978 2316 λέγειν.

365 2330 608 2403 Πατέρα
629 2334 849 2402 ἔχομεν
875 2331 984 2386 τὸν
1019 2327 1295 2398 Ἀϐρααμ.
1339 2330 1674 2400 Συγγενείας
1715 2331 1828 2403 γάρ
1870 2331 1958 2384 νό-

371 2435 536 2487 μους,
576 2417 635 2470 οὐ
671 2417 798 2478 τοὺς
831 2411 938 2468 ἀπὸ
965 2414 1066 2484 τῆς
1097 2413 1333 2483 φύσεως,
1368 2413 1506 2466 ἀλλά
1540 2415 1669 2477 τοὺς
1713 2415 1822 2468 ἀπὸ
1858 2414 1961 2484 τῆς

366 2500 582 2570 ἀρετῆς
619 2501 714 2552 καὶ
747 2499 850 2568 τῆς
896 2497 1098 2560 κακίας
1140 2493 1280 2550 οἶδεν
1310 2497 1342 2567 ἡ
1375 2497 1568 2568 Γραφὴ
1603 2497 1789 2552 καλεῖν
1810 2515 1824 2528 ο
1868 2499 1962 2550 καὶ¹

367 2576 455 2636 ὦν
486 2581 552 2636 ἄν
589 2598 672 2645 τις
694 2581 997 2652 ὁμότροπος
1021 2580 1284 2651 γένηται,
1321 2578 1512 2633 τοῦτον
1559 2582 1652 2634 καὶ
1703 2580 1818 2634 υἱὸν
1869 2581 1962 2634 καὶ

367 2666 606 2736 ἀδελφὸν
641 2661 782 2719 εἷναί
817 2681 981 2735 φησιν
1009 2665 1043 2734 ἡ
1073 2663 1288 2734 Γραφή.

454 2750 518 2819 β’.
537 2749 697 2803 Ἀλλά
723 2747 866 2810 τίνος
883 2747 1069 2801 ἕνεκεν
1097 2749 1126 2800 6
1153 2745 1396 2811 διάϐολος
1423 2744 1483 2799 τὸ
1523 2747 1756 2819 πονηρὸν
1785 2747 1964 2818 δόγμα

370 2832 540 2886 τοῦτο
559 2834 820 2904 εἰσήγαγε
841 2847 857 2896 ;
881 2831 994 2902 Τὴν
1019 2829 1129 2909 τῶν
1160 2828 1454 2900 μαρτύρων
1490 2830 1818 2902 ἐπεχείρησε
1854 2831 1962 2885 διο-

375 2914 544 2986 ρύξαι
571 2915 750 2979 δόξαν.
795 2912 1014 2984 Ἐπειδὴ
1055 2913 1164 2984 γὰρ
1202 2911 1361 2983 βιαίῳ
1393 2911 1610 2984 θανάτῳ
1638 2913 1963 2967 τελευτῶσιν

371 3001 612 3061 ἐκεῖνοι,
661 2997 979 3067 βουλόμενος
1029 2994 1211 3049 αὐτῶν
1262 2996 1668 3050 κατασκεδάσαι
1719 2998 1964 3068 πονηράν

373 3080 692 3152 ὑπόληψιν,
747 3079 907 3134 τοῦτο
957 3079 1233 3148 ἐποίησεν.
1302 3079 1464 3132 Ἀλλά
1511 3079 1672 3134 τοῦτο
1724 3080 1824 3151 μὲν
1866 3081 1966 3133 οὐκ

373 3153 612 3236 ἴσχυσε·
649 3163 868 3235 μένουσι
909 3161 1019 3234 γὰρ
1067 3161 1164 3232 τὴν
1213 3162 1420 3215 οἰκείαν
1467 3161 1682 3233 ἔχοντες
1717 3162 1966 3234 λαμπρό-

371 3267 542 3320 τητα·
593 3249 781 3320 ἕτερον
817 3247 874 3300 δέ
920 3246 1302 3318 χαλεπώτατον
1356 3248 1788 3319 κατειργάσατο,
1841 3248 1966 3312 τοὺς

371 3333 587 3403 γόητας
611 3333 736 3396 τοὺς
765 3331 1236 3403 ύπηρετουμένους
1263 3330 1412 3401 αὐτῷ
1432 3331 1518 3384 διὰ
1538 3331 1744 3385 τούτων
1770 3332 1966 3395 πείσας

370 3417 495 3471 τῶν
547 3415 832 3485 δογμάτων
859 3453 872 3478 ,
922 3413 1136 3466 πολλῶν
1184 3413 1320 3467 νέων
1353 3414 1541 3468 ἁπλῶν
1588 3415 1817 3487 σώματα
1865 3434 1965 3469 κα-

373 3499 712 3569 τασφάττειν
739 3497 916 3550 ἐλπίδι
947 3497 1042 3550 τοῦ
1083 3497 1342 3568 δαίμονας
1385 3497 1626 3564 ἔσεσθαι,
1673 3499 1768 3552 καὶ
1807 3499 1967 3554 πάλιν

375 3583 572 3646 αὐτοῖς
599 3583 911 3652 ὑπηρετεῖν.
954 3580 1093 3633 Ἀλλ’
1143 3581 1243 3633 οὐκ
1275 3579 1402 3646 ἐστι⁸
1435 3579 1639 3646 ταῦτα,
1683 3582 1784 3635 οὐκ
1829 3581 1964 3634 ἐστι.

375 3666 452 3720 Τί
495 3660 588 3738 οὖν
611 3707 625 3728 ,
665 3665 746 3718 ὅτι
783 3665 834 3717 οἰ
866 3664 1121 3734 δαίμονες
1168 3661 1410 3730 λέγουσι,
1445 3663 1556 3719 Τοῦ
1591 3665 1828 3736 μοναχοῦ
1873 3663 1967 3718 τοῦ

375 3751 556 3812 δεῖνος
576 3751 609 3820 ἡ
628 3746 774 3820 ψυχή
800 3749 936 3820 εἰμι,
969 3747 1138 3818 φησί;
1175 3747 1273 3800 At}:
1297 3747 1406 3818 γὰρ
1433 3747 1590 3802 τοῦτο
1617 3749 1679 3802 οὐ
1705 3748 1966 3815 πιστεύω,

374 3833 574 3904 ἐπειδὴ
595 3833 849 3902 δαίμονες
870 3831 1142 3900 λέγουσιν·
1171 3830 1425 3884 ἀπατῶσι
1454 3831 1562 3902 γὰρ
1588 3832 1713 3896 τοὺς
1741 3832 1969 3887 ἀκούον-

373 3934 504 3981 τας.

457 3999 558 4054 Διά
587 3999 749 4055 τοῦτο
801 3999 897 4055 καὶ
935 3999 964 4052 6
1002 3999 1218 4063 Παῦλος
1260 3997 1440 4054 καίτοι
1489 4016 1554 4070 γε
1603 3998 1969 4070 ἀληθεύοντας

377 4084 742 4156 ἐπεστόμισεν
779 4083 994 4147 αὐτοὺς,
1031 4083 1118 4136 ἵνα
1150 4083 1224 4155 μὴ
1263 4083 1537 4154 πρόφασιν
1573 4083 1830 4147 λαϐόντες
1857 4088 1969 4148 τοῖς

377 4165 612 4238 ἀληθέσι
645 4165 739 4220 καὶ
769 4165 938 4237 ψευδῆ
969 4165 1133 4218 πάλιν
1161 4164 1468 4236 ἀναμίξωσι
1486 4203 1501 4228 ,
1538 4165 1632 4223 καὶ
1663 4165 1969 4230 ἀξιόπιστοι

379 4249 676 4318 γένωνται.
713 4247 937 4320 Ἐπειδὴ
976 4247 1086 4320 γὰρ
1129 4247 1335 4315 ἔλεγον,
1365 4243 1542 4302 Οὗτοι
1585 4251 1638 4301 οἱ
1671 4249 1968 4317 ἅνθρωποι

380 4333 596 4390 δοῦλοι
617 4332 726 4388 τοῦ
756 4331 906 4388 Θεοῦ
944 4333 1048 4388 τοῦ
1069 4333 1335 4402 ὑψίστου
1359 4333 1500 4396 εἰσὶ,
1529 4332 1970 4401 καταγγέλλουσα

379 4433 490 4482 τες
507 4416 650 4486 ὑμῖν
672 4415 821 4472 ὁδὸν
849 4417 1165 4486 σωτηρίας,
1211 4413 1556 4484 διαπονηθεὶς
1583 4413 1662 4484 τῷ
1697 4404 1984 4484 πνεύματι

380 4501 689 4572 ἐπετίμησε
717 4499 796 4571 τῷ
839 4499 1073 4565 Πύθωνι,
1115 4498 1210 4554 καὶ
1262 4497 1496 4566 ἐξελθεῖν
1541 4497 1814 4550 ἐκέλευσε·
1847 4499 1970 4552 καί·

381 4600 538 4652 τοιγε
565 4584 618 4636 τί
652 4574 889 4655 πονηρὸν
921 4583 1139 4652 ἐλεγον;
1171 4578 1347 4638 Οὗτοι
1394 4584 1450 4635 οἱ
1489 4581 1790 4650 ἅνθρωποι
1829 4581 1970 4636 δοῦ-

379 4672 488 4723 λοι
531 4666 640 4722 τοῦ
674 4667 822 4722 Θεοῦ
864 4666 972 4721 τοῦ
1025 4668 1294 4736 ὑψίστου
1325 4666 1533 4720 οεὶσίν.
1597 4666 1735 4720 Ἀλλ’
1781 4666 1968 4739 ἐπειδὴ

384 4751 574 4806 πολλοὶ
598 4751 708 4805 τῶν
734 4763 761 4792 ι
792 4751 1172 4822 ἀφελεστέρων
1215 4751 1303 4804 ἀεὶ
1333 4749 1632 4822 διακρίνειν
1673 4751 1774 4806 οὐκ
1821 4751 1969 4805 ἴσασι

382 4836 463 4891 τὰ
493 4835 641 4907 παρά
667 4834 778 4888 τῶν
826 4835 1096 4906 δαιμόνων
1145 4835 1446 4906 λεγόμενα,
1495 4833 1750 4900 καθάπαξ
1787 4836 1970 4900 αὐτοῖς

383 4921 686 4978 ἀπέκλεισε
704 4920 767 4974 τὸ
783 4919 1151 4975 πιστεύεσθαι.
1175 4918 1296 4973 Τῶν
1311 4921 1674 4992 ἡτιμωμένων
1691 4915 1760 4984 εἴ,
1781 4921 1965 4991 φησὶν,

386 5005 841 5078 ἀπαρρησίαστος
873 4999 944 5071 εἷ,
976 5003 1175 5072 σιώπα,
1221 5004 1530 5074 πεφίμωσο·
1565 5003 1666 5056 οὐκ
1711 5003 1826 5058 ἐστι
1876 5003 1968 5057 σὺν

383 5091 450 5144 τὸ
479 5089 794 5162 κηρύττειν,
821 5088 1136 5143 ἀποστόλων
1178 5088 1296 5141 ἐστὶ
1328 5087 1488 5142 τοῦτο
1530 5089 1591 5141 τὸ
1635 5087 1870 5161 ἀξίωμα.
1903 5089 1970 5142 Τί

387 5170 663 5244 ἀρπάζεις
695 5171 759 5224 τὸ
804 5171 878 5243 μὴ
925 5170 1050 5235 σόν;
1088 5170 1246 5240 Σίγα,
1288 5171 1580 5242 ὴτίμωσαι.
1625 5171 1783 5226 Οὕτω
1823 5171 1970 5226 καὶὸ

385 5256 627 5328 Χριστὸς
683 5255 909 5326 ἐποίησε
939 5271 956 5288 ο
1011 5255 1262 5324 λέγουσιν
1312 5253 1462 5326 αὐτῷ
1507 5257 1621 5320 τοῖς
1675 5256 1968 5328 δαίμοσιν,

385 5341 629 5412 Οἴδαμὲν
659 5358 719 5394 σε
745 5339 830 5404 τίς
859 5333 930 5405 εἴ,
963 5339 1299 5410 ἐπετίμησεν
1349 5339 1534 5403 αὐτοῖς
1581 5339 1719 5412 μετά
1767 5339 1970 5413 πολλῆς

381 5426 488 5498 τῆς
519 5423 898 5496 σφοδρότητος,
923 5422 1188 5478 διδάσκων
1214 5422 1362 5493 ἡμᾶς
1387 5423 1437 5486 δ,
1469 5423 1718 5496 μηδαμοῦ
1755 5423 1971 5495 δαίμονι

451 5593 483 5657 Ρ
502 5591 628 5642 Tres
648 5605 764 5657 m_85.
803 5597 858 5657 _et
898 5591 1014 5657 Sav,
1048 5591 1251 5657 ὑψίστου
1273 5592 1384 5657 εἰσὶ,
1427 5595 1820 5657 καταγγέλλοντες,
1859 5595 1971 5657 ἡμῖν

384 5656 499 5706 ὁδὸν
521 5655 776 5720 σωτηρίας,
790 5653 1101 5720 διαπονηθεὶς
1123 5655 1192 5714 τῷ
1215 5653 1462 5720 πνεύματι,
1488 5653 1745 5720 ἐπετίμησε
1775 5659 1845 5720 τῷ
1869 5653 1972 5720 [16-

384 5717 624 5780 M25111}.
641 5715 835 5780 ἐξελθεῖν
872 5716 1122 5780 ἐκέλευσεζ
1145 5715 1305 5780 καίτοι
1319 5715 1364 5780 τί
1401 5717 1604 5780 πονηρόν
1624 5715 1788 5780 ’ἔλεγον
1801 5715 1971 5776 ςόὐτοι

385 5783 427 5830 οἱ
451 5777 690 5854 ᾇγθρωποι
711 5775 872 5854 δοῦλοι
893 5775 979 5825 τοῦ
1002 5774 1126 5854 φεοῦ
1148 5775 1455 5854 τοῦῦιξξστου
1478 5774 1608 5828 εἰσίν.
1658 5774 1784 5830 Ἀλλ’
1805 5774 1970 5839 -ἐπειδή

387 5837 556 5891 πο).λοῖ
578 5840 689 5887 τῶν.
721 5837 837 5888 Haec
857 5851 974 5886 vero
999 5841 1206 5888 deerant
1229 5840 1278 5888 in
1302 5837 1474 5890 Morel.

446 5902 478 5942 δ
498 5898 598 5950 Alii
615 5901 882 5962 νομοθετῶν
900 5900 1024 5964 ἡμῖν.

1642 450 1730 506 DE
1753 450 2048 514 LAZARO
2091 449 2340 506 CONCIO
2379 447 2438 505 11.

3519 455 3628 510 93$

2054 565 2361 639 πείθεσθαι,
2397 565 2531 637 μηδὲ
2561 566 2624 620 ἄν
2666 584 2750 620 σοι
2781 567 2930 636 ὑγιές
2962 583 3014 620 τι
3042 565 3175 637 λέγῃ
3234 567 3408 636 "Amp
3437 567 3502 637 δη
3543 571 3642 623 καὶ

2055 647 2316 722 μαθόντες
2347 651 2421 722 μὴ
2467 647 2787 720 πειθώμεθα
2835 650 3049 720 δαίμονι
3081 649 3330 713 καθόλου,
3367 648 3502 704 ἀλλὰ
3537 651 3638 704 κᾶν

2051 732 2252 804 ἀληθές
2302 751 2354 786 τι
2413 735 2760 805 φθέγγηται,
2803 733 3092 804 φεύγωμεν
3143 734 3307 787 αὐτὸν
3359 735 3455 788 καὶ
3502 735 3638 788 ἁπο-

2055 815 2418 889 στρεφώμεθα
2439 835 2452 848 ·
2478 817 2548 870 τά
2576 820 2685 888 γάρ
2712 817 2840 888 ὐγιῆ
2875 817 3124 888 δόγματα
3161 819 3256 872 καὶ
3301 819 3548 890 σωτήρια
3579 818 3641 870 οὐ

2054 902 2206 974 παρά
2251 901 2540 972 δαιμόνων,
2579 901 2716 955 ἀλλὰ
2761 901 2912 974 παρὰ
2960 901 3060 972 τῆς
3093 900 3242 966 θείας
3268 902 3492 974 Γραφῆς
3526 904 3643 955 ἐστι

2058 985 2176 1056 μετ’
2209 983 2494 1056 ἀκριϐείας
2532 985 2876 1056 μαθεῖν.”οτι
2905 985 3011 1057 γὰρ
3049 985 3150 1039 οὐκ
3181 985 3298 1039 ἐστι
3336 986 3513 1058 ψυχὴν
3546 981 3640 1038 τοῦ

2057 1069 2310 1140 σώματος
2340 1069 2665 1135 ἐξελθοῦσαν
2696 1070 2800 1124 ὐπὸ
2829 1071 2927 1140 τὴν
2961 1070 3070 1122 τῶν
3091 1071 3362 1140 δαιμόνων
3386 1064 3644 1139 γενέσθαι

2055 1153 2368 1226 τυραννίδα,
2391 1154 2623 1208 ἄκουσον
2645 1155 2700 1206 τί
2726 1171 2889 1225 φησιν
2917 1157 2946 1206 6
2977 1153 3190 1218 Παῦλος
3209 1170 3224 1185 ο
3271 1153 3324 1206 '0
3353 1153 3464 1222 γὰρ
3494 1153 3646 1208 ἁπο-

2056 1237 2256 1290 θανὼν
2298 1235 2669 1290 δεδικαίωται
2711 1237 2818 1290 ἀπὸ
2865 1237 2964 1308 τῆς
3016 1236 3311 1308 ἁμαρτίας,
3343 1235 3643 1294 τουτέστιν,

2055 1321 2160 1374 οὐκ
2187 1321 2265 1374 ἔτι
2303 1319 2629 1391 ἁμαρτάνει.
2665 1320 2727 1372 EE
2752 1318 2860 1392 γὰρ
2887 1321 2946 1372 ἐν
2973 1319 3050 1390 τῷ
3081 1320 3295 1392 σώματι
3321 1321 3548 1392 οἰκουσῃ
3575 1321 3644 1389 τῇ

2055 1407 2204 1476 ψυχῇ
2237 1403 2358 1474 βίαν
2383 1405 2684 1472 ἐπαγαγεῖν
2713 1403 2773 1456 οὐ
2807 1403 3096 1474 δυνήσεται
3126 1406 3154 1458 6
3186 1403 3450 1467 διάϐολος,
3487 1401 3646 1472 εὔδη-

2058 1486 2150 1542 λον
2175 1489 2256 1542 ὅτι
2290 1487 2409 1542 οὐδέ
2440 1486 2771 1560 ἀπελθούσῃ.
2808 1485 2934 1550 Πῶς
2974 1483 3068 1542 οὖν
3110 1489 3510 1560 ἁμαρτάνουσι,
3543 1505 3647 1558 φη-

2061 1571 2162 1636 σὶν,
2193 1573 2242 1624 εξ
2279 1572 2352 1642 μὴ
2389 1570 2509 1642 βίαν
2537 1571 2855 1640 πάσχωσιν;
2895 1570 3149 1625 Ἑκοῦσαι
3175 1573 3270 1626 καὶ
3299 1570 3642 1642 βουλόμεναι,

2059 1655 2153 1708 καὶ
2203 1653 2352 1728 [729]
2400 1657 2599 1718 ἑαυτάς
2652 1654 2982 1720 ἐκδιδοῦσαι,
3031 1656 3131 1709 οὐκ
3179 1655 3643 1726 ἀναγκαζόμεναι,

2058 1740 2174 1792 οὐδὲ
2201 1739 2655 1812 τυραννούμεναι.
2691 1741 2800 1794 Καὶ
2834 1739 2993 1794 τοῦτο
3025 1740 3300 1810 ἐδήλωσαν
3331 1740 3571 1806 ἅπαντες
3595 1741 3645 1794 οἰ

2061 1824 2476 1896 περιγενόμενοι
2521 1823 2630 1880 τῶν
2675 1824 2882 1879 ἐκείνου
2918 1824 3360 1897 μηχανημάτων..
3387 1825 3490 1878 Τὸν
3515 1823 3647 1894 γοῦν

2074 1907 2194 1960 Ἰὼϐ
2244 1909 2412 1980 μυρία
2449 1909 2698 1980 κυκήσας
2733 1909 2830 1962 οὐκ
2863 1906 3052 1979 ἴσχυσε
3089 1911 3276 1962 πεῖσαι
3326 1909 3648 1982 βλάσφημόν

2059 2008 2112 2044 τι
2145 1993 2298 2063 ῥῆμα
2332 1993 2662 2060 ἐξενεγκεῖν.
2759 2034 2762 2037 -

2133 2073 2296 2128 Ὅθεν
2325 2075 2483 2147 δῆλον
2514 2076 2597 2128 ὅτι
2628 2075 2839 2129 καὶτοῦ
2866 2075 3150 2147 πείθεσθαι
3181 2077 3276 2130 καὶ
3305 2075 3397 2128 τοῦ
3429 2075 3502 2147 μὴ
3533 2075 3655 2130 πεί-

2063 2155 2251 2234 θεσθαι
2279 2146 2403 2222 ταῖς
2435 2159 2644 2213 ἐκείνου
2690 2159 3023 2230 συμϐουλαῖς
3057 2146 3217 2232 ήμεῖς
3251 2146 3648 2232 ἐσμενγκύριοι,

2063 2243 2158 2296 καὶ
2209 2243 2456 2314 ἀνάγκην
2492 2243 2769 2314 οὐδεμίαν,
2801 2243 2922 2296 οὐδέ
2966 2243 3260 2316 τυραννίδα
3308 2244 3654 2314 ὑφιπάμεθα

2063 2327 2192 2396 παρ’
2221 2327 2450 2380 ἐκείνου.
2483 2327 2596 2380 Οὐκ
2640 2331 2704 2381 ἐκ
2746 2328 2854 2380 τῶν
2885 2329 3189 2400 εἰρημένων
3218 2331 3273 2382 δέ
3305 2331 3486 2400 μόνον,
3518 2329 3659 2385 ἀλλὰ

2065 2410 2156 2462 καὶ
2185 2411 2250 2462 ἐκ
2281 2410 2382 2480 τῆς
2413 2413 2784 2482 προκειμένης
2827 2413 3141 2484 παραϐολῆς
3173 2413 3416 2484 εὔδηλον,
3448 2415 3528 2467 ὅτι
3557 2415 3650 2466 τοῦ

2065 2493 2314 2562 σώματος
2341 2495 2396 2546 αἰ
2429 2493 2598 2564 ψυχαὶ
2637 2492 2972 2562 ἐξελθοῦσαι,
2999 2497 3099 2550 οὐκ
3138 2497 3218 2551 ἐτι
3260 2497 3494 2551 ἐνταῦθα
3531 2496 3650 2550 δια-

2062 2577 2362 2647 τρίϐουσιν,
2405 2577 2520 2630 ἀλλ’
2546 2576 2751 2642 εὐθέως
2801 2580 3106 2649 ἀπάγονται
3131 2599 3144 2611 ·
3191 2583 3284 2635 καὶ
3315 2581 3478 2636 ἄκουε
3512 2580 3650 2645 πῶς.

2078 2659 2345 2728 Ἐγένετο
2383 2660 2492 2732 γάρ
2525 2661 2734 2726 αὐτὸν,
2773 2664 2958 2733 φησὶν,
3000 2665 3348 2731 ἀποθανεῖν,
3397 2666 3495 2720 καὶ
3539 2667 3653 2720 ἁπ-

2063 2741 2382 2812 ενεχθῆναι
2431 2743 2550 2799 ὑπὸ
2596 2743 2714 2798 τῶν
2744 2745 3034 2816 ἀγγέλων.
3065 2748 3176 2818 Οὐχ
3207 2749 3262 2802 αἱ
3292 2749 3401 2803 τῶν
3431 2749 3656 2803 δικαίων

2065 2826 2120 2880 δὲ
2153 2827 2334 2898 μόνον,
2371 2827 2507 2882 ἀλλά
2535 2828 2628 2883 καὶ
2655 2827 2764 2883 τῶν
2798 2831 2855 2883 ἐν
2891 2833 3128 2904 πονηρίᾳ
3166 2832 3383 2898 ζώντων
3415 2833 3659 2901 ἀπάγον-

2064 2927 2156 2964 ται
2179 2913 2296 2964 ἐκεῖ
2315 2911 2370 2962 αἱ
2391 2911 2560 2983 ψυχαί
2581 2931 2594 2943 ·
2623 2913 2715 2966 καὶ
2738 2913 2896 2968 τοῦτο
2923 2914 2980 2968 δὲ
3003 2915 3166 2970 πάλιν
3193 2915 3252 2981 ἐξ
3275 2917 3462 2990 ἐτέρου
3492 2917 3656 2970 πλου-

2068 2993 2182 3046 σίου
2211 2991 2390 3064 δῆλον.
2410 2995 2627 3067 Ἐπειδὴ
2655 2997 2766 3069 γὰρ
2795 2997 3097 3070 εὐφόρησεν
3125 3000 3158 3070 ἡ
3189 2998 3341 3072 χώρα
3365 2999 3550 3064 αὐτοῦ,
3581 2995 3658 3053 εἴ·

2068 3094 2167 3131 πεν
2205 3079 2261 3130 ἐν
2296 3077 2504 3148 ἐαυτῴο
2557 3080 2619 3133 Τί
2657 3081 2892 3146 ποιήσω
2904 3097 2924 3145 ;
2957 3081 3188 3140 καθελῶ
3209 3100 3330 3152 μου
3368 3083 3476 3150 τὰς
3507 3083 3654 3138 ἁπο-

2067 3163 2278 3229 θήκας,
2321 3163 2421 3216 καὶ
2457 3163 2735 3231 μείζονας
2763 3165 3159 3236 οἰκοδομήσω.
3196 3167 3361 3221 Οὐδὲν
3403 3166 3660 3221 ἀθλιώτε-

2070 3262 2162 3318 ρον
2187 3245 2286 3316 τῆς
2311 3245 2567 3316 τοιαύτης
2599 3247 3067 3318 γνώμης.’οντως
3093 3251 3342 3304 καθεῖλεν
3363 3251 3528 3304 αὐτοῦ
3556 3252 3656 3315 τὰς

2070 3327 2384 3400 ἀποθήκαςο
2417 3329 2694 3402 ἀπΟΟῆκαι
2727 3332 2836 3402 γὰρ
2870 3331 3057 3386 ἀσυλοι
3105 3333 3204 3404 οὐχ
3237 3335 3286 3386 οί
3317 3337 3508 3405 τοῖχοι,
3540 3335 3656 3389 ἀλλ’

2070 3413 2128 3465 αἰ
2164 3412 2272 3466 τῶν
2315 3414 2567 3483 πενήτων
2615 3414 2724 3466 εἰσὶ
2760 3414 3027 3487 γαστέρες
3049 3430 3063 3444 ·
3095 3417 3124 3469 6
3151 3415 3207 3470 δὲ
3233 3417 3448 3482 ἐκείνας
3477 3419 3657 3487 ἀφεὶς,

2073 3495 2202 3566 περὶ
2251 3496 2464 3566 τοίχους
2509 3496 2811 3569 ἠσχολεῖτο.
2844 3497 2910 3551 Τί
2955 3492 3050 3552 οὖν
3099 3516 3232 3570 φησι
3278 3499 3416 3572 πρὸς
3442 3501 3603 3554 αὐτὸν
3629 3501 3658 3552 6

2071 3577 2238 3645 656;;
2270 3580 2506 3650 Ἀφρον,
2528 3581 2714 3650 ταύτῃ
2748 3579 2825 3651 τῇ
2852 3581 3024 3636 νυκτὶ
3051 3582 3372 3638 ἀπαιτοῦσι
3397 3583 3514 3649 τὴν
3537 3587 3657 3654 ψυ-

2073 3663 2193 3734 χήν
2233 3677 2349 3718 σου
2373 3665 2492 3720 ἀπὸ
2520 3665 2657 3720 σοῦ.
2690 3667 2801 3720 Καὶ
2834 3665 2968 3737 ὅραι
2998 3667 3233 3722 ἐνταῦθά
3262 3686 3424 3740 φησιν
3457 3671 3654 3722 ἀπενε-

2071 3747 2268 3819 χθῆναι
2319 3747 2426 3801 ὑπὸ
2469 3748 2578 3802 τῶν
2607 3749 2877 3818 ἀγγέλων,
2915 3753 3034 3805 ἐκεῖ
3070 3751 3395 3807 ἀπαιτοῦσι·
3428 3753 3523 3806 καὶ
3569 3754 3660 3806 τὸν

2077 3834 2174 3902 μὲν
2199 3833 2274 3896 ώς
2295 3831 2580 3905 δεσμώτην
2611 3832 2825 3906 ἐξῆγον,
2857 3828 2946 3890 τὸν
2977 3836 3034 3888 δὲ
3059 3837 3135 3900 ὡς
3178 3837 3504 3908 στεφανίτην
3547 3837 3662 3891 ἐδο-

2077 3919 2367 3991 ρυφόρουν.
2397 3918 2506 3972 Καὶ
2539 3918 2790 3994 καθάπερ
2827 3922 2884 3974 ἐν
2915 3919 2994 3992 τῷ
3025 3921 3310 3992 σκάμματι
3341 3922 3512 3976 πολλά
3540 3941 3659 3976 τινα

2071 4004 2366 4078 τραύματα
2414 4003 2648 4058 λαϐόντα
2699 4006 2796 4058 καὶ
2842 4005 3035 4076 αἵματι
3093 4007 3656 4078 κατερῤαντισμένον,

2073 4082 2192 4141 εἶτα
2219 4085 2318 4158 τὴν
2346 4086 2592 4158 κεφαλὴν
2626 4087 3037 4160 ἀναδησάμενον
3061 4091 3108 4142 οἰ
3143 4091 3249 4162 πρὸ
3274 4090 3368 4143 τοῦ
3401 4090 3660 4161 σκάμμα-

2070 4187 2164 4234 τος
2191 4170 2422 4233 ἑστῶτες
2447 4171 2836 4242 ὑποδεξάμενοι
2868 4173 3004 4244 μετά
3032 4173 3234 4243 πολλῆς
3255 4177 3356 4246 τῆς
3383 4175 3658 4245 εὐφημίας

2072 4253 2254 4308 οἴκαδε
2290 4254 2484 4322 ἄγουσι
2529 4253 2871 4324 κροτοῦντες,
2906 4254 3302 4327 εὐφημοῦντες,
3348 4256 3660 4327 θαυμάζον-

2070 4354 2164 4400 τες
2182 4353 2196 4367 ·
2227 4336 2370 4390 οὓτω
2395 4337 2488 4392 καὶ
2513 4337 2606 4391 τὸν
2631 4337 2880 4410 Λάζαρον
2923 4338 3142 4408 ἄγγελοι
3171 4340 3292 4396 τότε
3327 4342 3614 4414 ἀπήγαγον
3640 4358 3654 4372 ο

2071 4418 2284 4474 ἐκείνου
2330 4419 2389 4472 δὲ
2415 4420 2516 4491 τὴν
2545 4420 2728 4492 ψυχὴν
2758 4421 3001 4493 ἀπῄτουν
3036 4422 3266 4493 φοϐεραί
3311 4441 3456 4488 τινες
3503 4425 3662 4478 δυνά-

2076 4519 2217 4574 μεις,
2250 4503 2381 4568 ἴσως
2411 4503 2820 4576 ἀπεσταλμέναι
2870 4507 2964 4560 ἐπὶ
3007 4506 3217 4578 τούτῳ·
3264 4510 3325 4562 οὐ
3355 4508 3466 4582 γάρ
3500 4511 3658 4564 αὐτό-

2075 4603 2245 4656 ματος
2285 4589 2320 4658 ἡ
2377 4586 2523 4659 ψυχὴ
2570 4589 2710 4660 πρὸς
2749 4588 2967 4661 ἐκείνην
2996 4592 3291 4664 ἀναχωρεῖ
3335 4594 3434 4664 τὴν
3478 4594 3680 4666 ζωὴν,,

2075 4669 2264 4742 ἐπειδὴ
2308 4671 2444 4742 μηδὲ
2485 4671 2729 4726 δυνατόν.
2759 4673 2824 4726 Εἰ
2851 4673 2960 4745 γὰρ
2987 4675 3140 4728 πόλιν
3171 4677 3237 4730 ἐκ
3264 4676 3471 4742 πόλεως
3503 4678 3662 4748 ἀμεῖ-

2073 4753 2283 4818 ϐοντες,
2313 4753 2409 4808 τοῦ
2434 4756 2906 4828 χειραγωγοῦντος
2942 4759 3196 4829 δεόμεθα,
3232 4760 3414 4833 πολλῷ
3457 4761 3658 4832 μᾶλλον

2073 4839 2107 4908 ή
2141 4837 2288 4909 ψυχὴ
2311 4838 2413 4909 τῆς
2441 4838 2644 4910 σαρκὸς
2672 4840 3074 4913 ἀπορραγεῖσα,
3111 4845 3206 4898 καὶ
3241 4846 3378 4916 πρὸς
3403 4843 3501 4916 τὴν
3533 4847 3660 4916 μὲλ-

2073 4921 2273 4974 λουσαν
2320 4921 2690 4995 μεθισταμένη
2725 4923 2894 4993 ζωὴν,
2933 4925 3042 4979 τῶν
3083 4927 3462 5000 ὁδηγησόντων
3489 4930 3666 4999 αὐτὴν

2072 5003 2344 5075 δεήσεται.
2370 5004 2470 5060 Διά
2500 5003 2660 5075 τοῦτο
2683 5007 2944 5072 πολλάκις
2973 5009 3282 5077 ἀναδύεται,
3321 5013 3415 5066 καὶ
3440 5011 3578 5084 πρὸς
3597 5013 3660 5066 τὸ

2075 5087 2238 5158 βάθος
2260 5088 2410 5143 κάτω
2440 5092 2628 5162 χωρεῖ,
2655 5091 2750 5144 καὶ
2778 5087 2984 5146 δέδοικε
3013 5094 3108 5148 καὶ
3128 5095 3362 5166 φρίττει,
3391 5095 3660 5167 μέλλουσα

2071 5173 2172 5243 τῆς
2223 5173 2425 5244 σαρκὸς
2471 5174 2966 5244 ἀφίπτασθαι.’Λεὶ
3005 5177 3106 5248 μὲν
3144 5179 3254 5252 γὰρ
3294 5169 3447 5253 ήμᾶς
3481 5183 3662 5237 κεντεῖ

2071 5257 2182 5309 τῶν
2201 5256 2617 5340 ἁμαρτημάτων
2636 5259 2699 5312 τὸ
2726 5261 2990 5327 συνειδὸς,
3023 5261 3258 5334 μάλιστα
3286 5264 3345 5318 δὲ
3373 5267 3494 5320 κατ’
3516 5265 3659 5320 ἐκεί-

2072 5355 2171 5409 νην
2207 5337 2306 5409 τὴν
2337 5337 2509 5411 ὥραν,
2542 5337 2672 5396 ὅταν
2722 5343 3012 5415 μέλλωμεν
3057 5346 3308 5402 ἐντεῦθεν
3351 5349 3658 5419 ἀπάγεσθαι

2073 5420 2212 5492 πρὸς
2234 5419 2336 5484 τὰς
2361 5421 2590 5488 εὐθύνας
2630 5424 2732 5489 τὰς
2775 5427 2898 5479 ἐκεῖ
2923 5429 3018 5482 καὶ
3049 5429 3110 5484 τὸ
3141 5429 3368 5500 φοϐερὸν
3396 5431 3658 5503 δικαστή-

2075 5519 2210 5570 ριον.
2239 5503 2392 5569 Τότε,
2419 5505 2529 5559 εἴτε
2558 5507 2779 5579 ἥρπασέ
2799 5527 2902 5578 τις,
2933 5511 3044 5566 εἴτε
3073 5512 3519 5586 ἐπλεονέκτησεν,
3546 5517 3655 5570 εἴτε

2073 5586 2198 5640 τινὰ
2243 5588 2573 5661 ἐπηρέασεν,
2609 5593 2718 5646 εἴτε
2761 5594 2906 5658 τινὸς
2939 5596 3160 5666 γέγονεν
3209 5599 3402 5670 ἐχθρὸς
3433 5601 3656 5666 ἀδίκως,

2072 5672 2184 5724 είτε
2207 5671 2338 5761 ἀλλο
2358 5674 2536 5761 ότιοῦν
2565 5675 2737 5732 δεινὸν
2763 5679 3076 5751 εἰργάσατο,
3105 5681 3248 5746 ἄπας
3279 5686 3308 5738 6
3337 5687 3446 5740 τῶν
3475 5687 3659 5761 ἁμαρ-

2075 5772 2140 5828 τη
2149 5756 2334 5829 μάτων
2363 5758 2532 5830 ἐσμὸς
2569 5762 2888 5819 ἀνανεοῦται
2913 5776 2936 5805 ε
2971 5766 3066 5822 καὶ
3094 5769 3200 5838 πρὸ
3227 5769 3336 5825 τῶν
3362 5756 3656 5845 ὀφθαλμῶν

2142 5915 2164 5945 °
2186 5912 2308 5970 Tres
2332 5928 2445 5966 mss.
2475 5917 2826 5983 ἁμαρτημάτων
2850 5921 2990 5988 χορὸς
3015 5923 3154 5974 ἀναν.
