3958 6394
425 409 529 464 985

426 517 661 582 ίσταται,
689 518 784 571 καὶ
817 517 918 589 τὴν
946 517 1184 571 διάνοιαν
1211 518 1410 570 κεντεῖ.
1441 515 1550 568 Καὶ
1575 513 1829 586 καθάπερ
1861 514 1910 565 οἱ
1950 512 2010 565 τὸ

423 601 797 674 δεσμωτήριον
827 600 1124 664 οίκοῦντες,
1146 601 1235 654 ἀεὶ
1263 599 1365 670 μὲν
1391 601 1449 652 ὲν
1481 599 1758 670 κατηφείᾳ
1783 599 1878 652 καὶ
1902 595 2018 650 ὀδύ-

424 701 541 746 ναις
576 686 703 747 είσὶ,
729 685 966 754 μάλιστα
992 683 1048 736 δὲ
1080 683 1222 737 κατά
1253 682 1352 754 τὴν
1381 681 1591 753 ἡμέραν
1617 681 1861 752 ἐκείνην,
1891 678 2015 732 καθ’

425 767 493 836 ἢν
529 767 595 821 ἃν
632 765 898 838 μέλλωσιν
925 766 1239 836 ἐξάγεσθαι,
1265 766 1362 820 καὶ
1408 768 1540 837 παρ’
1566 764 1736 828 αὐτὰς
1773 764 1875 828 τάς
1919 763 2015 817 τοῦ

425 850 739 914 δικάζοντος
783 851 1015 921 ἀγεσθαι
1065 849 1256 920 θύρας,
1287 850 1383 902 καὶ
1430 849 1538 921 πρὸ
1582 848 1691 902 τῶν
1727 847 2018 917 κιγκλίδων

425 934 684 999 ἑστῶτες,
706 936 799 989 καὶ
822 936 918 1006 τῆς
940 935 1035 988 τοῦ
1058 934 1338 1005 κρίνοντος
1363 932 1548 1002 φωνῆς
1567 932 1778 986 ἔνδοθεν
1799 931 2018 986 ἀκούον-

423 1035 536 1081 τες,
581 1019 992 1089 ἀποπήγνυνται
1021 1017 1098 1087 τῷ
1137 1016 1304 1088 φόϐῳ,
1336 1017 1428 1069 καὶ
1475 1015 1584 1068 τῶν
1616 1015 1826 1087 νεκρῶν
1865 1015 2018 1068 οὐδὲν

425 1101 648 1172 ἄμεινον
696 1102 996 1155 διάκεινται
1020 1119 1033 1131 ·
1076 1100 1221 1155 οὕτω
1265 1101 1358 1153 καὶ
1408 1101 1441 1172 ή
1475 1099 1620 1172 ψυχὴ
1651 1100 1884 1170 μάλιστα
1921 1100 2018 1171 μὲν

426 1185 523 1237 καὶ
564 1186 621 1238 ἐν
665 1185 815 1257 αὐτῷ
857 1186 935 1257 τῷ
984 1185 1162 1257 καιρῷ
1209 1185 1309 1254 τῆς
1345 1183 1617 1255 ἁμαρτίας
1647 1183 1897 1238 ὀδυνᾶται
1922 1184 2018 1238 καὶ

427 1272 864 1341 στενοχωρεῖται,
893 1270 1078 1341 πολλῷ
1123 1270 1181 1323 δὲ
1221 1269 1386 1323 πλέον
1431 1271 1560 1324 ὅταν
1592 1269 1840 1324 ἐντεῦθεν
1883 1271 2019 1322 ἀπο-

427 1355 730 1408 σπασθεῖσα
761 1355 1072 1423 ἀπάγεσθαι
1112 1355 1302 1428 μέλλῃ.

497 1435 649 1509 [750]
690 1438 759 1506 γ’.
792 1438 990 1506 Σιγᾶτε
1038 1437 1213 1492 ταῦτα
1258 1437 1584 1503 άκούοντες;
1638 1437 1843 1508 Πολλὴν
1888 1439 2017 1510 ὑμῖν

425 1518 534 1589 ἔχω
573 1521 736 1594 χάριν
760 1521 859 1592 τῆς
893 1522 1055 1592 σιγῆς
1089 1521 1292 1592 ταύτης
1319 1521 1542 1592 μᾶλλον,
1567 1520 1600 1592 ἣ
1633 1521 1741 1576 τῶν
1768 1522 1976 1592 κρότων
2000 1539 2012 1553 ·

425 1606 473 1658 οἱ
509 1604 608 1674 μὲν
652 1605 760 1678 γάρ
796 1606 981 1678 κρότοι
1021 1607 1116 1658 καὶ
1149 1607 1199 1658 οἱ
1233 1605 1447 1660 ἔπαινοι
1492 1603 1868 1677 λαμπρότερον
1917 1607 2018 1677 ἐμὲ

425 1687 691 1748 ποιοῦσιν,
731 1690 763 1760 ἡ
797 1688 923 1760 σιγὴ
955 1688 1014 1742 δὲ
1044 1688 1183 1759 αῦτη
1237 1689 1719 1760 σωφρονεστέρους
1747 1689 1892 1760 ὑμᾶς
1927 1693 2018 1760 ἐρ-

425 1772 672 1840 γάζεται.
705 1769 836 1827 Οἶδα
864 1775 946 1828 ὅτι
969 1773 1130 1827 λυπεῖ
1155 1773 1224 1827 τὰ
1247 1773 1538 1845 λεγόμενα,
1563 1773 1698 1827 ἀλλά
1728 1773 1864 1826 πολὺ
1891 1774 2014 1844 κέρ-

423 1857 512 1921 δος
546 1855 658 1928 ἔχει
683 1857 777 1911 καὶ
803 1858 1031 1928 ἄφατον.
1049 1857 1108 1912 ’0
1139 1858 1396 1922 πλούσιος
1424 1860 1653 1922 ἐκεῖνος,
1680 1857 1734 1911 εί
1758 1875 1879 1911 τινα
1903 1853 2015 1928 εἶχε

423 1941 647 1995 τοιαῦτα
689 1941 838 2012 αὐτῷ
871 1941 1265 2014 παραινοῦντα,
1307 1941 1444 1996 ἀλλά
1495 1940 1570 2013 μὴ
1611 1941 1850 2006 κόλακας
1894 1943 2018 2004 τοὺς

425 2025 563 2095 πρὸς
595 2025 755 2098 χάριν
777 2025 995 2080 ᾶπαντα
1029 2025 1520 2096 συμϐουλεύοντας,
1556 2025 1651 2078 καὶ
1690 2027 1771 2089 εἰς
1806 2025 2018 2097 τρυφὴν

424 2109 706 2172 ἕλκοντας,
733 2111 832 2162 οὐκ
858 2111 925 2164 ἂν
953 2111 1034 2173 είς
1075 2109 1172 2182 τὴν
1203 2110 1424 2178 γέενναν
1455 2105 1622 2180 ἦλθεν
1655 2109 1891 2182 ἐκείνην,
1919 2110 2019 2164 οὐκ

426 2192 495 2246 ἀν
539 2192 958 2264 τάς,βασάνους
989 2193 1253 2264 ὑπέμεινε
1299 2193 1400 2256 τὰς
1451 2193 1779 2265 ἀφορήτους,
1815 2193 1914 2247 οὐκ
1952 2193 2017 2247 ἂν

425 2276 825 2348 ἀπαρηγόρητα
852 2277 990 2348 μετά
1013 2277 1188 2331 ταῦτα
1217 2277 1542 2348 μετενόησεν
1562 2294 1575 2306 ·
1602 2276 1720 2332 ἀλλ’
1741 2277 1930 2349 ἐπειδὴ
1949 2277 2018 2332 τά

426 2360 565 2430 πρὸς
586 2361 745 2432 χάριν
780 2361 1022 2424 ἅπαντες
1049 2361 1372 2430 διελέγοντο,
1404 2360 1728 2432 παρέδωκαν
1757 2361 1917 2414 αὐτὸν
1941 2361 2019 2432 τῷ

427 2445 580 2516 πυρί.
612 2443 738 2499 Εἴθε
762 2442 830 2518 ἦν
854 2447 941 2500 ἀεὶ
962 2447 1057 2499 καὶ
1077 2445 1344 2518 διηνεκῶς
1365 2444 1538 2498 ταῦτα
1572 2443 1902 2514 φιλοσοφεῖν,
1927 2445 2020 2498 καὶ

426 2529 556 2600 περὶ
589 2530 815 2602 γεέννης
851 2529 1208 2600 φθέγγεσθαι.
1229 2532 1332 2584 Ἐν
1363 2529 1515 2585 πᾶσι
1545 2529 1675 2602 γὰρ,
1706 2530 1862 2600 φησὶ,
1894 2529 2021 2596 τοῖς

424 2614 630 2684 λόγοις
665 2628 783 2668 σου
820 2614 1172 2684 μιμνήσκου
1227 2614 1297 2668 τὰ
1346 2612 1580 2680 ἐσχατὰ
1610 2627 1751 2678 σου,
1781 2613 1880 2666 καὶ
1933 2615 2021 2680 εὶς

425 2699 535 2753 τὸν
568 2698 754 2753 αἰῶνα
780 2703 852 2754 οὐ
883 2698 970 2768 μὴ
999 2699 1290 2769 ἁμάρτῃς.
1333 2698 1446 2751 Kal
1482 2698 1677 2752 πάλιν⁹
1721 2697 2021 2768 Ἐτοίμαζε

426 2785 515 2849 εις
552 2783 668 2852 τὴν
707 2783 925 2848 ἔξοδον
961 2783 1034 2837 τὰ
1063 2785 1207 2853 ἔργα
1251 2796 1393 2846 σου,
1433 2782 1530 2835 καὶ
1563 2781 2021 2851 παρασκευάζου

429 2867 581 2936 πρὸς
613 2867 730 2936 τὴν
762 2867 966 2923 όδόνι.
1002 2868 1082 2921 Εἴ·
1104 2883 1252 2930 τινος
1280 2866 1536 2937 ἥρπασάς
1577 2883 1652 2932 τι,
1681 2866 1898 2930 ἀπόδος,
1929 2867 2022 2920 καὶ

427 2952 550 3004 εἰπὲ
597 2951 736 3006 κατά
780 2952 871 3005 τὸν
923 2952 1220 3023 Ζακχαῖον·
1269 2950 1482 3019 Δίδωμι
1538 2950 2023 3018 τετραπλασίοιρα

427 3033 503 3087 τὰ
537 3035 879 3106 ἁρπαγέντα
899 3052 914 3065 ’
947 3036 1000 3088 εί
1025 3035 1169 3099 τινός
1202 3052 1256 3088 τι
1285 3034 1754 3104 έσυκοφάντησας,
1788 3033 1845 3087 εί
1877 3051 2022 3097 τινος

427 3118 660 3186 γέγονας
689 3118 904 3191 ἐχθρὸς,
936 3117 1311 3188 καταλλάγηθι
1345 3119 1452 3189 πρὸ
1499 3116 1594 3170 τοῦ
1641 3117 2016 3188 δικαστηρίου.

429 3201 615 3255 Πάντα
667 3201 901 3256 ἐνταῦθα
951 3201 1222 3271 διάλυσαι,
1255 3202 1342 3256 ἵνα
1375 3201 1547 3273 χωρὶς
1577 3200 1920 3273 πραγμάτων
1963 3201 2022 3254 τὸ

431 3285 583 3357 βῆμα
613 3287 729 3361 ἴδῃς
759 3289 954 3344 έκεῖνο.

503 3372 652 3435 Ἕως
680 3371 746 3425 ἂν
778 3371 1015 3426 ἐνταῦθα
1037 3364 1209 3444 ὦμεν,
1248 3371 1473 3435 ἐλπίδας
1505 3370 1701 3442 ἔχομεν
1741 3368 2018 3442 χρηστάς’

429 3456 650 3510 ἐπειδάν
684 3455 741 3508 δὲ
780 3455 1106 3528 ἀπέλθωμεν
1139 3458 1276 3521 ἐκεῖ,
1311 3455 1491 3527 κύριοι
1519 3455 1705 3508 λοιπὸν
1733 3454 2023 3525 μετανοίας

429 3542 533 3595 οὐκ
562 3541 751 3612 ἐσμὲν,
777 3540 899 3594 οὐδὲ
936 3539 1031 3594 τοῦ
1078 3540 1148 3594 τὰ
1182 3537 1562 3612 ⁸ήμαρτημένα
1593 3541 1726 3610 ἡμῖν
1752 3537 2021 3610 ἀπονίψα-

433 3627 581 3680 σθαι.
613 3625 704 3678 Διὸ
750 3624 858 3697 χρὴ
904 3623 1427 3697 παρασκευάζεσθαι
1460 3623 1703 3695 συνεχῶς
1744 3624 1882 3696 πρὸς
1922 3623 2023 3694 τὴν

433 3710 646 3765 ὲνθένδε
671 3708 871 3775 ἔξοδον.
899 3709 966 3762 Τί
999 3707 1109 3782 γάρ
1134 3709 1228 3762 ὲάν
1251 3709 1493 3779 ἑσπέρας
1520 3707 1647 3780 δόξῃ
1675 3706 1751 3779 τῷ
1774 3709 2025 3782 Δεσπότῃ

433 3795 661 3849 καλέσαι
708 3795 896 3865 ήμᾶς;
946 3792 1000 3846 τί
1046 3793 1104 3846 δὲ
1138 3792 1232 3845 ἐὰν
1268 3790 1497 3862 αὖριονς
1529 3791 1757 3863 ¹Ἀδηλον
1805 3791 1914 3864 γὰρ
1962 3793 2024 3846 τὸ

435 3877 654 3948 μέλλον,
689 3876 777 3930 ἵνα
806 3875 1092 3946 ἐναγώνιοι
1124 3874 1391 3946 διηνεκῶς
1417 3868 1591 3945 ὦμεν,
1631 3875 1725 3927 καὶ
1757 3875 1891 3945 πρὸς
1924 3874 2025 3946 τὴν

431 3960 743 4032 ἀποδημίαν
777 3961 1064 4033 εὐτρεπεῖς
1105 3959 1342 4030 ἐκείνην,
1375 3959 1629 4031 καθάπερ
1672 3954 1765 4012 οὖν
1813 3955 1969 4021 οὗτος
1995 3960 2025 4012 6

434 4048 685 4120 Λάζαρος
712 4045 1004 4109 διαπαντὸς
1034 4040 1104 4117 ῆν
1130 4046 1190 4099 ὲν
1215 4044 1463 4115 ὑπομονῇ
1489 4043 1586 4097 καὶ
1619 4044 1913 4116 καρτερίᾳ·
1943 4044 2025 4098 διὸ

434 4133 530 4186 καὶ
580 4131 719 4202 μετὰ
766 4131 1039 4201 τοσαύτης
1067 4129 1316 4200 ἀπήγετο
1339 4126 1529 4198 τιμῆς.
1549 4128 1816 4182 Ἀπέθανε
1847 4128 1904 4182 δὲ
1932 4129 2027 4182 καὶ

431 4218 461 4268 ὁ
487 4215 760 4278 πλούσιος,
801 4213 895 4267 καὶ
924 4213 1120 4284 ἐτάφη,
1157 4211 1408 4284 καθάπερ
1445 4211 1502 4264 ὲν
1537 4212 1780 4283 μνήματι
1808 4212 1888 4282 τῷ
1918 4210 2028 4266 σώ-

437 4305 567 4368 ματι
613 4298 713 4368 τῆς
755 4296 934 4369 ψυχῆς
979 4295 1145 4350 αὐτοῦ
1178 4294 1702 4368 κατορωρυγμένης,
1731 4298 1826 4353 καὶ
1852 4296 2026 4366 τάφον

436 4381 840 4453 περιφερούσης
871 4380 970 4453 τὴν
999 4381 1418 4454 σάρκα.⁰Ωσπερ
1446 4379 1555 4451 γὰρ
1589 4378 1778 4434 ἀλύσει
1807 4381 1933 4446 τινὶ,
1958 4383 2025 4454 τῇ

440 4466 576 4537 μέθῃ
635 4464 731 4518 καὶ
795 4467 860 4536 τῇ
922 4463 1338 4536 γαστριμαργίᾳ
1391 4463 1804 4535 πεπεδημένος,
1853 4463 2026 4530 οὕτως

435 4551 718 4621 ἄπρακτον
769 4548 940 4619 αὐτὴν
983 4549 1076 4600 καὶ
1117 4548 1318 4618 νεκρὰν
1357 4547 1672 4619 είργάσατο.
1698 4547 1792 4619 Μὴ
1840 4548 2027 4613 ἁπλῶς

436 4632 826 4706 παραδράμῃς,
858 4631 1136 4704 άγαπητὲ,
1167 4631 1248 4695 τὸ,
1279 4631 1469 4702 ἐτάφη
1491 4648 1505 4663 ·
1536 4631 1650 4685 ἀλλ’
1674 4632 1912 4687 ἐνταῦθά
1935 4651 2026 4703 μοι

437 4717 547 4772 νόει
573 4716 674 4780 τὰς
699 4715 978 4786 τραπέζας
997 4713 1098 4778 τὰς
1119 4715 1666 4787 περιηργυρωμένας,
1692 4713 1792 4778 τὰς
1817 4715 2024 4780 κλίνας,

435 4804 564 4866 τοὺς
593 4801 864 4873 τάπητας,
898 4799 968 4854 τὰ
997 4799 1368 4872 ὲπιϐλήματα,
1395 4799 1467 4852 τὰ
1489 4799 1625 4854 ἀλλα
1660 4799 1729 4853 τά
1757 4799 1898 4854 κατά
1929 4800 2029 4871 τὴν

436 4887 616 4941 οἰκίαν
664 4886 899 4950 ἅπαντα,
941 4883 1012 4938 τὰ
1065 4883 1236 4956 μύρα,
1265 4882 1338 4937 τὰ
1383 4882 1675 4956 ἀρώματα,
1713 4882 1806 4937 τὸν
1859 4883 2029 4938 πολὺν

439 4971 702 5042 ἄκρατον,
728 4969 836 5023 τῶν
863 4967 1178 5039 ἐδεσμάτων
1203 4969 1303 5033 τὰς
1337 4967 1632 5032 ποικιλίας,
1663 4966 1732 5020 τά
1759 4967 2031 5040 καρυκεύ-

442 5072 609 5128 ματα,
639 5055 766 5118 τοὺς
813 5052 1130 5125 μαγείρους,
1170 5053 1294 5116 τοὺς
1345 5051 1604 5117 κόλακας,
1637 5051 1764 5116 τοὺς
1800 5051 2031 5124 δορυφό-

441 5157 592 5211 ρους,
647 5141 773 5204 τοὺς
823 5140 1067 5202 οἰκέτας,
1100 5137 1198 5209 τὴν
1246 5135 1414 5208 ἀλλην
1460 5136 1680 5192 ἅπασαν
1729 5137 2030 5204 φαντασίαν

441 5223 884 5298 κατεσϐεσμένην
929 5225 1024 5278 καὶ
1071 5221 1612 5293 καταμαρανθεῖσαν.
1664 5219 1852 5274 Πάντα
1896 5238 2030 5274 σπο-

437 5307 590 5370 δὸςδ,
625 5307 802 5360 πάντα
849 5308 1022 5380 τέφρα
1061 5306 1155 5360 καὶ
1199 5305 1367 5369 κόνις,
1414 5305 1601 5376 θρῆνοι
1648 5305 1741 5358 καὶ
1782 5305 2029 5375 ὀδυρμοὶ,

438 5391 654 5455 οὐδενὸς
682 5391 980 5461 δυναμένου
1016 5389 1281 5460 βοηθῆσαι
1309 5389 1515 5453 λοιπὸν,
1549 5387 1658 5442 οὐδ’
1689 5387 2031 5442 ἀπελθοῦσαν

442 5475 808 5544 ἐπαναγαγεῖν
830 5473 925 5546 τὴν
954 5473 1306 5544 ψυχήν.Τότε
1334 5474 1367 5544 ἡ
1396 5472 1626 5544 δύναμις
1653 5472 1915 5543 ἠλέγχετο
1937 5471 2029 5524 τοῦ

443 5561 688 5630 χρυσίου,
722 5560 814 5614 καὶ
845 5559 944 5630 τῆς
977 5557 1177 5630 πολλῆς
1205 5557 1539 5630 περιουσίας.
1559 5559 1652 5610 Ἐκ
1681 5555 1791 5630 γάρ
1833 5556 2030 5611 τοσαύ-

504 5757 529 5820 f
557 5756 691 5820 Unus
716 5770 806 5802 ms.
830 5763 883 5804 et
909 5756 1038 5820 Bibl,
1057 5753 1418 5820 παρασκευάζου
1445 5753 1507 5806 εἷς
1528 5751 1607 5820 τὸν
1627 5750 1788 5820 ἀγρόν.

506 5816 533 5858 b
563 5819 670 5867 Duo
695 5832 805 5864 mss.
835 5823 887 5863 el
913 5819 1060 5866 Snvil.
1090 5813 1138 5866 ili
1181 5828 1332 5875 marg.
1361 5813 1606 5875 πανταχοῦ
1634 5813 1832 5875 σποδὸς,
1852 5828 2032 5860 παντα-

442 5880 552 5945 χοῦ,
573 5891 625 5930 el
644 5879 713 5928 sic
743 5881 865 5942 legit
883 5879 1130 5930 Erasmus.
1155 5873 1437 5929 Aliioknncs
1459 5873 1612 5924 πάντα
1634 5873 1724 5924 bis.

1102 413 1159 468 S.
1199 412 1484 468 JOANNIS
1520 409 2004 468 Clllll’SOSTOlll
2048 409 2372 465 ARCIIIEP.
2409 407 2966 465 CONSTANTINOP.
3559 407 3641 458 986

2119 529 2220 584 της
2265 511 2559 584 θεραπείας
2584 513 2789 584 γυμνὸς
2835 515 2931 569 καὶ
2964 515 3126 586 μόνος
3151 512 3403 585 ἀπήγετο,
3429 517 3559 574 οὐδὲν
3592 520 3644 574 ὲκ

2116 597 2215 668 τῆς
2243 596 2508 668 τοσαύτης
2535 597 2797 669 εὐπορίας
2829 599 3156 669 ἀπενεγκεῖν
3196 599 3430 656 ἐντεῦθεν
3455 601 3645 678 δυνάμε-

2118 698 2227 746 νος,
2252 681 2365 736 ἀλλ’
2386 682 2484 753 ἐρη
2495 700 2614 754 μος,
2638 683 3079 754 άπροστάτευτος
3101 684 3338 754 ἀπήγετο
3354 700 3366 713 ·
3387 685 3542 752 οὐδεὶς
3561 692 3646 745 τῶν

2118 763 2597 836 θεραπευσάντων,
2627 766 2803 830 οὐδεὶς
2832 767 2941 821 τῶν
2985 766 3353 839 βοηθησόντων
3389 771 3549 841 παρῆν
3579 773 3646 838 ὲξ-

2067 895 2072 900 .
2118 847 2482 919 αιρησόμενος
2504 859 2527 887 ο
2556 849 2657 921 τῆς
2689 849 2963 914 κολάσεως
2996 849 3092 903 καὶ
3121 848 3221 920 τῆς
3243 850 3513 922 τιμωρίας,
3541 853 3649 907 ἀλλὰ

2120 931 2337 984 πάντων
2386 931 2609 986 ἐκείνων
2659 932 3065 997 ἀποσπασθεὶς,
3099 932 3257 1004 μόνον
3291 932 3650 1005 ἀπελαμϐάνετο

2118 1012 2218 1077 τὰς
2258 1013 2569 1087 ἀφορήτους
2618 1015 2910 1088 ὑπομένειν
2961 1015 3251 1088 τιμωρίας.
3283 1017 3474 1081 Ὄντως
3508 1018 3651 1074 Πᾶσα

2121 1097 2279 1166 σὰρξ
2318 1099 2400 1166 ὡς
2438 1102 2672 1170 χόρτος,
2705 1101 2806 1154 καὶ
2850 1099 3020 1156 πᾶσα
3058 1100 3209 1164 δόξα
3253 1100 3562 1171 ἀνθρώπου,
3587 1105 3650 1171 ὡς

2118 1182 2303 1251 ἄνθος
2351 1186 2591 1254 χόρτου.
2612 1185 2942 1254 Ἐξηράνθη
2975 1189 3008 1240 ό
3043 1183 3194 1258 [751]
3225 1187 3449 1256 χόρτος,
3481 1187 3567 1242 καὶ
3601 1188 3648 1242 τὸ

2117 1265 2302 1332 ἄνθος
2329 1267 2517 1323 αὐτοῦ
2543 1267 2799 1332 ἐξέπεσε
2823 1285 2838 1300 ’
2882 1268 2946 1322 τὸ
2989 1267 3058 1322 δὲ
3085 1267 3251 1339 ῥῆμα
3288 1272 3494 1338 Κιφίου
3515 1271 3652 1340 μένει

2117 1351 2206 1415 εις
2230 1349 2339 1404 τὸν
2364 1348 2831 1422 αἱῶναῘΗλθενρ
2869 1352 3117 1420 θάνατος,
3149 1353 3245 1407 καὶ
3279 1355 3447 1408 πάντα
3471 1353 3656 1408 ἔσϐεσεν

2119 1434 2302 1487 ἐκεῖνα
2318 1449 2332 1464 °
2376 1435 2472 1488 καὶ
2519 1435 2771 1506 καθάπερ
2797 1435 3146 1508 αἰχμάλωτον
3171 1435 3367 1502 λαϐὼν,
3393 1437 3547 1502 οὕτως
3569 1438 3653 1491 ἀπ-

2119 1517 2295 1586 ήγαγε
2329 1517 2480 1572 κάτω
2519 1518 2813 1584 κόπτοντα,
2850 1519 3117 1592 αἰσχύνης
3157 1513 3412 1594 γέμοντα,
3439 1522 3655 1594 ἀπαρρη-

2122 1601 2360 1668 σίαστον,
2396 1603 2691 1675 τρέμοντα,
2722 1603 2999 1658 δεδοικότα
3020 1604 3212 1678 ῶσπερ
3241 1608 3298 1661 ὲν
3323 1606 3533 1679 ὀνείροις
3549 1609 3658 1662 ἀπο-

2120 1683 2396 1740 λαύσαντα
2441 1686 2540 1757 τῆς
2577 1688 2788 1760 τρυφῆς
2823 1689 3040 1760 ἐκείνης
3085 1690 3334 1763 ἀπάσηςο
3375 1693 3464 1746 καὶ
3505 1691 3658 1744 λοιπὸν

2123 1771 2311 1841 ίκέτης
2341 1773 2369 1825 6
2397 1771 2654 1837 πλούσιος
2681 1773 2778 1828 τοῦ
2814 1774 3046 1845 πένητος
3077 1775 3308 1844 ἐγίνετο,
3331 1775 3419 1829 καὶ
3445 1774 3533 1846 τῆς
3563 1775 3660 1828 τού-

2123 1871 2213 1908 του
2249 1855 2530 1927 τραπέζης
2559 1856 2749 1922 ἐδεῖτο,
2789 1857 2884 1912 τοῦ
2914 1857 3279 1930 λιμώττοντός
3302 1878 3444 1928 ποτε,
3463 1860 3549 1914 καὶ
3570 1862 3660 1924 τοῖς

2123 1939 2356 2009 στόμασι
2388 1939 2498 1993 τῶν
2525 1941 2703 1994 κυνῶν
2737 1945 3103 2015 προκειμένου
3131 1961 3148 1978 ο
3195 1947 3292 2000 καὶ¹
3317 1943 3382 1998 τὰ
3407 1945 3662 2016 πράγματα

2126 2021 2504 2093 μετεϐάλλετο,
2535 2025 2628 2077 καὶ
2660 2025 2964 2096 ἐμάνθανον
2994 2027 3258 2094 ἀπαντες,
3289 2028 3370 2092 τίς
3392 2023 3454 2100 ἦν
3481 2028 3662 2082 όπλού-

2123 2124 2257 2170 σιος,
2282 2107 2375 2161 καὶ
2403 2107 2485 2170 τίς
2506 2103 2574 2180 ἦν
2602 2109 2632 2160 6
2656 2109 2845 2181 πένης,
2877 2110 2973 2164 καὶ
3001 2111 3083 2164 ὅτι
3107 2114 3135 2165 6
3165 2111 3270 2183 μὲν
3295 2112 3528 2183 Λάζαρος
3551 2111 3662 2164 πάν-

2121 2207 2228 2244 των
2271 2187 2338 2263 ἦν
2385 2191 2786 2265 εὐπορώτερος,
2829 2188 2986 2260 οὗτος
3015 2196 3071 2250 δὲ
3105 2199 3326 2251 πάντων
3365 2197 3660 2269 πενέστερος.

2122 2275 2388 2346 Καθάπερ
2436 2276 2546 2349 γάρ
2593 2278 2652 2329 έν
2685 2281 2882 2350 ,σκηνῇ
2937 2284 3262 2352 προσωπεῖα
3313 2281 3555 2352 βασιλέων
3593 2283 3666 2335 καὶ

2124 2361 2446 2432 στρατηγῶν
2476 2363 2568 2415 καὶ
2610 2362 2810 2434 ίατρῶν
2855 2364 2948 2418 καὶ
3000 2365 3251 2436 ρητόρων
3303 2367 3395 2420 καὶ
3439 2365 3664 2435 σοφιστῶν

2122 2447 2217 2500 καὶ
2251 2447 2601 2516 στρατιωτῶν
2642 2446 3016 2518 λαμϐάνοντες
3044 2450 3383 2521 εἰσέρχονται
3418 2468 3566 2515 τινες,
3592 2451 3665 2503 ού-

2119 2529 2208 2583 δὲν
2238 2529 2445 2583 τούτων
2475 2530 2628 2594 ὄντες
2654 2531 2809 2584 αὐτοί
2833 2548 2846 2562 ·
2876 2531 3020 2586 οὕτω
3045 2532 3112 2605 δὴ
3139 2536 3235 2588 καί
3267 2534 3359 2588 ἐπὶ
3387 2533 3476 2588 τοῦ
3503 2531 3666 2604 παρόν-

2121 2631 2212 2678 τος
2241 2613 2355 2684 βίου
2386 2614 2482 2668 καὶ
2508 2615 2670 2672 πενία
2700 2616 2794 2668 καὶ
2825 2615 3056 2680 πλοῦτος
3094 2621 3414 2689 προσωπεῖα
3443 2619 3584 2690 μόνον
3605 2617 3667 2669 εί-

2125 2698 2451 2769 σίν.”Ωσπερ
2474 2693 2569 2751 οὖν
2596 2700 2655 2752 ὲν
2677 2697 2754 2769 τῷ
2777 2699 2992 2770 θεάτρῳ
3013 2700 3347 2772 καθήμενος,
3368 2702 3433 2757 ἀν
3455 2702 3556 2774 ἴδῃς
3574 2698 3670 2753 τινὰ

2122 2781 2230 2836 τῶν
2272 2783 2426 2837 κάτω
2473 2781 2784 2847 παιζόντων
2829 2785 3174 2854 προσωπεῖον
3203 2785 3397 2857 ἔχοντα
3429 2784 3668 2856 βασιλέως,

2121 2866 2184 2919 ού
2237 2865 2564 2936 μακαρίζεις
2609 2866 2794 2932 αὐτὸν,
2822 2867 2945 2919 οὐδὲ
2991 2866 3218 2937 βασιλέα
3275 2866 3412 2926 εἶναι
3451 2868 3669 2939 νομίζεις»

2122 2949 2232 3003 οὐδ’
2253 2949 2320 3005 ἂν
2341 2949 2528 3017 εῦξαιο
2547 2950 2804 3020 γενέσθαι
2837 2949 3078 3016 τοιοῦτος
3098 2969 3112 2984 ο
3148 2953 3268 3007 ἀλλ’
3298 2954 3465 3019 εἰδὼς,
3491 2952 3667 3006 ὅτιτῶν

2123 3033 2403 3104 ἀγοραίων
2439 3034 2524 3099 τίς
2556 3037 2692 3101 ἐστι,
2729 3033 3145 3106 σχοινοστρόφος
3179 3037 3367 3109 τυχὸν,
3395 3033 3673 3108 ἢχαλκοτύ-

2125 3133 2246 3181 πος,
2269 3116 2304 3186 ἢ
2329 3115 2520 3188 ἔτερόν
2551 3135 2602 3170 τι
2625 3115 2890 3184 τοιοῦτον,
2916 3117 2978 3170 οὐ
3004 3119 3336 3191 μακαρίζεις
3365 3121 3449 3174 διά
3468 3120 3524 3172 τὺ
3546 3133 3674 3187 προσ-

2122 3203 2324 3254 ωπεῖον
2353 3202 2448 3254 καὶ
2474 3201 2574 3273 τὴν
2614 3200 2827 3272 στολὴν,
2856 3202 2968 3257 οὐδ’
3001 3202 3110 3258 ἀπὸ
3145 3205 3354 3258 τούτων
3391 3201 3542 3257 αὐτοῦ
3575 3199 3674 3272 κρί-

2123 3301 2238 3347 νεις
2260 3283 2359 3356 τὴν
2397 3283 2694 3348 πολιτείαν,
2725 3285 2862 3340 ἀλλά
2889 3286 3272 3352 καταπτύειςά
3305 3286 3466 3341 αὐτοῦ
3493 3285 3570 3339 διὰ
3598 3284 3676 3353 τὴν

2123 3366 2291 3437 ἀλλην
2324 3367 2632 3422 εὐτέλειανο
2676 3367 2822 3422 οὕτω
2863 3368 2929 3440 δὴ
2973 3370 3064 3424 καὶ
3091 3369 3350 3435 ἐνταῦθα,
3380 3369 3606 3438 καθάπερ
3632 3367 3676 3418 ἐν

2125 3449 2359 3522 θεάτρῳ,
2391 3450 2469 3522 τῷ
2494 3451 2684 3522 κόσμῳ
2713 3451 3024 3522 καθήμενος
3072 3451 3168 3506 καὶ
3215 3453 3316 3507 ἐπὶ
3363 3452 3554 3526 σκηνῆς
3575 3448 3678 3502 παί-

2125 3531 2319 3598 ζοντας
2349 3533 2584 3605 βλέπων,
2623 3535 2844 3590 ἐπειδὰν
2897 3535 3014 3609 ῐδῃς
3060 3535 3429 3598 πλουτοῦντας
3466 3533 3674 3595 πολλοὺς.

2128 3618 2204 3690 μὴ
2235 3618 2524 3683 πλουσίους
2573 3619 2792 3692 ἀληθῶς
2837 3614 2979 3673 εἶναι
3026 3619 3242 3691 νόμιζε,
3277 3618 3416 3674 άλλά
3450 3615 3673 3672 πλουσίωι

2126 3702 2474 3775 περικεῖσθαι
2517 3705 2856 3776 προσωπεῖα.
2896 3702 3165 3774 Καθάπερ
3199 3703 3315 3776 γὰρ
3340 3703 3536 3764 ἐκεῖνος
3559 3700 3584 3752 6
3609 3693 3682 3748 ἐπὶ

2125 3787 2225 3859 τῆς
2252 3787 2458 3859 σκηνῆς
2483 3786 2573 3841 τὸν
2609 3786 2834 3858 βασιλέα
2860 3786 3069 3842 καὶτὸν
3097 3786 3410 3860 στρατηγὸν
3439 3778 3682 3853 ὑποκρινό-

2129 3887 2311 3941 μενος,
2339 3869 2598 3934 πολλάκις
2623 3869 2840 3942 οίκέτης
2863 3869 2939 3924 ὢν
2967 3870 3249 3942 τυγχάνει,
3277 3870 3311 3942 ἢ
3335 3869 3442 3923 τῶν
3469 3867 3594 3928 σῦκα
3610 3861 3684 3915 καὶ

2127 3953 2325 4025 βότρυς
2359 3952 2685 4009 πωλούντων
2731 3956 2818 4008 ἐπ’
2849 3955 3088 4027 άγορᾶςο
3114 3952 3263 4008 οὕτω
3285 3955 3353 4026 δὴ
3393 3952 3486 4007 καὶ
3509 3943 3682 4010 οὗτκὸ

2128 4037 2381 4100 πλούσιος
2431 4037 2694 4102 πολλάκις
2733 4038 2952 4092 πάντων
2983 4037 3314 4108 πενέστερος
3338 4036 3414 4092 ὢν
3441 4033 3682 4104 τυγχάνει.

2129 4121 2227 4174 Ἂν
2259 4120 2369 4192 γὰρ
2399 4121 2656 4193 περιέλῃς
2685 4119 2850 4174 αὐτοῦ
2893 4120 2955 4174 τὸ
2985 4123 3354 4192 προσωπεῖον,
3383 4118 3555 4174 καὶτὸ
3587 4129 3685 4167 συν-

2127 4203 2266 4268 ειδὸς
2300 4205 2633 4276 ἀναπτύξῃς,
2668 4206 2764 4258 καὶ
2792 4206 2872 4268 είς
2897 4205 2996 4277 τὴν
3021 4204 3263 4260 διάνοιαν
3291 4203 3555 4277 εἰσέλθῃς,
3580 4197 3686 4252 πολ-

2126 4288 2224 4360 λὴν
2256 4287 2505 4360 εὑρήσεις
2535 4289 2736 4360 ἀρετῆς
2761 4289 2880 4341 ἐκεῖ
2911 4287 3123 4354 πενίαν,
3159 4287 3255 4341 καὶ¹
3283 4287 3501 4342 πάντων
3529 4279 3687 4350 ἀτιμό-

2126 4387 2284 4443 τερον
2320 4370 2450 4426 όντα
2479 4371 2590 4424 τῶν
2619 4369 3158 4444 ἀνθρώπων.Ὢσπερ
3183 4370 3297 4444 γάρ
3339 4369 3436 4424 ἐπὶ
3463 4369 3565 4422 τῶν
3590 4363 3688 4417 6εὰ-

2127 4472 2274 4528 τρων
2302 4455 2403 4526 τῆς
2435 4455 2676 4528 ἑσπέρας
2702 4454 3137 4527 καταλαϐούσης,
3169 4455 3268 4509 καὶ
3301 4454 3412 4509 τῶν
3450 4447 3688 4520 συγκαθηε

2131 4538 2308 4610 μένων
2337 4532 2832 4610 ἀναχωρησάντων,
2852 4538 3162 4604 ἐξελθόντες
3183 4538 3312 4605 ἔξω,
3338 4537 3435 4592 καὶ
3455 4535 3514 4590 τὸ
3535 4532 3690 4604 σχῆμα

2128 4625 2229 4694 τῆς
2275 4623 2618 4695 ὑποκρίσεως
2656 4635 2680 4662 θ
2710 4623 3060 4696 ἀποθέμενοι,
3088 4625 3136 4678 οἱ
3165 4623 3410 4696 βασιλεῖς
3439 4621 3531 4675 καὶ
3561 4631 3689 4686 στρα-

2129 4707 2290 4777 τηγοὶ
2323 4709 2494 4760 πᾶσιν
2539 4702 2680 4760 εἶναι
2713 4705 2997 4770 δοκοῦντες
3044 4707 3329 4776 φαίνονται
3363 4703 3546 4759 λοιπὺν
3579 4702 3690 4766 ὅπερ

2129 4791 2268 4844 εἰσίν
2289 4807 2302 4821 ·
2338 4791 2480 4844 οὕτω
2521 4789 2586 4862 δὴ
2615 4790 2710 4843 καὶ
2748 4789 2842 4864 νῦν
2884 4787 2979 4843 τοῦ
3009 4789 3241 4844 θανάτου
3272 4782 3691 4862 παραγενομένου

2133 4873 2339 4928 καὶτοῦ
2365 4874 2596 4946 θεάτρου
2625 4873 2900 4937 λυθέντος,
2930 4873 3000 4926 τὰ
3027 4873 3122 4927 τοῦ
3145 4872 3384 4928 πλούτου
3405 4865 3690 4942 προσωπεῖα

2132 4959 2229 5013 καὶ
2253 4958 2323 5012 τά
2345 4959 2446 5031 τῆς
2475 4957 2665 5022 πενίας
2690 4957 3019 5029 ἀποθέμενοι
3047 4957 3269 5022 πάντες,
3303 4955 3546 5027 ἀπῆλθον
3570 4949 3690 5004 ἐκεῖ·

2133 5042 2225 5097 καὶ
2251 5042 2361 5096 ἀπὸ
2388 5042 2500 5096 τῶν
2521 5042 2698 5112 ἔργων
2730 5041 2891 5113 μόνον
2913 5041 3227 5114 κρινόμενοι
3255 5040 3558 5111 φαίνονται,
3578 5034 3690 5092 τίνες

2136 5127 2236 5198 μὲν
2255 5126 2471 5200 ἀληθῶς
2497 5125 2765 5190 πλούσιοι,
2796 5126 2943 5192 τίνες
2970 5127 3029 5181 δὲ
3053 5126 3303 5200 πένητες,
3327 5125 3427 5179 καὶ
3453 5123 3590 5184 τίνες
3613 5117 3693 5188 μὲν

2134 5212 2366 5282 ἔντιμοι,
2397 5211 2542 5274 τίνες
2569 5209 2628 5263 δὲ
2661 5210 2856 5277 ἄδοξοι.

2203 5296 2264 5350 δ’.
2286 5294 2552 5358 Πολλάκις
2575 5293 2706 5362 γοῦν
2729 5293 2835 5348 τῶν
2856 5291 3093 5347 ἐνταῦθά
3116 5311 3203 5357 τις
3229 5289 3598 5345 πλουτούντων
3624 5283 3690 5335 εὖο

2136 5379 2267 5452 ρέθη
2308 5381 2523 5433 πάντων
2545 5379 2663 5431 ἐκεῖ
2687 5379 3015 5449 πενέστερος
3037 5377 3134 5442 ὢν,
3169 5375 3423 5446 καθάπερ
3455 5371 3544 5426 οὖν
3573 5365 3693 5422 καὶὸ

2135 5464 2386 5525 πλούσιος
2413 5458 2588 5526 οὗτος.
2607 5461 2825 5532 Ἐπειδὴ
2847 5460 2957 5530 γὰρ
2978 5462 3011 5532 ή
3035 5460 3244 5532 ἑσπέρα
3264 5455 3552 5520 κατέλαϐε,
3566 5463 3691 5505 τουτ-

2135 5548 2284 5602 έστιν
2329 5550 2358 5601 6
2403 5548 2650 5612 θάνατος,
2685 5547 2778 5600 καὶ
2810 5547 2875 5599 ὲκ
2909 5545 3006 5599 τοῦ
3035 5545 3263 5618 θεάτρου
3297 5543 3406 5613 τῆς
3447 5535 3692 5611 παρούσης

2185 5680 2220 5764 f
2249 5689 2347 5736 Alii
2368 5687 2741 5762 έξαιτησόμενος.
2771 5686 2925 5737 Paulo
2965 5691 3074 5751 post
3098 5698 3226 5739 unus
3244 5697 3333 5736 ms.
3361 5683 3502 5747 μόνος
3523 5675 3696 5734 {malm-

2135 5765 2308 5799 πανετο
2329 5765 2427 5804 τας.

2199 5811 2225 5852 ἀ
2257 5812 2292 5859 Α
2303 5812 2351 5860 lii
2376 5808 2627 5865 διαπτύεις.

2207 5881 2223 5900 ¹’
2253 5871 2350 5923 Alii
2376 5878 2457 5930 τῆς
2477 5873 2760 5928 ὑποθέσεως.
