3958 6358
265 277 376 335 985

261 400 510 446 mtomm
552 386 799 444 cumulus
837 392 1155 449 renovatur,
1206 390 1263 440 et
1308 383 1478 441 oculis
1531 382 1841 451 exhibetur,

265 489 607 548 mentemque
645 476 898 533 stimulat.
926 474 996 531 Et
1022 473 1467 546 quemadmodum
1496 473 1586 544 qui
1609 480 1856 528 tenentur

268 570 323 626 in
339 584 574 631 carcere,
591 582 803 638 semper
826 565 1039 637 quidem
1065 564 1257 634 dejecti
1284 572 1679 633 moerentesque
1705 568 1851 629 sunt,

273 663 509 718 maxime
530 670 708 716 tamen
732 660 831 715 sub
855 659 1001 714 illum
1029 656 1168 714 diem
1195 672 1301 728 quo
1319 664 1444 712 sunt
1475 653 1765 722 educendi,
1801 661 1856 709 et

266 756 337 809 ad
378 755 519 824 ipsas
554 753 752 824 judicis
794 750 936 807 fores
977 748 1351 820 pertrahendi,
1393 762 1458 803 ac
1480 761 1578 818 pro
1600 745 1853 803 cancellis

260 826 372 900 'furi
393 852 594 900 stantes
615 843 808 914 judicis
827 856 1013 897 vocem
1040 841 1183 895 intus
1208 840 1446 905 audiunt,
1479 838 1851 894 exanimantur

270 944 447 1002 metu,
488 934 761 1007 nihiloque
803 932 995 989 melius
1040 929 1378 997 afficiuntur,
1412 944 1570 1001 quam
1607 926 1802 983 mortui
1834 942 1849 981 :

266 1029 349 1083 sic
373 1035 426 1082 et
464 1027 640 1083 anima
666 1065 682 1091 ,
731 1023 966 1080 maxime
992 1022 1204 1094 quidem
1249 1022 1301 1075 in
1339 1023 1454 1091 ipso
1480 1018 1681 1091 peccati
1703 1026 1854 1087 _tem-

269 1136 403 1191 pore
444 1120 711 1176 cruciatur
742 1127 797 1173 et
835 1118 1043 1187 angitur
1064 1157 1080 1182 ,
1126 1115 1295 1171 multo
1327 1123 1500 1170 tamen
1541 1111 1707 1183 magis
1731 1124 1853 1166 cum

264 1198 401 1267 'lxinc
424 1212 605 1266 avulsa
633 1209 941 1266 abducenda
974 1216 1077 1264 est.

345 1306 400 1360 5.
426 1303 698 1360 Silentium
722 1299 1321 1369 mavultﬂltrysostomus
1350 1314 1501 1369 quam
1529 1296 1756 1366 plausus.
1788 1324 1856 1334 ——

271 1397 485 1466 Ergone
531 1395 755 1460 tacetis,
786 1392 910 1448 dum
949 1391 1176 1446 auditis?
1223 1390 1385 1445 Multo
1412 1388 1668 1459 majorem
1703 1388 1852 1444 vobis

262 1470 448 1543 habeo
488 1487 711 1557 gratiam
756 1500 857 1561 pro
894 1484 1105 1539 silentio
1130 1525 1145 1549 ,
1187 1498 1344 1553 quam
1388 1496 1486 1552 pro
1535 1479 1854 1551 plausibus:

272 1588 554 1650 propterea
578 1577 718 1649 quod
746 1577 960 1649 plausus
988 1576 1201 1647 quidem
1234 1589 1297 1631 ac
1325 1574 1506 1630 laudes
1546 1589 1632 1629 me
1660 1573 1859 1628 faciunt

270 1670 723 1741 splendidiorem,
751 1668 1017 1723 silentium
1048 1682 1177 1723 vero
1202 1666 1305 1722 hoc
1342 1682 1435 1721 vos
1474 1665 1647 1721 reddit
1673 1664 1856 1721 mode-

270 1765 489 1819 stiores.
535 1761 667 1817 Novi
707 1760 849 1831 quod
884 1750 1003 1815 haec
1029 1775 1148 1830 qua:
1176 1759 1425 1814 dicuntur
1456 1758 1680 1812 molesta
1713 1765 1853 1824 sunt,

271 1869 459 1909 verum
496 1852 717 1907 multum
762 1851 894 1907 lucri
928 1859 983 1906 et
1026 1849 1433 1905 inenarrabilem
1479 1847 1705 1904 fructum
1732 1847 1859 1903 affe-

273 1955 421 2002 runt.
481 1946 639 2000 Dives
689 1944 777 2000 ille
818 1943 861 1998 si
894 1958 1051 2013 quem
1101 1941 1413 2007 habuisset,
1461 1940 1549 2011 qui
1596 1939 1696 2010 ipsi
1735 1938 1858 1993 talia

272 2042 475 2093 monita
501 2036 737 2092 dedisset
757 2075 774 2102 ,
808 2050 870 2090 ac
900 2048 1002 2088 non
1032 2033 1206 2104 potius
1242 2031 1546 2087 adulatores
1585 2031 1762 2086 omnia
1789 2028 1856 2084 ad

270 2129 499 2198 gratiam
526 2127 865 2182 consulentes
883 2166 898 2190 ,
929 2134 1087 2195 atque
1105 2123 1169 2178 ad
1196 2122 1412 2178 delicias
1439 2121 1730 2187 trahentes,
1758 2135 1856 2175 ne-

272 2235 540 2290 quaquam
568 2219 804 2273 vcnisset
846 2216 911 2272 ad
955 2217 1097 2271 illam
1138 2216 1434 2286 gehennam
1463 2255 1477 2280 ,
1517 2229 1850 2285 nequaquam

271 2311 531 2380 supplicia
572 2325 757 2379 passus
795 2316 938 2364 esset
978 2307 1325 2362 intolerabilia
1350 2346 1364 2371 ,
1415 2320 1746 2376 nequaquam
1773 2304 1855 2358 in-

272 2402 671 2458 consolabiliter
707 2416 827 2456 eum
870 2408 1051 2468 postea
1098 2398 1456 2469 paenituisset.
1501 2397 1697 2452 Verum
1728 2410 1862 2466 quo-

274 2497 419 2551 niam
467 2508 654 2549 omncs
700 2492 765 2548 ad
819 2491 1039 2562 gratiam
1088 2488 1474 2559 loquebantur,
1532 2486 1863 2543 tradiderunt

275 2570 427 2639 illum
457 2583 724 2638 inccndio.
753 2581 965 2637 Utinam
989 2581 1175 2635 liceret
1204 2578 1319 2633 hinc
1344 2593 1553 2648 semper
1577 2586 1862 2647 perpetuo-

277 2690 386 2742 que
414 2660 803 2743 philosophari,
834 2686 897 2727 ac
922 2671 990 2728 de
1016 2669 1255 2742 gehenna
1284 2669 1447 2738 loqui.
1504 2667 1573 2722 In
1609 2668 1858 2734 omnibus,

277 2767 469 2836 inquit,
495 2765 643 2820 dictis
669 2754 766 2820 tuis
791 2772 1035 2821 memento
1058 2763 1325 2818 novissima
1342 2771 1450 2829 tua,
1476 2762 1597 2817 etin
1616 2770 1859 2816 aeternum

277 2876 382 2912 non
421 2857 646 2928 peccabis
667 2855 853 2928 (Eccli.
882 2856 936 2910 7.
1112 2855 1189 2909 Ac
1227 2868 1411 2908 rursus
1444 2870 1457 2906 :
1491 2851 1634 2906 Para
1661 2851 1729 2906 ad
1756 2851 1865 2905 exi-

272 2946 389 3004 “tnm
414 2965 566 3021 opera
590 2958 678 3003 tua
698 2989 713 3015 ,
753 2932 805 3003 et
842 2963 1039 3018 appara
1084 2955 1129 3000 te
1160 2946 1229 2999 ad
1264 2945 1396 2999 viam
1418 2943 1594 3014 (Prov.
1625 2943 1715 2999 24.
1743 2941 1860 3015 2'7).

278 3024 334 3099 Si
377 3026 500 3112 quid
542 3042 626 3096 cui
677 3041 936 3110 rapuisti,
989 3038 1188 3105 redde,
1235 3048 1290 3094 et
1334 3038 1498 3093 dicito
1532 3038 1682 3107 juxta
1724 3036 1859 3091 Zac-

276 3124 487 3187 chaeum
523 3149 536 3186 :
565 3122 645 3186 Do
667 3122 1009 3202 quadruplum
1029 3171 1044 3195 ,
1075 3118 1120 3186 si
1150 3130 1272 3201 quid
1302 3130 1450 3200 rapui
1484 3129 1637 3203 (Luc.
1667 3130 1753 3186 l9.
1783 3127 1861 3200 8).

277 3218 335 3278 Si
391 3212 548 3293 quem
598 3210 953 3278 calumniatus
995 3236 1091 3287 es,
1147 3223 1192 3276 si
1235 3221 1319 3277 cui
1360 3220 1530 3277 factus
1568 3235 1628 3276 es
1672 3220 1855 3276 inimi-

276 3330 416 3382 cus,
452 3315 830 3381 reconciliare,
867 3313 1169 3385 priusquam
1199 3313 1444 3368 veniatur
1483 3313 1549 3367 ad
1586 3311 1863 3382 judicium.

277 3407 473 3465 Omnia
503 3407 590 3462 hic
628 3405 861 3463 dissolve
884 3444 901 3473 ,
942 3416 1003 3461 ut
1030 3406 1161 3460 citra
1197 3405 1496 3462 molestiam
1523 3404 1652 3460 illud
1684 3403 1867 3459 videas

281 3499 536 3554 tribunal.

356 3589 657 3647 Ρωηὶιεηιὶα
675 3578 788 3646 sera
811 3599 927 3663 post
943 3598 1173 3645 mortem.
1194 3620 1262 3630 -
1279 3590 1455 3645 Donec
1476 3588 1561 3645 hic
1581 3588 1864 3655 fuerimus,

278 3682 408 3754 spes
429 3682 687 3740 habemus
713 3671 1035 3755 praeclaras:
1063 3682 1220 3738 simul
1262 3691 1423 3752 atque
1446 3696 1574 3738 vero
1601 3681 1866 3736 discesse-

280 3773 454 3833 rimus
481 3778 627 3844 illuc,
653 3792 763 3835 non
784 3785 868 3834 est
893 3785 1077 3847 postea
1103 3776 1158 3832 in
1189 3775 1345 3832 nobis
1373 3775 1534 3831 situm
1562 3774 1826 3846 paenitere
1847 3811 1866 3840 ,

281 3870 462 3938 neque
487 3866 771 3924 commissa
795 3866 1021 3944 diluere.
1053 3866 1388 3937 Quapropter
1412 3873 1623 3937 oportet
1650 3879 1750 3921 nos
1776 3877 1867 3918 as-

282 3954 439 4014 sidue
482 3958 766 4031 praeparari
804 3957 872 4013 ad
899 3942 1173 4029 egressum
1214 3957 1338 4012 hinc
1378 3955 1701 4012 faciendum.
1733 3942 1869 4023 Quid

281 4050 427 4105 enim
449 4049 493 4103 si
519 4048 743 4105 Domino
768 4048 940 4105 visum
963 4048 1121 4104 fuerit
1145 4047 1248 4104 hoc
1269 4056 1493 4118 vespere
1515 4061 1707 4102 vocare
1736 4046 1869 4101 nos?

281 4140 425 4208 Quid
452 4128 495 4194 si
515 4125 675 4196 cras?
700 4139 962 4195 Incertum
989 4140 1131 4195 enim
1156 4138 1282 4209 quid
1308 4132 1538 4193 futurum
1558 4138 1647 4203 sit,
1679 4147 1730 4192 ut
1755 4152 1870 4207 per-

285 4239 449 4301 petuo
477 4232 642 4286 simus
682 4229 733 4285 in
776 4229 1099 4297 certamine,
1129 4239 1183 4284 et
1221 4229 1288 4283 ad
1318 4228 1462 4283 illam
1489 4227 1871 4297 profectionem

285 4321 564 4388 instructi,
595 4319 1039 4392 quemadmodum
1064 4319 1150 4375 hic
1176 4318 1408 4374 Lazarus
1435 4332 1647 4389 semper
1672 4326 1786 4373 erat
1814 4318 1870 4373 in

294 4403 576 4469 tolerantia
606 4412 983 4482 patientiaque,
1014 4421 1336 4483 quapropter
1358 4397 1502 4466 tanto
1521 4425 1641 4466 cum
1669 4410 1873 4466 honore

285 4506 545 4561 deductus
569 4514 671 4561 est.
715 4504 954 4560 Mortuus
980 4511 1062 4558 est
1099 4511 1276 4558 autem
1307 4502 1493 4568 dives,
1537 4510 1591 4558 et
1634 4500 1873 4572 sepultus

287 4603 395 4661 est,
420 4595 665 4649 nimirum
692 4594 867 4649 anima
891 4593 1032 4649 illius
1062 4593 1380 4663 incorpore,
1404 4599 1651 4662 tanquam
1681 4592 1734 4647 in
1756 4606 1874 4645 mo-

286 4697 546 4744 numento
569 4686 798 4754 defossa,
837 4701 901 4741 ac
933 4685 1235 4757 sepulcrum
1260 4683 1666 4741 circumferente
1686 4699 1876 4753 nempe

284 4794 527 4835 carnem.
558 4778 674 4834 Non
704 4792 858 4833 secus
890 4777 1030 4832 enim
1075 4776 1163 4831 ille
1186 4817 1202 4844 ,
1250 4790 1406 4845 quam
1435 4774 1480 4830 si
1523 4785 1706 4830 catena
1743 4789 1875 4844 qna-

286 4864 433 4936 dam,
464 4869 772 4926 temnlentia
794 4910 810 4935 ,
856 4883 919 4924 ac
941 4869 1144 4925 ventris
1184 4866 1413 4939 ingluvie
1463 4867 1671 4922 vinctus
1701 4878 1873 4931 esset,

287 4958 371 5019 sic
399 4963 627 5018 otiosam
657 4960 796 5015 illam
826 4975 889 5016 ac
917 4967 1179 5016 mortuam
1208 4945 1534 5016 reddiderat.
1577 4958 1655 5014 Ne
1683 4960 1875 5015 leviter

288 5053 701 5125 praetercurras,
730 5050 960 5119 dilecte,
1002 5051 1166 5116 illud,
1208 5052 1434 5122 sepultus
1475 5060 1565 5106 est.
1613 5051 1710 5107 Hie
1749 5053 1876 5106 mihi

289 5143 573 5200 c‘misidera
598 5154 812 5198 mensas
840 5152 1058 5212 argento
1081 5141 1451 5198 circumteetas
1467 5182 1484 5210 ,
1511 5142 1696 5207 lectos,
1728 5151 1877 5214 tape-

292 5242 411 5296 tes,
448 5238 758 5287 ornamenta
779 5273 793 5297 ,
818 5242 937 5301 qua:
963 5237 1070 5286 tota
1102 5231 1155 5284 in
1183 5228 1342 5285 domo
1375 5237 1499 5285 sunt
1525 5232 1700 5285 omnia
1720 5272 1735 5295 ,
1776 5247 1877 5285 un-

288 5324 509 5395 guenta,
538 5330 797 5391 aromata,
822 5322 931 5378 vini
956 5322 1093 5379 meri
1120 5322 1349 5392 copiam,
1377 5321 1676 5378 eduliorum
1702 5323 1877 5378 varie-

291 5423 455 5482 tates,
482 5414 722 5470 ciborum
748 5413 966 5471 delicias
986 5453 1002 5482 ,
1031 5427 1249 5484 coquos,
1297 5412 1623 5481 adulatores,
1654 5415 1877 5485 stipato-

290 5523 407 5573 res,
435 5505 683 5572 famulos,
709 5521 773 5563 ac
795 5507 1051 5578 reliquam
1072 5507 1369 5562 universam
1392 5522 1659 5578 pompam,
1687 5510 1877 5578 strepi-

293 5610 516 5670 tumque
564 5598 918 5665 exstinctirm,
970 5599 1370 5670 marcidumque
1422 5601 1637 5654 factum.
1689 5602 1875 5657 Omnia

288 5689 453 5758 cinis,
481 5682 659 5747 omnia
686 5687 860 5746 favilla
887 5698 938 5747 ct
966 5690 1165 5763 pulvis.
1208 5690 1436 5747 lamenta
1476 5699 1529 5747 et
1552 5690 1754 5759 luctus,
1786 5710 1878 5750 nc-

1512 271 1598 326 DE
1635 268 1907 327 LAZARO
1944 268 2188 328 CONCIO
2229 271 2289 328 ll.

3430 284 3536 339 986

1962 384 2107 440 mine
2148 395 2520 454 succurreute,
2573 403 2747 460 neque
2791 391 2953 446 semel
2986 404 3256 462 egressam
3303 394 3538 455 animam

1958 486 2141 549 postea
2172 489 2490 535 revocante:
2531 489 2653 536 tunc
2689 480 3055 538 declarabatur
3076 484 3203 554 quid
3246 487 3410 555 possit
3435 501 3534 541 au-

1959 587 2108 638 rum,
2140 570 2265 642 quid
2293 573 2499 642 possint
2528 574 2759 643 copiosae
2790 574 3007 631 divitiae.
3039 575 3310 647 Siquidem
3337 593 3404 633 ex
3430 587 3536 633 tam

1958 660 2222 731 frequenti
2252 661 2511 717 famulitio
2532 663 2707 719 nudus
2732 664 2988 719 abductus
3016 676 3099 722 est
3126 675 3179 721 ct
3199 667 3345 722 solus
3363 709 3379 733 ,
3406 666 3548 723 nihil

1959 768 2027 808 ex
2056 746 2201 808 tanta
2223 752 2494 809 affluentia
2519 769 2697 809 secum
2724 754 2864 811 ferre
2889 757 3074 812 valens
3089 798 3102 824 ,
3136 759 3232 815 sed
3256 759 3499 815 desertus
3520 801 3536 825 ,

1956 842 2300 910 indefensus,
2334 859 2406 900 ac
2449 844 2758 915 neglectus:
2790 846 2967 902 nullus
2991 862 3210 915 eorum,
3254 850 3345 920 qui
3390 856 3539 919 prius

1959 949 2081 990 eum
2107 936 2355 991 colebant
2375 979 2388 999 .
2417 937 2506 1007 qui
2530 937 2937 1005 anxiliabantur,
2965 938 3178 1007 aderat,
3204 949 3484 1009 erepturus
3508 957 3537 995 a

1956 1042 2116 1097 paena
2142 1043 2206 1083 ac
2233 1028 2521 1099 supplicio,
2553 1029 2646 1085 sed
2672 1030 2741 1085 ab
2780 1031 2883 1085 illis
2907 1031 3150 1087 omnibus
3175 1032 3434 1099 divulsus,
3462 1049 3540 1089 so.

1960 1119 2044 1175 lus
2070 1120 2390 1190 interceptus
2410 1131 2512 1188 est,
2536 1131 2592 1177 ut
2614 1122 2697 1176 illa
2726 1138 2831 1179 non
2860 1122 3073 1180 ferenda
3103 1125 3360 1196 supplicia
3382 1127 3540 1182 susti-

1962 1222 2133 1268 neret.
2168 1212 2301 1269 Vere
2339 1213 2516 1268 Omnis
2549 1230 2667 1269 caro
2700 1219 2888 1286 {mnum
2916 1226 2963 1270 et
2996 1217 3156 1271 omnis
3191 1216 3354 1289 gloria
3380 1218 3579 1285 homin

1966 1303 2046 1358 nis
2070 1312 2325 1374 tamquam
2351 1306 2449 1374 ﬂos
2472 1306 2594 1374 {mni
2617 1321 2636 1360 :
2664 1308 2857 1361 exaruit
2882 1312 3085 1379 gra‘inen
3101 1350 3115 1374 ,
3142 1316 3187 1362 et
3208 1309 3306 1378 ﬂos
3332 1308 3538 1373 decidit,

1962 1395 2051 1450 sed
2073 1396 2274 1451 verbum
2310 1396 2519 1453 Domini
2544 1407 2710 1453 manet
2735 1399 2786 1453 in
2814 1409 3055 1455 (etet-num
3081 1398 3231 1471 (lsai.
3260 1399 3349 1455 40.
3378 1400 3430 1456 6.
3459 1383 3549 1473 8)..

1962 1487 2119 1543 Venit
2146 1503 2290 1545 mors
2318 1497 2372 1545 et
2396 1490 2649 1545 exstinxit
2672 1491 2759 1546 illa
2801 1491 3001 1547 omnia.
3043 1490 3153 1547 Nec
3187 1491 3342 1547 aliter
3384 1506 3542 1562 quam

1962 1580 2224 1651 captivum
2251 1591 2519 1651 arreptum
2549 1582 2695 1637 illum
2721 1582 2940 1638 abduxit
2963 1582 3210 1638 demissis
3230 1584 3421 1651 oculis,
3448 1598 3543 1653 pn-

1962 1670 2093 1726 dore
2122 1670 2359 1741 plenum,
2392 1687 2496 1727 non
2525 1672 2807 1728 audentem
2834 1672 3063 1740 hiscere,
3093 1680 3432 1739 trementem,
3457 1688 3545 1742 pa-

1963 1762 2164 1829 vidum,
2195 1763 2415 1831 perinde
2433 1765 2579 1834 quasi
2606 1765 2657 1819 in
2683 1766 2905 1822 somniis
2924 1766 3189 1822 universis
3211 1766 3314 1822 illis
3339 1766 3546 1823 deliciis

1964 1852 2151 1907 fruitns
2181 1853 2384 1909 fuisset.
2414 1854 2493 1910 Ac
2517 1864 2637 1925 post
2677 1854 2793 1910 haec
2837 1855 3061 1926 supplex
3087 1856 3238 1912 dives
3265 1855 3438 1913 factus
3464 1866 3546 1913 est

1966 1945 2201 2013 pauperi,
2231 1951 2392 2015 atque
2430 1960 2572 2001 nunc
2617 1945 2757 2000 illius
2798 1955 2920 2017 eget
2962 1961 3180 2013 mensa,
3226 1947 3319 2019 qui
3346 1948 3544 2004 dudum

1964 2035 2229 2091 esuriebat
2249 2077 2264 2103 ,
2294 2036 2436 2091 illius
2475 2037 2563 2108 qui
2593 2051 2785 2092 canum
2814 2040 3001 2093 rostris
3043 2038 3283 2110 obiectus
3317 2041 3545 2110 iacebat.

1962 2124 2071 2180 Res
2091 2134 2427 2181 commutatae
2448 2138 2592 2195 sunt,
2618 2129 2846 2183 universi
2867 2140 3231 2199 cognoverunt
3248 2138 3368 2187 uter
3390 2131 3550 2189 fuerit

1963 2218 2134 2286 dives,
2164 2227 2281 2274 nter
2306 2235 2525 2290 pauper,
2549 2219 2797 2290 quodque
2822 2220 3052 2276 Lazarus
3073 2218 3289 2293 quidem
3315 2223 3549 2278 omnium

1965 2309 2127 2368 fuerit
2168 2311 2636 2381 opulentissimus,
2665 2312 2757 2367 ille
2791 2314 2975 2368 contra
3001 2315 3239 2368 omnium
3269 2314 3549 2384 pauperri-

1965 2418 2103 2459 mus.
2135 2388 2593 2471 Qnemadmodum
2620 2404 2762 2459 enim
2790 2412 3000 2460 actores
3028 2405 3085 2460 in
3120 2414 3280 2462 scena
3299 2445 3315 2471 ,
3358 2420 3544 2477 regum

1965 2510 2030 2550 ac
2051 2496 2243 2550 ducum
2283 2509 2538 2564 personas
2558 2538 2573 2562 ,
2606 2495 2733 2550 item
2775 2496 3101 2553 medicorum
3129 2512 3195 2553 ac
3235 2497 3509 2553 rhetorum
3535 2541 3550 2562 ,

1965 2584 2360 2656 sophistarum,
2406 2601 2470 2642 ac
2519 2587 2745 2643 militum
2791 2598 3125 2645 assumentes
3165 2588 3550 2660 ingrediuntur,

1967 2691 2087 2732 cum
2118 2677 2216 2746 ipsi
2263 2676 2398 2732 nihil
2443 2677 2632 2734 borum
2675 2679 2819 2735 sint:
2847 2680 2925 2735 sic
2953 2694 3083 2734 sane
3107 2689 3163 2736 et
3207 2681 3260 2735 in
3302 2680 3553 2750 praesenti

1968 2766 2072 2821 vita
2100 2776 2382 2837 paupertas
2422 2782 2484 2824 ac
2506 2767 2706 2824 divitia:
2733 2770 2864 2824 nihil
2890 2770 3033 2825 aliud
3061 2779 3221 2838 sunt,
3248 2785 3407 2842 quam
3432 2786 3555 2842 per-

1971 2871 2174 2920 sonatae
2201 2864 2380 2919 larvas.
2409 2863 2557 2920 Sicut
2582 2864 2742 2935 igitur
2764 2864 2817 2920 in
2843 2863 3053 2921 theatro
3077 2865 3292 2932 sedens,
3322 2867 3369 2922 si
3396 2882 3554 2938 quem

1968 2953 2198 3020 videris,
2228 2968 2293 3009 ex
2324 2953 2388 3008 iis
2410 2954 2499 3024 qui
2542 2953 2763 3010 inferius
2793 2953 2999 3021 ludunt,
3030 2969 3312 3024 personam
3337 2966 3555 3029 gestan-

1971 3055 2077 3104 tem
2105 3048 2246 3117 regis
2267 3090 2283 3113 ,
2331 3062 2436 3102 non
2475 3046 2687 3117 judicas
2731 3063 2855 3103 eum
2884 3047 3129 3113 beatum,
3177 3060 3350 3118 neque
3376 3063 3559 3120 regem

1969 3152 2089 3193 esse
2116 3137 2289 3193 credis
2313 3179 2328 3204 ,
2357 3137 2467 3193 imo
2491 3152 2593 3193 nec
2621 3136 2734 3208 ipse
2756 3138 2957 3206 optaris
2985 3152 3104 3193 esse
3130 3137 3287 3193 talis:
3319 3138 3413 3193 sed
3435 3153 3555 3193 etun

1969 3228 2107 3284 scias
2130 3228 2270 3298 quod
2297 3228 2366 3282 sit
2392 3216 2655 3298 quispiam
2684 3236 2750 3284 ex
2778 3228 2841 3284 iis
2881 3230 2973 3300 qui
2999 3238 3278 3285 versantur
3305 3229 3358 3284 in
3404 3229 3558 3297 foro,

1971 3317 2174 3375 funium
2204 3318 2381 3391 opifex
2406 3327 2499 3376 aut
2516 3318 2671 3376 faber
2697 3321 2918 3376 terarius
2941 3362 2958 3387 ,
2985 3330 3077 3376 aut
3101 3321 3246 3378 aliud
3269 3322 3556 3394 quidquam

1973 3411 2078 3467 tale
2097 3453 2112 3476 ,
2142 3426 2247 3466 non
2271 3410 2481 3483 judicas
2509 3410 2656 3467 illum
2684 3411 2897 3468 beatum
2922 3412 2991 3467 ob
3014 3428 3297 3487 personam
3319 3455 3334 3480 ,
3377 3419 3470 3468 aut
3489 3414 3560 3469 ob

1971 3509 2209 3569 vestem,
2260 3517 2432 3572 neque
2460 3518 2526 3558 ex
2552 3502 2699 3559 hisce
2740 3501 2902 3558 rebus
2927 3503 3160 3558 aestimas
3189 3503 3331 3559 illius
3354 3503 3516 3564 vitam
3539 3544 3557 3570 ,

1973 3591 2068 3647 sed
2094 3591 2308 3663 despuis
2336 3593 2510 3663 potius
2534 3593 2681 3648 illum
2716 3593 2785 3648 ob
2809 3593 2967 3648 aliam
2995 3594 3251 3649 vilitatem
3277 3613 3291 3651 :
3322 3594 3401 3650 sic
3421 3609 3552 3650 sane

1973 3690 2029 3738 et
2049 3681 2135 3738 hic
2163 3683 2305 3739 velut
2325 3684 2379 3739 in
2408 3684 2641 3751 theatro,
2673 3683 2919 3740 videlicet
2942 3685 2996 3739 in
3028 3684 3227 3741 mundo
3252 3685 3469 3754 sedens,
3502 3695 3560 3741 et

1978 3774 2030 3828 in
2059 3788 2216 3829 scena
2244 3773 2487 3831 ludentes
2515 3784 2784 3845 spectans,
2816 3776 2908 3832 ubi
2932 3776 3131 3833 videris
3150 3778 3457 3850 complures
3477 3777 3562 3834 di-

1976 3865 2133 3932 vites,
2160 3880 2227 3920 ne
2248 3874 2400 3936 putes
2425 3881 2548 3922 vere
2571 3866 2763 3922 divites
2787 3881 2928 3934 esse,
2952 3867 3047 3923 sed
3070 3868 3294 3924 divitum
3320 3868 3563 3926 obtectos

1978 3955 2239 4024 personis.
2284 3953 2417 4010 Nam
2445 3955 2893 4026 quemadmodum
2936 3957 3046 4023 ille,
3077 3958 3167 4029 qui
3204 3958 3260 4013 in
3287 3973 3449 4015 scena
3474 3974 3564 4014 re-

1975 4061 2094 4116 gem
2120 4054 2212 4101 aut
2235 4046 2363 4102 belli
2387 4046 2578 4103 ducem
2603 4047 2732 4117 agit,
2762 4046 3071 4117 frequenter
3099 4058 3183 4103 est
3210 4048 3440 4103 famulus
3465 4064 3558 4104 eo-

1980 4152 2117 4200 rum,
2149 4137 2241 4207 qui
2281 4136 2414 4192 ﬁcus
2436 4146 2528 4191 aut
2554 4137 2737 4192 botros
2762 4138 3002 4193 vendunt
3029 4138 3080 4192 in
3108 4137 3261 4194 foro:
3295 4138 3480 4194 itidem
3507 4149 3563 4196 et

1981 4227 2065 4281 hic
2091 4227 2237 4281 dives
2266 4228 2455 4283 crebro
2486 4228 2769 4299 pauperior
2806 4237 2888 4283 est
2917 4229 3180 4284 omnibus.
3224 4229 3377 4296 Quod
3403 4231 3447 4285 si
3466 4225 3563 4286 de-

1981 4316 2202 4371 traxeris
2228 4318 2301 4371 illi
2329 4332 2630 4387 personam,
2660 4317 2705 4373 si
2732 4318 3112 4375 conscientiam
3141 4320 3377 4390 explices
3397 4331 3451 4376 et
3484 4322 3565 4377 in-

1978 4406 2235 4475 grediaris
2283 4407 2517 4461 animum
2540 4448 2553 4471 ,
2594 4409 2813 4463 multam
2851 4408 2957 4464 illic
2984 4408 3219 4465 offendes
3245 4412 3455 4467 virtutis
3481 4413 3566 4467 in-

1979 4497 2154 4567 opiam
2177 4540 2192 4563 ,
2237 4498 2653 4571 comperiesque'
2687 4501 2924 4555 omnium
2964 4502 3238 4558 hominum
3266 4505 3565 4574 abjectissi-

1982 4604 2146 4642 mnm.
2177 4589 2633 4655 Quemadmodum
2663 4592 2805 4647 enim
2834 4593 3066 4650 instante
3091 4608 3337 4665 vespera,
3364 4596 3566 4667 digres-

1981 4679 2162 4750 sisque
2183 4681 2269 4751 qui
2298 4681 2674 4748 consederant,
2709 4683 2795 4739 ubi
2827 4678 3027 4741 fuerint
3047 4701 3075 4739 e
3109 4684 3316 4740 theatro
3342 4687 3565 4756 egressi,

1984 4769 2329 4843 habitumque
2370 4771 2563 4827 fabulae
2586 4772 2929 4844 deposuerint
2959 4793 2973 4830 :
3018 4776 3108 4847 qui
3153 4778 3300 4847 prius
3324 4792 3477 4849 reges
3501 4794 3564 4833 ac

1985 4862 2146 4918 duces
2174 4879 2293 4918 esse
2317 4865 2650 4933 videbantur,
2682 4876 2803 4936 post
2821 4877 3081 4938 apparent
3104 4868 3206 4924 hoc
3229 4869 3369 4940 quod
3397 4881 3557 4925 sunt:

1985 4955 2055 5010 ita
2076 4972 2205 5012 sane
2225 4966 2278 5011 et
2298 4974 2455 5023 nunc,
2479 4969 2760 5029 postquam
2784 4976 2927 5015 mors
2946 4961 3012 5016 ad
3022 4962 3248 5030 venerit,
3274 4961 3566 5018 theatrum-

1985 5062 2089 5119 que
2110 5047 2387 5102 dimissum
2416 5048 2606 5115 fuerit,
2649 5064 2769 5104 cum
2797 5050 3103 5107 divitiarum
3134 5056 3565 5125 paupertatisque

1988 5154 2246 5208 personas
2275 5140 2639 5210 deposuerint,
2662 5155 2852 5198 omnes
2878 5142 3003 5198 illuc
3028 5145 3248 5213 profecti
3272 5187 3286 5208 ,
3315 5155 3473 5215 atque
3498 5162 3567 5203 ex

1985 5231 2383 5317 selisloperibus
2404 5233 2644 5303 judicati,
2668 5234 2941 5290 declarant
2960 5237 3051 5307 qui
3072 5252 3197 5293 vere
3222 5238 3331 5293 sint
3348 5238 3564 5306 divites,

1985 5324 2075 5394 qui
2109 5339 2233 5379 vere
2259 5340 2515 5394 pauperes
2544 5345 2557 5380 :
2590 5328 2677 5398 qui
2707 5328 2973 5396 honorati,
3005 5338 3059 5385 et
3080 5331 3168 5401 qui
3191 5331 3428 5390 obscuri.

2055 5418 2108 5472 6.
2143 5418 2319 5472 Divitis
2358 5430 2547 5485 quanta
2590 5420 2744 5488 fuerit
2799 5432 3094 5492 paupertas.
3125 5421 3398 5493 —ltaque
3453 5422 3561 5479 fre-

1986 5520 2212 5581 quenter
2255 5511 2344 5574 lit,
2386 5519 2443 5565 ut
2487 5512 2575 5580 qui
2628 5510 2715 5566 hic
2754 5512 2805 5566 in
2857 5512 3080 5568 divitum
3130 5530 3354 5570 numero
3390 5515 3571 5581 fuerit,

1989 5601 2094 5655 illic
2144 5601 2439 5671 reperiatur
2489 5602 3158 5674 omnium.pauperrintus,
3206 5603 3257 5659 id
3295 5607 3435 5675 quod
3477 5620 3567 5659 ac-

1987 5695 2113 5749 cidit
2136 5693 2256 5749 huic
2281 5692 2449 5747 diviti.
2481 5692 2611 5748 Nam
2639 5692 2959 5765 simulatque
2996 5695 3309 5753 incubuerat
3330 5713 3570 5767 νθδιωνίιη
