3958 6408
467 281 565 337 987

468 401 568 453 hoc
593 404 676 452 est
720 408 902 464 mors,
945 407 1097 464 teque
1146 390 1424 462 prmsentis
1450 388 1569 443 vitae
1601 387 1812 453 theatro
1856 399 2049 457 egreso

470 504 562 545 sus
606 494 692 548 est
712 525 730 551 ,
761 499 1151 556 personamque
1176 482 1463 552 deposuit,
1493 480 1640 534 visus
1675 487 1758 534 est
1800 477 1906 533 illic
1933 492 2053 533 om-

469 581 615 634 nium
655 592 775 647 esse
805 575 1171 646 pauperrimus
1190 589 1217 626 ιε
1248 571 1385 628 adeo
1432 583 1561 625 vero
1615 583 1845 640 pauper,
1879 576 1937 622 ut
1988 582 2056 621 ne

471 682 674 741 guttam
705 670 917 742 quidem
944 684 1096 740 aqua:
1146 667 1368 724 haberet
1413 665 1468 722 in
1505 680 1601 723 sua
1629 673 1891 735 potestate
1914 705 1931 730 ,
1959 663 2055 719 sed

473 783 572 836 pro
621 768 721 820 hac
764 773 1014 835 rogaret,
1056 776 1228 830 neque
1273 759 1415 832 quod
1492 759 1752 831 petebat,
1801 759 2055 829 consequi

475 859 725 930 potuerit.
753 857 892 925 Quid
917 857 1017 913 hac
1064 863 1373 926 paupertate
1398 853 1683 925 pauperius
1706 868 1828 908 esse
1851 852 2058 923 posset?

471 953 703 1008 Sublatis
713 952 853 1007 enim
867 950 1035 1005 oculis
1045 949 1256 1014 suis,ait
1266 948 1332 1003 ad
1344 947 1634 1004 Abraham:
1645 946 2058 1014 Pater,miserere

472 1046 588 1109 mei,
614 1053 660 1098 et
686 1043 825 1097 mitte
852 1042 1123 1106 Lazarum,
1147 1049 1201 1095 ut
1227 1041 1444 1112 intingat
1462 1056 1713 1096 summum
1731 1039 1878 1110 digiti
1901 1039 1983 1093 sui
2006 1038 2061 1092 in

471 1152 696 1206 aquam,
746 1145 795 1189 et
843 1134 1053 1188 instillet
1121 1133 1201 1188 ori
1249 1149 1359 1187 meo
1410 1131 1559 1205 (Luc.
1610 1131 1698 1187 l6.
1729 1132 1847 1203 24).
1897 1129 2061 1185 Vides

471 1235 669 1296 quanta
711 1240 798 1281 res
828 1225 898 1280 sit
946 1223 1208 1280 afﬂictio?
1235 1224 1369 1281 Cum
1399 1225 1677 1294 proximus
1720 1232 1867 1280 esset
1896 1222 2062 1278 Laza-

473 1332 562 1371 rus
582 1359 598 1386 ,
629 1317 937 1388 praeteribat
971 1336 984 1372 :
1012 1331 1157 1372 nunc
1184 1331 1306 1372 cum
1355 1316 1539 1386 procul
1581 1315 1753 1381 absit,
1803 1317 2013 1371 invocat
2043 1334 2056 1370 :

472 1423 630 1478 quem
682 1408 991 1479 frequenter
1017 1407 1320 1478 ingrediens
1363 1415 1417 1462 et
1452 1406 1732 1478 egrediens
1780 1421 1887 1461 non
1914 1405 2062 1461 vide-

474 1500 597 1567 hat,
629 1499 773 1555 hunc
822 1500 1005 1569 procul
1056 1507 1321 1554 semotum
1368 1496 1652 1570 diligenter
1691 1498 1899 1569 aspicit.
1954 1497 2063 1555 Sed

474 1605 633 1660 quam
681 1589 752 1645 ob
794 1604 1008 1644 causam
1059 1589 1209 1643 illum
1256 1589 1537 1644 intuetur?
1581 1588 1912 1660 Frequenter
1949 1587 2062 1645 for-

475 1693 617 1738 tasse
646 1682 852 1738 dixerat
879 1682 1028 1738 dives
1069 1682 1204 1748 iste,
1235 1697 1493 1754 quorsum
1532 1681 1662 1737 mihi
1698 1696 1834 1753 opus
1865 1682 2064 1753 pietate

472 1788 537 1827 ac
564 1773 804 1830 virtute?
828 1774 1026 1828 Cuncta
1058 1772 1188 1828 mihi
1214 1772 1359 1828 velut
1390 1787 1423 1827 e
1449 1772 1596 1827 fonte
1622 1771 1866 1840 affluunt,
1897 1774 2062 1827 multa

474 1864 624 1919 fruor
667 1864 1054 1934 prosperitate,
1116 1863 1302 1919 multis
1349 1863 1586 1933 opibus,
1640 1863 1777 1919 nihil
1824 1864 2065 1920 sustineo

476 1972 653 2011 rerum
682 1956 1075 2026 inopinatarum
1111 1974 1124 2009 :
1166 1970 1327 2026 quam
1357 1954 1428 2011 ob
1453 1969 1568 2010 rem
1620 1962 1867 2025 expetam
1895 1955 2064 2011 virtu-

476 2049 629 2104 tem?
656 2047 755 2104 Hic
800 2062 1003 2119 pauper
1025 2047 1114 2119 qui
1141 2047 1284 2117 juste
1329 2048 1522 2118 pieque
1562 2047 1735 2114 vivit,
1786 2048 2065 2103 innumera

476 2131 675 2211 patitur
720 2141 883 2197 mala.
935 2140 1061 2196 Haec
1099 2155 1240 2196 nunc
1292 2155 1505 2212 quoque
1552 2140 1702 2196 multi
1755 2140 2064 2212 frequenter

474 2235 679 2290 dicunt.
709 2234 781 2290 Ut
830 2234 990 2305 igitur
1011 2232 1270 2288 radicitus
1298 2231 1396 2288 bas
1422 2247 1612 2303 pravas
1646 2233 1930 2290 revelleret
1957 2236 2067 2304 opi-

474 2329 662 2382 niones
689 2366 706 2392 ,
738 2325 1070 2382 demonstrat
1120 2325 1235 2391 illi,
1286 2325 1426 2397 quod
1476 2326 1697 2383 malitia:
1735 2327 1966 2398 reposita
1995 2329 2067 2383 sit

476 2417 607 2475 ultio
635 2435 651 2474 :
678 2426 866 2474 contra
912 2416 1088 2474 honor
1127 2427 1182 2474 et
1208 2433 1406 2474 corona
1444 2418 1717 2476 laboribus
1743 2434 1843 2491 pro
1867 2422 2065 2491 pietate

471 2511 753 2580 susceptis.
790 2509 907 2566 Non
934 2519 1156 2581 propter
1180 2510 1283 2566 hoc
1310 2511 1485 2567 solum
1511 2521 1690 2567 autem
1719 2511 1852 2567 vidit
1890 2512 2062 2579 illum,

474 2604 567 2659 sed
610 2613 668 2659 ut
714 2618 835 2674 quae
863 2618 1053 2675 passus
1094 2604 1285 2661 fuisset
1304 2619 1526 2677 pauper,
1558 2605 1676 2661 hinc
1713 2620 1857 2661 nunc
1900 2615 1954 2662 et
1981 2606 2066 2660 di-

473 2712 567 2752 ves
592 2705 870 2766 pateretur
919 2696 1088 2751 multo
1138 2697 1374 2766 gravius.
1404 2696 1867 2765 Quemadmodum
1917 2697 2063 2753 enim

474 2789 548 2843 illi
596 2787 961 2843 molestiorem
1006 2786 1241 2843 reddidit
1287 2788 1618 2854 cruciatum,
1670 2788 1815 2859 quod
1858 2788 1911 2843 in
1967 2804 2065 2844 ve-

473 2880 670 2937 stibulo
693 2880 872 2936 divitis
890 2879 1117 2950 iaceret,
1136 2880 1278 2952 quod
1309 2880 1517 2937 videret
1542 2882 1713 2937 aliena
1739 2882 2019 2939 commoda
2045 2898 2059 2935 :

479 2973 557 3027 sic
586 2982 640 3028 et
679 2971 805 3028 huic
853 2973 1155 3044 graviorem
1191 2972 1422 3028 reddidit
1470 2974 1761 3031 cruciatum
1786 3014 1802 3041 ,
1837 2974 1979 3045 quod
2010 2974 2061 3030 in

473 3064 716 3135 gehenna
740 3065 943 3135 jaceret
964 3107 980 3132 ,
1011 3064 1151 3136 quod
1183 3064 1369 3120 Lazari
1408 3056 1614 3121 videret
1640 3067 1868 3122 delicias
1891 3108 1906 3135 ,
1955 3082 2063 3138 quo

477 3172 582 3213 non
630 3158 803 3213 solum
836 3165 1024 3212 natura
1057 3157 1441 3229 suppliciorum
1468 3199 1482 3221 ,
1511 3172 1698 3214 verum
1737 3159 1897 3214 etiam
1924 3174 2063 3214 com-

469 3249 745 3319 paratione
771 3247 993 3304 honoris
1018 3248 1156 3305 illius
1188 3249 1662 3307 intolerabiliorem
1692 3249 1916 3308 haberet
1936 3267 2060 3307 cru-

466 3343 684 3397 ciatum.
712 3341 781 3398 Et
801 3341 1249 3412 quemadmodum
1274 3342 1445 3397 Adam
1472 3355 1504 3397 e
1529 3342 1777 3412 paradiso
1804 3343 2058 3414 ejectum,

469 3453 498 3489 e
529 3434 746 3504 regione
775 3435 1009 3505 paradisi
1055 3433 1298 3490 habitare
1317 3434 1479 3505 jussit
1509 3434 1651 3489 Deus
1673 3477 1689 3501 ,
1717 3443 1777 3490 ut
1815 3436 2062 3491 assiduus

467 3536 787 3597 conspectus
822 3542 1091 3583 renovans
1114 3529 1415 3584 molestiam
1434 3571 1454 3597 ,
1480 3531 1806 3586 exactiorem
1829 3531 1902 3585 illi
1925 3546 2061 3600 pra:-

470 3622 617 3676 bcret
659 3634 875 3675 sensum
921 3620 1250 3691 expulsionis
1282 3637 1313 3677 e
1338 3621 1497 3676 bonis
1523 3640 1538 3676 :
1563 3622 1634 3676 ita
1677 3636 1807 3677 sane
1834 3622 2062 3679 ethunc

466 3728 498 3767 e
527 3712 745 3783 regione
795 3711 983 3768 Lazari
1009 3712 1304 3781 constituit,
1326 3728 1433 3785 quo
1457 3713 1666 3768 videret
1685 3713 1877 3784 quibus
1905 3714 2061 3771 bonis

467 3806 704 3876 seipsum
749 3804 1034 3875 privasset.
1069 3805 1188 3861 Misi
1230 3805 1361 3870 tibi,
1414 3805 1616 3875 inquit,
1694 3806 1748 3860 in
1797 3806 2061 3862 vestibulo

466 3899 724 3954 Lazarum
751 3912 1039 3968 pauperem
1062 3939 1079 3965 ,
1102 3904 1162 3952 ut
1185 3897 1280 3953 tibi
1305 3897 1371 3952 ad
1392 3896 1645 3951 virtutem
1666 3896 1856 3953 doctor
1880 3906 2053 3962 esset,

461 4007 527 4048 ac
553 3992 895 4064 benignitatis
911 3992 1131 4047 materia
1150 4006 1165 4044 :
1181 3990 1550 4061 contempsisti
1576 3990 1782 4046 lucrum
1805 4008 1817 4043 :
1843 3991 2057 4046 noluisti

460 4086 527 4139 ad
552 4084 695 4157 quod
718 4084 953 4154 oportuit
986 4082 1064 4137 uti
1090 4083 1276 4139 salutis
1305 4082 1592 4138 occasione
1619 4123 1633 4147 ,
1657 4089 1809 4138 utere
1832 4081 2057 4152 posthac

460 4178 552 4233 illo
592 4176 660 4232 ad
701 4175 921 4246 majoris
939 4175 1208 4231 cruciatus
1228 4174 1585 4245 suppliciique
1613 4172 1918 4229 materiam.
1960 4173 2046 4228 Ex

461 4271 543 4325 his
570 4269 873 4336 ,discimus,
898 4267 1041 4339 quod
1084 4281 1272 4325 omnes
1322 4268 1469 4339 quia
1518 4267 1675 4323 nobis
1716 4277 1842 4323 sunt
1867 4275 2059 4323 contu-

462 4362 637 4418 meliis
664 4371 720 4418 et
762 4362 972 4430 injuriis
1001 4359 1212 4425 affecti,
1260 4368 1387 4416 tunc
1411 4371 1536 4415 ante
1576 4359 1767 4417 faciem
1813 4367 2053 4416 nostram

460 4463 781 4509 statuentur.
809 4454 1143 4524 Quamquam
1190 4451 1278 4508 hic
1305 4450 1436 4507 nihil
1474 4466 1506 4507 a
1548 4451 1712 4507 divite
1734 4451 1941 4523 accepit
1968 4452 2054 4506 in-

463 4546 617 4616 juriae
641 4562 657 4599 :
680 4561 857 4615 neque
880 4544 1024 4600 enim
1049 4544 1194 4600 illius
1209 4544 1466 4614 pecunias
1479 4551 1764 4613 usurparat
1782 4542 2055 4610 dives,sed

462 4652 588 4693 suas
614 4652 719 4693 non
750 4638 1102 4708 impartierat.
1136 4635 1290 4704 Quod
1327 4636 1374 4692 si
1398 4635 1442 4691 is
1470 4636 1561 4706 qui
1604 4649 1701 4690 sua
1730 4650 1835 4690 non
1858 4635 2057 4706 impar-

458 4732 561 4796 tiit,
615 4739 982 4787 accusatorem
1010 4729 1172 4785 habet
1197 4744 1321 4785 eum
1346 4770 1363 4795 ,
1389 4727 1475 4785 cui
1503 4727 1717 4797 negavit
1744 4726 2053 4782 misericor-

462 4822 647 4877 diam:
680 4822 772 4893 qui
824 4820 999 4877 aliena
1051 4834 1265 4891 quoque
1319 4819 1592 4890 rapuerit,
1645 4832 1805 4889 quam
1839 4817 2049 4871 veniam

457 4921 847 4985 consequetur,
902 4911 1138 4983 undique
1176 4910 1349 4982 ipsum
1399 4906 1872 4965 circumstantibus
1916 4922 2052 4979 quos

459 5007 641 5063 affecit
668 5006 861 5091 injuria
883 5006 907 5060 ?
928 5004 1043 5061 Non
1072 5004 1216 5060 enim
1247 5004 1356 5058 illic
1383 5017 1519 5073 opus
1542 5000 1646 5057 erit
1672 5002 1927 5069 testibus,
1955 5017 2052 5057 ne-

453 5117 562 5171 que
596 5099 1034 5166 accusatoribus,
1085 5110 1262 5169 neque
1305 5092 1708 5165 probationibus
1731 5133 1747 5158 ,
1774 5108 1945 5163 neque
1972 5094 2047 5148 si-

450 5196 593 5265 gnis,
620 5208 806 5250 verum
837 5191 968 5263 ipsa:
998 5204 1095 5260 per
1124 5203 1183 5244 se
1222 5202 1315 5244 res
1343 5185 1474 5242 tales
1491 5225 1508 5252 ,
1538 5183 1725 5256 quales
1748 5198 1844 5240 eas
1872 5183 2043 5256 gessi-

457 5302 599 5352 mus,
630 5294 755 5340 ante
784 5285 972 5340 oculos
1003 5290 1220 5337 nostros
1247 5277 1629 5355 apparebunta

516 5377 724 5449 Rapina
751 5384 826 5432 est
848 5390 951 5430 non
978 5372 1351 5427 communicare
1379 5369 1683 5441 pauperibus
1711 5368 2048 5425 sum—Ecce

454 5472 621 5537 enim,
649 5469 854 5538 inquit,
885 5466 1047 5521 homo
1073 5473 1128 5519 et
1154 5477 1319 5534 opera
1357 5461 1513 5532 ejus:
1544 5458 1809 5531 siquidem
1849 5468 1906 5515 et
1943 5458 2048 5514 hoc

452 5554 642 5629 ‘rapina
668 5567 787 5625 est,
832 5573 939 5613 non
988 5555 1250 5625 impartiri
1286 5553 1356 5609 de
1409 5551 1511 5608 tuis
1558 5550 1918 5608 facultatibus.
1969 5552 2048 5606 Ac

447 5652 699 5705 fortassis
724 5641 877 5708 vobis
906 5651 1100 5707 mirum
1129 5647 1344 5703 videtur
1367 5660 1487 5702 esse
1512 5644 1654 5716 quod
1682 5644 1824 5710 dico,
1855 5658 2043 5699 verum

448 5757 519 5799 ne
554 5742 820 5801 miremini
846 5762 858 5800 :
884 5740 1248 5802 testimonium
1274 5739 1419 5797 enim
1449 5737 1602 5796 vobis
1628 5752 1660 5796 e
1682 5737 1877 5796 divinis
1903 5735 2043 5795 Scri-

1141 271 1197 328 S.
1238 268 1516 327 JOANNIS
1549 263 2016 324 CIIRYSOSTOMI
2060 262 2369 323 ARCHIEP.
2411 264 2942 323 CONSTANTINOP.
3623 273 3709 330 988

2161 386 2330 456 pturis
2382 386 2686 458 proferam,
2730 388 2949 454 dicens,
2980 390 3125 462 quod
3172 404 3283 447 non
3335 391 3506 449 solum
3552 408 3714 467 rapere

2160 477 2331 532 aliena
2359 519 2375 545 ,
2403 493 2587 535 verum
2615 480 2775 535 etiam
2819 489 2907 536 tua
2948 496 3058 537 non
3106 482 3389 554 impartire
3414 487 3612 541 creteris
3632 529 3645 551 ,
3668 496 3714 544 et

2160 568 2346 638 rapina
2374 570 2475 637 sit,
2507 581 2559 626 et
2585 570 2846 628 fraudatio
2868 613 2885 639 ,
2915 581 2972 628 et
3005 574 3275 644 spoliatio.
3319 575 3587 642 Quodnam
3605 579 3713 636 illud

2159 670 2243 716 est
2266 660 2291 714 ν
2320 660 2580 718 Dominus
2602 663 2816 721 Judreos
2841 680 3096 722 accusans
3126 683 3221 738 per
3247 670 3554 741 prophetam
3576 672 3713 731 dixit:

2160 749 2416 808 Producit
2443 763 2577 809 terra
2597 767 2889 827 prouentum
2910 776 3080 825 suum,
3094 769 3141 814 et
3154 778 3257 816 non
3274 763 3487 818 intulisti
3506 766 3713 833 decimas,

2160 844 2251 897 sed
2276 845 2460 916 rapina
2487 848 2723 918 pauperis
2742 845 2827 903 est
2841 851 2894 904 in
2914 850 3146 906 domibus
3170 855 3353 909 vestris
3382 854 3531 923 (Mal.
3554 859 3715 931 5.10).

2161 936 2445 1005 Quoniam,
2486 940 2674 1011 inquit,
2707 941 3004 999 oblationes
3032 945 3213 1001 solitas
3248 963 3358 1002 non
3387 948 3594 1006 dedistis
3613 992 3628 1016 ,
3651 969 3718 1008 ra-

2164 1031 2353 1101 puistis
2391 1047 2451 1087 ea
2478 1048 2606 1104 qua:
2651 1043 2776 1089 sunt
2818 1037 3082 1107 pauperis.
3106 1037 3220 1094 Hoc
3260 1048 3440 1096 autem
3478 1041 3614 1108 dicit,
3639 1044 3719 1100 de-

2164 1122 2377 1177 clarans
2418 1122 2712 1191 divitibus,
2761 1127 2904 1197 quod
2948 1142 3036 1184 res
3073 1144 3365 1200 pauperum
3414 1134 3717 1203 possideant,

2165 1216 2374 1272 etiamsi
2412 1226 2629 1288 paterna
2660 1218 2957 1278 hereditate
2984 1222 3324 1293 obvenerint,
3353 1227 3553 1283 etiamsi
3581 1229 3720 1285 unde-

2166 1321 2395 1378 cumque
2445 1309 2660 1368 aliunde
2723 1313 3037 1386 collegerint
3085 1317 3363 1387 pecunias.
3416 1319 3493 1374 Ac
3545 1336 3720 1377 rursum

2167 1398 2295 1453 alibi
2324 1399 2455 1455 dicit
2486 1420 2502 1455 :
2532 1401 2615 1457 Ne
2653 1403 2843 1474 spolies
2884 1407 3037 1461 vitam
3067 1409 3308 1478 pauperis
3360 1409 3540 1480 (Ecdi.
3565 1411 3597 1465 4
3642 1411 3719 1484 l):

2168 1492 2257 1561 qui
2289 1508 2419 1549 vero
2458 1496 2697 1565 spoliat,
2737 1497 2911 1554 aliena
2963 1499 3119 1556 tollit.
3157 1500 3294 1556 Nam
3340 1503 3576 1575 spoliatio
3600 1519 3722 1576 qum-

2168 1582 2290 1638 dam
2321 1584 2514 1640 dicitur
2532 1628 2548 1654 ,
2590 1603 2712 1643 cum
2739 1590 2911 1646 aliena
2938 1584 3154 1663 accepta
3181 1595 3504 1651 detinemus.
3534 1597 3724 1668 Propter

2171 1677 2273 1732 hoc
2322 1679 2482 1748 igitur
2538 1681 2845 1751 discamus,
2912 1685 3055 1755 quod
3107 1688 3322 1755 quoties
3372 1689 3721 1762 eleemosynam

2170 1783 2276 1823 non
2328 1772 2754 1842 praestiterimus,
2780 1776 2893 1845 pari
2923 1817 2940 1845 ,
2989 1793 3111 1833 cum
3142 1779 3208 1835 iis
3236 1780 3330 1852 qui
3357 1781 3598 1851 spoliant,
3621 1798 3722 1853 sup-

2171 1862 2331 1931 plicio
2375 1862 2692 1921 afficiemur.
2720 1866 2929 1924 lleriles
2964 1870 3110 1926 enim
3159 1873 3407 1943 pecunia:
3451 1882 3571 1929 sunt
3594 1874 3723 1930 unde-

2171 1971 2400 2028 cumque
2426 1973 2520 2015 eas
2547 1960 2911 2031 colligerimus
2940 1979 2955 2016 :
2985 1978 3122 2034 quos
3148 1965 3191 2019 si
3220 1965 3275 2020 in
3304 1980 3502 2037 egenos
3518 1981 3602 2021 eas
3626 1982 3721 2022 ero-

2168 2050 2472 2118 gaverimus
2496 2090 2512 2117 ,
2567 2051 2754 2106 multa:
2800 2052 2955 2109 nobis
2993 2068 3125 2125 Opes
3177 2071 3244 2111 ac
3273 2056 3546 2113 facultates
3594 2058 3723 2114 obve-

2172 2140 2341 2195 nient.
2373 2140 2602 2212 Ideoque
2645 2142 2740 2199 tibi
2771 2143 2922 2214 plura
2971 2144 3254 2217 possidere
3296 2150 3556 2205 concessit
3593 2151 3722 2214 Deus,

2173 2247 2279 2287 non
2326 2241 2384 2288 ut
2418 2234 2471 2288 in
2515 2236 2897 2303 scortationes,
2927 2240 3295 2295 tcmuleutiam
3322 2283 3336 2307 ,
3361 2242 3659 2312 ingluviem,
3684 2243 3722 2298 iu

2170 2335 2349 2382 vestes
2383 2335 2724 2397 sumptuosas
2742 2371 2757 2395 ,
2785 2330 3053 2402 aliamque
3080 2332 3362 2389 mollitiem
3402 2350 3721 2399 consumeres,

2173 2416 2267 2473 sed
2319 2425 2377 2473 ut
2443 2433 2509 2474 ea
2551 2418 2898 2477 distribueres
2952 2423 3256 2494 egentibus.
3313 2425 3721 2494 Quemadmodum

2169 2510 2312 2565 enim
2363 2520 2582 2567 exactor
2607 2513 2870 2583 quispiam
2915 2514 3005 2584 qui
3033 2514 3207 2585 regias
3245 2518 3498 2587 pecunias
3535 2518 3719 2587 accepit.

2170 2602 2213 2656 si
2243 2602 2545 2673 neglexerit
2572 2605 2657 2669 iis,
2704 2606 2900 2676 quibus
2925 2606 3107 2677 jussus
3135 2617 3259 2677 est,
3290 2608 3630 2676 distribuere,
3657 2611 3720 2664 in-

2168 2709 2273 2769 que
2330 2695 2576 2765 pr0prias
2626 2697 3023 2769 consumpserit
3071 2698 3335 2769 delicias,
3382 2703 3547 2772 poenis
3596 2710 3719 2770 atque

2168 2785 2336 2841 exitio
2384 2785 2613 2841 traditur
2641 2804 2656 2841 :
2688 2788 2761 2842 ita
2801 2803 2930 2844 sane
2955 2797 3010 2846 et
3047 2789 3194 2846 dives
3223 2802 3471 2862 receptor
3504 2792 3719 2864 quispiam

2168 2886 2253 2932 est
2281 2877 2629 2948 pecuniarum
2655 2920 2671 2946 ,
2697 2894 2817 2950 qua:
2842 2882 3164 2952 pauperibus
3190 2883 3438 2940 distribui
3480 2885 3717 2941 debebant.

2170 2967 2354 3040 Itaque
2399 2984 2518 3024 cum
2549 2970 2600 3024 in
2633 2971 2896 3028 mandatis
2922 2972 3148 3041 habeat,
3191 2990 3289 3032 eas
3318 2976 3615 3032 distribuere
3636 2976 3720 3031 suis

2167 3061 2441 3117 conservis
2465 3062 2742 3132 egentibus
2759 3103 2776 3128 ,
2833 3065 2877 3119 si
2903 3065 3031 3137 quid
3055 3067 3290 3138 amplius
3311 3110 3325 3135 ,
3357 3084 3509 3140 quam
3534 3068 3721 3139 postulet

2166 3155 2461 3211 necessitas
2481 3196 2496 3222 ,
2531 3155 2585 3210 in
2615 3156 2853 3227 seipsum
2881 3159 3226 3230 insumpserit
3248 3203 3266 3227 ,
3295 3163 3617 3233 gravissimas
3638 3160 3721 3216 illic

2164 3243 2387 3300 daturus
2414 3253 2499 3300 est
2523 3260 2731 3317 poenas.
2753 3248 2870 3303 Non
2896 3250 3040 3306 enim
3066 3260 3213 3307 sunt.
3239 3252 3414 3325 ipsius
3438 3270 3550 3326 quae
3583 3252 3717 3325 possi-

2165 3333 2298 3403 det,
2348 3337 2444 3392 sed
2472 3353 2855 3395 conservorum
2880 3341 3042 3397 illius.

2238 3429 2295 3486 5.
2315 3427 2521 3485 Divitiae
2549 3441 2656 3485 tum
2680 3432 2882 3487 demum
2907 3444 3096 3491 nostra:
3116 3436 3245 3504 ﬁunt
3274 3454 3391 3492 cum
3417 3438 3591 3492 dantur
3613 3452 3715 3507 pau-

2168 3520 2468 3596 peribus.—-
2485 3522 2778 3579 Parcamus
2827 3526 2987 3597 igitur
3025 3528 3089 3582 iis
3121 3537 3396 3600 tamquam
3424 3531 3631 3594 alienis,
3673 3536 3716 3582 ut

2167 3612 2298 3669 ﬁant
2327 3623 2533 3670 nostra.
2575 3615 2857 3684 Quomodo
2903 3629 3081 3675 autem
3130 3622 3237 3678 illis
3280 3638 3554 3694 parcemus
3600 3633 3709 3678 tam-

2166 3719 2328 3776 quam
2366 3707 2590 3762 alienis?
2620 3707 2676 3764 Si
2709 3709 2827 3764 illas
2878 3726 2985 3766 non
3029 3713 3082 3767 in
3122 3728 3251 3769 usus
3292 3729 3626 3786 supervacuos
3650 3714 3714 3767 in—

2166 3798 2555 3870 sumpserimus
2575 3843 2590 3869 ,
2627 3817 2801 3877 neque
2840 3802 2976 3860 adeo
3006 3804 3058 3860 in
3090 3815 3309 3864 nostros
3345 3818 3536 3865 tantum
3570 3822 3675 3862 usus
3696 3846 3710 3873 ,

2164 3893 2259 3949 sed
2300 3907 2594 3964 pauperum
2622 3896 2868 3952 manibus
2897 3896 3371 3968 impartiverimus.
3400 3900 3603 3957 Etiamsi
3626 3899 3712 3953 fue-

2163 3985 2240 4040 ris
2268 3985 2584 4055 opulentus,
2619 3986 2714 4042 sed
2739 3986 2860 4058 plus
2899 4004 3060 4060 quam
3089 4006 3223 4061 opus
3268 4001 3355 4048 est
3386 3988 3708 4062 insumpseris.

2163 4077 2427 4133 rationem
2484 4077 2678 4135 reddes
2726 4081 3074 4151 pecuniarum
3122 4083 3216 4138 tibi
3253 4084 3585 4141 creditarum.
3623 4080 3710 4137 Hoc

2164 4168 2307 4225 idem
2365 4169 2424 4225 tit
2471 4169 2526 4225 in
2553 4171 2871 4241 optimatum
2899 4172 3124 4229 aedibus.
3164 4174 3315 4230 Multi
3343 4192 3466 4232 suas
3513 4176 3707 4245 ipsorum

2162 4261 2454 4333 apothecas
2469 4261 2683 4319 famulis
2697 4264 2814 4337 suis
2830 4265 3232 4335 commiserunt,
3254 4283 3440 4323 verum
3464 4268 3531 4323 illi
3553 4265 3707 4336 quibus

2160 4354 2467 4411 commissae.
2524 4365 2682 4424 sunt,
2731 4366 2949 4413 servant
3015 4374 3135 4429 quae
3181 4361 3375 4418 tradita
3419 4370 3566 4427 sunt,
3629 4372 3706 4414 nec

2160 4447 2454 4503 abutuntur
2474 4444 2800 4506 .commissis
2820 4467 2841 4504 γε
2865 4465 3053 4506 verum
3096 4453 3289 4524 quibus
3323 4465 3378 4510 et
3406 4455 3489 4511 ubi
3524 4452 3705 4524 jusserit

2160 4539 2441 4606 dominus,
2487 4539 2838 4597 distribuunt.
2865 4541 2982 4599 Hoc
3005 4553 3060 4598 tu
3089 4560 3301 4616 quoque
3330 4547 3503 4603 facito.
3533 4543 3702 4601 Etenim

2159 4629 2413 4700 accepisti
2456 4630 2612 4701 plura
2641 4633 2853 4689 ueteris
2874 4675 2889 4700 ,
2938 4649 3046 4690 non
3080 4644 3139 4689 ut
3177 4651 3241 4692 ea
3270 4639 3415 4694 solus
3439 4647 3701 4697 consumas,

2158 4723 2252 4779 sed
2283 4734 2342 4778 ut
2387 4738 2575 4780 eorum
2618 4727 2829 4783 caeteris
2868 4726 3041 4784 bonus
3086 4728 3182 4784 fias
3208 4730 3555 4800 dispensator.

2227 4815 2456 4874 Lazarus
2483 4835 2639 4890 quare
2680 4820 2735 4874 in
2768 4822 2886 4876 sinu
2926 4821 3163 4878 Abrahaz.
3192 4852 3266 4864 —~
3287 4824 3473 4895 Opcrre
3512 4820 3699 4893 pretium

2155 4920 2333 4967 autem
2366 4913 2521 4968 fuerit
2555 4921 2611 4969 et
2647 4912 2779 4969 illud
2808 4914 3178 4982 considerare,
3208 4933 3365 4988 quam
3408 4915 3617 4972 tamdem
3647 4910 3701 4965 ob

2155 5019 2370 5060 causam
2396 5019 2501 5060 non
2532 5003 2672 5076 apud
2695 5005 2857 5060 alium
2882 5005 3085 5076 justum
3116 5006 3392 5074 Lazarum,
3422 5006 3510 5064 sed
3535 5005 3581 5060 in
3605 5001 3698 5057 sinu

2154 5096 2348 5153 viderit
2389 5096 2638 5152 Abrahae.
2670 5095 2962 5166 Hospitalis
2989 5108 3104 5154 erat
3138 5098 3440 5162 Abraha‘m;
3479 5105 3534 5152 ut
3573 5093 3700 5162 igitur

2154 5189 2503 5260 redarguatur
2525 5187 2703 5243 divitis
2729 5187 3151 5259 inhospitalitas,
3181 5199 3455 5261 propterea
3481 5187 3694 5243 Lazarum

2152 5296 2275 5337 cum
2304 5281 2395 5335 illo
2419 5279 2583 5336 videt.
2620 5279 2714 5335 Ille
2751 5279 2911 5334 etiam
2943 5288 3326 5350 praetereuntes
3352 5279 3631 5339 venabatur,
3653 5276 3698 5323 et

2152 5370 2207 5426 in
2245 5370 2460 5426 domum
2509 5369 2853 5440 pertrahebat
2893 5385 3045 5426 suam
3079 5389 3092 5425 :
3127 5373 3212 5428 hic
3253 5389 3377 5429 vero
3404 5373 3548 5427 etiam
3584 5366 3693 5421 intra

2151 5461 2367 5516 domum
2394 5460 2662 5531 jacentem
2689 5460 2963 5531 despexit,
2992 5477 3221 5534 cumque
3251 5464 3402 5519 talem
3429 5462 3691 5517 thesaurum

2152 5550 2392 5618 haberet,
2416 5559 2469 5606 et
2490 5552 2674 5607 salutis
2695 5552 2943 5622 parandzc
2971 5555 3267 5622 materiam,
3296 5552 3575 5625 prmteribal
3595 5557 3690 5614 quo‘

2154 5642 2281 5698 tidie
2299 5685 2314 5709 ,
2347 5658 2446 5697 nec
2472 5642 2523 5697 iu
2556 5644 2697 5712 quod
2723 5644 3005 5712 oportebat
3028 5661 3156 5701 usus
3181 5657 3264 5702 est
3291 5644 3521 5718 pauperis
3544 5647 3690 5709 patro-

2154 5734 2313 5792 cinio.
2358 5735 2441 5789 At
2467 5748 2574 5789 non
2608 5734 2677 5790 ita
2717 5734 3014 5805 patriarcha
3035 5776 3052 5807 ,
3080 5738 3172 5795 sed
3200 5738 3373 5795 omnia
3397 5744 3578 5793 contra.
3607 5718 3688 5775 ["0
