3958 6358
202 335 297 395 987

202 448 336 517 ζωῆς
359 442 571 515 ἐξῆλθε,
601 441 694 495 καὶ
713 440 774 494 τὸ
798 440 1139 512 προσωπεῖον
1171 434 1423 491 ἀπέθετο.
1453 432 1608 517 ωριη
1636 432 1766 517 πάνυ

200 512 308 586 των
332 512 452 581 ἐκεί
477 526 797 597 πενέστερος
826 522 924 588 ὣν,
966 523 1062 576 καὶ
1113 519 1257 574 οὕτω
1302 517 1489 587 πένης,
1527 513 1603 577 ὡς
1634 512 1767 583 μηδὲ

203 612 452 680 σταγόνος
477 608 668 671 ’ὕδατος
690 596 826 660 εἶναι
848 605 1056 676 κύριος,
1081 601 1195 657 ἀλλ’
1220 603 1359 672 ὑπὲρ
1380 598 1582 667 ταύτης
1602 612 1771 680 προσῖ

201 676 382 755 αιτείν,
416 692 513 745 καὶ
562 690 684 762 μηδ’
709 689 879 759 αὐτῆς
929 688 1204 757 ἐπιτυχεῖν
1250 685 1348 753 τῆς
1390 682 1677 762 αἰτήσεως.
1704 676 1770 730 Τί

201 777 396 845 ταύτης
423 774 524 842 τῆς
553 761 742 835 πενίας
772 772 1096 842 πενέστερον
1123 769 1318 838 γένοιτ’
1344 765 1442 830 ᾶνς
1472 763 1583 817 Καὶ
1606 761 1769 845 ἄκουε

204 843 588 927 πῶς-ἐπάρας
621 856 729 926 γὰρ
763 857 887 919 τοὺς
913 853 1226 925 ὀφθαλμοὺς
1257 849 1444 915 αὐτοῦ,
1471 846 1604 919 φησὶ
1634 843 1771 913 πρὸς

204 946 290 998 τὸν
312 942 558 1013 ’Λϐραάμ
573 959 587 972 ο
607 940 817 1008 Πάτερ,
833 938 1098 1005 ἐλεήσόν
1111 954 1208 1007 με,
1233 936 1332 989 καὶ
1359 933 1602 1003 πέμψον
1619 927 1769 1002 [752]

206 1026 482 1093 Λάζαρον,
519 1025 620 1078 ἵνα
656 1023 834 1093 ,ϐάψῃ
876 1023 943 1076 τὸ
983 1022 1169 1091 ἄκρον
1194 1020 1299 1075 τοῦ
1335 1018 1638 1072 δακτύλου
1666 1016 1773 1071 αὑ-

204 1110 308 1164 τοῦ
338 1109 573 1175 ὕδατος,
607 1107 708 1162 καὶ
747 1105 1046 1174 ἐπιστάξῃ
1073 1104 1152 1169 τῷ
1182 1103 1433 1172 στόματί
1452 1117 1593 1171 μου.
1609 1098 1773 1169 Ὁρᾷς

206 1194 363 1250 πόσον
387 1192 533 1245 ἐστὶν
584 1191 618 1260 ἡ
662 1188 872 1258 θλίψις
902 1188 1138 1259 Πλησίον
1162 1187 1292 1240 ὄντα
1321 1184 1650 1255 παρέτρεχε,
1676 1179 1774 1234 καὶ

206 1277 389 1348 πόρρω
417 1291 480 1343 γε
509 1274 636 1327 ὄντα
657 1271 810 1326 καλεῖ
827 1270 922 1325 νῦν
941 1288 957 1304 ο
997 1270 1056 1324 ὃν
1097 1269 1357 1331 πολλάκις
1377 1265 1560 1320 εἰσιών
1581 1282 1652 1348 τε
1678 1262 1774 1348 καὶ

205 1346 356 1425 ἐξιὼν
374 1357 471 1428 οὐχ
497 1356 664 1428 ἐώρα,
686 1355 873 1409 τοῦτον
907 1354 1177 1425 μακρόθεν
1205 1352 1334 1406 ὄντα
1359 1351 1475 1421 μετ’
1493 1346 1774 1420 ἀκριϐείας

209 1441 405 1511 βλέπει.
434 1440 589 1509 Τίνος
626 1438 684 1491 δὲ
721 1438 906 1490 ἕνεκεν
941 1436 1104 1489 αὐτὸν
1149 1435 1285 1505 όρᾷ;
1330 1432 1599 1494 Πολλάκις
1645 1431 1775 1492 ἴσως

204 1522 353 1578 εἶπεν
380 1526 409 1578 6
440 1522 692 1585 πλούσιος
724 1514 909 1584 οὗτος·
932 1519 985 1572 τί
1019 1537 1107 1590 μοι
1133 1516 1416 1579 εὐλαϐείας
1450 1516 1543 1569 καὶ
1572 1513 1775 1585 ἀρετῆς

204 1607 387 1677 χρεία;
413 1605 591 1659 πάντα
620 1621 710 1674 μοι
736 1601 989 1673 καθάπερ
1013 1603 1076 1654 ἐκ
1101 1600 1291 1672 πηγῶν
1315 1599 1549 1670 ἐπιρρεῖ,
1572 1595 1773 1665 πολλῆς

204 1688 455 1744 ἀπολαύω
483 1687 584 1758 τῆς
613 1685 896 1756 ἀφθονίας,
925 1684 1125 1755 πολλῆς
1154 1684 1253 1754 τῆς
1272 1681 1590 1752 εὐημερίας,
1621 1677 1774 1730 οὐδὲν

206 1771 454 1840 ὑπομένω
472 1770 581 1826 τῶν
607 1768 886 1839 ἀδοκήτων
906 1783 920 1798 ο
948 1767 1091 1831 τίνος
1106 1768 1269 1819 ’ἑνεκα
1291 1764 1624 1836 μετέρχομαι
1645 1760 1774 1829 ἀρε-

203 1856 332 1926 τήν;
363 1848 530 1915 Οὗτος
560 1854 588 1906 6
617 1851 785 1924 πένης
817 1852 875 1904 ἐν
901 1848 1215 1919 δικαιοσύνῃ
1244 1848 1338 1900 καὶ⁵
1370 1844 1621 1914 εὐσεϐείᾳ
1642 1842 1772 1926 ζῶν,

211 1925 374 2008 μυρία
398 1936 599 2007 πάσχει
618 1935 785 1989 δεινά.
817 1932 1004 1988 Ταῦτα
1025 1933 1088 2002 δὴ
1119 1930 1306 1985 πολλοί⁵
1325 1928 1421 1982 καὶ
1449 1927 1545 1981 νῦν
1577 1925 1775 1980 πολλά-

206 2037 289 2083 κις
309 2020 574 2088 λέγουσιν.
600 2018 697 2072 ⁶Ἰν’
732 2012 826 2071 οὖν
852 2014 1125 2091 πρόρριζα
1156 2013 1327 2067 ταῦτα
1344 2008 1676 2089 μνασπασθῇ
1706 2008 1778 2091 τά

208 2103 346 2156 κακά
366 2103 634 2171 δόγματα,
655 2089 929 2157 δείκνυσιν
957 2089 1126 2169 αὐτῷ,
1160 2098 1242 2151 ὅτι
1271 2096 1365 2150 καὶ
1383 2097 1451 2165 τῇ
1481 2093 1650 2163 κακίᾳ
1687 2089 1778 2145 κό-

207 2186 353 2249 λασις
379 2187 579 2248 κεῖται,
611 2184 705 2237 καὶ
740 2183 874 2254 τιμὴ
901 2183 996 2236 καὶ
1045 2181 1306 2248 στέφανος
1335 2179 1448 2240 τοῖς
1485 2175 1624 2245 ὑπὲρ
1644 2252 1655 2254 ᾗ
1679 2174 1777 2243 τῆς

207 2267 484 2330 εὐσεϐείας
509 2266 712 2330 πόνοις.
749 2252 823 2319 Οὐ
852 2252 941 2319 διά
968 2264 1124 2320 τοῦτο
1141 2264 1197 2317 δὲ
1239 2261 1399 2333 μόνον
1421 2258 1583 2313 αὐτὸν
1615 2252 1775 2320 εἶδεν,

208 2350 313 2404 ἀλλ’
343 2352 451 2413 ἵνα,
488 2351 626 2421 ὅπερ
649 2349 847 2402 ἔπαθεν
878 2351 907 2402 6
934 2348 1123 2418 πένης,
1145 2345 1304 2399 τοῦτο
1332 2343 1425 2396 καὶ
1460 2344 1489 2396 6
1525 2339 1779 2402 πλούσιος

208 2433 346 2506 πάθῃ
375 2433 474 2488 νῦν
509 2431 646 2504 μετά
699 2431 944 2503 μείζονος
989 2431 1089 2501 τῆς
1133 2426 1477 2498 ὐπερϐολῆς.’
1514 2424 1778 2494 Καθάπερ

208 2516 308 2586 γὰρ
331 2515 526 2585 ἐκείνῳ
552 2515 940 2586 χαλεπωτέραν
972 2516 1204 2567 ἐποιεῖτο
1228 2512 1328 2582 τὴν
1366 2509 1596 2580 βάσανον
1634 2507 1695 2559 τὸ
1723 2508 1779 2559 ἐν

106 2640 120 2653 ,
208 2600 278 2671 τῷ
307 2598 516 2653 πυλῶνι
544 2596 637 2651 τοῦ
664 2597 920 2661 πλουσίου
952 2595 1187 2659 κεῖσθαι,
1240 2593 1334 2648 καὶ
1361 2594 1494 2664 ὁρᾷν
1530 2591 1599 2645 τά
1626 2589 1779 2644 ἀλλό-

206 2698 327 2752 τρια
358 2681 563 2750 ἀγαθὰ,
586 2679 729 2733 οὓτω
755 2679 818 2751 δὴ
849 2680 941 2734 καὶ
970 2678 1144 2748 τούτῳ
1181 2675 1570 2750 χαλεπωτέραν
1606 2673 1781 2726 ἐποίει

208 2765 296 2835 τήν
316 2764 591 2835 τιμωρίαν
624 2763 719 2816 νῦν
745 2763 805 2815 τὸ
833 2765 891 2817 ἐν
927 2765 992 2833 τῇ
1020 2763 1216 2834 γεέννῃ
1255 2760 1493 2823 κεῖσθαι,
1522 2760 1617 2812 καὶ
1648 2758 1782 2829 ὁρᾷν

207 2846 299 2918 τὴν
327 2847 419 2900 τοῦ
456 2845 715 2918 Λαζάρου
744 2846 977 2917 τρυφήν,
1008 2846 1110 2900 ,ἵνα
1151 2848 1226 2917 μὴ
1255 2849 1320 2916 τῇ
1357 2845 1518 2914 φύσει
1538 2842 1648 2896 τῶν
1689 2842 1783 2913 βα-

210 2931 375 2984 σάνων
401 2929 588 3001 μόνον,
616 2929 753 2983 ἀλλά
792 2930 887 2981 καὶ
913 2932 980 3000 τῇ
1006 2928 1304 3000 παραθέσει
1329 2928 1427 2998 τῆς
1464 2925 1784 2980 ἐκείνουλτι-

209 3011 311 3081 μῆς
334 3012 747 3083 ἀφορητοτέραν
772 3011 870 3081 ἔχῃ
892 3012 991 3081 τὴν
1015 3011 1256 3064 κόλασιν.
1288 3012 1398 3064 Καὶ
1421 3008 1672 3080 καθάπερ
1692 3009 1783 3061 τὸν

220 3094 383 3165 Ἀδὰμ
419 3094 703 3149 ἐκϐάλλων
738 3106 764 3134 ει
794 3093 888 3148 τοῦ
921 3088 1273 3164 παραδείσου,
1318 3092 1651 3162 καταντικρὺ
1689 3091 1782 3144 τοῦ

209 3180 538 3248 παραδείσου
563 3176 870 3248 κατῴκισεν
917 3179 946 3230 6
974 3176 1128 3240 Θεὸς,
1163 3176 1251 3230 ἵνα
1294 3178 1329 3247 ή
1387 3173 1614 3245 συνεχὴς
1661 3173 1781 3242 ὄψις

208 3262 503 3315 ἀνανεοῦσα
552 3261 615 3314 τὸ
647 3260 844 3324 πάθος,
889 3259 1285 3332 ἀκριϐεστέραν
1336 3259 1487 3328 αὐτῷ
1523 3260 1785 3331 παράσχῃ

207 3347 301 3415 τῆς
328 3336 662 3409 ἐκπτώσεως
692 3344 801 3397 τῶν
838 3343 1057 3413 ἀγαθῶν
1087 3342 1186 3414 τὴν
1219 3342 1502 3414 αἴσθησιν*
1546 3342 1691 3396 οὕτω
1719 3343 1784 3413 δὴ

211 3430 298 3481 καὶ
342 3430 537 3483 τοῦτον
580 3424 870 3482 κατέναντι
916 3427 1011 3480 τοῦ
1044 3425 1293 3497 Λαζάρου
1334 3424 1664 3495 κατῴκισεν,
1697 3425 1785 3478 ἵνα

211 3510 290 3582 ῑδῃ
318 3511 483 3566 τίνων
514 3510 705 3565 ἐαυτὸν
724 3509 1119 3581 ἀπεστέρησεν.
1155 3508 1424 3580 Ἔπεμψά
1452 3527 1557 3575 σοι,
1596 3510 1783 3579 φησὶν,

209 3596 284 3657 εἰς
303 3594 390 3648 τὸν
425 3593 655 3646 πυλῶνα
675 3593 765 3646 τὸν
792 3592 999 3662 πένητα
1022 3592 1292 3664 Λάζαρον,
1327 3591 1416 3645 ἵνα
1452 3609 1535 3645 σοι
1564 3592 1785 3661 γένηται

210 3676 528 3739 διδάσκαλος
557 3677 782 3748 ἀρετῆς,
805 3676 899 3729 καὶ
921 3675 1112 3745 φιλανθ
1122 3675 1329 3746 ρωπίας
1345 3675 1621 3740 ὑπόθεσις·
1643 3694 1786 3749 παρ-

210 3759 343 3824 εῖδες
386 3763 449 3813 τὸ
506 3759 698 3832 κέρδος
720 3801 736 3824 ,
782 3760 883 3813 οὐκ
908 3758 1183 3830 ήθέλησας
1221 3761 1302 3821 εἰς
1329 3760 1447 3812 δέον
1478 3758 1786 3831 χρήσασθαι

210 3845 272 3915 τῇ
316 3844 415 3915 τῆς
468 3844 746 3916 σωτηρίας
796 3844 1019 3916 ἀφορμῇ
1043 3862 1056 3874 ·
1093 3844 1275 3917 χρήσῃ
1302 3843 1489 3898 λοιπὸν
1526 3843 1674 3915 αὐτῷ
1706 3846 1786 3909 είς

215 3926 428 3992 μείζονα
455 3925 734 3990 κολάσεως
760 3927 855 3980 καὶ
881 3927 1153 3999 τιμωρίας
1184 3927 1460 3984 ὑπόθεσιν.
1505 3927 1638 3981 Ἀπὸ
1665 3926 1787 3981 τού-

210 4026 311 4063 των
343 4010 712 4082 μανθάνομεν,
738 4011 821 4063 ὅτι
845 4010 1041 4074 πάντες
1067 4012 1116 4064 οί
1144 4012 1273 4083 παρ’
1299 4010 1456 4083 ἡμῶν
1485 4010 1787 4082 ἐπηρεαζό-

215 4109 359 4162 μενοι
394 4095 495 4149 καὶ
543 4092 926 4165 ἀδικούμενοι,
968 4094 1108 4147 κατὰ
1142 4094 1433 4166 πρόσωπον
1469 4096 1629 4166 ήμῶν
1659 4097 1787 4167 στή-

214 4190 390 4247 σονται
439 4175 589 4231 τότε.
631 4175 824 4230 Καίτοι
860 4168 1015 4239 οὗτος
1059 4176 1210 4229 οὐδὲν
1241 4176 1464 4247 ἠδίκητο
1493 4176 1647 4247 παρά
1690 4178 1785 4232 τοῦ

213 4257 464 4313 πλουσίου
484 4273 499 4286 ⁸
522 4258 582 4311 οὐ
608 4258 715 4330 γὰρ
743 4260 813 4313 τὰ
837 4258 1047 4312 ἐκείνου
1074 4258 1232 4312 ἔλαϐε
1266 4262 1524 4331 χρήματα
1554 4263 1583 4314 6
1622 4258 1788 4313 πλού-

215 4357 346 4408 σιος,
366 4341 507 4396 ἀλλά
523 4341 632 4395 τῶν
646 4338 843 4396 ἑαυτόῦ
869 4342 930 4395 οὐ
956 4341 1279 4413 μετέδωκεν.
1296 4344 1360 4395 Et
1386 4342 1444 4396 δὲ
1463 4342 1571 4396 τῶν
1591 4341 1785 4396 ἐαυτοῦ

217 4424 290 4494 μὴ
318 4423 657 4496 μεταδιδοὺς,
690 4425 990 4497 κατήγορον
1012 4423 1258 4494 ἔχειτὸν
1287 4427 1388 4481 οὐκ
1419 4425 1729 4498 ἐλεηθέντα,
1757 4428 1787 4480 6

216 4508 306 4560 καὶ
328 4507 396 4561 τά
412 4507 671 4579 ἀλλότρια
697 4507 972 4578 ἀρπάσας,
994 4507 1152 4571 ποίας
1166 4505 1412 4574 τεύξεται
1426 4508 1784 4581 συγγνώμης,

215 4590 550 4661 πανταχόθεν
582 4589 744 4644 αὐτὸν
778 4590 808 4630 b
841 4589 1223 4661 περιεστώτων
1253 4590 1362 4644 τῶν
1413 4592 1784 4663 ἡδικημένων;

216 4674 288 4725 Οὐ
310 4675 421 4747 γὰρ
446 4673 886 4746 μρτύρωνλέκεῖ
917 4674 1099 4745 χρεία,
1131 4673 1253 4729 οὐδὲ
1278 4676 1624 4748 κατηγόρων,
1663 4676 1787 4730 οὐδὲ

211 4756 565 4824 ἀποδείξεων,
591 4757 714 4811 οὐδέ
757 4757 1101 4830 τεκμηρίων*
1135 4757 1253 4811 ἀλλ’
1278 4757 1420 4812 αὐτά
1464 4758 1585 4812 καθ’
1618 4761 1788 4816 ἐαυτά

215 4839 283 4893 τὰ
332 4843 636 4912 πράγματα
661 4880 677 4906 ,
731 4834 930 4913 οἷάπερ
957 4840 1100 4895 αὐτά
1143 4841 1650 4914 κατεσκευάσαμεν,
1682 4845 1790 4915 πρὸ

216 4922 323 4977 τῶν
348 4923 645 4994 ὀφθαλμῶν
674 4924 924 4993 φαίνεται
960 4924 1069 4978 τῶν
1095 4926 1400 4999 ἡμετέρων.

297 5007 428 5061 ’ἰδοὺ
453 5007 565 5080 γάρ
585 5050 600 5075 ,
631 5010 816 5080 φησὶν,
856 5008 1162 5081 ἄνθρωπος,
1190 5012 1285 5065 κα)⁸
1321 5012 1389 5065 τὰ
1427 5011 1563 5084 ἔργα
1590 5013 1789 5067 αὐτοῦ·

220 5089 448 5161 καὶγὰρ
481 5092 575 5144 καί
617 5092 779 5145 τοῦτο
825 5092 1050 5164 ἁρπαγὴ
1098 5093 1173 5159 τὸν
1195 5093 1269 5167 μὴ
1323 5095 1644 5164 μεταδοῦναι
1681 5098 1789 5151 τῶν

215 5171 405 5225 ὄντων.
434 5172 547 5227 Καὶ
576 5174 717 5245 τάχα
746 5175 875 5245 ὑμῖν
897 5174 1207 5246 θαυμαστὸν
1225 5173 1362 5230 εἶναι
1391 5177 1537 5232 δοκεῖ
1559 5179 1619 5232 τὸ
1643 5179 1792 5248 λεγό-

219 5270 401 5322 μενον,
452 5255 591 5312 ἀλλὰ
639 5257 715 5328 μὴ
755 5258 1112 5330 θαυμάσητεο
1160 5259 1468 5331 μαρτυρίαν
1519 5259 1630 5333 γάρ
1661 5264 1791 5333 ύμῖν

219 5335 323 5389 ἀπὸ
344 5334 455 5390 τῶν
476 5339 633 5393 θείων
650 5339 956 5412 παρέξομαι
972 5341 1204 5412 Γραφῶν
1231 5341 1513 5410 λέγουσαν,
1535 5344 1617 5397 ὅτι
1641 5346 1701 5399 οὐ
1729 5347 1792 5399 τὸ

228 5418 280 5471 ῖά
298 5419 556 5492 ἀλλότρια
583 5422 853 5494 ἁρπάζειν
888 5423 1071 5496 μόνον,
1098 5423 1235 5479 ἀλλά
1258 5426 1351 5480 καὶ
1379 5425 1564 5483 τύτῶν
1594 5428 1789 5483 ἑαυτοῦ

294 5633 526 5703 ’Ᾱιὶηυοι
545 5660 659 5696 mss.
681 5648 907 5699 ἐκϐαλών.

277 5700 306 5742 ³)
331 5700 533 5769 “hinc!
552 5721 666 5758 mss.
693 5711 838 5777 αὐτῷ.

1388 308 1477 364 LE
1514 292 1799 368 LAZAROI
1823 308 2075 372 comem
2112 314 2179 373 ιι.

3337 314 3440 370 938

1874 431 1949 501 μὴ
1971 428 2308 501 μεταδιδόναι
2336 427 2561 499 ἑτέροις.
2589 427 2682 480 καὶ
2706 424 2864 480 τοῦτο
2888 423 3114 496 ἁρπαγὴ
3143 425 3237 480 καὶ
3256 424 3445 482 πλεον-

1871 512 1988 577 εξία
2035 512 2130 566 καὶ
2154 509 2521 580 ἀποστέρησίς
2545 506 2682 564 ἐστι.
2718 508 2816 572 Τίς
2832 503 2925 562 οὖν
2943 510 3091 561 ἐστιν
3106 507 3251 579 αὐτη
3272 526 3287 574 ;
3318 509 3446 572 Τοῖς

1881 595 2160 659 Ἰουδαίοις
2184 593 2432 663 ἐγκαλῶν
2452 594 2480 645 6
2510 592 2645 654 Θεὸς
2675 591 2763 645 διά
2791 591 2884 644 τοῦ
2909 592 3211 663 προφήτου,
3245 591 3410 662 φησίν
3430 608 3444 624 ο

1883 676 2239 750 Ἐξήνεγκεν
2272 675 2309 738 ἡ
2327 675 2404 745 γῆ
2433 676 2503 730 τὰ
2533 676 2781 744 ἐκφόρια
2812 674 3023 744 αὐτῆς,
3054 674 3153 728 καί
3181 677 3292 729 οὐκ
3334 672 3450 729 eld-

1868 760 2163 829 ηνέγκατε
2184 759 2253 813 τὰ
2272 757 2592 819 ἑπιδέκατα
2610 775 2626 791 υ
2663 760 2800 812 ἀλλ’
2824 760 2863 825 ἠ
2895 757 3134 828 ἁρπαγὴ
3161 757 3269 811 τοῦ
3297 756 3449 829 [755]

1871 844 2112 912 πτωχοῦ
2136 843 2205 897 ἐν
2229 842 2354 899 τοῖς
2374 843 2561 909 οἴκοις
2596 842 2785 912 ὑμῶν.
2832 841 3052 913 Ἐπειδὴ
3076 842 3177 907 τὰς
3210 859 3452 913 προσφοι-

1873 927 1995 998 ράς,
2027 927 2182 996 φησὶ,
2206 926 2307 990 τὰς
2332 925 2587 989 εἰωθυίας
2606 928 2707 980 οὐκ
2743 926 3005 992 ἐδώκατε,
3055 927 3340 998 ἡρπάσατε
3380 926 3450 980 τά

1870 1009 1965 1063 τοῦ
1996 1010 2249 1081 πένητος.
2281 1008 2455 1061 Τοῦτο
2480 1009 2538 1061 δὲ
2569 1009 2738 1078 λέγει,
2765 1009 2981 1073 δεικνὺς
3005 1013 3119 1074 τοῖς
3153 1011 3448 1077 πλουσίοις,

1871 1090 2046 1145 ὅτιτά
2072 1092 2182 1144 τῶν
2226 1092 2475 1161 πενήτων
2501 1091 2705 1162 έχουσι,
2737 1092 2841 1146 κᾶν
2871 1091 3126 1163 πατρῷον
3164 1093 3450 1160 διαδέξων-

1870 1192 1963 1227 ται
1996 1174 2218 1245 κλῆρον,
2245 1174 2350 1229 κᾶν
2374 1174 2699 1245 όθενδήποτε
2741 1175 3031 1240 συλλέξωσι
3068 1175 3137 1228 τὰ
3169 1178 3447 1248 χρήματα.

1872 1258 1983 1311 Καὶ
2008 1258 2173 1312 πάλιν
2221 1256 2458 1327 ἀλλαχοῦ
2491 1257 2671 1327 λέγει·
2707 1257 2805 1326 Μὴ
2857 1258 3288 1328 ἀποστερήσῃς
3336 1260 3454 1327 τὴν

1873 1340 2027 1409 ζωὴν
2048 1341 2154 1396 τοῦ
2184 1341 2425 1410 πτωχοῦ
2449 1358 2464 1373 ο
2518 1343 2548 1395 6
2573 1342 2630 1395 δὲ
2684 1342 3035 1415 ἀποστερῶν,
3080 1343 3150 1399 τὰ
3194 1343 3453 1417 ἀλλ-ὁτρια

1872 1424 2198 1495 ἀποστερεῖ·
2234 1424 2602 1495 ἀποστέρησις
2634 1425 2741 1496 γὰρ
2767 1426 2983 1494 λέγεται
3005 1466 3020 1489 ,
3050 1427 3177 1481 ὅταν
3199 1427 3269 1480 τά
3293 1428 3451 1482 ἀλλό-

1873 1523 1999 1578 τρια
2028 1506 2284 1571 λαϐόντες
2302 1508 2643 1578 κατέχωμεν.
2668 1510 2777 1561 Καὶ
2805 1509 2893 1563 διὰ
2908 1509 3098 1563 τούτου
3128 1510 3308 1565 τοίνυν
3329 1529 3453 1565 παι-

1873 1590 2160 1662 δευόμεθα,
2191 1592 2274 1645 ὅτι
2301 1592 2431 1646 ὅταν
2452 1592 2823 1664 ἐλεημοσύνην
2857 1597 2930 1665 μὴ
2966 1597 3357 1667 παράσχωμεν,
3395 1599 3453 1648 ἐν

1877 1672 1976 1745 ἴσῳ
2009 1676 2122 1737 τοῖς
2148 1674 2509 1746 ἀποστεροῦσι
2543 1676 2884 1748 κολασόμεθα
2917 1689 2964 1731 α.
3010 1680 3313 1733 Δεσποτικά
3345 1681 3454 1752 γάρ

1875 1757 1990 1810 ἐστι
2014 1757 2083 1810 τά
2103 1758 2386 1828 χρήματα,
2410 1757 2531 1811 ὅθεν
2560 1757 2625 1812 ἂν
2646 1760 2787 1814 αὐτὰ
2812 1761 3154 1832 συλλέξωμεν
3171 1779 3185 1792 °
3218 1763 3320 1817 κᾶν
3341 1768 3454 1827 τοῖς

1874 1841 2149 1911 δεομένοις
2196 1842 2338 1901 αὐτά
2387 1843 2730 1914 παρέξωμεν,
2802 1846 3002 1912 πολλῆς
3058 1845 3454 1919 ὲπιτευξόμεθα

1874 1924 1974 1994 τῆς
1999 1924 2279 1993 ἀφθονίας.
2305 1926 2417 1979 Καὶ
2452 1925 2542 1980 διὰ
2567 1927 2729 1980 τοῦτό
2779 1945 2862 1982 σοι
2901 1930 3124 1983 πλείονα
3157 1931 3301 2001 ἔχειν
3332 1948 3455 1984 συν-

1876 2007 2155 2078 εχώρησεν
2181 2009 2209 2060 6
2246 2008 2403 2079 Θεὸς,
2458 2011 2557 2080 οὐχ
2591 2009 2677 2064 ἵνα
2713 2013 2794 2076 είς
2825 2013 3099 2083 πορνείαν,
3135 2015 3230 2067 καὶ
3262 2013 3451 2085 μέθην,

1877 2091 1972 2144 καὶ
1996 2091 2326 2161 ἀδηφαγίαν,
2358 2093 2455 2146 καὶ
2474 2094 2704 2163 ἱματίων
2731 2095 3099 2163 πολυτέλειαν,
3133 2098 3227 2151 καὶ
3254 2097 3347 2168 τὴν
3369 2097 3456 2150 ἄλ.

1875 2173 1973 2244 λην
2005 2174 2261 2245 βλακείαν
2279 2176 2590 2248 ἀναλώσῃς,
2620 2177 2745 2231 ἀλλ’
2766 2180 2851 2231 ἵνα
2876 2182 2991 2243 τοῖς
3021 2180 3296 2249 δεομένοις
3318 2181 3457 2234 αὐτὰ

1877 2259 2175 2332 διανείμῃς.
2242 2261 2512 2333 Καθάπερ
2543 2261 2653 2333 γὰρ
2709 2263 3012 2336 ὐποδέκτης
3065 2283 3150 2332 τις
3201 2266 3458 2336 βασιλικά

1876 2342 2168 2412 δεξάμενος
2198 2346 2475 2414 χρήματα,
2506 2345 2572 2398 ἂν
2606 2347 2787 2413 ἀφεὶς
2809 2342 2888 2410 οἷς
2915 2348 2981 2400 ἂν
3017 2349 3305 2421 κελεύηται
3344 2352 3459 2404 δια·
3541 2386 3551 2402 κ

1878 2428 2096 2496 νεῖμαι,
2145 2429 2223 2489 είς
2271 2428 2478 2480 οἰκείαν
2514 2428 2872 2502 καταναλώσῃ
2914 2430 3190 2500 βλακείαν,
3226 2433 3458 2497 εὐθύνας

1877 2508 2061 2562 δίδωσι
2090 2511 2186 2563 καὶ
2220 2512 2662 2581 προσαπόλλυται
2678 2531 2693 2545 ο
2718 2513 2861 2568 οὕτω
2887 2515 2950 2587 δὴ
2976 2517 3068 2569 καὶ
3111 2518 3139 2570 6
3165 2518 3416 2584 πλούσιος
3435 2562 3452 2585 ,

1881 2592 2182 2663 ὐποδέκτης
2232 2595 2317 2657 τίς
2366 2598 2483 2649 ἐστι
2509 2595 2620 2652 τῶν
2648 2600 2757 2661 τοῖς
2813 2599 3039 2669 πένησιν
3091 2600 3458 2673 ὀφειλομένων

1879 2676 2179 2748 χρημάτων
2202 2677 2615 2750 διανεμηθῆναι,
2646 2682 2962 2752 ἐπιταχθεὶς
2991 2682 3133 2735 αὐτά
3180 2685 3456 2755 διανέμειν

1880 2760 1988 2814 τῶν
2005 2760 2195 2814 ἐαυτοῦ
2222 2761 2519 2817 συνδούλων
2546 2765 2661 2827 τοῖς
2690 2764 3029 2835 πενομένοις.
3068 2767 3164 2820 Ἂν
3180 2765 3272 2821 οὖν
3299 2770 3458 2823 πλέον

1882 2862 1934 2898 τι
1970 2846 2072 2915 τῆς
2104 2844 2296 2916 χρείας
2353 2847 2434 2910 είς
2483 2847 2674 2900 ἐαυτὸν
2704 2847 2956 2921 ἀναλώσῃ
3002 2850 3103 2919 τῆς
3135 2852 3456 2921 ἀναγκαίας,

1882 2927 2272 2999 χαλεπωτάτας
2299 2930 2416 2981 ἐκεῖ
2450 2928 2614 2982 δώσει
2642 2930 2741 2994 τὰς
2766 2932 3027 2997 εὐθύνας.
3061 2934 3135 2986 Οὐ
3174 2935 3283 3007 γάρ
3312 2939 3460 2991 ἐστιν

1882 3010 2049 3064 αὐτοῦ
2075 3010 2141 3064 τὰ
2165 3008 2328 3065 αὐτοῦ
2355 3050 2368 3074 ,
2404 3011 2542 3065 ἀλλά
2569 3012 2679 3066 τῶν
2712 3014 3010 3068 συνδούλων
3038 3017 3145 3071 τῶν
3172 3019 3386 3072 ἐαυτοῦ.

1953 3122 2016 3171 ε’.
2038 3115 2355 3186 Φειδώμεθα
2377 3117 2556 3170 τοίνυν
2581 3118 2781 3181 αὐτῶν,
2809 3120 2883 3182 ὡς
2906 3120 3220 3193 ἀλλοτρίων,
3254 3124 3340 3176 ἵνα
3368 3124 3460 3193 γέ-

1883 3217 2041 3271 νηται
2068 3198 2335 3271 ἡμέτερα.
2355 3203 2483 3266 Πῶς
2503 3199 2560 3252 δέ
2596 3201 2776 3255 αὐτῶν
2814 3204 3114 3274 φεισόμεθα
3140 3249 3154 3272 ,
3205 3208 3281 3270 ὠς
3305 3207 3460 3261 ἀλλο-

1885 3282 2082 3353 τρίων;
2123 3282 2293 3335 Ὅταν
2328 3282 2403 3353 μὴ
2460 3283 2541 3346 είς
2592 3285 2854 3354 περιττὰς
2890 3287 3031 3341 αὐτά
3081 3290 3459 3363 ἀναλίσκωμεν

1883 3365 2106 3436 χρείας,
2146 3364 2280 3436 μηδέ
2331 3367 2410 3429 είς
2454 3367 2734 3438 ἡμετέρας
2765 3368 2947 3436 μόνον,
2997 3373 3134 3426 ἀλλά
3183 3376 3302 3438 ταῖς
3350 3375 3459 3429 τῶν

1885 3450 2134 3531 πενήτων
2177 3447 2319 3502 αὐτά
2364 3451 2795 3523 συμμερίζωμεν
2850 3454 3043 3524 χερσίο
3082 3457 3189 3512 κᾶν
3230 3457 3461 3531 εὔπορος

1884 3528 1971 3606 ᾖς,
2006 3532 2167 3587 πλέον
2198 3533 2257 3586 δέ
2277 3550 2331 3585 τι
2361 3534 2460 3605 τῆς
2501 3534 2692 3605 χρείας
2722 3537 3040 3612 ἀναλίσκῃς,
3083 3541 3238 3610 λόγον
3268 3528 3459 3608 δώσεις

1883 3616 1993 3669 τῶν
2033 3615 2504 3686 ἐμπιστευθέντων
2534 3634 2615 3670 σοι
2653 3620 2970 3692 χρημάτων.
3022 3624 3192 3679 Τοῦτο
3241 3628 3335 3681 καὶ
3364 3629 3457 3681 ἐπὶ

1883 3698 1994 3753 ⁴τῶν
2017 3697 2206 3753 οἰκιῶν
2234 3698 2447 3766 γίνεται
2462 3699 2571 3753 τῶν
2595 3704 2865 3773 μεγάλων.
2898 3705 3090 3761 Πολλοὶ
3123 3709 3252 3778 γοῦν
3281 3710 3349 3766 τά
3368 3729 3463 3765 τα-

1888 3785 2017 3854 μεῖα
2048 3783 2117 3836 τὰ
2142 3783 2350 3836 ἑαυτῶν
2376 3786 2491 3847 τοῖς
2519 3786 2760 3852 οἰκέταις
2773 3785 2887 3853 τοῖς
2912 3791 3121 3846 έαυτῶν
3153 3795 3460 3849 ἐνεπίστευ-

1888 3884 2020 3921 σανο
2050 3867 2169 3922 ἀλλ’
2197 3868 2348 3939 ὅμως
2374 3870 2425 3921 οἱ
2469 3871 2851 3936 πιστευθέντες
2890 3876 3088 3931 ἐκεῖνοι
3136 3878 3464 3948 φυλάττουσι

1884 3951 1956 4006 τὰ
1971 3951 2249 4032 δεδομένα,
2263 3953 2360 4007 καὶ
2380 3955 2480 4008 οὐκ
2501 3955 2849 4027 ἀποχρῶνται
2869 3960 2984 4023 τοῖς
2999 3962 3460 4032 ἐμπιστευθεῖσιν,

1886 4035 2004 4089 ἀλλ’
2047 4031 2128 4099 οἷς
2163 4036 2231 4090 ἂν
2272 4040 2301 4091 6
2326 4038 2623 4109 δεσπότης,
2666 4040 2761 4093 καὶ¹
2803 4042 2965 4113 ήνίκα
3004 4031 3255 4118 κελεύσῃ,
3285 4048 3462 4101 διανέ-

1890 4137 2071 4190 μουσι.
2095 4120 2266 4175 Τοῦτο
2295 4122 2392 4174 καὶ
2417 4122 2483 4175 σὺ
2513 4122 2759 4192 ποίησον.
2774 4125 2888 4178 Καὶ⁹
2914 4126 3022 4197 γὰρ
3044 4127 3232 4192 ἔλαϐες
3262 4131 3464 4201 ἐτέρων

1886 4203 2129 4262 πλείονα,
2157 4205 2253 4257 καὶ
2272 4203 2538 4269 ὑπεδέξω,
2567 4207 2668 4276 οὐχ
2694 4207 2781 4259 ἵνα
2800 4206 2938 4261 αὐτά
2966 4209 3248 4282 ἀναλώτῃς
3278 4213 3460 4284 μόνος,

1885 4286 2002 4341 ἀλλ’
2031 4287 2119 4342 ἵνα
2146 4288 2242 4342 καὶ
2283 4288 2493 4359 ἑτέροις
2523 4290 2806 4362 οἰκονόμος
2843 4294 2981 4368 γένῃ
3009 4294 3197 4361 καλός.

1956 4388 2143 4477 Ἄξιον
2162 4389 2231 4477 δὲΔ
2245 4391 2469 4477 κάκεῖνο
2498 4392 2735 4477 ζητῆσαι
2765 4395 2815 4465 ἀ,
2848 4397 2901 4451 τί
2928 4398 3127 4470 δήποτε
3172 4401 3293 4473 οὐχὶ
3330 4413 3465 4477 παρ’

1887 4473 2059 4546 ἑτέρῳ
2086 4474 2278 4543 δικαίῳ
2306 4476 2399 4530 τὸν
2428 4476 2680 4551 Λάζαρον
2710 4482 2831 4553 ὁρᾷ,
2862 4482 2977 4537 ἀλλ’
3007 4485 3066 4537 ἐν
3100 4487 3212 4550 τοῖς
3239 4473 3461 4551 κόλποις

1886 4555 1996 4612 εῐδε
2026 4556 2122 4639 τοῦ
2168 4557 2444 4630 Ἀϐραάμ.
2472 4560 2752 4627 Φιλόξενος
2777 4560 2847 4636 ἦν
2881 4567 2911 4618 6
2954 4566 3237 4639 Ἀϐραάμ·
3275 4570 3341 4625 ἵν’
3365 4568 3459 4625 οὖν

1886 4641 1982 4696 καὶ
2006 4636 2164 4705 οὗτος
2198 4641 2418 4714 ἔλεγχος
2438 4645 2589 4716 αὐτῷ
2623 4646 2848 4720 γένηται
2877 4649 2977 4722 τῆς
3011 4636 3333 4722 μισοξενίας,
3370 4654 3460 4709 διὰ

1887 4723 2048 4810 τούτο
2065 4724 2229 4810 αὐτὸν
2265 4727 2383 4797 μετ’
2418 4728 2629 4782 ἐκείνου
2663 4730 2875 4802 βλέπει.
2941 4734 3176 4801 Ἐκεῖνος
3228 4737 3338 4810 γὰρ
3366 4740 3460 4793 καὶ

1886 4808 2015 4873 τοὺς
2058 4808 2358 4881 παριόντας
2406 4810 2656 4890 ἐθήρευε,
2697 4814 2794 4868 καὶ
2822 4817 2903 4880 είς
2937 4817 3039 4890 τὴν
3075 4819 3253 4889 οἰκίαν
3284 4808 3462 4877 εἷλκεν

1888 4890 2019 4980 εἵσω
2049 4890 2150 4963 τὴν
2170 4890 2365 4980 ἐαυτοῦ
2380 4909 2396 4923 ο
2420 4886 2579 4980 οδτος
2602 4894 2660 4947 δὲ
2687 4897 2897 4980 καὶτὸν
2919 4886 3029 4955 ἔσω
3046 4886 3295 4978 κείμενον
3324 4923 3465 4980 παρ-

1889 4971 2061 5061 εώρα,
2097 4975 2194 5028 καὶ
2256 4974 2532 5061 θησαυρὸν
2571 4979 2829 5035 τοσοῦτον
2875 4982 3015 5054 έχων
3056 4971 3152 5040 καί
3191 4971 3464 5061 σωτηρίας

1891 5056 2170 5141 ὐπόθεσιν,
2218 5057 2524 5141 παρέτρεχε
2574 5062 2698 5115 καθ’
2728 5063 2964 5135 ἑκάστην
2987 5068 3218 5141 ἡμέραν,
3246 5056 3466 5126 καίόὐκ

1889 5139 2162 5225 ἐχρήσατο
2194 5141 2276 5225 είς
2321 5140 2441 5197 δέον
2461 5145 2529 5214 τῇ
2557 5143 2652 5197 τοῦ
2680 5144 2912 5217 πένητος
2951 5139 3279 5225 προστασίᾳ.
3323 5155 3467 5209 ’Λλλ’

1888 5221 1988 5291 οὐχ
2012 5223 2042 5275 ὁ
2070 5223 2420 5295 πατριάρχης
2460 5225 2721 5294 τοιοῦτος,
2756 5229 2897 5284 ἀλλά
2945 5221 3252 5290 τούναντίον
3282 5236 3427 5292 ἆπαν
3449 5253 3463 5265 ·

1892 5305 2001 5373 πρὸ
2022 5305 2131 5360 τῶν
2153 5305 2333 5379 θυρῶν
2358 5307 2669 5381 καθήμενος
2689 5313 2989 5386 ἐσαγήνευε
3016 5318 3144 5383 τούς
3170 5322 3467 5392 παριόντας

1957 5550 1980 5613 ίξ
2011 5547 2115 5613 pm)
2132 5549 2578 5613 mss,_xolato'pe0a.

1955 5606 2107 5686 giAlii’
2125 5610 2315 5682 κάκᾲνο
2336 5606 2583 5686 ἔγω-ἧσαι..
2606 5614 2734 5666 Infra
2756 5619 2943 5686 a_liquo_l
2968 5635 3082 5672 mss.
3116 5628 3195 5675 καὶ
3226 5628 3253 5676 ὁ
3281 5629 3469 5686 nemo;

1894 5669 2287 5795 ἶέἓτὲἔαξξᾶινῶν
2333 5669 2477 5737 ἐλεγε-
2504 5677 2700 5728 διώκετε
2741 5682 2825 5749 τῂν
2841 5669 3260 5755 ’φιλοξδξάνγδιᾶ
