3958 6428
426 444 695 505 ἃπαντας,
734 437 832 493 καὶ
858 436 1110 509 καθάπερ
1135 452 1221 500 τις
1242 435 1425 499 ἁλιεὺς
1454 434 1872 507 ἀμφίϐληστρον
1895 432 2015 505 βάλ-

427 528 535 582 λων
568 527 650 590 εἰς
676 523 777 595 τὴν
805 522 1084 578 Θάλασσαν
1111 520 1332 590 ἀνασπᾷ
1365 520 1465 589 μὲν
1499 518 1675 590 ίχθὺν,
1708 518 1932 589 ἀνασπᾷ
1963 515 2023 570 δὲ

431 613 526 668 καὶ
549 609 773 683 χρυσίον
798 605 1061 669 πολλάκις
1100 604 1198 657 καὶ
1247 602 1597 676 μαργαρίτας
1614 619 1627 632 ·
1664 601 1808 657 οὕτω
1836 600 1903 671 δὴ
1928 599 2025 653 καὶ

431 695 607 762 οὗτος,
643 689 958 761 σαγηνεύων
979 685 1324 759 ἀνθρώπους,
1365 686 1584 759 ἡλίευσέ
1622 704 1757 742 ποτε
1788 684 1884 739 καὶ
1920 684 2026 751 ἀγ-

434 782 649 853 γέλους,
680 779 775 834 καὶ
804 776 864 831 τὸ
895 772 1048 849 [⁸754]
1080 772 1395 844 θαυμαστὸν
1427 772 1588 827 τοῦτό
1615 773 1784 836 ἐστιν,
1831 771 1915 824 ὃτι
1950 764 2027 838 μὴ

434 866 610 931 εἰδώς.

509 950 687 1022 Ὀπερ
707 943 801 1004 οὗν
825 946 921 1003 καὶ
936 944 1151 1009 Παῦλος
1180 941 1623 1014 ἐκπληττόμενος
1648 939 1910 1014 παραινεῖ
1933 937 2028 992 καὶ

437 1038 617 1105 λέγει’,
648 1034 761 1103 Τῆς
787 1030 1138 1104 φιλοξενίας
1148 1028 1236 1101 μὴ
1263 1026 1743 1083 ἐπιλανθάνεσθε
1761 1043 1775 1057 ’
1803 1025 1903 1081 διὰ
1919 1023 2030 1095 γὰρ

436 1123 658 1188 ταύτης
703 1119 928 1173 ἔλαθόν
961 1133 1122 1183 τινες
1152 1114 1514 1182 ξενίσαντες
1549 1108 1872 1183 ἀγγέλους.
1918 1108 2032 1163 Καὶ

437 1207 619 1269 καλῶς
645 1199 820 1267 εἶπεν,
858 1202 1152 1257 Ἔλαθον.
1181 1201 1247 1254 Et
1267 1200 1379 1273 γὰρ
1410 1197 1569 1261 εἰδὼς
1595 1197 1795 1261 αὐτοὺς
1832 1192 2029 1250 ὑπεδέ-

439 1291 568 1360 ξατο
593 1289 732 1362 μετά
750 1286 1027 1358 τοσαύτης
1052 1284 1291 1351 εὐνοίας,
1322 1283 1479 1339 οὐδὲν
1511 1283 1658 1355 μέγα
1687 1281 1783 1335 καὶ
1814 1279 2031 1362 θαυμαέ-

440 1377 565 1429 στὸν
597 1360 857 1445 ἐποίησεν
873 1387 890 1404 ⁶
921 1372 951 1424 6
974 1370 1032 1423 δὲ
1058 1370 1170 1433 πᾶς
1197 1367 1440 1435 ἔπαινος,
1462 1368 1545 1421 ὅτι
1570 1364 1784 1436 ἀγνοῶν
1810 1364 1957 1428 τίνες
1981 1360 2031 1416 οἶ

441 1457 738 1531 παριόντες
765 1451 931 1527 ἦσαν,
968 1454 1062 1507 καὶ
1083 1451 1410 1525 ἀνθρώπους
1438 1463 1465 1493 ι
1497 1451 1695 1514 αὐτοὺς
1723 1445 1862 1503 εἶναι
1886 1445 2034 1518 νομί-

409 1543 550 1610 ⁹ζων
570 1541 759 1606 ἁπλῶς
791 1540 991 1605 ὁδίτας,
1017 1538 1157 1611 μετά
1183 1537 1458 1609 τοσαύτης
1481 1536 1681 1601 αὐτοὺς
1708 1533 1856 1589 ἐνδον
1899 1531 2034 1586 ἐκά-

444 1629 571 1682 λεσε
600 1629 701 1697 τῆς
732 1622 1065 1698 προθυμίας.
1098 1623 1210 1679 Καὶ
1236 1624 1302 1678 σύ
1327 1621 1529 1687 τοίνυν,
1562 1621 1629 1676 ἂν
1658 1620 1761 1692 μέν
1784 1636 1909 1674 τινα
1931 1634 2031 1672 πε-

445 1711 647 1784 ριφανῆ
670 1709 764 1763 καὶ
792 1707 1048 1779 λαμπρὸν
1087 1705 1509 1777 ὑποδεξάμενος,
1541 1704 1743 1777 πολλὴν
1790 1701 2034 1774 ἐπιδείξῃ

440 1797 542 1867 τὴν
593 1792 925 1867 προθυμίαν,
975 1790 1296 1865 θαυμαστὸν
1351 1791 1502 1845 οὐδὲν
1548 1789 1823 1862 εἰργάσω·
1857 1791 1891 1861 ἡ
1924 1787 2035 1860 γάρ

440 1877 613 1951 ἀρετὴ
644 1877 738 1931 τοῦ
774 1874 1107 1942 ξενισθέντος
1144 1874 1235 1929 καὶ
1266 1874 1360 1929 τὸν
1380 1873 1659 1946 μισόξενον
1681 1871 2034 1941 καταναγκάο

444 1962 529 2027 ζει
564 1961 827 2024 πολλάκις
855 1960 1037 2013 πᾶσαν
1058 1957 1276 2012 εὔνοιαν
1306 1956 1684 2025 ἐπιδείξασθαι
1704 1971 1718 1985 °
1744 1956 1808 2011 τὸ
1841 1955 1901 2010 δὲ
1937 1956 2038 2030 μέ-

444 2064 633 2117 γιστον
662 2046 758 2100 καὶ
783 2043 1130 2115 θαυμαστὸν,
1161 2044 1290 2097 ὅταν
1320 2044 1413 2097 καὶ
1440 2043 1570 2107 τοὺς
1612 2041 1878 2114 τυχόντας
1897 2084 1914 2110 ,
1944 2044 2040 2098 καὶ

443 2133 573 2195 τοὺς
601 2125 1050 2202 ἀπερριμμένους
1070 2156 1087 2194 -,
1109 2125 1207 2180 καὶ
1231 2126 1363 2189 τοὺς
1390 2125 1627 2190 εὐτελεῖς
1652 2125 1796 2196 μετὰ
1838 2127 2042 2199 πολλῆς

444 2213 735 2285 δεχώμεθα
767 2213 865 2282 τῆς
895 2209 1131 2273 εὐνοίας.
1164 2208 1266 2264 Διά
1295 2207 1457 2264 τοῦτο
1475 2211 1569 2264 καὶ
1589 2212 1618 2264 6
1652 2211 1890 2281 Χριστὸς
1912 2212 2041 2277 τοὺς

448 2296 745 2359 ποιοῦντας
774 2293 952 2359 οὓτως
1007 2292 1408 2365 ὑποδεχόμενος
1436 2293 1623 2364 ἔλεγεν
1646 2310 1664 2327 ο
1734 2296 1859 2367 Ἐφ’
1889 2294 2043 2351 ὅσον

447 2380 775 2448 ἐποιήσατε
795 2378 887 2433 ἑνί
907 2378 1136 2433 τούτων
1158 2377 1282 2433 τῶν
1298 2378 1663 2449 ἐλαχίστων,
1684 2380 1817 2452 ἐμοὶ
1835 2379 2043 2450 ἐποιή-

449 2481 619 2520 σατε.
679 2464 791 2518 Καὶ
839 2461 1033 2516 πάλινο
1084 2462 1287 2528 Οὕτως
1333 2464 1448 2517 οὐκ
1489 2462 1625 2518 ἐστι
1670 2462 1905 2534 θέλημα
1938 2463 2044 2535 ἔμ-

448 2550 720 2617 προσθεν
747 2545 855 2601 τοῦ
880 2543 1118 2614 Πατρός
1137 2543 1328 2616 ὑμῶν,
1367 2546 1468 2600 ἵνα
1490 2546 1795 2615 ἀπόληται
1820 2540 1911 2611 εἷς
1928 2543 2048 2600 τῶν

445 2631 679 2704 μικρῶν
698 2631 948 2686 τούτων.
984 2629 1096 2684 Καὶ
1120 2628 1284 2684 πάλιν
1308 2646 1324 2662 ο
1354 2631 1461 2697 Ὃς
1507 2630 1615 2685 ἐὰν
1651 2629 2045 2699 σκανδαλίσῃ

450 2716 563 2772 ἕνα
583 2713 705 2769 τῶν
718 2712 952 2784 μικρῶν
979 2712 1229 2776 τούτων,
1256 2712 1553 2782 συμφέρει
1575 2712 1765 2780 αὐτῷ,
1788 2713 1892 2768 ἵνα
1917 2728 2050 2782 κρε-

448 2796 662 2870 μασθῇ
705 2798 904 2868 μύλος
949 2793 1156 2861 ὀνικὸς
1200 2794 1338 2863 περὶ
1378 2794 1486 2850 τὸν
1507 2795 1815 2867 τράχηλον
1837 2797 2048 2863 αὐτοῦ,

455 2882 557 2936 καί
576 2878 730 2950 ριφῇ
765 2880 836 2934 έν
861 2876 937 2947 τῇ
965 2876 1275 2946 θαλάσσῃ.
1312 2877 1424 2932 Καὶ
1451 2878 1726 2950 πανταχοῦ
1773 2879 1944 2944 πολὺς
1972 2879 2051 2953 τῷ

456 2964 685 3039 Χριστῷ
730 2962 841 3017 τῶν
874 2962 1091 3034 μικρῶν
1134 2961 1233 3017 καὶ
1268 2962 1573 3034 ἐλαχίστων
1608 2964 1639 3019 6
1664 2965 1842 3035 λόγος.
1872 2966 2051 3039 Ὅπερ

453 3048 550 3106 οὖν
576 3050 673 3104 καὶ
704 3050 733 3103 6
766 3045 1023 3120 Ἀϐραάμ
1048 3046 1227 3114 εἰδὼς,
1258 3048 1362 3101 οὐκ
1394 3047 1625 3120 ἐξήταζε
1661 3051 1791 3114 τοὺς
1824 3050 2052 3122 παριόν-

454 3153 552 3199 τας
586 3133 731 3197 τίνες
760 3127 891 3199 εἷεν,
930 3131 1025 3186 καὶ
1057 3130 1246 3196 πόθεν,
1281 3131 1534 3203 καθάπερ
1570 3134 1737 3206 ἡμεῖς
1773 3132 1869 3188 νῦν
1890 3151 1903 3165 ·
1935 3133 2051 3188 ἀλλ’

456 3210 648 3281 ἅπλῶς
673 3217 804 3279 τοὺς
853 3214 1158 3287 παριόντας
1204 3214 1499 3286 ὑπεδέχετο
1540 3216 1773 3282 πάντας.
1807 3217 1912 3272 Τὸν
1942 3218 2053 3292 γάρ

457 3299 862 3375 φιλοφροσύνην
890 3297 1340 3372 ἐπιδεικνύμενον
1381 3299 1484 3354 οὐκ
1522 3302 1755 3377 εὐθύνας
1801 3302 2056 3358 ἀπαιτεῖν

456 3386 540 3441 δεῖ
584 3384 701 3457 βίου
723 3423 739 3450 ,
770 3382 909 3438 ἀλλά
952 3384 1115 3455 μόνον
1162 3383 1265 3456 τὴν
1285 3382 1479 3439 πενίαν
1531 3382 1801 3459 διορθοῦν,
1831 3387 1926 3442 καὶ
1956 3386 2057 3459 τὴν

457 3468 649 3541 χρείαν
686 3464 951 3538 πληροῦν.
1150 3522 1155 3533 γ

532 3551 677 3606 Μίαν
705 3550 820 3622 ἔχει
848 3550 1183 3631 συνηγορίαν
1204 3551 1236 3606 6
1269 3552 1473 3624 πένης,
1502 3553 1605 3625 τὴν
1632 3552 1840 3609 ἔνδειαν
1872 3555 1967 3610 καὶ
1996 3554 2061 3611 τὸ

459 3636 795 3692 καθεστάναι
848 3637 909 3688 ἐν
956 3636 1150 3708 χρείᾳ·
1201 3636 1369 3709 μηδὲν
1397 3637 1561 3692 αὑτὸν
1604 3638 1792 3693 λοιπὸν
1835 3640 2059 3695 ἀπαίτει

462 3722 648 3786 πλέον,
697 3719 835 3775 ἀλλά
892 3719 998 3796 κάν
1030 3718 1291 3774 ἁπάντων
1342 3716 1375 3796 ᾗ
1411 3723 1782 3795 πονηρότατος
1816 3725 1913 3779 καὶ
1958 3726 2061 3798 τῆς

459 3804 773 3874 ἀναγκαίας
793 3804 977 3885 ἀπορῇ
1005 3803 1240 3874 τροφῆς,
1288 3803 1508 3876 λύωμεν
1540 3806 1708 3861 αὐτοῦ
1744 3807 1838 3861 τὸν
1877 3805 2058 3881 λιμόν.

462 3890 622 3944 Οὕτω
646 3888 738 3943 καὶ
759 3889 786 3942 6
806 3887 1044 3959 Χριστὸς
1063 3887 1319 3942 ἐκέλευσε
1343 3891 1539 3953 ποιεῖν,
1558 3890 1735 3960 λέγων
1756 3909 1771 3922 ο
1799 3893 2062 3948 Γίνεσθε

464 3975 655 4045 ὅμοιοι
685 3973 793 4027 τοῦ
813 3971 1045 4040 Πατρός
1073 3970 1245 4041 ὑμῶν
1265 3972 1373 4028 τοῦ
1390 3974 1461 4027 ἐν
1484 3974 1610 4042 τοῖς
1635 3977 1939 4045 οὐρανοῖς,
1971 3977 2063 4033 ὅτι

463 4062 573 4113 τὸν
595 4057 777 4125 ἣλιον
795 4054 986 4110 αὐτοῦ
1008 4054 1333 4111 ἀνατέλλει
1353 4057 1454 4112 ἐπὶ
1476 4059 1783 4128 πονηροὺς
1797 4062 1895 4116 καί
1920 4063 2064 4134 ἁγα-

465 4143 630 4209 θοὺς,
662 4142 761 4197 καὶ
783 4140 995 4211 βρέχει
1025 4140 1127 4195 ἐπὶ
1151 4141 1427 4208 δικαίους
1457 4144 1556 4197 καί
1580 4144 1854 4213 ἀδίκους.
1880 4147 2063 4220 Λιμήν

464 4230 583 4284 ἐστι
606 4227 717 4282 τῶν
751 4228 808 4281 ἐν
846 4226 1067 4300 ἀνάγκῃ
1106 4226 1135 4266 ι)
1167 4228 1197 4281 6
1246 4226 1496 4298 ἐλεήμων
1521 4245 1535 4259 ο
1567 4230 1598 4282 6
1621 4230 1680 4283 δὲ
1715 4230 1883 4303 λιμὴν
1935 4232 2065 4298 τοὺς

466 4312 713 4382 ναυαγίῳ
748 4312 1152 4384 περιπεσόντας
1183 4312 1431 4377 ἅπαντας
1461 4314 1805 4387 ὑποδέχεται,
1832 4316 1927 4371 καὶ
1947 4317 2064 4372 λύει

466 4397 576 4450 τῶν
605 4395 867 4449 κινδύνων
885 4412 898 4427 ⁸
929 4392 1035 4451 κάν
1061 4397 1310 4469 πονηροὶ,
1338 4397 1440 4452 κᾶν
1469 4400 1728 4470 χρηστοὶ,
1755 4400 1859 4455 κᾶν
1886 4401 2065 4456 ὁτιοῦν

469 4475 605 4534 ὦσιν
632 4480 681 4533 οί
703 4479 1132 4544 κινδυνεύοντες,
1170 4480 1305 4536 εἴσω
1336 4481 1449 4535 τῶν
1480 4483 1698 4538 οἰκείων
1735 4486 1934 4551 αὐτοὺς
1959 4503 2067 4540 παι

431 4619 446 4630 ,
474 4563 759 4635 ραπέμπει
788 4563 1023 4617 κόλπων.
1063 4563 1177 4617 Καὶ
1205 4565 1269 4618 σὺ
1299 4564 1503 4631 τοίνυν,
1536 4553 1681 4639 ὁρῶν
1711 4569 1807 4621 ἐπὶ
1828 4569 1931 4641 τῆς
1963 4571 2068 4642 γῆς

470 4645 551 4716 τῷ
576 4645 678 4715 τῆς
704 4644 895 4708 πενίας
934 4646 1185 4723 ναυαγίῳ
1212 4649 1584 4719 περιπεσόντα
1623 4651 1715 4705 τὸν
1754 4651 2067 4724 ἄνθρωπον,

478 4731 554 4803 μὴ
581 4728 789 4810 δίκαζε,
826 4731 981 4810 μηδὲ
1029 4729 1263 4796 εὐθύνας
1309 4732 1553 4810 ἀπαίτει,
1599 4736 1737 4791 ἀλλὰ
1766 4735 1930 4791 λῦσον
1968 4738 2070 4810 τὴν

477 4806 788 4884 συμφοράν.
815 4806 881 4868 Τί
912 4815 1096 4887 σαυτῷ
1119 4810 1387 4890 παρέχεις
1404 4808 1749 4895 πράγματας
1794 4806 2071 4893 Ἀπήλλά-

478 4897 535 4965 ξέ
571 4916 630 4953 σε
667 4900 1021 4974 περιεργείας
1061 4899 1283 4974 ἀπάσης
1331 4904 1425 4958 καὶ
1479 4903 2016 4978 πολυπραγμοσύνης
2042 4909 2074 4962 6

475 4984 630 5049 Θεός.
661 4980 825 5063 Πόσα⁷
844 4984 1072 5059 ἔμελλόν
1100 4978 1290 5063 πολλοὶ
1326 4987 1507 5057 λέγειν
1545 4988 1643 5042 καὶ
1669 4989 2071 5063 δυσχεραίνειν,

476 5069 527 5121 εί
564 5060 897 5140 προσέταξεν
922 5073 951 5124 6
981 5064 1115 5134 Θεῦς
1136 5062 1229 5124 τὸν
1264 5060 1378 5141 βίον
1402 5069 1545 5142 μετά
1572 5060 1864 5143 ἀκριϐείας
1886 5074 2076 5140 ἐξετά-

479 5154 613 5219 ζειν,
640 5153 739 5225 τὴν
759 5152 929 5208 ἀναστ
938 5150 1130 5228 ροφῆν,
1152 5153 1221 5209 τὰ
1242 5156 1612 5234 πεπραγμένα
1626 5158 1845 5229 ἑκάστῳ
1858 5176 2078 5234 περιερ-

437 5262 444 5270 ·
480 5235 747 5305 γάζεσθαι
776 5239 1063 5311 πρότερον,
1101 5238 1199 5293 καὶ
1223 5239 1346 5293 τότε
1376 5239 1586 5305 ἐλεεῖν;
1621 5240 1762 5296 Νυνὶ
1791 5241 1851 5297 δὲ
1890 5242 2076 5313 πάσης

479 5319 738 5393 τοιαύτης
771 5314 1178 5401 ἀπηλλάγμεθα
1208 5323 1518 5401 δυσκολίας.
1572 5316 1640 5377 Τί
1681 5319 1775 5379 οὖν
1810 5326 2077 5399 περιττὰς

482 5401 846 5475 ἐπισπώμεθα
875 5398 1198 5477 φροντίδας’;
1234 5398 1464 5479 Ἔτερόν
1501 5410 1621 5463 ἐστι
1644 5398 1929 5482 δικαστὴς,
1958 5411 2078 5465 ἐτει-

486 5503 576 5556 ρον
598 5489 874 5560 ἐλεήμων.
911 5489 1284 5564 Ἐλεημοσύνη
1298 5491 1387 5547 διά
1409 5490 1570 5548 τοῦτο
1597 5492 1842 5563 λέγεται,
1870 5494 1953 5550 ὅτι
1981 5494 2079 5549 καὶ

549 5727 581 5827 Ξ
598 5727 697 5833 glas
714 5726 1001 5812 ἅγθριῖξπους.
1028 5728 1120 5783 Hic
1138 5732 1301 5786 deﬁcit
1321 5732 1478 5786 codex
1494 5730 1805 5789 Colberunus
1826 5736 1887 5787 49

666 5797 697 5832 1:
720 5786 768 5833 ἐι
785 5790 1025 5833 dum“.

666 5787 697 5832 li
720 5786 768 5834 ἐν
785 5786 1025 5850 ἀνάγκαις.

1097 318 1157 373 5.
1193 314 1483 371 JOANNIS
1520 311 2013 371 CIIRY‘DSTOMI
2059 309 2388 367 AKCIIIEP.
2431 308 2987 369 CONSTANTINOP.

3606 306 3711 363 990

2124 432 2240 494 τοῖς
2277 431 2519 499 ἀναξίοις
2563 432 2836 503 διδόαμεν.
2873 426 3046 482 Τοῦτο
3074 425 3171 481 καὶ
3202 423 3418 488 Παῦλος
3457 428 3714 495 παραινεῖ

2124 517 2319 578 ποιεῖν,
2372 513 2571 586 λέγων,
2618 512 2803 586 Ὑμεῖς
2844 512 2915 568 δὲ
2952 512 3022 568 τὸ
3056 511 3251 567 καλὸν
3280 508 3608 575 ποιοῦντες
3626 508 3714 578 μὴ

2123 595 2445 667 ὲκκακῆτε,
2490 597 2642 668 πρὸς
2688 596 2921 662 πάντας
2947 594 3066 668 μὲν
3089 634 3106 662 ,
3143 592 3419 665 μάλιστα
3469 591 3541 645 δὲ
3566 590 3720 661 πρὸς

2127 679 2269 748 τοὺς
2287 682 2549 749 οἰκείους
2562 680 2674 751 τῆς
2689 681 2969 748 πίστεως.
2992 680 3091 735 ’Δν
3116 679 3244 744 τοὺς
3279 676 3535 742 ἀναξίους
3560 692 3720 747 περι-
3798 702 3805 707 -

2125 764 2493 837 ἐργαζώμεθα
2528 768 2624 821 καὶ
2645 762 3217 837 πολυπραγμονῶμεν,
3248 761 3373 815 οὐδὲ
3402 758 3552 826 ἄξιοί
3584 774 3722 813 παπ

2129 849 2332 921 ῥᾳδίως
2384 849 2756 923 ἐμπεσοῦνται
2802 851 2935 921 ἡμῖν
2957 863 2969 878 ·
3018 845 3088 901 ἀν
3112 846 3170 899 δὲ
3198 845 3296 900 καὶ
3325 847 3440 907 τοῖς
3473 842 3725 909 ἀναξίοις

2128 933 2485 1007 παρέχωμεν,
2511 932 2663 1008 [7‘55]
2694 934 2913 996 πάντως
2933 931 3030 985 καὶ
3045 931 3096 984 οί
3129 929 3270 994 ἄξιοι
3302 928 3397 983 καὶ
3418 928 3471 981 οἱ
3496 927 3725 981 πάντων

2128 1019 2358 1074 ἐκείνων
2390 1018 2632 1087 ἀντάξιοι
2680 1021 2763 1081 είς
2803 1018 2905 1081 τὰς
2945 1014 3219 1088 ἡμετέρας
3260 1012 3453 1085 ἥξουσι
3482 1014 3721 1085 χεῖραςο

2129 1102 2322 1175 ὥσπερ
2351 1100 2446 1159 οὖν
2473 1105 2569 1159 καὶ
2599 1103 2694 1158 ἐπὶ
2718 1101 2814 1157 τοῦ
2852 1099 3127 1173 μακαρίου
3169 1098 3395 1168 γέγονεν
3436 1096 3723 1168 Ἁϐραάμ,

2129 1186 2190 1252 ὃς
2216 1189 2279 1242 οὐ
2335 1188 2859 1261 περιεργαζόμενος,
2911 1185 3035 1239 οὐδὲ
3067 1181 3544 1253 πολυπραγμονῶν
3589 1181 3730 1244 τοὺς

2131 1272 2450 1341 παριόντας,
2481 1271 2718 1343 ἐδυνήθη
2745 1270 2842 1325 καὶ
2867 1268 3135 1338 ἀγγέλους
3169 1264 3531 1330 ὑποδέξασθαί
3558 1280 3729 1319 ποτε.

2132 1357 2337 1412 Τοῦτον
2364 1358 2460 1412 καὶ
2491 1359 2656 1429 ἡμεῖς
2701 1354 3062 1426 ζηλώσωμεν,
3094 1352 3191 1406 καὶ
3248 1351 3364 1423 μετ’
3412 1347 3580 1403 αὐτοῦ
3634 1347 3736 1401 τὸν

2130 1442 2356 1512 ἔγγονον
2380 1441 2472 1495 τὸν
2498 1440 2710 1495 ἐκείνου
2731 1440 2825 1494 τὸν
2871 1437 3009 1494 Ἰώό.
3044 1436 3155 1491 Καὶ
3181 1434 3291 1507 γὰρ
3317 1435 3409 1490 καὶ
3434 1429 3597 1498 οὗτος
3625 1432 3737 1504 τὴν

2129 1525 2229 1580 τοῦ
2264 1526 2535 1597 προγόνου
2582 1522 2987 1597 μεγαλοψυχίαν
3021 1520 3157 1594 μετά
3187 1521 3368 1591 πάσης
3408 1520 3735 1590 ἐμιμήσατο

2131 1610 2233 1681 τῆς
2258 1608 2569 1683 ἀκριϐείας,
2606 1609 2703 1663 καὶ
2732 1607 2821 1661 διὰ
2852 1606 3015 1661 τοῦτο
3056 1606 3273 1675 ἔλεγεν·
3327 1606 3397 1660 Ἡ
3420 1601 3569 1672 θύρα
3600 1619 3737 1672 μου

2134 1692 2317 1747 παντί
2342 1694 2584 1748 ἐλθόντι
2604 1691 2869 1759 ἀνέῳκτο
2890 1708 2904 1722 '
2929 1689 3052 1761 οὐχὶ
3064 1689 3142 1761 τῷ
3163 1690 3296 1744 δεῖνι
3322 1685 3421 1759 μὲν
3446 1687 3740 1758 ἀνέῳκτο,

2135 1778 2310 1851 ἑτέρῳ
2344 1777 2401 1833 δὲ
2421 1775 2841 1844 ἀπεκέκλειστο,
2865 1774 3005 1830 ἀλλά
3036 1776 3203 1828 πᾶσιν
3231 1773 3415 1838 ἁπλῶς
3445 1774 3659 1827 ἀνεῖτο.

2210 1917 2286 1979 ς’.
2301 1910 2458 1964 Οὕτω
2479 1908 2574 1963 καὶ
2589 1910 2750 1981 ἡμεῖς
2766 1906 3032 1979 ποιῶμεν,
3048 1904 3368 1981 παρακαλῶ,
3385 1905 3547 1977 μηδὲν
3562 1904 3745 1974 ἀκριρ

2139 1993 2525 2066 δολογούμενοι
2558 1992 2706 2065 πέρα
2721 1991 2817 2046 τοῦ
2838 1992 3074 2054 δέοντος.
3119 1989 3268 2055 ’Λεία
3296 1988 3404 2061 γὰρ
3430 1987 3524 2043 τοῦ
3551 1988 3744 2059 πένη-

2137 2096 2232 2143 τος
2258 2080 2293 2151 ἡ
2323 2076 2483 2155 χρεία
2513 2076 2676 2153 μόνον
2717 2076 2868 2130 ἐστί·
2902 2075 3008 2130 κᾶν
3051 2072 3301 2129 ὁστισοῦν
3331 2072 3467 2144 μετά
3517 2072 3744 2145 ταύτης

2140 2161 2271 2234 ελθῃ
2297 2161 2434 2233 πρὸς
2458 2161 2609 2234 ἡμᾶς
2640 2177 2793 2225 ποτε,
2827 2159 2996 2232 ’μηδὲν
3020 2156 3512 2230 περιεργαζώμεθα
3537 2158 3723 2211 πλέον

2140 2247 2202 2325 οὐ
2225 2245 2335 2319 γὰρ
2354 2244 2434 2317 τῷ
2453 2246 2643 2317 τρόπῳ
2667 2245 3003 2318 παρέχομεν,
3027 2242 3164 2297 ἀλλά
3184 2243 3261 2316 τῷ
3281 2240 3550 2313 ἀνθρώπῳ
3569 2256 3582 2268 °
3608 2242 3746 2295 οὐδὲ

2141 2331 2231 2387 διὰ
2261 2331 2361 2403 τὴν
2384 2329 2586 2403 ἀρετὴν
2606 2329 2791 2395 αὐτὸν,
2825 2329 2963 2384 ἀλλὰ
2993 2327 3080 2383 διά
3104 2328 3206 2399 τὴν
3240 2329 3523 2399 συμφοράν
3558 2327 3741 2381 ἐλεῶ-

2144 2433 2269 2490 μεν,
2310 2415 2402 2487 ῖνα
2441 2413 2538 2469 καὶ
2580 2413 2737 2468 αὐτοὶ
2769 2413 2923 2483 παρά
2968 2413 3063 2466 τοῦ
3107 2412 3380 2466 Δεσπότου
3429 2412 3522 2466 τὸν
3558 2413 3751 2466 πολὺν

2144 2500 2295 2555 ἔλεον
2318 2496 2781 2569 ἐπισπασώμεθα,
2822 2498 2913 2553 ἵνα
2943 2498 3037 2553 καὶ
3078 2498 3263 2563 αὐτοὶ,
3302 2498 3507 2564 ἀνάξιοι
3546 2497 3751 2563 ὄντες,

2146 2581 2562 2656 φιλανθρωπίας
2607 2580 2979 2654 ἐπιτύχωμεν.
3033 2580 3095 2636 Εί
3141 2581 3252 2652 γάρ
3296 2582 3580 2653 μέλλοιμεν
3638 2584 3757 2654 τὴν

2146 2668 2305 2735 ἀξίαν
2353 2665 2636 2737 ἐπιζητεῖν
2667 2666 2762 2719 ἐπὶ
2810 2665 2920 2719 τῶν
2952 2664 3257 2719 συνδούλων
3293 2665 3402 2719 τῶν
3428 2666 3754 2738 ἡμετέρων,

2148 2752 2244 2807 καὶ
2275 2749 2783 2824 ἀκριϐολογεῖσθαι,
2817 2748 2979 2806 τοῦτο
2999 2751 3093 2805 καὶ
3122 2752 3153 2804 6
3186 2751 3321 2814 Θεὸς
3347 2751 3433 2821 ἐφ’
3458 2751 3619 2823 ἡμῶν
3648 2754 3759 2824 ἐρ-

2151 2839 2400 2907 γάσεται·
2441 2836 2538 2891 καὶ
2566 2834 2859 2908 ζητοῦντες
2900 2836 3027 2900 τοὺς
3072 2835 3398 2907 ὁμοδούλους
3437 2838 3759 2909 ἀπαιτῆσαι

2151 2919 2380 2983 εὐθύνας
2400 2959 2416 2985 ,
2448 2920 2605 2975 αὐτοὶ
2632 2919 2733 2990 τῆς
2769 2918 2979 2975 ἀνωθεν
3017 2919 3400 2991 ἐκπεσούμεθα
3439 2919 3759 2995 φιλανθρω-

2152 3002 2303 3068 πίας·
2322 3004 2427 3058 Ἐν
2439 2994 2488 3070 ᾧ
2508 3001 2618 3073 γὰρ
2635 3003 2871 3073 κρίματι
2884 3002 3138 3071 κρίνετε,
3152 3003 3533 3073 κριθήσεσθε,
3552 2994 3757 3075 φησίν.

2166 3086 2308 3142 Ἀλλ’
2339 3088 2433 3140 ἐπὶ
2459 3086 2559 3158 τὴν
2593 3086 2852 3141 ὑπόθεσιν
2886 3086 3047 3139 πάλιν
3079 3086 3172 3140 τὸν
3195 3087 3351 3156 λόγον
3381 3089 3761 3158 ἐπαναγάγω-

2157 3188 2280 3244 μεν.
2317 3164 2460 3225 Ἰδὼν
2485 3169 2666 3223 τοίνυν
2694 3168 2859 3224 αὐτὸν
2882 3169 2941 3222 ἐν
2970 3171 3085 3232 τοῖς
3111 3169 3331 3235 κόλποις
3348 3171 3443 3224 τοῦ
3470 3171 3758 3245 Ἀϐραὰμ,

2156 3254 2312 3327 φησί·
2340 3249 2534 3324 Πάτερ
2583 3246 2854 3324 Ἁϐραάμ,
2909 3253 3177 3323 ἐλέησόν
3203 3272 3313 3326 με,
3360 3255 3457 3310 καί
3501 3256 3762 3328 πέμψον

2231 3468 2390 3532 Τίνος
2428 3464 2616 3521 ἕνεκεν
2671 3465 2793 3537 οὐχ).
2846 3464 2982 3537 πρὸς
3011 3466 3102 3520 τὸν
3156 3467 3402 3541 Λάζαρον
3443 3468 3535 3523 τὸν
3594 3468 3761 3540 λόγον

2160 3553 2482 3616 ἀπέτεινενς
2518 3546 2675 3622 Ἐμοὶ
2706 3550 2854 3604 δοκεῖ
2883 3552 2966 3604 ὅτι
3005 3549 3247 3623 ᾐσχύνθη
3289 3554 3383 3606 καὶ
3415 3554 3759 3626 ἠρυθρίασε,

2158 3636 2255 3691 καὶ
2278 3636 2343 3689 ἐκ
2384 3633 2495 3688 τῶν
2544 3635 2665 3687 κατ’
2699 3633 2863 3687 αὐτὸν
2913 3634 3258 3706 πραγμάτων
3299 3636 3546 3706 ἐνόμιζεν
3589 3638 3762 3693 αὐτὸν

2161 3718 2601 3792 μνησικακήσειν
2630 3716 2867 3781 πάντως.
2893 3717 2957 3770 Εἰ
2989 3716 3098 3788 γάρ
3132 3717 3263 3787 ἐγὼ,
3296 3721 3447 3789 φησὶ,
3478 3720 3758 3794 τοσαύτης

2160 3798 2454 3859 ἀπολαύων
2496 3802 2780 3874 εὐπορίας,
2820 3802 2915 3855 καὶ
2956 3802 3124 3873 μηδὲν
3169 3803 3516 3875 ἠδικημένος,
3561 3806 3622 3859 ἐν
3665 3823 3761 3859 το-

2164 3888 2374 3951 σούτοις
2410 3884 2541 3942 ὂντα
2588 3886 2780 3949 κακοῖς
2836 3885 3119 3957 ὑπερεῖδον
3162 3885 3257 3939 τὸν
3303 3887 3610 3958 ἄνθρωπον,
3658 3894 3763 3943 καὶ

2162 3968 2282 4027 οὐδέ
2301 3972 2501 4043 ψιχίων
2531 3970 2812 4042 μετέδωκα
2830 4010 2844 4036 ,
2889 3970 3070 4041 πολλῷ
3099 3971 3300 4042 μᾶλλον
3328 3973 3490 4037 αὐτὸς
3518 3976 3546 4026 6
3576 3973 3762 4041 οὕτως

2164 4056 2498 4129 ὖπεροιρθεὶς
2549 4056 2649 4109 οὐκ
2700 4053 2975 4109 ἐπινεύσει
3035 4056 3102 4127 τῇ
3147 4054 3353 4128 χάριτι.
3405 4056 3592 4111 Ταῦτα
3635 4060 3764 4129 οὐχὶ

2164 4141 2259 4196 τοῦ
2309 4136 2562 4214 Λαζάρου
2615 4138 3054 4211 κατηγοροῦντες
3106 4139 3375 4212 λέγομεν·
3410 4141 3470 4194 οὐ
3531 4144 3643 4214 γὰρ

2166 4223 2342 4290 οὕτως
2388 4224 2597 4288 ἐκεῖνος
2633 4222 2884 4285 διέκειτο,
2924 4220 2999 4294 μὴ
3038 4221 3283 4292 γένοιτο·
3321 4224 3435 4278 ἀλλ’
3482 4227 3565 4280 ὅτι
3605 4224 3760 4293 οὗτος

2165 4312 2341 4370 ⁴ταῦτα
2385 4310 2662 4376 δεδοικὼς,
2720 4310 2822 4365 οὐκ
2872 4311 3133 4366 ἐκάλεσεν
3181 4313 3430 4381 ἐκεῖνον,
3482 4316 3619 4370 ἀλλὰ
3666 4318 3760 4370 τὸν

2179 4398 2431 4471 Ἀϐραὰμ
2465 4395 2768 4467 ἐφώνησεν,
2803 4395 2861 4449 ὃν
2889 4394 3101 4465 ἀγνοεῖν
3123 4397 3263 4469 ᾤετο
3290 4399 3357 4453 τὰ
3381 4404 3757 4473 γεγενημέναο

2169 4484 2265 4538 καὶ
2296 4484 2385 4537 τὸν
2419 4481 2683 4549 δάκτυλον
2712 4481 3055 4554 ἐπεζήτησεν
3085 4484 3317 4550 ἐκεῖνον,
3348 4485 3407 4540 ὃν
3434 4490 3556 4552 ταῖς
3585 4489 3761 4558 γλώσ-

2172 4574 2294 4633 σαις
2331 4567 2440 4638 τῶν
2464 4565 2643 4620 κυνῶν
2670 4564 2852 4637 ἀφῆκε
2885 4566 3291 4638 περιλειχθῆναι
3314 4580 3337 4609 ο
3376 4570 3659 4637 πολλάκις.
3695 4574 3763 4627 Ti

2169 4649 2263 4707 οὖν
2291 4636 2526 4717 ἐάεῖνοκ
2560 4636 2798 4714 Τέκνον,
2823 4636 3128 4717 ἀπέλαϐες
3147 4636 3221 4706 τᾶ
3248 4652 3439 4722 ἀγαθά
3459 4671 3578 4709 σου
3689 4657 3764 4726 τῇ

2171 4734 2286 4815 ζωῇ
2315 4735 2602 4807 σου.”υρα
2633 4726 2972 4815 φιλοσοφίαν,
2993 4733 3097 4804 ὅρα
3118 4734 3501 4809 φιλοστοργίαν
3527 4739 3761 4799 δικαίου.

2172 4812 2288 4877 Οὐκ
2316 4816 2501 4874 εἶπεν·
2540 4812 2901 4891 ’Ᾱπάνθρωπε
2932 4819 3025 4873 καὶ
3078 4818 3199 4890 ώμὲ
3250 4821 3347 4876 καὶ
3396 4826 3763 4896 παμπόνηρε,

2171 4904 2411 4961 τοσαῦτα
2441 4900 2586 4960 κακά
2622 4904 2826 4969 διαθεὶς
2862 4904 2956 4960 τὸν
2994 4905 3312 4977 ἄνθρωπον,
3353 4908 3768 4981 φιλανθρωπίας

2178 4991 2454 5067 μέμνησαι
2500 4989 2595 5042 νῦν
2630 4988 2726 5041 καὶ
2762 4988 2917 5042 ἐλέου
2969 4991 3062 5042 καὶ
3107 4991 3473 5062 συγγνώμης;
3512 4994 3615 5047 οὐκ
3643 4998 3767 5067 έρυ-

2176 5074 2366 5146 θριᾷς,
2405 5071 2527 5125 οὐδέ
2578 5070 2846 5144 αίσχύνῃ;
2909 5072 3068 5127 Ἀλλά
3102 5074 3188 5139 τίς
3258 5068 3513 5143 Τέκνον,
3566 5078 3765 5149 φησὶν,

2174 5159 2476 5224 ἀπέλαϐες
2502 5155 2574 5211 τὰ
2595 5156 2789 5226 ἀγαθά
2804 5173 2942 5214 σου.
2968 5154 3186 5227 Ψυχὴν
3213 5158 3323 5231 γάρ
3344 5162 3763 5230 κεκακωμένην

2171 5245 2258 5316 μὴ
2290 5242 2737 5313 προσταράξῃς,
2787 5243 2971 5313 φησίν.
3030 5243 3218 5316 ’Δρκετ
3268 5245 3336 5298 τὰ
3378 5246 3477 5317 τῆς
3499 5248 3760 5318 τιμωρίας

2177 5328 2357 5400 αὐτῷ·
2387 5325 2464 5398 μὴ
2487 5326 3053 5398 προσεπεμϐαίνωμεν
3085 5326 3254 5381 αὐτοῦ
3285 5331 3406 5392 ταῖς
3435 5333 3760 5402 συμφοραῖς.

2183 5411 2393 5474 Ἀλλως
2414 5406 2491 5473 δὲ,
2522 5411 2615 5464 καὶ
2647 5411 2734 5465 ἵνα
2767 5411 2840 5481 μὴ
2867 5411 3086 5483 νομίσῃ,
3119 5411 3202 5465 ὃτι
3240 5413 3592 5484 μνησικακῶν
3628 5412 3767 5483 ὑπὲρ

2181 5495 2291 5550 τῶν
2329 5494 2711 5566 παρελθόντων
2756 5493 3027 5547 ἐκώλυσεν
3059 5488 3314 5551 ἀπελθεῖν
3348 5497 3440 5551 τὸν
3479 5498 3761 5568 Λάζαρον,

2251 5741 2273 5771 °
2299 5738 2434 5789 Unus
2450 5739 2752 5799 προδοθῆναι,
2766 5737 2892 5789 alius
2908 5740 3244 5803 παραδοθῆναι.
