3958 6428
127 370 267 427 9°9
611 385 633 410 κ

134 487 375 542 for.bus
425 481 618 541 sedens
668 478 960 536 venabatur
1010 483 1392 547 prastereuntes
1438 485 1661 539 omnes,
1710 477 1766 524 et

133 574 622 648 quemadmodum
671 572 921 642 piscator,
960 562 1104 641 iacto
1132 568 1186 622 in
1225 580 1372 621 mare
1402 564 1534 630 reti,
1565 563 1764 632 piscem

138 668 388 738 quidem
433 665 681 731 attrahit,
710 662 928 718 attrahit
962 669 1139 716 autem
1171 660 1473 729 frequenter
1501 665 1555 711 et
1578 669 1766 710 aurum

85 749 208 835 \et
252 760 578 832 margaritas
609 776 622 812 :
656 757 838 812 itidem
878 763 934 812 et
977 754 1066 809 hic
1104 753 1204 809 reti
1241 759 1459 822 captans
1487 748 1764 814 homines,

143 855 407 924 pisi-atus
449 859 531 906 est
573 849 802 905 tamdem
845 855 901 902 et
945 846 1202 918 angelos,
1241 843 1489 916 quodque
1520 838 1763 906 mireris,

143 946 333 1001 etiam
372 943 608 998 insciens
639 940 788 1008 (Cen.
821 940 907 994 i8.
938 939 1020 1010 2).

234 1035 291 1089 II
301 1036 588 1106 ospilalitas
611 1035 664 1088 in
689 1049 876 1088 omnes.
900 1062 970 1073 ——
993 1030 1049 1086 ιιι
1075 1028 1217 1100 quod
1241 1035 1294 1084 et
1316 1027 1510 1084 Paulus
1532 1025 1584 1080 in
1611 1023 1768 1094 huius

149 1127 420 1184 laudibus
449 1126 583 1181 dixit
612 1143 625 1179 :
661 1123 1038 1192 Hospitalitatis
1063 1121 1216 1176 nolite
1241 1117 1464 1174 oblivisci
1485 1132 1506 1171 :
1526 1132 1616 1186 per
1635 1115 1769 1168 hanc

148 1221 303 1272 enim
339 1218 580 1288 quidam,
621 1217 918 1276 inscientes,
951 1214 1168 1282 hospitio
1206 1215 1504 1280 exceperunt
1555 1207 1768 1279 angelos

150 1308 168 1373 (
189 1307 366 1362 Hebr.
390 1305 476 1360 15.
497 1303 581 1370 2).
606 1300 683 1357 Ac
702 1309 848 1356 recte
859 1300 1018 1366 dixit,
1044 1298 1342 1353 inscientes.
1369 1298 1502 1353 Nam
1527 1297 1571 1353 si
1596 1296 1770 1351 sciens

155 1400 295 1454 illos
326 1397 623 1467 excepisset
650 1404 796 1450 tanta
831 1410 950 1451 cum
980 1391 1390 1458 benevolentia,
1421 1389 1553 1444 nihil
1591 1386 1768 1458 magni

158 1492 365 1546 mirive
393 1489 625 1545 fecisset.
652 1487 760 1544 Sed
787 1490 902 1543 haec
929 1495 1037 1540 tota
1068 1485 1202 1551 laus,
1225 1482 1364 1554 quod
1386 1482 1634 1552 ignorans
1654 1482 1772 1550 qui-

161 1599 297 1636 nam
334 1590 514 1637 essent
551 1580 642 1650 qui
684 1579 1028 1651 prmteribant
1050 1618 1067 1644 ,
1100 1593 1200 1632 nec
1225 1574 1369 1630 aliud
1398 1589 1518 1630 esse
1546 1571 1769 1629 credens

158 1689 336 1743 quam
377 1673 621 1727 homines
651 1672 910 1737 viatores,
938 1685 1058 1725 cum
1090 1676 1234 1724 tanta
1261 1666 1534 1721 alacritate
1562 1663 1770 1719 vocavit

164 1766 340 1819 intro.
369 1764 448 1818 Tu
477 1762 691 1833 quidem
724 1762 883 1831 igitur
920 1761 964 1814 si
997 1776 1154 1830 quem
1190 1757 1420 1813 nobilem
1449 1771 1512 1811 ac
1536 1754 1772 1825 splendi-

161 1856 302 1911 dum
340 1854 646 1923 cxceperis,
693 1853 1019 1922 multamque
1061 1850 1371 1922 prmstiteris
1406 1848 1766 1913 alacritatem,

165 1947 248 2002 nil
287 1947 482 2000 mirum
511 1953 611 2000 est.
654 1943 788 2000 Nam
819 1943 985 1997 virtus
1017 1942 1132 2010 ejus
1161 1940 1250 2012 qui
1287 1939 1574 2009 excipitur,
1609 1938 1770 1992 etiam

167 2039 556 2110 inhospitalem
605 2036 911 2107 frequenter
951 2035 1148 2105 adigit,
1179 2044 1237 2089 ut
1271 2047 1485 2088 omnem
1525 2029 1774 2086 exhibeat

166 2129 560 2186 humanitatem
591 2145 605 2183 :
635 2137 888 2182 cancrum
917 2125 1044 2180 illud
1075 2124 1362 2178 maximum
1385 2131 1440 2177 et
1465 2119 1774 2176 admiratio-

166 2240 242 2278 ne
271 2222 489 2292 dignum
512 2263 527 2286 ,
559 2220 769 2290 quoties
802 2228 852 2274 et
888 2219 1134 2287 vulgares
1169 2229 1222 2272 et
1260 2216 1495 2287 abjectos
1531 2231 1594 2270 ac
1639 2214 1773 2268 viles

169 2315 346 2370 multa
385 2328 506 2367 cum
558 2311 927 2366 benevolentia
967 2309 1280 2380 excipimus.
1324 2308 1608 2378 Propterea
1645 2307 1774 2362 dicit

164 2406 424 2461 Christus
457 2404 767 2460 collaudans
791 2419 886 2460 eos
912 2405 1000 2474 qui
1042 2404 1111 2456 ita
1142 2401 1340 2457 faciunt
1373 2419 1385 2454 :
1419 2401 1668 2472 Quicquid
1693 2402 1773 2470 {e-

168 2500 346 2554 ceritis
371 2500 460 2553 uni
484 2515 548 2553 ex
574 2499 652 2553 his
677 2498 897 2552 minimis
917 2539 932 2564 ,
963 2495 1048 2567 qui
1076 2495 1284 2550 credunt
1313 2496 1366 2549 in
1392 2511 1502 2561 me,
1539 2495 1665 2548 mihi
1695 2496 1772 2565 fe-

169 2591 366 2646 ceritis.
412 2591 490 2646 Ac
532 2605 718 2645 rursus
739 2631 755 2658 ,
797 2588 882 2642 Ita
917 2605 1020 2643 non
1053 2597 1125 2643 est
1155 2588 1388 2642 uoluntas
1425 2603 1594 2640 coram
1624 2587 1777 2642 Patre

175 2692 346 2739 vestro
365 2724 381 2750 ,
409 2691 464 2736 ut
493 2691 667 2754 pereat
694 2698 826 2736 unus
851 2697 914 2736 ea:
944 2680 1141 2751 pusillis
1175 2681 1282 2734 istis
1309 2677 1522 2749 (Matth.
1549 2677 1640 2732 25.
1668 2677 1772 2742 45ς

174 2783 226 2829 et
254 2773 345 2829 18.
383 2774 510 2843 ii);
538 2787 601 2828 ac
641 2774 830 2828 iterum
853 2812 868 2836 ,
901 2772 1212 2842 Quicumque
1238 2769 1503 2837 o/fenderit
1533 2785 1684 2823 unum
1715 2785 1778 2822 ea;

178 2865 384 2937 pusillis
429 2865 570 2930 istis,
599 2865 803 2935 expedit
845 2865 893 2918 ei
927 2874 981 2918 ut
1024 2865 1342 2936 appendatur
1379 2863 1515 2916 mola
1552 2861 1777 2916 asinaria

177 2959 320 3012 circa
346 2956 534 3011 collum
559 2957 723 3023 illius,
745 2965 792 3010 et
814 2955 1082 3028 abjiciatur
1106 2956 1160 3009 in
1183 2971 1324 3008 mare
1356 2953 1460 3022 (Ib.
1491 2970 1541 3007 υ.
1572 2953 1647 3022 6).
1678 2952 1778 3007 De-

181 3049 343 3120 nique
380 3048 579 3103 multus
621 3049 817 3119 ubique
850 3057 932 3102 est
958 3047 1172 3102 Christo
1197 3046 1265 3102 de
1301 3045 1509 3116 pusillis
1534 3055 1588 3101 et
1617 3044 1776 3098 mini-

181 3141 287 3197 mis
313 3155 490 3196 sermo
525 3156 542 3196 :
570 3140 712 3211 quod
739 3139 954 3211 quidem
979 3137 1249 3195 Abraham
1279 3138 1453 3193 sciens
1481 3152 1586 3191 non
1611 3150 1776 3191 excu-

183 3234 348 3291 tiebat
370 3233 556 3304 quales
579 3241 758 3288 essent
782 3240 1163 3303 praetereuntes
1181 3272 1196 3298 ,
1219 3246 1319 3287 nec
1339 3231 1480 3285 unde
1499 3229 1777 3294 venirent,

181 3323 635 3396 quemadmodum
681 3339 780 3379 nos
817 3337 959 3378 nunc
992 3322 1250 3391 facimus,
1286 3322 1382 3378 sed
1417 3321 1533 3376 sine
1569 3320 1778 3375 delectu

184 3426 568 3489 praetereuntes
592 3415 892 3486 excipiebat
913 3429 1120 3471 omnes.
1142 3414 1274 3470 Nam
1299 3430 1421 3470 cum
1448 3413 1536 3484 qui
1561 3420 1782 3484 przcstat

187 3509 608 3576 humanitatem,
638 3523 746 3563 non
772 3516 983 3579 oportet
1008 3521 1299 3578 exposcere
1321 3506 1444 3561 vitae
1477 3505 1736 3560 rationem
1759 3544 1777 3572 ,

187 3599 282 3654 sed
310 3599 500 3669 inopiae
526 3598 751 3666 mederi,
781 3597 1191 3668 necessitatique
1218 3596 1515 3668 providere.

261 3691 446 3762 Egenti
482 3691 560 3745 vel
599 3692 970 3762 improbissimo
1012 3692 1416 3761 impertiendum.
1457 3719 1530 3730 —
1555 3688 1780 3745 Unicum

192 3783 352 3838 habet
371 3782 720 3852 patrocinium
747 3797 965 3852 pauper,
990 3789 1278 3853 egestatem
1300 3797 1362 3836 ac
1383 3781 1779 3847 necessitatem,

192 3889 260 3929 ne
289 3873 411 3943 quid
441 3872 509 3928 ab
549 3873 638 3927 illo
666 3873 901 3943 postules
937 3873 1165 3943 amplius
1193 3891 1207 3926 :
1239 3872 1586 3945 sed/etiamsi
1626 3871 1784 3926 fuerit

190 3963 428 4016 omnium
460 3963 883 4032 improbissimus
901 4004 917 4029 ,
946 3973 1000 4018 et
1028 3962 1235 4033 eguerit
1273 3947 1578 4018 necessario
1604 3963 1780 4028 victu,

191 4053 442 4108 sedemus
485 4053 626 4107 illius
667 4051 882 4108 famem.
914 4053 988 4107 Ita
1017 4063 1070 4108 et
1096 4053 1340 4108 Christus
1377 4053 1494 4108 fieri
1533 4055 1787 4124 praecepit

194 4145 381 4199 dicens
411 4164 424 4198 :
457 4143 659 4211 Estote,
693 4143 895 4215 inquit,
923 4145 1110 4199 similes
1134 4143 1308 4200 Patris
1334 4146 1484 4198 vestri
1514 4146 1600 4215 qui
1632 4154 1703 4199 est
1731 4146 1785 4200 in

195 4235 355 4299 cwlis,
383 4234 470 4304 qui
498 4235 653 4288 solem
679 4251 828 4289 suum
857 4235 981 4288 oriri
1008 4235 1130 4305 facit
1169 4251 1323 4304 super
1347 4235 1502 4289 bonos
1527 4246 1571 4290 et
1600 4237 1780 4302 malos,

194 4337 241 4382 et
269 4325 395 4397 pluit
424 4343 574 4396 super
598 4331 765 4395 iustos
791 4337 836 4380 et
866 4327 1082 4398 injustas
1108 4325 1322 4397 (Matth.
1350 4327 1404 4382 5.
1435 4327 1551 4396 45).
1591 4326 1786 4382 Portus

190 4429 282 4475 est
327 4419 379 4473 in
427 4421 746 4477 necessitate
793 4421 1201 4475 constitutorum
1250 4419 1411 4475 homo
1457 4419 1784 4476 misericors.

200 4511 391 4565 Portus
427 4520 602 4564 autem
629 4526 849 4576 omnes,
883 4511 973 4581 qui
1010 4511 1064 4566 in
1104 4510 1428 4581 naufragium
1467 4510 1784 4578 inciderint,

198 4601 394 4672 excipit
423 4601 739 4671 liberatque,
766 4605 879 4657 sive
907 4602 1031 4656 mali
1063 4601 1279 4669 fuerint,
1309 4603 1421 4658 sive
1458 4602 1600 4667 boni,
1634 4600 1789 4656 deni-

197 4707 306 4763 que
338 4693 660 4762 quicumque
688 4692 883 4748 fuerint
912 4693 999 4763 qui
1031 4694 1417 4764 periclitantur,
1446 4695 1498 4749 in
1525 4694 1673 4750 sinus
1702 4694 1790 4749 ille

200 4800 329 4841 suos
355 4785 571 4854 excipit.
603 4785 683 4840 Tu
715 4786 936 4854 proinde
975 4786 1020 4840 si
1054 4787 1252 4842 videris
1282 4788 1550 4843 hominem
1570 4829 1585 4854 ,
1616 4788 1706 4858 qui
1736 4789 1790 4844 in

201 4876 452 4945 egestatis
489 4875 820 4947 naufragium
847 4877 1110 4945 inciderit,
1142 4894 1209 4934 ne
1231 4879 1432 4950 judica,
1459 4895 1526 4934 ne
1551 4881 1674 4934 vita:
1699 4896 1790 4950 ge-

201 4975 285 5020 sta
306 4967 545 5021 examina
569 5008 583 5031 ,
611 4967 705 5022 sed
741 4967 956 5023 medere
994 4969 1242 5024 miserim.
1272 4970 1408 5036 Quid
1439 4971 1550 5040 ipse
1577 4971 1667 5025 tibi
1694 4989 1792 5026 ne-

203 5056 402 5126 gotium
439 5058 709 5113 accersis?
746 5057 1018 5114 Liberavit
1046 5069 1096 5115 te
1131 5061 1270 5116 Deus
1303 5062 1448 5116 omni
1476 5062 1563 5116 tali
1591 5062 1792 5118 solliei-

204 5147 415 5214 tudine,
445 5158 504 5204 et'
537 5151 864 5204 curiositate.
901 5151 1068 5217 Quam
1109 5152 1273 5206 multa
1315 5153 1551 5224 plerique
1586 5152 1796 5209 fuerant

205 5239 426 5306 dicturi,
460 5257 724 5312 quamque
751 5242 995 5297 difﬁciles
1020 5253 1170 5299 erant
1196 5244 1392 5309 futuri,
1421 5246 1464 5301 si
1491 5246 1633 5301 Deus
1659 5261 1794 5316 pra:—

207 5335 456 5403 cepisset,
484 5345 542 5390 ut
565 5337 711 5406 prius
735 5344 982 5391 accurate
1007 5337 1167 5390 vitam
1200 5338 1439 5408 factaque
1465 5338 1793 5408 singulorum

208 5424 625 5496 disquirercmus
644 5469 660 5492 ,
686 5442 749 5483 ac
773 5437 883 5482 tum
913 5427 1127 5482 demum
1155 5429 1521 5484 conferremus
1556 5431 1793 5486 elecmo-

205 5531 392 5586 synam
414 5517 438 5570 ?
462 5517 614 5573 Nunc
639 5518 740 5574 hac
764 5520 907 5575 omni
934 5521 1240 5576 curiositate
1269 5537 1367 5577 nos
1397 5522 1659 5578 liberavit.
1688 5523 1794 5580 Cur

208 5626 333 5681 ergo
355 5625 511 5665 curas
535 5626 956 5681 supervacaneas
981 5613 1136 5669 nobis
1155 5615 1509 5672 aceersimus?
1533 5615 1691 5672 Aliud
1711 5626 1795 5673 est

206 5700 389 5771 judex,
419 5701 560 5756 aliud
592 5703 946 5775 elecmOsynze
978 5705 1194 5776 largitor
1223 5723 1238 5760 :
1267 5706 1387 5762 idco
1413 5717 1630 5762 vocatur
1653 5707 1795 5764 elec-

208 5805 449 5864 tnesyua,
474 5793 616 5864 quod
637 5809 756 5852 cata
782 5805 836 5852 et
859 5794 1086 5868 indignis
1108 5796 1317 5854 damus.
1341 5797 1492 5856 Unde
1516 5807 1570 5856 et
1591 5798 1789 5856 Paulus

1423 356 1510 411 DE
1551 348 1828 408 LAZARO
1862 347 2107 406 CONCIO
2148 349 2208 405 ll.

3349 350 3452 405 990

1872 464 2204 531 cohortatur,
2233 475 2288 521 ut
2315 466 2385 522 ita
2411 466 2684 534 faciamus,
2715 475 2770 522 et
2797 467 2871 521 ait
2899 485 2913 521 :
2955 466 3054 523 Vos
3079 477 3247 522 autem
3276 467 3458 522 bonum

1870 557 2109 627 facientes
2144 575 2242 612 non
2277 558 2552 628 deﬁciatis,
2595 575 2714 630 erga
2747 575 2952 624 omnes,
2983 559 3072 612 sed
3101 559 3318 612 maxime
3342 575 3461 630 erga

1871 651 2168 706 domesticos
2198 651 2318 720 ﬁdei
2345 650 2555 722 (Galat.
2587 651 2640 706 ϐ.
2676 651 2730 707 9.
2765 651 2893 722 10).
2933 650 3086 717 Quod
3128 651 3174 705 si
3217 649 3462 720 indignos

1871 745 2080 800 curiose
2108 742 2455 800 discutiamus
2480 745 2960 815 disquiramusque,
2988 759 3056 799 ne
3079 745 3224 815 digni
3249 745 3460 813 quidem

1871 834 2026 890 facile
2064 835 2118 890 in
2149 851 2245 890 nos
2280 835 2532 891 incident.
2561 836 2712 904 Quod
2739 837 2784 890 si
2815 836 3043 905 indignis
3070 851 3280 907 quoque
3322 853 3460 906 pra:-

1870 928 2162 983 stiterimus
2191 926 2503 982 beneficium
2522 968 2538 994 ,
2570 928 2818 982 nimirum
2853 933 2908 980 et
2934 926 3098 998 digni,
3125 928 3322 1006 quique
3348 942 3464 982 om-

1872 1017 2018 1072 nium
2063 1018 2272 1072 illorum
2313 1018 2568 1072 malitiam
2611 1011 2814 1073 virtute
2851 1027 3111 1088 pensent,
3154 1018 3367 1073 venient
3405 1016 3457 1066 in

1840 1125 2060 1165 -manus
2100 1120 2309 1165 nostras
2340 1129 2352 1165 :
2385 1112 2521 1166 sicut
2547 1110 2722 1166 evenit
2750 1111 2906 1167 beato
2935 1111 3164 1166 Abraha:
3187 1153 3202 1177 ,
3236 1113 3321 1167 cui
3358 1111 3462 1165 mi-

1872 1201 2018 1256 nime
2041 1200 2284 1268 curioso,
2313 1202 2497 1271 quales
2523 1211 2704 1257 essent
2727 1203 2814 1272 qui
2846 1203 3214 1273 praeteribant,
3245 1204 3463 1273 contigit

1874 1293 2084 1348 tandem
2117 1303 2172 1348 ut
2201 1302 2256 1348 et
2290 1293 2510 1365 angelus
2536 1293 2808 1364 exciperet
2835 1295 3084 1363 hospitio.
3115 1295 3266 1350 Hunc
3306 1296 3464 1364 igitur

1872 1393 1927 1440 et
1959 1401 2055 1440 nos
2086 1385 2352 1440 imitemur
2375 1427 2391 1452 ,
2423 1385 2688 1456 simulque
2730 1401 2850 1440 cum
2897 1386 2998 1441 hoc
3042 1396 3287 1458 nepotem
3322 1387 3462 1442 illius

1871 1477 1991 1534 Job.
2021 1478 2458 1549 Quandoquidem
2485 1487 2540 1533 et
2570 1478 2657 1533 hic
2696 1480 3047 1549 progenitoris
3072 1480 3152 1534 sui
3191 1481 3465 1550 magnani-

1873 1571 2109 1625 mitatem
2151 1586 2355 1625 summa
2399 1585 2520 1625 eum
2559 1570 2831 1641 diligentia
2866 1579 2949 1625 est
2989 1571 3262 1626 imitatus:
3293 1586 3465 1640 eoque

1871 1661 2084 1717 dicebat
2109 1680 2122 1716 :
2153 1663 2350 1717 Ostium
2375 1679 2540 1718 meum
2557 1664 2754 1735 jugiter
2779 1663 2978 1734 patebat
3005 1666 3160 1720 cuivis
3185 1665 3466 1719 advenienti

1874 1753 2002 1825 (Job
2033 1756 2122 1810 3|.
2155 1753 2223 1810 52
2239 1754 2280 1826 Ῐ.
2333 1754 2448 1809 Non
2479 1757 2556 1809 sic
2585 1755 2709 1810 huic
2738 1755 2990 1826 patebat,
3029 1763 3089 1810 ut
3129 1755 3281 1810 alteri
3325 1763 3466 1810 esset

1873 1847 2168 1915 occlusum,
2197 1847 2291 1902 sed
2321 1847 2684 1902 indifferenter
2711 1858 2952 1917 apertum
2982 1857 3099 1903 erat
3124 1848 3390 1903 omnibus.

1945 1939 1998 1995 6.
2029 1939 2141 1994 Hoc
2174 1940 2475 2010 exemplum
2502 1949 2558 1994 et
2585 1955 2683 1994 nos
2702 1981 2716 2006 ,
2746 1955 2926 2010 quaeso
2950 1981 2965 2005 ,
3007 1940 3306 2007 imitemur,
3337 1940 3465 1997 nihil

1874 2032 2212 2103 exquirentes
2235 2032 2369 2086 ultra
2395 2048 2551 2102 quam
2575 2041 2804 2102 oportet.
2827 2032 2958 2086 Nam
2982 2033 3049 2088 ad
3077 2035 3178 2088 hoc
3194 2043 3250 2088 ut
3269 2049 3468 2103 pauper

1873 2123 2065 2194 dignus
2091 2123 2348 2177 habeatur
2372 2123 2712 2192 eleemosyna
2733 2163 2748 2189 ,
2782 2123 2912 2178 satis
2937 2132 3020 2179 est
3058 2134 3284 2194 egestas.
3314 2125 3466 2193 Quod

1874 2215 1920 2270 si
1946 2215 2065 2285 quis
2086 2229 2208 2270 cum
2244 2214 2344 2270 hac
2367 2215 2829 2272 commendatione
2862 2227 2961 2272 nos
2999 2217 3221 2281 adierit,
3250 2233 3316 2272 ne
3341 2219 3468 2288 quid

1875 2307 2103 2376 amplius
2121 2308 2331 2362 curiose
2351 2315 2655 2363 scrutemur
2678 2326 2690 2362 :
2717 2323 2814 2363 nec
2833 2310 2975 2363 enim
3002 2308 3238 2364 moribus
3257 2308 3466 2375 damus,

1875 2399 1970 2454 sed
2011 2398 2210 2454 homini
2245 2417 2258 2454 :
2289 2413 2388 2454 nec
2424 2399 2494 2454 ob
2526 2399 2777 2454 virtutem
2798 2415 2899 2454 nos
2927 2399 3044 2469 ejus
3072 2401 3341 2465 misereat,
3375 2402 3468 2455 sed

1877 2491 1948 2546 ob
1968 2491 2355 2559 calamitatem,
2384 2507 2490 2561 quo
2514 2492 2763 2546 nimirum
2791 2503 2845 2547 et
2880 2491 2976 2561 ipsi
3005 2493 3276 2562 copiosam
3303 2508 3330 2546 a
3360 2493 3468 2547 Do-

1877 2584 2025 2638 mino
2051 2584 2473 2638 misericordiam
2511 2585 2666 2640 nobis
2691 2585 3040 2640 conciliemus
3057 2626 3074 2652 ,
3098 2596 3154 2640 ut
3177 2595 3231 2641 et
3257 2587 3310 2641 in
3336 2602 3434 2641 nos
3453 2629 3469 2654 ,

1877 2678 1965 2747 qui
1991 2677 2188 2746 indigni
2219 2692 2436 2746 sumus,
2467 2677 2556 2732 ille
2597 2693 2746 2733 suam
2791 2677 3032 2733 conferat
3067 2679 3469 2750 benignitatem.

1878 2770 2010 2826 Nam
2045 2771 2091 2825 si
2119 2771 2172 2825 in
2201 2772 2473 2827 conservis
2503 2772 2702 2827 nostris
2727 2772 3050 2840 coeperimus
3078 2774 3360 2843 exquirere
3387 2774 3470 2826 di-

1878 2864 2156 2933 gnitatem,
2187 2879 2472 2938 moresque
2498 2864 2782 2934 vestigare,
2810 2863 2948 2918 idem
2978 2873 3033 2920 et
3073 2865 3213 2920 Deus
3239 2863 3472 2920 facturus

1879 2961 1963 3009 est
1986 2953 2040 3008 in
2069 2955 2221 3009 nobis
2240 2994 2255 3020 ,
2282 2955 2516 3024 dumque
2539 2955 2818 3010 studemus
2840 2971 2872 3011 a
2894 2955 3169 3010 conservis
3189 2972 3474 3026 reposcere

1879 3045 2002 3100 vitae
2026 3061 2214 3100 causas
2237 3087 2253 3113 ,
2283 3047 2381 3116 ipsi
2406 3047 2622 3116 superni
2650 3047 2882 3101 numinis
2908 3046 3285 3116 benignitatem
3313 3047 3467 3102 amit-

1881 3145 2074 3194 temus.
2102 3136 2168 3191 In
2193 3155 2292 3208 quo
2320 3139 2472 3204 enim,
2503 3138 2694 3208 inquit,
2712 3139 2913 3209 judicio
2930 3140 3298 3211 judicareritis,
3327 3140 3468 3204 iudi-

1880 3229 2117 3284 cabimini
2141 3228 2356 3300 (Matth.
2388 3230 2442 3284 7.
2466 3229 2545 3301 2).
2578 3228 2683 3285 Sed
2714 3229 2780 3284 ad
2819 3245 2932 3285 rem
2963 3230 3263 3286 redeamus.
3293 3231 3474 3298 Itaque

1881 3337 2004 3378 cum
2031 3321 2236 3378 videret
2273 3321 2422 3376 illurn
2459 3321 2511 3374 in
2538 3322 2658 3376 sinu
2689 3320 2917 3376 Abrahae
2937 3362 2951 3385 ,
2978 3321 3052 3376 ait
3084 3337 3097 3374 :
3126 3320 3281 3375 Pater
3311 3323 3473 3375 Abra-

1883 3413 2022 3478 ham,
2048 3413 2283 3466 miserere
2306 3413 2425 3476 mei,
2455 3421 2502 3466 et
2530 3413 2671 3466 mitte
2700 3411 2954 3466 Lazarum
2976 3412 3123 3481 (Luc.
3151 3413 3236 3467 i6.
3258 3412 3375 3483 24).

1954 3504 2106 3559 Dives
2141 3521 2231 3558 cur
2260 3504 2516 3557 Abraham
2540 3505 2765 3573 appellat
2801 3504 2966 3574 potius
3003 3520 3157 3574 quant
3198 3502 3472 3558 Lazarum.

1883 3627 1956 3639 —
1981 3597 2336 3666 Quamobrem
2366 3611 2471 3651 non
2505 3595 2572 3650 ad
2619 3596 2790 3666 ipsum
2834 3595 3090 3649 Lazarum
3130 3596 3324 3651 direxit
3358 3612 3475 3650 ser-

1885 3689 2141 3745 monem?
2166 3687 2363 3751 Pudor,
2392 3697 2450 3742 ut
2474 3686 2721 3743 existimo
2740 3727 2756 3754 ,
2781 3686 3027 3742 obstabat
3048 3702 3112 3742 ac
3135 3688 3474 3742 verecundia.

1885 3782 1967 3837 Ex
2005 3782 2070 3836 iis
2103 3781 2246 3836 enim
2274 3796 2394 3850 qua:
2419 3781 2472 3835 in
2502 3779 2650 3834 illum
2679 3779 2908 3841 fecerat.
2941 3779 3474 3843 arbitrabatur‘illum

1886 3873 2105 3930 omnino
2141 3873 2450 3928 meminisse
2488 3872 2750 3927 malorum
2779 3873 3187 3941 praeteritorum.
3216 3872 3476 3939 Quoniam

1886 3967 1931 4021 si
1957 3981 2056 4038 ego
2077 4006 2094 4034 ,
2125 3965 2336 4036 inquit,
2369 3974 2513 4020 tanta
2557 3981 2736 4021 rerum
2773 3964 2999 4020 affluens
3035 3966 3187 4035 copia
3207 4007 3220 4028 ,
3251 3965 3382 4020 nihil
3413 3967 3480 4020 ab

1888 4058 1980 4112 illo
2007 4058 2166 4113 laesus
2189 4098 2204 4122 ,
2235 4056 2369 4112 adeo
2409 4056 2629 4127 despexi
2670 4058 2940 4112 hominem
2981 4058 3032 4110 in
3065 4067 3141 4112 tot
3175 4059 3328 4112 malis
3355 4074 3479 4110 ver-

1845 4201 1856 4209 ,
1888 4157 2119 4215 santem,
2147 4157 2297 4204 utne
2323 4149 2489 4204 micas
2515 4148 2732 4218 quidem
2758 4149 3127 4219 impertierim,
3150 4159 3347 4218 quanto
3369 4166 3481 4203 ma-

1887 4240 1968 4309 gis
2007 4239 2095 4294 ille
2131 4239 2210 4295 sic
2252 4248 2622 4309 contemptus,
2665 4254 2769 4294 non
2808 4250 3006 4295 annuet
3036 4241 3236 4310 petenti
3275 4242 3478 4296 beneﬁ-

1888 4332 2062 4387 cium?
2085 4331 2209 4386 Hmc
2234 4348 2341 4386 non
2367 4340 2428 4386 ut
2451 4332 2710 4386 Lazarum
2736 4346 3066 4398 accusemus,
3090 4331 3318 4387 dicimus
3346 4351 3360 4387 :
3388 4350 3482 4388 ne-

1889 4439 1993 4495 que
2017 4424 2159 4480 enim
2190 4424 2292 4479 hoc
2319 4426 2497 4479 animo
2527 4424 2622 4479 fuit
2650 4424 2898 4490 Lazarus,
2929 4425 3064 4479 absit
3095 4443 3107 4478 :
3139 4424 3232 4480 sed
3261 4441 3478 4481 causam

1891 4517 2274 4582 indicavimus,
2305 4517 2429 4587 quid
2473 4516 2557 4572 hic
2592 4516 2795 4571 veritus
2831 4533 2936 4571 non
2973 4517 3274 4588 implorarit
3307 4519 3478 4588 ipsum

1890 4609 2169 4673 Lazarum,
2202 4609 2296 4663 sed
2327 4609 2505 4678 potius
2535 4608 2801 4663 Abraham
2838 4610 3154 4675 inclamarit,
3183 4626 3340 4680 quem
3369 4611 3481 4664 exi-

1893 4701 2140 4755 stimabat
2169 4700 2375 4755 nescire
2403 4716 2522 4770 quae
2563 4700 2774 4756 fuerant
2797 4710 2934 4756 acta.
2969 4704 3140 4773 Atque
3177 4703 3316 4757 illius
3343 4703 3479 4772 digio

1895 4801 2007 4846 tum
2056 4807 2194 4846 nunc
2241 4791 2593 4862 implorabat,
2641 4808 2796 4863 quem
2845 4794 3035 4848 crebro
3086 4810 3270 4862 passus
3311 4794 3481 4849 fuerat

1895 4882 2224 4954 circumlingi
2252 4899 2444 4938 canum
2471 4882 2682 4954 linguis.
2714 4883 2850 4952 Quid
2882 4884 3038 4953 igitur
3070 4885 3199 4939 ille?
3229 4884 3334 4938 Fili
3354 4928 3367 4948 ,
3395 4903 3469 4940 re-

1895 4974 2072 5045 cepisti
2107 4975 2237 5028 bona
2263 4983 2350 5028 tua
2379 4974 2430 5028 in
2455 4975 2558 5028 vita
2582 4985 2669 5028 tua
2691 4975 2708 5046 (
2734 4973 2814 5028 Ib.
2844 4991 2893 5029 υ.
2923 4954 2994 5030 23
3014 4977 3052 5044 ).
3082 4976 3211 5030 Vide
3238 4975 3479 5045 philosoo

1897 5067 2096 5137 phiam,
2123 5067 2245 5122 vide
2270 5067 2650 5123 humanitatem
2667 5067 2818 5138 justi.
2843 5067 2956 5122 Non
2987 5068 3142 5136 dixit,
3170 5069 3469 5137 inhumane,

1897 5158 2149 5223 crudelis,
2178 5159 2612 5226 sceleratissime,
2645 5175 2766 5214 cum
2796 5168 2900 5212 tam
2933 5161 3096 5214 mtrlta
3125 5161 3259 5214 mala
3287 5159 3478 5215 intule-

1896 5251 1972 5307 ris
2003 5251 2225 5315 homini,
2258 5267 2400 5306 nune
2424 5254 2744 5306 mentionem
2777 5251 2930 5306 nobis
2960 5251 3090 5307 facis
3115 5251 3480 5319 humanitatis,

1897 5342 2278 5398 misericordias
2297 5383 2312 5408 ,
2345 5351 2400 5398 et
2426 5343 2630 5397 veniat?
2655 5342 2768 5398 Non
2796 5343 2956 5414 pudet
2981 5385 2998 5411 ,
3037 5355 3140 5399 neu
3167 5344 3438 5399 erubescis
3455 5342 3482 5397 ἲ

1897 5433 2003 5489 Sed
2034 5434 2158 5504 quid
2197 5434 2360 5488 dicit?
2391 5433 2526 5500 Fili,
2567 5436 2758 5506 inquit,
2787 5437 3014 5505 recepisti
3052 5436 3182 5491 bona
3211 5447 3318 5490 tua.
3347 5436 3481 5492 Nam

1897 5526 2304 5594 anirnce,inquit,
2335 5526 2540 5596 dejecta:
2570 5543 2670 5580 non
2685 5527 2840 5581 addes
2851 5528 3478 5599 perturbationem(Eccli.

1897 5617 1950 5671 4.
1975 5615 2009 5670 3
2031 5617 2069 5684 ).
2086 5615 2228 5670 Satis
2253 5625 2335 5670 est
2363 5616 2436 5670 illi
2463 5632 2589 5671 suus
2615 5617 2905 5684 cruciatus,
2925 5627 2982 5672 ut
3011 5635 3078 5674 ne
3099 5619 3238 5675 illius
3259 5619 3479 5674 calami-

1904 5717 2096 5762 .attnus
2123 5707 2458 5762 msultemus.
2493 5709 2570 5763 Ac
2595 5725 2660 5763 ne
2689 5718 2920 5779 putares,
2949 5710 3090 5782 quod
3119 5726 3322 5767 memor
3347 5727 3483 5780 νηυ-

1907 5799 2182 5855 teritormn
2233 5799 2494 5856 malorum
2540 5801 2765 5857 vetuerit
2811 5800 2959 5860 abire
2995 5802 3288 5880 Lalaru‘m,
3317 5803 3489 5861 lilium.
