3958 6432
488 373 586 431 99!

496 488 645 545 illum
671 488 907 560 appellat
934 490 1086 561 quasi
1126 503 1245 545 sese
1288 506 1351 547 ex
1398 489 1490 561 tali
1529 488 1882 560 appellatione
1921 501 2083 542 excu-

494 598 641 638 sans.
674 583 827 650 Quod
858 584 909 638 in
940 560 1058 638 mea
1086 625 1099 648 ,
1139 583 1343 654 inqutt,
1383 560 1649 653 potestate
1690 590 1769 637 est
1796 624 1811 648 ,
1840 580 2087 650 impertio

495 674 588 727 tibi
621 681 917 729 :ca-terum
961 683 1022 728 ut
1064 674 1189 729 hinc
1237 674 1491 728 abeamus
1521 672 1648 728 illuc
1670 713 1686 739 ,
1716 687 1823 727 non
1861 681 1946 727 est.
1974 671 2085 740 jam

496 773 692 818 nostrze
720 763 1011 819 facultatis.
1045 763 1292 835 Recepisti
1318 764 1448 817 bona
1470 773 1578 817 tua.
1601 762 1778 830 Quare
1801 776 1905 817 non
1931 761 2086 826 dixit,

491 853 703 921 cepisti,
735 853 830 908 sed
856 895 871 920 ,
898 854 1174 922 recepisti?
1205 853 1338 908 Hinc
1369 853 1529 909 video
1559 867 1807 923 maguum
1835 850 2087 906 conside-

493 944 762 998 rationum
805 958 953 1005 mare
982 944 1138 999 nobis
1178 944 1399 1014 aperiri.
1440 944 1778 1015 Quapropter
1801 958 1920 1013 quae
1947 943 2085 998 dicta

492 1044 618 1089 sunt
642 1047 848 1090 summa
896 1051 1026 1091 cura
1073 1046 1385 1102 servantes,
1421 1046 1526 1092 tam
1570 1052 1689 1108 quae
1727 1036 1887 1091 hodie
1926 1050 2085 1106 quam

492 1140 613 1193 quae
641 1140 811 1195 nuper
834 1126 1061 1182 disserta
1088 1136 1210 1182 sunt
1234 1170 1248 1195 ,
1277 1141 1488 1182 summo
1513 1142 1633 1182 cum
1661 1126 1837 1181 studio
1863 1140 2085 1195 repona-
2118 1125 2135 1136 ’

493 1232 634 1283 mus,
662 1226 717 1272 et
739 1234 805 1274 ex
837 1220 901 1274 iis
926 1236 1046 1290 qua:
1075 1220 1223 1276 dicta
1255 1230 1380 1275 sunt
1400 1262 1415 1283 ,
1449 1220 1515 1275 ad
1546 1221 1808 1276 audienda
1830 1235 1948 1291 qua:
1971 1227 2089 1287 post

491 1307 773 1377 dicentur,
803 1325 900 1366 vos
936 1312 1084 1382 ipsos
1115 1313 1288 1383 magis
1329 1313 1553 1368 idoneos
1592 1311 1818 1367 reddite.
1860 1312 1923 1366 Et
1965 1310 2089 1381 qui-

492 1401 614 1456 dem
640 1402 687 1457 si
733 1402 849 1458 fieri
895 1406 1097 1474 possit,
1128 1404 1289 1460 facite
1325 1414 1383 1459 ut
1408 1405 1646 1461 omnium
1693 1403 2083 1468 memineritis;

490 1553 665 1566 .—

1209 376 1267 433 S.
1309 375 1589 432 10.“le
1627 371 2099 430 CHRYSOSTOMI
2130 372 2444 431 ARCHIEP.
2484 373 3022 434 CONSTANTINOP.

3668 371 3771 427 ‘992

2189 489 2330 558 quod
2356 489 2399 544 si
2441 489 2493 544 id
2540 490 2652 544 fieri
2697 504 2801 546 non
2851 496 3064 558 potest,
3092 488 3282 543 hortor
3322 497 3381 544 ut
3410 504 3511 560 pro
3537 490 3770 550 omnibus

2190 578 2317 634 illud
2343 587 2598 651 perpetuo
2623 579 2992 644 memineritis,
3021 577 3163 648 quod
3187 594 3294 634 non
3317 594 3549 650 erogare
3575 594 3768 651 paupe-

2190 670 2358 736 ribus,
2391 678 2474 726 est
2498 671 2737 741 rapinam
2761 671 2814 725 iu
2845 669 2965 725 illos
2993 685 3270 737 exercere,
3293 672 3621 742 illorumque
3640 671 3770 726 fran-

2190 762 2320 818 dare
2347 762 2509 817 vitam
2543 778 2558 815 :
2596 761 2845 833 quodque
2888 754 2996 817 non
3041 771 3254 817 nostras
3275 804 3291 828 ,
3329 763 3425 818 sed
3457 763 3671 818 illorum
3696 779 3773 819 res

2191 852 2519 907 detinemus.
2547 851 2681 908 Nam
2707 854 2752 907 si
2780 852 2882 908 hoc
2907 851 3088 907 animo
3116 852 3370 908 fuerimus
3394 895 3411 919 ,
3438 853 3667 909 omnino
3690 868 3772 923 pc-

2190 934 2778 1008 cuniam'efl'undemus,
2804 958 2866 999 ac
2885 941 3156 998 Christum
3177 944 3507 999 esurientem
3531 944 3621 998 hic
3639 945 3776 999 alen-

2194 1042 2272 1089 tes
2292 1076 2307 1101 ,
2338 1034 2665 1105 multamque
2692 1033 2847 1090 nobis
2892 1035 3002 1089 illic
3028 1034 3358 1105 opulentiam
3392 1034 3774 1100 recoudentes,

2192 1126 2486 1196 poterimus
2510 1125 2810 1181 futurorum
2841 1140 2962 1182 esse
2985 1135 3262 1197 compotes
3290 1125 3586 1192 bonorum,
3619 1127 3775 1195 gratia

2190 1233 2254 1273 ac
2290 1217 2614 1289 benignitate
2657 1217 2867 1273 Domini
2910 1220 3077 1275 nostri
3114 1219 3240 1275 Jesu
3274 1218 3520 1284 Christi,
3548 1220 3636 1275 cui
3664 1235 3774 1273 cum

2193 1309 2350 1365 Patre
2376 1319 2429 1365 et
2452 1309 2651 1381 Spiritu
2677 1320 2862 1365 sancto
2882 1311 3048 1380 gloria
3071 1353 3086 1375 ,
3113 1310 3307 1379 honor,
3338 1319 3586 1380 potestas
3607 1353 3623 1377 ,
3648 1328 3775 1369 nunc

2191 1410 2245 1457 et
2269 1416 2482 1472 semper
2504 1443 2519 1469 ,
2551 1410 2607 1458 et
2630 1402 2683 1457 in
2712 1402 2905 1457 secula
2931 1402 3269 1457 saeculorum.
3316 1403 3515 1458 Amen.

495 1648 579 1689 ne
624 1649 864 1696 LAZARO
908 1650 1135 1696 coscro
1176 1652 1410 1696 mana
1439 1629 1604 1716 1/11,
1630 1652 1711 1694 ΕΤ
1752 1650 1962 1703 ouans
2004 1649 2130 1693 non
2173 1649 2461 1704 nrxsarr,
2490 1648 2729 1693 CEPISTI
2771 1649 2935 1693 BONA
2976 1650 3103 1693 τω
3146 1649 3211 1692 IN
3254 1650 3401 1693 vrra
3442 1651 3573 1693 τω
3606 1632 3775 1714 (Luc.

574 1734 672 1794 16.
717 1733 872 1815 23.)
935 1753 1091 1809 san,
1138 1736 1429 1821 recepisti
1473 1755 1488 1795 :

573 1851 650 1893 EA
700 1851 1095 1897 recca'ronss
1142 1842 1554 1899 EFFUGIANT‘.

1534 1754 1616 1796 ET
1670 1750 2069 1805 QUAMOBBEM
2112 1749 2289 1793 JUSTI
2332 1748 2771 1794 SEPENUMEBO
2814 1749 3118 1793 INCIDUNT
3154 1748 3224 1792 ἸΝ
3268 1749 3612 1806 PERICULA,
3655 1750 3773 1792 CUI

1894 2016 2305 2059 σπσπτππδ

561 2128 617 2181 Ι.
659 2126 1079 2199 Haudquaquam
1126 2130 1448 2186 mediocrem
1487 2132 1641 2187 nobis
1684 2131 1964 2189 utilitatem
1990 2142 2075 2189 at-

489 2218 611 2272 tulit
633 2217 702 2273 de
728 2216 936 2274 Lazaro
968 2220 1240 2289 parabole,
1274 2231 1386 2277 tum
1413 2222 1665 2277 divitibus
1690 2265 1702 2288 ,
1735 2231 1846 2278 tum
1879 2238 2079 2294 paupe-

428 2333 435 2339 -
489 2309 657 2377 ribus,
696 2319 755 2367 ut
789 2328 908 2383 qua:
932 2313 1028 2369 hos
1057 2300 1273 2385 quidem
1294 2315 1538 2371 docuerit
1563 2315 1715 2372 facile
1741 2316 1978 2386 perferre
1998 2319 2080 2372 in.

488 2402 688 2471 opiam,
713 2404 829 2460 illos
855 2420 984 2462 vero
1004 2424 1111 2463 non
1133 2423 1289 2478 passa
1311 2410 1382 2463 sit
1408 2409 1609 2479 eti‘erri,
1637 2410 1845 2482 sibique
1871 2412 2080 2482 placere

488 2495 559 2551 ob
585 2495 796 2554 divitias
817 2540 833 2564 ,
867 2514 987 2556 cum
1019 2516 1083 2556 ex
1126 2502 1255 2572 ipsis
1296 2504 1455 2559 rebus
1482 2504 1896 2572 demonstrarit,
1929 2506 2105 2561 illum.

487 2587 728 2642 omnium
752 2603 873 2646 esse
898 2593 1130 2648 maxime
1155 2593 1515 2664 miserabilem
1535 2637 1551 2664 ,
1584 2597 1674 2667 qui
1700 2598 1863 2652 vitam
1895 2599 2002 2668 agit
2028 2599 2081 2652 in

488 2677 728 2748 deliciis,
770 2683 901 2739 nulli
926 2700 1021 2739 sua
1063 2686 1202 2742 bona
1241 2690 1663 2745 communicans.
1700 2691 1814 2761 Age
1845 2690 2004 2761 igitur
2029 2699 2083 2746 et

491 2770 654 2829 hbdie
688 2773 866 2831 denuo
897 2784 1188 2836 tractemus
1219 2779 1362 2837 idem
1400 2790 1774 2853 argumentum
1794 2824 1810 2849 ,
1838 2781 2081 2853 quando-

491 2862 707 2932 quidem
728 2867 820 2937 qui
846 2867 899 2923 in
925 2871 1154 2925 metallis
1179 2881 1492 2942 operantur,
1516 2874 1836 2944 ubicumque
1856 2874 2084 2932 viderint

495 2954 688 3012 multas
710 2958 826 3014 auri
850 2975 1035 3029 venas,
1064 2962 1172 3019 illic
1199 2964 1406 3020 fodiunt
1431 2967 1625 3033 acrius,
1648 2981 1749 3024 nec
1773 2967 1922 3038 prius
1940 2967 2085 3023 absi-

496 3053 662 3113 stunt,
687 3062 848 3119 quam
880 3057 1048 3108 totum
1076 3054 1216 3124 quod
1243 3058 1468 3129 reperiri
1494 3059 1686 3128 potuit,
1719 3060 2084 3117 exhauserint.

494 3137 797 3198 Redeamus
818 3145 978 3215 igitur
999 3147 1146 3217 illuc,
1171 3149 1259 3205 ubi
1285 3166 1590 3208 sermonem
1612 3168 1780 3225 nuper
1797 3155 2084 3222 finivimus,

495 3240 554 3287 ut
594 3233 739 3292 illine
780 3239 1028 3295 eumdem
1078 3242 1459 3301 instauremus.
1511 3246 1826 3303 Poteramus
1868 3248 2085 3319 quidem

497 3325 660 3382 unius
688 3327 795 3384 diei
825 3344 988 3401 opera
1012 3335 1163 3390 vobis
1193 3344 1358 3391 totam
1387 3337 1523 3393 hanc
1552 3340 1842 3408 eXplanare
1867 3342 2090 3411 parabo-

492 3417 601 3473 lam
634 3437 650 3474 :
679 3436 865 3478 verum
900 3438 1006 3481 non
1032 3426 1135 3484 hoc
1160 3430 1389 3500 agimus;
1415 3442 1471 3486 ut
1495 3432 1662 3489 multa
1690 3434 1898 3504 loquuti
1925 3435 2090 3491 disce-

493 3509 684 3567 damus
702 3552 718 3578 ,
747 3514 844 3569 sed
873 3524 933 3570 ut
959 3532 1057 3573 vos
1081 3518 1366 3590 diligenter
1403 3524 1667 3594 acceptis,
1696 3526 1983 3595 animoque
2009 3528 2092 3582 in-

496 3600 618 3657 fixis
638 3618 757 3674 qua:
776 3603 919 3661 dicta
941 3617 1086 3675 sunt,
1113 3624 1178 3664 ex
1206 3611 1306 3667 ista
1331 3613 1571 3669 custodia
1595 3616 1835 3671 sentiatis
1856 3615 2087 3673 fructum

493 3693 726 3765 aliquem
751 3697 1069 3766 spiritalem."
1092 3700 1225 3757 Nam
1249 3709 1304 3759 et
1331 3690 1503 3760 mater
1534 3706 1696 3777 prolis
1721 3722 1927 3776 amans,
1959 3708 2087 3763 dum

492 3799 651 3840 suum
698 3786 957 3844 infantem
1006 3790 1292 3849 lactentem
1337 3806 1490 3865 parat
1530 3798 1598 3853 ad
1636 3799 1866 3855 solidum
1908 3800 2086 3856 cibum

493 3876 800 3946 adducere,
831 3880 878 3936 si
918 3878 1079 3939 simul
1108 3885 1333 3942 multum
1374 3889 1506 3944 meri
1548 3890 1792 3947 infundat
1816 3893 1927 3959 ori,
1955 3893 2088 3949 nihil

492 3968 715 4041 prodest
747 3970 968 4039 infanti,
996 3969 1313 4034 refundente
1338 3994 1507 4051 puero
1535 3982 1679 4053 quod
1706 3983 1882 4052 datur,
1912 3998 1976 4040 ac
2007 3992 2090 4040 tu-

493 4062 748 4130 niculam,
783 4079 885 4136 qua
918 4076 1104 4136 pectus
1132 4069 1330 4140 tegitur
1349 4112 1365 4139 ,
1391 4071 1665 4144 irrigante.
1695 4075 1849 4142 Quod
1879 4077 1925 4131 si
1950 4072 2089 4131 sen-

492 4155 595 4210 sim
626 4169 692 4210 ac
735 4156 990 4227 paulatim
1026 4158 1300 4228 infundat,
1339 4177 1471 4232 puer
1504 4164 1647 4235 quod
1686 4165 1938 4221 traditum
1961 4175 2045 4222 est
2069 4208 2085 4236 ,

490 4246 696 4318 absque
726 4248 969 4305 molestia
995 4252 1329 4309 transmittit.
1356 4254 1590 4313 Proinde
1617 4272 1685 4312 ne
1711 4258 1865 4313 vobis
1901 4259 2086 4315 itidem

493 4339 639 4407 quod
667 4340 919 4398 traditum
966 4342 1163 4411 fuerit,
1208 4346 1396 4403 efﬂuat
1426 4366 1439 4401 :
1472 4364 1582 4404 non
1623 4350 1905 4407 confertim
1937 4354 2088 4410 vobis

492 4432 866 4489 inclinavimus
903 4435 1158 4493 doctrinae
1194 4439 1480 4508 poculum,
1504 4440 1602 4497 sed
1641 4442 1694 4497 in
1731 4443 1850 4500 dies
1886 4445 2089 4517 aliquot

490 4523 673 4594 partiti
703 4538 911 4594 sumus,
939 4528 1081 4597 passi
1106 4528 1257 4586 vobis
1281 4531 1497 4588 interim
1523 4531 1672 4590 hisce
1703 4535 1892 4591 diebus
1921 4537 2090 4593 inter-

490 4616 772 4686 quiescere
799 4618 869 4674 ab
911 4620 1160 4676 audiendi
1212 4622 1394 4681 labore
1417 4666 1433 4691 ,
1461 4640 1568 4697 quo
1605 4627 1765 4683 simul
1792 4637 1855 4683 et.
1875 4644 1938 4685 ea
1967 4647 2087 4701 qua:

491 4705 859 4777 deposuimus,
892 4710 971 4766 sic
1000 4711 1284 4783 infigantur
1307 4718 1491 4773 animo
1514 4726 1710 4774 vestrae
1736 4720 1998 4791 caritatis,
2029 4731 2088 4778 ut

490 4798 742 4855 excidere
779 4817 887 4857 non
913 4803 1161 4873 possint,
1192 4813 1247 4862 et
1284 4822 1347 4864 ea
1373 4824 1492 4879 quae
1520 4808 1766 4866 dicentur
1790 4811 1989 4868 sedatis
2022 4829 2086 4870 ac

491 4891 693 4962 vegetis
719 4893 991 4950 mentibus
1017 4896 1316 4966 excipiatis.
1346 4897 1534 4969 quue
1558 4901 1751 4957 crebro
1770 4904 1921 4959 vobis
1941 4920 2085 4975 pra:-

488 4984 718 5041 dieimus
735 4986 916 5042 multis
932 4996 1058 5044 ante
1072 4989 1262 5045 diebus
1277 5000 1647 5062 argumentum
1669 4993 1739 5051 de
1776 5010 1884 5066 quo
1898 5012 2085 5054 sumus

489 5075 792 5148 loquuturi,
816 5089 875 5135 ut
902 5080 987 5137 bis
1009 5081 1061 5136 iu
1089 5082 1267 5139 medio
1292 5083 1480 5141 diebus
1514 5096 1729 5157 sumpto
1753 5087 1889 5144 libro
1911 5130 1927 5157 ,
1954 5106 2084 5162 per-

489 5183 761 5242 pensaque
785 5172 862 5228 rei
902 5187 1110 5228 summa
1151 5184 1296 5241 tota,
1324 5185 1676 5248 posteaquam
1714 5177 2084 5237 intellexeritis

488 5261 616 5331 quid
653 5262 854 5320 dictum
881 5265 989 5333 sit,
1017 5266 1147 5337 quid
1188 5277 1357 5325 restet
1382 5268 1670 5326 dicendum
1694 5310 1710 5335 ,
1737 5281 1970 5328 mentem
1995 5289 2087 5329 ve-

489 5364 658 5410 stram
688 5355 1088 5414 instructiorem
1126 5359 1364 5417 reddatis
1403 5360 1474 5417 ad
1514 5358 1778 5418 audienda
1817 5378 1938 5434 qua:
1964 5373 2086 5435 post

489 5446 841 5504 disserentur.

565 5540 812 5598 Hortatur
836 5543 1181 5601 adiectionem
1201 5561 1462 5601 sacrorum
1482 5548 1815 5603 voluminum.
1839 5580 1907 5590 —
1923 5550 2085 5622 quue

489 5774 788 5888 36".(zollata
816 5792 926 5829 cum
943 5787 1052 5834 Mss.
1074 5784 1234 5848 Regiis
1259 5783 1397 5848 l8l9,
1426 5786 1563 5851 1960,
1591 5788 1712 5841 1963
1732 5798 1782 5843 et
1809 5789 2083 5845 COUJCI‘UHO

2188 2148 2403 2205 semper
2431 2133 2618 2189 hortor
2657 2142 2712 2190 et
2751 2132 2949 2189 hortari
2997 2148 3103 2189 non
3144 2133 3421 2201 desinam,
3447 2145 3508 2191 ut
3563 2149 3671 2191 non
3697 2134 3765 2189 hic

2189 2236 2389 2282 tantum
2417 2225 2702 2282 attendatis
2732 2226 2797 2281 iis
2816 2241 2934 2297 qua:
2953 2226 3222 2293 dicuntur,
3251 2242 3437 2282 verum
3463 2226 3630 2282 etiam
3665 2241 3769 2279 eum

2188 2317 2340 2373 domi
2385 2315 2627 2383 fueritis,
2677 2317 2890 2373 assidue
2928 2316 3224 2371 divinarum
3263 2316 3660 2387 Scripturarum
3701 2315 3772 2370 le-

2184 2409 2348 2464 ctioni
2393 2409 2615 2464 vacetis.
2673 2406 2827 2474 Quod
2903 2407 3117 2477 quidem
3165 2416 3221 2463 et
3267 2407 3333 2463 iis
3393 2408 3481 2477 qui
3536 2406 3774 2477 privatim

2187 2516 2399 2557 mecum
2446 2500 2716 2571 congressi
2746 2508 2872 2556 sunt
2896 2515 3001 2555 non
3045 2499 3221 2555 destiti
3270 2500 3557 2554 inculcare.
3598 2499 3779 2567 Neque

2186 2610 2317 2651 vero
2342 2595 2468 2649 mihi
2496 2595 2774 2665 quisquam
2805 2590 3041 2664 proferat
3081 2592 3272 2664 frigida
3317 2592 3406 2647 illa
3454 2592 3618 2647 verba
3663 2592 3775 2661 pla-

2191 2688 2831 2758 nequedamnandazego
2847 2684 3149 2740 forensibus
3178 2684 3352 2740 causis
3383 2682 3575 2737 aflixus
3622 2696 3775 2747 sum,

2191 2778 2403 2849 publica
2458 2792 2589 2848 gero
2636 2778 2849 2847 negotia
2872 2817 2887 2841 ,
2930 2775 3209 2830 artificium
3247 2787 3504 2839 exerceo,
3556 2786 3781 2827 uxorem

2190 2870 2386 2937 habeo,
2414 2870 2501 2925 alo
2539 2870 2737 2926 liberos
2756 2912 2772 2936 ,
2798 2868 3015 2925 familia:
3041 2883 3223 2923 curam
3252 2882 3381 2938 gero
3405 2908 3421 2933 ,
3477 2866 3781 2920 mundanus

2193 2964 2357 3019 homo
2385 2978 2503 3020 sum
2527 3006 2542 3030 ,
2575 2978 2682 3020 non
2734 2973 2818 3019 est
2858 2978 3039 3019 meum
3092 2962 3270 3033 legere
3311 2960 3611 3030 Scripturas
3633 3000 3648 3023 ,
3686 2958 3781 3013 sed

2192 3070 2378 3114 eorum
2419 3059 2509 3129 qui
2535 3055 2739 3112 mundo
2766 3056 3017 3112 dixerunt
3043 3055 3165 3111 vale
3186 3096 3203 3120 ,
3231 3053 3324 3124 qui
3368 3053 3621 3107 montium
3657 3067 3779 3105 ver-

2194 3151 2328 3207 tices
2372 3158 2720 3222 occuparunt,
2769 3151 2862 3222 qui
2913 3151 3076 3205 vitam
3127 3147 3390 3219 ejusmodi
3441 3148 3783 3202 continenter

2193 3251 2377 3315 agunt.
2404 3242 2541 3312 Quid
2558 3243 2880 3309 ais,homo?
2906 3243 3019 3299 Non
3050 3251 3136 3298 est
3165 3243 3239 3296 tui
3260 3240 3455 3311 negotii
3483 3238 3783 3309 Scripturas

2192 3338 2441 3393 evolvere
2459 3377 2475 3404 ,
2503 3336 2758 3407 quoniam
2784 3335 3084 3390 innumeris
3106 3333 3251 3389 curis
3294 3330 3642 3387 distraheris?
3672 3329 3784 3383 imo

2194 3437 2342 3484 tuum
2370 3431 2540 3501 magis
2565 3438 2647 3486 est
2664 3444 2821 3500 quam
2850 3429 3082 3484 illorum.
3103 3427 3285 3497 Neque
3308 3425 3446 3481 enim
3474 3424 3548 3479 illi
3566 3422 3785 3495 perinde

2199 3516 2599 3590 Scripturarum
2648 3527 2808 3591 egent
2848 3519 3129 3589 praesidio,
3161 3525 3320 3588 atque
3368 3530 3464 3571 vos
3510 3515 3561 3569 in
3593 3514 3791 3569 mediis

2193 3613 2531 3682 negotiorum
2582 3612 2740 3667 undis
2785 3611 2989 3681 jactati.
3037 3609 3168 3667 Nam
3225 3608 3468 3665 monachi
3504 3607 3724 3678 quidem
3758 3621 3785 3660 a

2192 3704 2314 3760 foro
2343 3705 2752 3777 forensibusque
2780 3704 3009 3776 negotiis
3030 3702 3180 3760 liberi
3201 3746 3217 3771 ,
3240 3703 3434 3774 quique
3475 3701 3527 3756 in
3573 3700 3785 3755 deserto

2193 3795 2362 3851 ﬁxere
2400 3796 2698 3867 tuguriola,
2726 3811 2900 3866 neque
2943 3811 3064 3851 cum
3089 3808 3357 3865 quoquam
3400 3792 3601 3848 habent
3639 3805 3785 3846 com-

2193 3888 2457 3943 mercium
2476 3928 2491 3954 ,
2520 3886 2615 3943 sed
2646 3888 2700 3943 in
2737 3887 2830 3945 illa
2857 3887 3036 3958 quieta
3065 3884 3446 3955 tranquillitate
3485 3897 3610 3938 cum
3639 3882 3785 3936 omni

2193 3979 2480 4036 securitate
2504 3978 2966 4050 philosophantur,
2991 3992 3056 4033 ac
3080 3977 3223 4032 velut
3247 3975 3301 4031 in
3333 3983 3486 4046 portu
3512 3972 3784 4038 sedentes,

2194 4073 2358 4129 rebus
2380 4070 2730 4129 vehementer
2757 4072 2887 4126 tutis
2913 4070 3187 4126 fruuntur:
3211 4082 3312 4123 nos
3347 4074 3533 4122 contra
3561 4064 3711 4120 velut
3737 4065 3786 4118 in

2193 4163 2373 4220 medio
2403 4164 2537 4219 mari
2582 4163 2932 4230 fluctuantes,
2959 4160 3359 4230 innumerisque
3377 4201 3394 4225 ,
3420 4157 3650 4214 velimus
3693 4171 3786 4211 no-

2193 4255 2388 4322 limus,
2437 4256 2672 4327 peccatis
2738 4253 3018 4321 obstricti,
3060 4265 3277 4322 semper
3331 4264 3466 4321 opus
3523 4247 3780 4302 habemus

2193 4361 2453 4421 perpetuo
2502 4348 2719 4420 jugique
2764 4347 3159 4418 Scripturarum
3206 4345 3417 4400 solatio.
3464 4343 3543 4398 Illi
3601 4342 3780 4397 sedent

2193 4442 2429 4513 procula
2444 4440 2716 4507 conﬂictu,
2743 4455 2918 4512 eoque
2940 4455 3041 4495 nec
3060 4437 3331 4509 accipiunt
3349 4438 3512 4492 multa
3532 4436 3775 4490 vulnera:

2194 4535 2290 4590 tibi
2314 4549 2442 4590 vero
2460 4576 2476 4603 ,
2498 4534 2623 4605 quia
2651 4541 2912 4604 perpetuo
2942 4540 3051 4588 stas
3081 4531 3135 4587 in
3162 4531 3279 4586 acie
3298 4570 3314 4597 ,
3338 4529 3459 4599 quia
3483 4516 3779 4597 frequentes

2191 4618 2392 4697 accipis
2422 4627 2642 4698 plagas,
2675 4625 2878 4681 idcirco
2916 4624 3088 4695 magis
3126 4637 3261 4693 opus
3288 4630 3371 4677 est
3413 4620 3702 4683 remediis,
3730 4628 3780 4672 nt

2189 4733 2348 4793 quem
2372 4726 2429 4774 et
2455 4732 2591 4774 uxor
2617 4724 2910 4789 provocat,
2940 4724 2997 4772 et
3017 4715 3157 4770 filius
3183 4714 3496 4779 contristat,
3536 4722 3697 4783 atque
3719 4710 3775 4765 ad

2192 4810 2326 4864 iram
2356 4817 2679 4876 commovet,
2711 4817 2767 4863 et
2795 4806 3077 4862 insidiatur
3097 4805 3267 4861 hostis
3287 4847 3302 4872 ,
3333 4813 3389 4860 et
3409 4804 3615 4859 invidet
3652 4803 3774 4857 ami-

2190 4916 2318 4970 cus,
2350 4911 2406 4958 et
2444 4903 2650 4959 vicinus
2685 4902 2997 4968 insectatur,
3026 4909 3082 4956 et
3108 4899 3401 4955 commilito
3444 4897 3774 4967 supplantat,

2190 4992 2498 5066 frequenter
2516 5002 2571 5049 et
2592 4989 2755 5065 judex
2782 4993 3034 5059 minatur,
3052 5000 3107 5047 et
3125 4999 3409 5061 paupertas
3428 5001 3512 5045 est
3536 4989 3773 5052 molesta,

2189 5098 2239 5142 et
2263 5085 2681 5143 domesticorum
2719 5085 2940 5140 amissio
2987 5084 3188 5139 luctum
3215 5082 3374 5138 aliert
3395 5123 3410 5149 ,
3433 5091 3490 5137 et
3517 5083 3775 5152 prosperi-

2190 5187 2272 5234 tas
2296 5179 2466 5245 intlat,
2502 5176 2796 5233 adversitas
2824 5175 3111 5232 contrahit.
3140 5158 3381 5230 Breviter
3407 5174 3552 5227 varia
3570 5173 3775 5227 iracun-

2190 5271 2315 5339 diae,
2340 5272 2488 5327 varia
2520 5284 2792 5337 curarum,
2819 5270 2969 5324 varia
3007 5267 3426 5339 perturbationis
3464 5281 3529 5321 ac
3580 5280 3773 5320 nitere-

2190 5363 2298 5431 ris,
2320 5363 2466 5418 varia
2491 5361 2783 5432 iactantiae,
2804 5361 2952 5416 varia
2983 5359 3229 5425 tumoris,
3256 5367 3366 5412 tum
3394 5358 3606 5413 occasio
3624 5399 3641 5423 ,
3672 5368 3773 5410 tum

2189 5456 2482 5512 necessitas
2525 5470 2623 5511 nos
2667 5454 3022 5525 undequaque
3051 5451 3446 5516 circumvallat,
3478 5450 3773 5505 innumera-

2160 5562 2294 5627 .que
2329 5560 2399 5601 ex
2443 5546 2589 5602 omni
2634 5556 2788 5617 parte
2817 5545 2919 5600 tela
2965 5544 3219 5599 volitant:
3250 5542 3390 5597 unde
3437 5557 3659 5597 necesse
3698 5549 3771 5594 est

2192 5639 2558 5696 indesinenter
2571 5654 2602 5693 a
2619 5638 2910 5709 Scripturis
2925 5624 3249 5692 armaturam
3278 5648 3513 5688 sumere.
3538 5635 3769 5703 Agnosce

2190 5733 2387 5803 igitur,
2442 5731 2649 5802 inquit,
2677 5730 2818 5802 quod
2869 5730 2923 5787 in
2970 5728 3148 5784 medio
3191 5728 3501 5797 laqueorum
3542 5721 3762 5786 incedis,

2187 5824 2437 5898 quodque
2462 5825 2515 5882 in
2537 5824 2838 5897 pinnacults
2873 5821 3098 5880 civitatis
3118 5817 3360 5877 ambulas
3389 5814 3556 5891 (Eccl.
3584 5814 3636 5873 9.
3658 5811 3761 5881 ΞΟ).
