3958 6362
144 338 250 396 991

143 451 343 510 τέκνον
378 451 746 537 αὐτδννκαλεῖ,
797 457 1240 537 μονονοὺχύπὲρ
1278 460 1475 516 ἑαυτοῦ
1506 463 1598 519 διά
1637 466 1739 537 τῆς

139 536 524 608 προσηγορίας
537 536 804 606 ἀπολογοῦ
813 555 991 609 μενος.
1010 535 1085 596 Οὖ
1098 540 1286 611 κύριός
1302 545 1441 614 εἰμι,
1458 546 1563 612 σοὶ,
1582 535 1737 619 φησὶ,

145 619 481 690 μεταδίδωμι
507 635 522 650 ’
562 620 623 674 τὸ
650 622 707 675 δὲ
735 622 985 677 ἐντεῦθεν
1020 623 1276 679 ἀπελθεῖν
1315 628 1434 681 ἐκεῖ
1466 629 1567 683 ούκ
1594 628 1740 684 ἐστιν

140 702 417 775 ἡμέτερον
445 703 651 758 λοιπόν.
689 704 1016 774 Ἀπέλαϐες
1046 708 1120 763 τὰ
1139 709 1332 779 ἀγαθά
1353 725 1490 767 σου.
1518 714 1627 767 Καὶ
1653 714 1741 769 διά

137 786 198 839 τί
220 787 323 841 οὐκ
341 783 515 853 εἶπεν,
545 787 760 853 ἔλαϐες,
782 789 935 855 ἀλλά,
969 790 1270 858 ἀπέλαϐες
1285 810 1305 860 ;
1321 794 1464 849 Πολὺ
1480 793 1629 868 [756]
1644 797 1741 851 πέ-

138 870 310 939 λαγος
361 870 612 927 ἐντεῦθεν
672 874 802 944 ήμῖν
853 875 1145 947 νοημάτων
1191 878 1302 949 ὁρῶ
1362 879 1736 951 ἀνοιγόμενον.

135 956 235 1009 Διὸ
259 955 324 1028 δὴ
346 957 526 1011 πάντα
555 956 627 1027 τὰ
666 959 933 1031 εἰρημένα
969 960 1109 1031 μετά
1142 961 1429 1033 ἀκριϐείας
1466 964 1739 1032 φυλάξαν-

132 1057 255 1104 τες,
288 1039 358 1095 τά
377 1056 436 1100 τε
468 1039 586 1105 νῦν,
612 1040 682 1095 τά
713 1057 774 1094 τε
819 1040 1013 1113 πρώην
1047 1042 1329 1114 λεχθέντα,
1377 1047 1517 1116 μετὰ
1558 1049 1737 1118 ἀσφα-

133 1120 294 1186 λείας
330 1122 551 1193 ἁπάσης
581 1121 947 1196 ἀποθώμεθα,
992 1128 1087 1179 καὶ
1124 1127 1259 1197 πρὸς
1303 1127 1404 1199 τὴν
1444 1129 1558 1183 τῶν
1605 1132 1736 1202 μελ-

130 1204 342 1260 λόντων
410 1205 749 1278 ῥηθήσεσθαι
807 1208 1074 1279 ἀκρόασιν
1138 1210 1204 1263 ἐκ
1261 1209 1370 1264 τῶν
1428 1212 1735 1284 εἰρημένων

130 1288 607 1359 ἐπιτηδειοτέρους
642 1290 868 1353 ἑαυτοὺς
905 1292 1354 1347 κατασκευάσατε
1374 1308 1390 1325 ·
1426 1295 1522 1347 καὶ
1554 1296 1602 1347 εί
1633 1295 1733 1366 μὲν

128 1370 367 1426 δυνατὸν
392 1372 521 1443 ὑμῖν
546 1372 992 1443 γένοιτοηπάντα
1031 1392 1121 1445 μοι
1160 1376 1551 1447 μνημονεύετε·
1593 1381 1643 1432 εἰ
1674 1379 1732 1434 δὲ

133 1453 215 1525 μὴ
248 1452 481 1507 δύνασθε
514 1454 714 1522 πάντα,
744 1456 866 1511 ἀντὶ
901 1455 1121 1510 πάντων
1164 1458 1368 1526 ἐκεῖνο,
1403 1461 1727 1532 παρακαλῶ,

659 1653 693 1667 ξ

1284 342 1289 346 ’
1326 347 1416 403 DE
1456 348 1734 409 LAZARO
1774 350 2027 413 CONCIO
2063 359 2155 415 111.

3324 369 3431 425 9θί

1844 470 2134 559 μέμνησθε
2153 474 2439 559 διηνεκῶς,
2484 480 2568 535 ὅτι
2599 481 2661 536 τὺ
2698 483 2775 556 μὴ
2834 483 3174 555 μεταδιδόναι
3204 485 3435 559 πένησιν

1840 552 2052 640 ἐκμτῶν
2091 557 2308 613 οἰκείων
2351 552 2711 634 χρημάτων(
2742 552 2968 639 ἁρπαγὴ
3013 569 3262 640 πενήτων
3314 552 3435 624 ἐστὶ

1840 634 1936 687 καὶ
1982 636 2353 724 ἀποοτέρησις
2387 645 2486 715 τῆς
2510 647 2742 702 ἐκείνων
2771 634 2968 719 ζωῆς(
2988 650 3085 705 καὶ
3117 634 3177 703 τέο
3208 644 3275 707 τὰ
3296 654 3435 724 ἡμέο

1839 732 1996 807 τερα,
2023 720 2162 807 ἀλλά
2198 726 2266 779 τά
2309 728 2532 783 ἐκείνων
2585 732 2910 804 κατέχομεν.
2959 736 3057 787 Ἂν
3101 734 3210 807 γὰρ
3258 720 3432 800 οὕτως

1836 795 1989 890 ὦμεν
2016 804 2370 880 διακείμενοι,
2406 815 2623 880 πάντως
2656 795 3013 889 προησόμεθα
3042 795 3430 890 τάκρήματαξ

1836 888 1933 939 καὶ
1959 890 2231 946 πεινῶντα
2263 894 2567 966 θρέψαντες
2616 888 2713 956 τὸν
2754 888 2989 971 Χριστὸν
3036 888 3304 967 ἐνταῦθα,
3336 904 3432 957 καὶ

1834 971 2054 1058 πολλὴνᾷ
2077 975 2203 1058 ἐκεῖ
2227 977 2329 1049 τὴν
2354 982 2625 1052 ἐμπορίαν
2642 993 2662 1015 ⁸
2692 978 3049 1056 ἀποθέμενοι,
3085 986 3432 1058 δυνησόμεθα

1833 1052 1942 1138 τῶν
1973 1055 2277 1126 μελλόντων
2307 1062 2582 1135 ἐπιτυχεῖν
2612 1066 2854 1135 ἀγαθῶν,
2870 1052 3077 1138 -χάριτῖ
3110 1052 3215 1124 καὶ⁷
3240 1052 3432 1137 φίλαν-

1833 1135 2053 1223 ἰζρωπίᾳ
2072 1140 2166 1194 τοῦ
2201 1143 2406 1215 Κυρίου
2430 1146 2589 1217 ήμῶν
2631 1148 2806 1219 Ἰησοῦ
2835 1135 3095 1223 Χριστοῦ,
3126 1135 3328 1223 μεθ’τοῦ
3352 1150 3432 1222 τῷ

1842 1221 2057 1307 πατρι,
2078 1222 2193 1295 ἅμα
2217 1226 2296 1298 τῷ
2324 1228 2464 1300 ἁγίῳ
2493 1231 2775 1303 Πνεύματι
2801 1221 2949 1299 δόξα,
2984 1221 3153 1307 τιμὴ,
3190 1237 3425 1306 κράτος.

1841 1304 1936 1440 νὲν
1959 1306 2072 1460 ήκαί.
2124 1310 2210 1362 ἀεὶ
2233 1348 2248 1374 ,
2314 1312 2409 1367 καὶ
2458 1314 2540 1378 είς
2590 1317 2717 1380 τοὺς
2772 1316 2975 1384 αἰῶνας
3026 1304 3135 1376 τῶν
3190 1304 3420 1375 αίώνων.

1917 1405 1956 1458 μ
1998 1408 2046 1443 ν.

1917 1405 2046 1458 μην.

1901 1472 1928 1501 ⁸
1951 1473 2051 1524 Alii
2078 1475 2316 1540 εὐπορίαν.

133 1677 3365 1719 ww.“

132 1849 246 1915 εἰς
283 1847 392 1901 τὸν
423 1846 691 1917 Λάζαρον
737 1849 923 1919 λόγος
950 1850 1168 1919 τρίτος,
1199 1853 1299 1907 καὶ
1330 1850 1497 1917 τίνος
1526 1850 1739 1904 ἕνεκεν
1775 1851 1886 1905 οὐκ
1919 1847 2109 1918 εἶπεν,
2142 1849 2392 1924 Ἔλαΰες
2425 1856 2498 1910 τὰ
2520 1857 2711 1927 ἀγαθά
2741 1874 2859 1913 σου
2898 1861 2969 1912 ἐν
2997 1858 3070 1927 τῇ
3114 1858 3227 1930 ζωῇ
3279 1878 3419 1929 σου,

202 1940 367 2006 ἀλλ’,
410 1941 726 2006 ’Δπέλαϐες·
761 1942 861 1996 καί
893 1941 992 1997 διὰ
1033 1944 1093 1998 τί
1123 1946 1179 1998 οἰ
1234 1944 1352 2015 μὲν
1377 1944 1615 1999 ’δίκαιοι
1649 1942 1957 2010 κινδύνοις
2001 1947 2300 2018 πολλάκις
2337 1954 2825 2021 περιπίπτουσιν,
2870 1956 2925 2007 οὶ
2958 1952 3042 2006 δὲ·
3090 1955 3421 2024 ἁμαρτωλοί

209 2032 467 2098 τούτους
494 2031 949 2104 διαφεύγουσιν.

203 2309 275 2358 α’.
290 2303 367 2356 Οὐ
386 2301 455 2355 τὰ
471 2304 705 2376 τυχόντα
724 2304 871 2375 ἡμᾶς
890 2302 1096 2374 ὤνησεν
1118 2305 1152 2376 ή
1177 2302 1317 2357 κατά
1349 2302 1441 2357 τὴν
1472 2300 1725 2372 Λάζαρον

127 2387 441 2458 παραϐολὴ,
474 2389 567 2441 καὶ
591 2387 879 2461 πλουσίους
912 2386 1007 2440 καὶ
1039 2387 1300 2456 πένητας,
1339 2386 1464 2449 τοὺς
1498 2386 1595 2455 μὲν
1628 2385 1722 2438 εύ-

127 2476 307 2538 κόλως
346 2475 531 2545 φέρειν
570 2476 670 2547 τὴν
716 2473 908 2527 πενίαν
965 2473 1323 2538 παιδεύσασα,
1353 2474 1480 2534 τοὺς
1520 2471 1577 2526 δὲ
1622 2473 1723 2527 οὐκ

125 2562 353 2628 ἀφιεῖσα
377 2559 520 2630 μέγα
547 2561 764 2629 φρονεῖν
787 2557 878 2610 ἐπὶ
906 2555 981 2627 τῷ
1014 2556 1249 2628 πλούτῳ,
1278 2556 1412 2610 ἀλλά
1444 2556 1512 2608 δι’
1541 2557 1722 2611 αὐτῶν

120 2641 233 2695 τῶν
294 2641 470 2713 ἔργων
519 2640 798 2706 διδάξασα,
861 2639 943 2692 ὅτι
1005 2640 1225 2693 πάντων
1282 2638 1641 2709 ἐλεεινότερος
1693 2641 1721 2693 ὁ

117 2727 304 2796 τρυφῇ
334 2722 534 2789 συζῶν,
565 2724 660 2777 καὶ
694 2722 881 2792 μηδενί
905 2721 1016 2774 τῶν
1038 2722 1207 2775 ὄντων
1231 2721 1564 2792 μεταδιδούς.
1584 2722 1719 2793 Φέρε

117 2803 217 2861 οὖν
243 2808 338 2860 καὶ
374 2807 615 2878 σήμερον
664 2804 762 2875 τῆς
782 2805 951 2875 αὐτῆς
981 2804 1145 2858 πάλιν
1178 2804 1445 2875 ἁψώμεθα
1465 2817 1491 2845 ει
1524 2805 1720 2859 ὑποθέ-

122 2906 285 2954 σεως·
312 2890 435 2943 ἐπεὶ
462 2890 556 2943 καὶ
584 2890 634 2941 οἰ
695 2888 764 2941 τά
801 2887 1039 2959 μέταλλα
1071 2886 1449 2958 ἐργαζόμενοι,
1476 2887 1604 2940 ἔνθα
1652 2889 1719 2942 ἂν

120 2973 275 3026 ῑδωσι
303 2972 503 3037 πολλὰς
533 2971 627 3025 τοῦ
646 2971 872 3042 χρυσίου
899 2968 999 3033 τὰς
1018 2965 1160 3036 ἶνας,
1184 2972 1302 3023 ἐκεῖ
1321 2971 1717 3025 διασκάπτουσι

115 3055 305 3121 πάλιν,
330 3056 427 3109 καὶ
448 3056 550 3109 οὐκ
578 3055 909 3123 ἀφίστανται
930 3052 1216 3125 πρότερον,
1250 3053 1357 3117 ἕως
1383 3053 1448 3108 ἂν
1481 3054 1628 3107 ἅπαν
1656 3054 1718 3107 τὸ

114 3139 443 3211 φαινόμενον
498 3135 921 3209 ἐξαντλήσωσιν.
976 3137 1318 3207 Ἐπανίωμεν
1352 3137 1552 3202 τοίνυν,
1589 3136 1716 3190 ἔνθα

113 3222 311 3295 πρώην
344 3222 705 3290 κατελίπομεν
732 3220 825 3273 τὸν
856 3219 1012 3288 λόγον
1057 3220 1144 3273 ἵνα
1178 3219 1385 3274 ἐκεῖθεν
1417 3221 1579 3273 αὑτὸν
1617 3222 1716 3274 ἀνι

112 3306 392 3378 ελώμεθα.
419 3304 577 3374 Ἐνῆν
603 3302 833 3374 μὲνγὰρ
857 3303 949 3356 καὶ
976 3305 1032 3356 ἐν
1055 3304 1240 3375 ἡμέρᾳ
1259 3305 1359 3375 μιᾷ
1388 3305 1566 3357 πᾶσαν
1587 3304 1715 3375 ὑμῖν

107 3388 320 3460 ταύτην
368 3386 681 3452 ἐξαπλῶσαι
718 3386 817 3455 τὴν
872 3386 1206 3459 παραϐολήν·
1259 3385 1373 3439 ἀλλ’
1421 3387 1521 3457 οὐχ
1568 3386 1715 3451 ὅπως

108 3473 287 3527 πολλά
313 3471 557 3533 εἰπόντες
582 3468 933 3540 ἀπέλθωμεν,
951 3469 1112 3523 τοῦτο
1136 3468 1575 3540 ἐσπουδάκαμεν,
1601 3468 1719 3545 ἀλλ’ἢ

105 3559 266 3620 ὅπως
292 3555 432 3628 μετά
466 3553 750 3625 ἀκριϐείας
777 3552 849 3606 τὰ
875 3552 1139 3623 λεχθέντα
1176 3552 1462 3624 δεξάμενοι
1487 3553 1582 3605 καὶ
1616 3569 1714 3606 κα-

104 3640 428 3711 τασχόντες,
488 3636 705 3692 λάϐοιτέ
748 3653 870 3689 τινα
924 3637 1032 3691 ἀπὸ
1089 3638 1191 3707 τῆς
1220 3637 1467 3708 φυλακῆς
1509 3636 1715 3706 ταύτης

104 3725 370 3795 αἴσθησιν
403 3720 672 3791 ὠφελείας
704 3719 1104 3790 πνευματικῆς.
1134 3720 1246 3773 Καὶ
1276 3719 1386 3791 γὰρ
1410 3721 1597 3791 μήτηρ
1626 3736 1716 3788 φι-

104 3808 406 3878 λόστοργος
441 3804 711 3875 μέλλουσα
758 3803 854 3856 ἐπὶ
882 3802 1109 3873 στερεὰν
1147 3803 1206 3855 τὸ
1235 3802 1713 3875 γαλακτοτροφού-

109 3906 282 3964 μενον
313 3888 527 3942 παιδίον
557 3888 711 3956 ἄγειν
729 3888 935 3958 τροφὴν
953 3926 968 3951 ,
994 3886 1060 3940 ἂν
1099 3887 1196 3957 μὲν
1225 3886 1290 3940 ἀθ
1301 3887 1421 3958 ρόον
1443 3886 1610 3960 ἐγχέῃ
1637 3885 1715 3958 τῷ

107 3975 348 4045 στόματι
401 3968 503 4027 τὸν
545 3971 803 4041 ἄκρατον,
839 3970 992 4024 οὐδὲν
1021 3970 1279 4042 ὀνίνησιν,
1319 3970 1716 4036 ἀποϐλύςοντος

101 4060 203 4115 τοῦ
235 4057 454 4112 παιδίου
488 4056 551 4110 τὸ
572 4056 873 4127 διδόμενον,
903 4056 998 4109 καὶ
1045 4054 1424 4127 διαϐρέχοντος
1463 4057 1591 4128 περὶ
1635 4057 1715 4128 τῷ

106 4145 301 4215 στήθει
330 4142 419 4196 τὸν
448 4138 786 4212 χιτωνίσκον
827 4138 892 4192 ἂν
920 4137 978 4190 δὲ
1008 4137 1193 4209 ἠρέμα
1231 4139 1326 4193 καὶ
1353 4138 1493 4192 κατά
1519 4140 1713 4211 μικρὸν

103 4228 304 4300 ἐγχέῃ,
359 4223 724 4295 παραπέμπει
758 4221 819 4274 τὸ
875 4220 1028 4274 δοθὲν
1052 4219 1295 4285 ἀλύπως.
1334 4220 1431 4274 ’Ὶν’
1490 4218 1582 4274 οὖν
1620 4223 1713 4275 καὶ

102 4314 271 4382 ὑμεῖς
309 4308 369 4362 τὸ
394 4307 544 4361 δοθὲν
578 4306 652 4377 μὴ
682 4303 1048 4375 ἀποϐλύσητε,
1097 4305 1198 4357 οὐκ
1230 4304 1426 4375 ἀθρόον
1460 4305 1588 4375 ὑμῖν
1615 4305 1714 4357 ἐπ-

104 4395 410 4463 εκλίναμεν
440 4389 617 4460 τὸτῆς
649 4387 998 4451 διδασκαλίας
1036 4388 1315 4459 ποτήριον,
1339 4387 1454 4440 ἀλλ’
1480 4390 1560 4452 εἰς
1579 4386 1712 4440 πολ-

101 4477 208 4540 λάς
236 4478 366 4546 ὑμῖν
388 4473 519 4527 αὐτὸ
543 4470 1098 4543 κατεκερματίσαμεν
1120 4469 1359 4543 ἡμέρας,
1386 4472 1445 4524 ἐν
1465 4474 1588 4534 ταῖς
1617 4487 1713 4541 με-

98 4560 246 4625 ταξὺ
258 4558 482 4621 ταύταις
493 4558 528 4626 ή
539 4557 734 4628 μέραις
750 4551 1177 4609 διαναπαύεσθαι
1194 4554 1568 4625 παρασχόντες
1583 4554 1612 4606 ύ
1621 4556 1712 4625 μῖν

98 4646 173 4699 ὲκ
202 4643 303 4699 τοῦ
335 4642 436 4711 τῆς
471 4638 627 4711 [757]
654 4638 974 4711 ἀκροάσεως
1002 4637 1188 4702 πόνου,
1215 4635 1304 4691 ἵνα
1326 4636 1421 4691 καὶ
1439 4637 1508 4691 τὰ
1539 4654 1713 4690 κατα-

101 4726 384 4799 ϐληθέντα
438 4725 588 4793 παγῇ
642 4721 781 4793 μετά
814 4720 1115 4789 ἀσφαλείας
1168 4722 1227 4774 ἐν
1262 4722 1328 4792 τῇ
1361 4719 1568 4792 διανοίᾳ
1612 4722 1711 4793 τῆς

104 4810 389 4883 ὑμετέρας
417 4807 659 4877 ἀγάπης,
683 4805 777 4858 καὶ
805 4805 873 4858 τὰ
908 4803 1243 4875 ῥηθήσεσθαι
1270 4803 1535 4875 μέλλοντα
1563 4804 1714 4857 ἀνει-

105 4898 256 4970 μένῃ
282 4896 377 4948 καί
405 4890 737 4964 ἀκμαζούσῃ
785 4888 1014 4961 δέξησθε
1061 4889 1231 4960 ψυχῇ.
1282 4888 1385 4942 Διά
1435 4887 1714 4943 τοῦτοκαὶ

98 4968 497 5052 τήννύπόθεσιν
542 4975 652 5030 τῶν
704 4973 1009 5046 μελλόντων
1070 4971 1403 5043 ῥηθήσεσθαι
1450 4970 1711 5037 πολλάκις

100 5067 247 5136 ὑμῖν
277 5060 615 5135 προλέγομεν
646 5058 753 5142 προ
796 5055 1008 5142 πολλῶν
1045 5054 1315 5142 Δἡμερῶν,
1367 5056 1456 5142 ἕνα
1506 5056 1563 5108 ἐν
1590 5057 1711 5142 ταῖς

106 5144 324 5220 μεταξὺ
359 5144 585 5206 ταύταις
636 5140 873 5213 ἡμέραις
915 5138 978 5192 τὸ
1039 5137 1241 5209 βιϐλίον
1284 5137 1560 5220 λαϐόντες,
1614 5138 1711 5191 καὶ

98 5219 209 5302 τὴν
258 5227 564 5299 περικοπὴν
604 5224 823 5280 ἃπασαν
859 5222 1127 5286 ἐπιόντες,
1172 5222 1267 5275 καὶ
1299 5219 1710 5291 καταμαθόντες

103 5313 161 5367 τί
212 5312 319 5391 μὲν
348 5310 587 5382 εἴρηται,
635 5308 689 5361 τί
743 5305 1252 5391 δὲ“ὑπολέλειπται,
1299 5303 1711 5391 εὐμαθεστέραν

103 5386 271 5469 ὑμῶν
305 5395 569 5482 ποιλήσητε
596 5392 697 5464 τὴν
745 5391 984 5482 διάνοιαν
1018 5388 1156 5461 πρὸς
1182 5386 1280 5459 τὴν
1306 5387 1569 5458 ἀκρόασιν
1600 5387 1709 5443 τῶν

105 5480 259 5555 μετά
281 5475 454 5533 ταῦτα
479 5475 887 5549 ῥηθησομένων.

182 5563 298 5618 Καὶ
322 5558 481 5617 τοῦτο
512 5560 600 5613 ἀεὶ
633 5555 962 5629 παρακαλῶ,
984 5556 1079 5610 καὶ
1110 5552 1449 5626 παρακαλῶν
1476 5554 1538 5608 οὐ
1568 5554 1709 5608 παύ-

102 5664 308 5723 σομαι,
334 5647 423 5699 ἵνα
467 5644 541 5716 μὴ
570 5643 728 5715 μόνον
763 5641 997 5697 ἐνταῦθα
1029 5640 1141 5704 τοῖς
1183 5638 1503 5710 λεγομένοις
1533 5654 1710 5711 προσ-

186 5818 206 5844 ⁸
232 5814 369 5866 Unus
389 5829 486 5865 ms.
530 5822 582 5865 el
602 5814 751 5863 Savil.
776 5815 825 5861 in
849 5825 1001 5874 marg.
1026 5811 1373 5872 ἐπιλαϐώμεθα.

1825 2300 2009 2375 έχητε,
2041 2299 2181 2356 ἀλλά
2218 2300 2313 2355 καὶ
2340 2302 2479 2355 οῐκοι
2506 2300 2806 2373 γινόμενοι,
2839 2307 2906 2376 τῇ
2949 2305 3057 2360 τῶν
3088 2305 3249 2361 θείων
3277 2306 3419 2376 Γρα⁹

1824 2385 1941 2454 φῶν
1974 2384 2278 2455 ἀναγνώσει
2309 2385 2548 2455 συνεχῶς
2580 2387 2971 2458 ἐνδιατρίϐητε.
3000 2388 3171 2442 Τοῦτο
3200 2390 3421 2455 καὶτοῖς

1828 2470 1932 2541 ἰδία
1957 2469 2369 2541 συγγινομένοις
2412 2471 2545 2540 ἡμῖν
2574 2471 2634 2522 ού
2665 2470 2902 2524 διέλιπον
2936 2472 3022 2524 ἀεὶ
3065 2472 3415 2545 παρεγγυῶν.

1822 2554 1914 2624 Μὴ
1939 2554 2047 2626 γάρ
2074 2571 2163 2624 μοι
2188 2552 2393 2622 λεγέτω
2409 2570 2492 2616 τις
2510 2552 2580 2606 τά
2613 2553 2800 2625 ψυχρά
2839 2556 3060 2625 ῥήματα
3086 2557 3288 2622 ἐκεῖνα,
3323 2555 3419 2609 καὶ

1823 2636 2025 2707 πολλῆς
2056 2636 2457 2704 καταγνώσεως
2507 2636 2665 2702 ἄξια,
2719 2638 2803 2690 ὅτι
2854 2639 3199 2710 Δικαστηρίῳ
3248 2657 3419 2712 προσ-

1822 2720 2063 2791 ήλωμαι,
2098 2720 2170 2773 τὰ
2198 2720 2298 2790 τῆς
2337 2720 2545 2783 πόλεως
2582 2720 2809 2791 πράττω
2842 2722 3163 2792 πράγματα,
3222 2723 3418 2793 τέχνην

1825 2806 2183 2875 μετέρχομαι,
2206 2806 2442 2871 γυναῖκα
2467 2801 2598 2873 ἔχω,
2630 2803 2819 2857 παιδία
2843 2803 3052 2875 τρέφω,
3080 2806 3259 2869 οἰκίας
3281 2823 3421 2877 προ-

1816 2886 2072 2956 ϊσταμαι,
2102 2886 2242 2957 ἀνήρ
2265 2888 2382 2957 εἰμι
2419 2885 2692 2955 βιωτικός·
2723 2887 2824 2938 οὐκ
2849 2885 2996 2939 ἐστιν
3036 2888 3168 2958 ἐμὸν
3195 2889 3421 2959 Γραφάς

1820 2968 2236 3038 ἀναγινώσκειν,
2263 2969 2376 3023 ἀλλ’
2414 2969 2637 3022 ἐκείνων
2684 2967 2792 3023 τῶν
2822 2970 3274 3043 ἁποταξαμένων,
3307 2974 3418 3028 τῶν

1820 3051 1917 3115 τὰς
1970 3053 2215 3124 κορυφὰς
2243 3052 2351 3105 τῶν
2386 3053 2557 3123 ὀρέων
2590 3053 3017 3123 κατειληφότων,
3082 3054 3187 3107 τῶν
3226 3055 3419 3111 τοῦτον

1816 3135 1909 3187 τὸν
1938 3134 2053 3205 βίον
2082 3136 2317 3206 ἐχόντων
2349 3133 2631 3205 διηνεκῶς.
2666 3134 2729 3185 Τί
2761 3134 2958 3203 λέγεις,
2992 3134 3279 3208 ἄνθρωπε;
3316 3141 3417 3195 οὐκ

1818 3218 1936 3271 ἐστι
1970 3218 2062 3272 σὸν
2092 3217 2252 3290 ἔργον
2301 3220 2548 3291 Γραφαῖς
2578 3217 2891 3288 προσέχειν,
2947 3219 3137 3291 ἐπειδὴ
3188 3223 3416 3293 μυρίαις

1818 3301 2083 3374 περιέλκῃ
2142 3301 2421 3373 φροντίσι;
2485 3303 2583 3355 Σὸν
2648 3302 2747 3372 μὲν
2793 3297 2887 3355 οὖν
2930 3302 3129 3373 μᾶλλόν
3180 3305 3349 3373 ἐστιν,
3379 3308 3414 3379 ἢ

1818 3386 2063 3439 ἐκείνων.
2097 3386 2171 3439 Ού
2196 3386 2305 3458 γὰρ
2340 3386 2512 3448 οὕτως
2543 3387 2741 3438 ἐκεῖνοι
2761 3383 3024 3456 χρῄζουσι
3047 3386 3146 3457 τῆς
3176 3388 3282 3440 ἀπὸ
3308 3390 3415 3442 τῶν

1816 3467 1978 3522 θείων
2001 3470 2039 3521 Γ
2045 3470 2233 3541 ραφῶν
2263 3468 2534 3539 βοηθείας,
2595 3468 2672 3532 ὡς
2704 3472 2752 3522 οἱ
2785 3471 2842 3521 ἐν
2879 3470 3032 3540 μέσῳ
3059 3474 3416 3543 στρεφόμενοι

1817 3553 2160 3624 πραγμάτων
2194 3553 2425 3608 πολλῶν.
2458 3554 2520 3606 Οἱ
2553 3554 2650 3624 μὲν
2673 3554 2783 3625 γὰρ
2827 3556 3051 3625 μοναχοὶ
3081 3557 3180 3625 τῆς
3207 3558 3416 3629 ἀγορᾶς

1817 3638 2046 3691 καὶτῶν
2078 3640 2142 3691 ἐκ
2158 3637 2259 3708 τῆς
2291 3639 2498 3709 ἀγορᾶς
2559 3637 2967 3706 ἀπαλλαγέντες
3001 3638 3265 3711 θορύϐων,
3320 3645 3416 3697 καὶ

1815 3720 1913 3784 τάς
1944 3720 2189 3785 καλύϐας
2215 3724 2272 3774 ὲν
2302 3722 2509 3793 ἐρημίᾳ
2543 3720 2867 3793 πηξάμενοι,
2924 3723 3017 3775 καὶ
3054 3725 3190 3794 πρὸς
3225 3726 3417 3779 οὐδένα

1816 3805 1996 3858 κοινὸν
2029 3805 2183 3859 οὐδὲν
2236 3804 2473 3876 ἔχοντες,
2532 3805 2649 3860 ἀλλ’
2714 3805 3205 3877 ἐμφιλοσοφοῦντες
3276 3813 3415 3880 μετὰ

1815 3887 2000 3952 ἀδείας
2034 3890 2101 3960 τῇ
2129 3889 2230 3960 τῆς
2258 3889 2493 3959 ήσυχίας
2525 3890 2743 3960 ἐκείνης
2784 3889 3016 3963 γαλήνῃ,
3073 3893 3323 3964 καθάπερ
3356 3897 3419 3948 ἐν

1815 3970 1999 4042 λιμένι
2028 3970 2353 4044 καθήμενοι,
2404 3971 2605 4043 πολλῆς
2640 3975 2739 4042 τῆς
2780 3973 3081 4042 ἀσφαλείας
3107 3976 3412 4031 ἀπολαύου-

1817 4072 1921 4109 σιν·
1948 4057 2112 4125 ήμεϊς
2157 4055 2214 4108 δὲ
2240 4057 2289 4109 οἰ
2320 4056 2575 4128 καθάπερ
2599 4057 2657 4108 ἐν
2698 4056 2847 4126 μέσῳ
2881 4057 3107 4125 πελάγει
3160 4060 3413 4116 σαλεύον-

1812 4153 1926 4203 τες,
1992 4137 2085 4189 καὶ
2152 4139 2366 4210 μυρίων
2408 4139 2829 4209 ἁμαρτημάτων
2873 4139 3115 4206 ἀνάγκας
3173 4141 3408 4212 ἔχοντες,

1816 4219 2075 4289 συνεχοῦς
2126 4222 2221 4273 καὶ
2270 4220 2553 4291 διηνεκοῦς
2608 4220 2697 4272 ἀεὶ
2747 4219 2977 4291 δεόμεθα
3016 4221 3115 4292 τῆς
3146 4222 3253 4277 ἀπὸ
3300 4226 3409 4277 τῶν

1814 4303 2047 4373 Γραφῶν
2095 4303 2517 4375 παρακλήσεως.
2572 4304 2801 4357 Ἐκεῖνοι
2856 4306 3047 4377 πόρῥω
3090 4307 3189 4378 τῆς
3228 4310 3410 4381 μάχης

1813 4387 2102 4458 κάθηνται,
2123 4387 2310 4459 διόπερ
2353 4387 2474 4440 οὐδὲ
2502 4385 2673 4440 πολλά
2712 4387 2955 4457 δέχονται
2998 4389 3309 4461 τραύματα·
3342 4395 3407 4446 σὺ

1812 4470 1871 4524 δὲ
1901 4470 2166 4542 διηνεκῶς
2192 4470 2286 4523 ἐπὶ
2326 4472 2427 4540 τῆς
2472 4469 2830 4542 παρατάξεως
2864 4471 3123 4543 ἕστηκας,
3154 4477 3248 4529 καὶ
3282 4495 3407 4531 συν-

1811 4555 1957 4625 εχεῖς
1976 4554 2109 4624 δέχῃ
2141 4554 2240 4621 τὰς
2266 4552 2504 4623 πληγάς⁸
2536 4555 2615 4607 διὸ
2660 4556 2754 4609 καὶ
2786 4554 3047 4609 πλειόνων
3082 4574 3164 4611 σοι
3191 4559 3272 4613 δεῖ
3297 4561 3407 4614 τῶν

1814 4636 2273 4708 φαρμάκων.Καὶ
2297 4636 2408 4708 γὰρ
2429 4638 2523 4690 καὶ
2554 4637 2691 4709 γυνὴ
2715 4638 3031 4709 παροξύνει,
3064 4641 3157 4694 καὶ
3181 4642 3295 4705 υίὸς
3311 4644 3417 4699 λυς,

1814 4723 1928 4786 πεῖ,
1960 4721 2055 4774 καὶ
2108 4719 2329 4790 οἰκέτης
2379 4721 2459 4783 εἰς
2511 4720 2681 4791 ὀργὴν
2730 4721 3029 4791 ἐμϐάλλει,
3076 4725 3172 4776 καὶ
3213 4725 3407 4797 ἐχθρὸς

1814 4803 2181 4868 ἐπιϐουλεύει,
2211 4804 2307 4856 καὶ
2344 4802 2499 4872 φίλος
2528 4804 2841 4873 βασκαίνει,
2893 4807 2988 4860 καὶ
3029 4808 3228 4874 γείτων
3265 4811 3403 4880 ἐπη-

1820 4887 2024 4960 ρεάζει,
2049 4887 2144 4941 καὶ
2170 4885 2586 4957 συστρατιώτης
2622 4888 2989 4954 ὑποσκελίζει,
3029 4890 3287 4955 πολλάκις
3313 4895 3405 4945 καὶ

1814 4972 2076 5043 δικαστὴς
2120 4970 2367 5034 ἀπειλεῖ,
2417 4971 2513 5023 καὶ
2559 4972 2720 5023 πενία
2766 4971 2961 5036 λυπεῖ,
3020 4974 3114 5026 καὶ
3161 4974 3404 5047 ἀποϐολὴ

1808 5056 1920 5110 τῶν
1948 5053 2388 5123 οἰκείωνηπένθος
2424 5053 2754 5126 ἐργάζεται,
2786 5056 2882 5109 καὶ
2924 5056 3199 5128 εὐημερία
3231 5061 3399 5129 φυσᾷ.

1811 5141 1907 5193 καὶ
1953 5137 2264 5210 δυσπραγία
2308 5137 2607 5204 συστέλλει,
2660 5140 2756 5193 καὶ
2809 5138 3005 5194 πολλαὶ
3060 5141 3160 5213 μὲν
3207 5143 3400 5214 ὀργῆς,

1809 5222 2006 5275 πολλαὶ
2055 5222 2113 5275 δὲ
2165 5221 2485 5293 φροντίδων,
2546 5221 2739 5276 πολλαὶ
2787 5222 2845 5276 δὲ
2890 5222 3129 5294 ἀθυμίας
3168 5225 3264 5278 καί
3310 5225 3402 5279 λύ-

1810 5322 1940 5376 πης,
1971 5304 2164 5358 πολλαὶ
2187 5305 2245 5358 δὲ
2266 5303 2571 5370 κενοδοξίας
2602 5306 2697 5359 καὶ
2726 5306 2987 5370 ἀπονοίας
3020 5307 3268 5378 ἀφορμαὶ
3307 5310 3401 5361 καὶ

1810 5389 2048 5455 ἀνάγκαι
2077 5386 2344 5440 πάντοθεν
2377 5389 2528 5459 ἡμᾶς
2557 5387 3067 5460 περιστοιχίζονται,
3113 5391 3206 5442 καὶ
3232 5392 3400 5462 μυρία

1770 5518 1785 5527 .
1810 5470 2152 5542 πανταχόθεν
2176 5469 2248 5523 τά
2277 5469 2407 5541 βέλη
2442 5473 2691 5542 φέρεται·
2727 5472 2809 5526 διὸ
2830 5474 2931 5543 τῆς
2968 5474 3077 5527 ἀπὸ
3107 5473 3219 5527 τῶν
3258 5476 3398 5544 Γρα-

1809 5552 1926 5624 φῶν
1984 5552 2287 5617 πανοπλίας
2332 5554 2490 5626 χρεία
2555 5554 2840 5625 διηνεκῶς.
2907 5555 3199 5624 Ἐπίγνωθι
3251 5558 3395 5628 γὰρ,

1810 5632 1996 5708 φησὶν,
2056 5639 2138 5691 ὅτι
2187 5639 2246 5691 ἐν
2301 5638 2453 5708 μέσῳ
2508 5640 2751 5708 παγίδων
2798 5638 3115 5705 διαϐαίνεις,
3168 5643 3263 5696 καὶ
3304 5644 3398 5697 ἐπὶ

1811 5720 2087 5786 ἐπάλξεων
2118 5721 2325 5786 πόλεως
2349 5725 2696 5792 περιπατεῖς.
2728 5723 2838 5777 Καὶ
2858 5723 2968 5796 γάρ
2992 5726 3048 5776 αί
3072 5724 3172 5796 τῆς
3193 5726 3397 5797 σαρκὸς

1815 5804 2099 5875 ἐπιθυμίαι
2146 5805 2526 5880 χαλεπώτερον
2563 5806 2670 5862 τῶν
2712 5807 2771 5863 ἐν
2818 5807 2970 5880 μέσῳ
3013 5809 3396 5881 στρεφομένων
