3958 6366
541 333 650 392 995

540 447 1049 514 κατεξανίστανται·
1101 448 1198 503 καὶ
1241 448 1353 523 γὰρ
1388 449 1482 504 καὶ
1511 448 1634 519 δψις
1669 445 1955 520 εὐπρεπὴς
1977 485 1992 512 ,
2038 441 2134 497 καὶ

541 534 702 606 σῶμα
727 534 985 606 λαμπρὸν
1008 533 1097 587 διά
1133 533 1242 587 τῶν
1275 532 1570 603 ὀφθαλμῶν
1608 531 1800 594 ἔϐαλε,
1844 530 1940 583 καὶ
1985 528 2138 600 ῥῆμα

537 620 766 688 αἰσχρὸν
807 619 896 672 διά
929 619 1029 689 τῆς
1079 617 1251 687 ἀκοῆς
1301 617 1546 671 εἰσελθὸν
1593 615 1927 687 ἐθορύϐησεν
1975 610 2137 683 ἡμῶν

536 705 630 757 τὸν
652 704 936 775 λογισμόψ
973 701 1227 767 πολλάκις
1260 703 1317 756 δὲ
1357 703 1451 756 καὶ
1487 701 1648 774 μέλος
1675 697 2136 768 κατακεκλασμέ-

537 805 627 842 νον
652 787 713 841 τὸ
745 789 846 859 τῆς
877 786 1058 858 ψυχῆς
1098 785 1314 843 εὔτονον
1357 785 1726 858 κατεμάλαξε.
1766 784 1878 838 Καὶ
1913 782 1965 836 τί
1992 781 2138 850 λέγω

535 872 748 939 ταῦτας
796 871 871 926 Τὸ
913 875 1022 943 γὰρ
1062 873 1282 927 πάντων
1314 872 1522 926 τούτων
1571 870 1958 926 εὐτελέστατον
1992 863 2135 920 εἶναι

537 958 800 1020 πολλάκις
832 957 1046 1021 δοκοῦν,
1112 957 1302 1028 μύρων
1338 956 1485 1028 ὀσμὴ
1527 954 1918 1028 προσπεσοῦσά
1967 952 2136 1006 ποθεν

536 1041 688 1115 [758]
725 1041 877 1113 παρά
910 1040 1188 1110 γυναικῶν
1225 1033 1652 1112 ὲταιριζομένων
1685 1043 1743 1093 ἐν
1781 1041 1850 1110 τῇ
1881 1036 2133 1110 παρόδῳ.

533 1126 776 1180 λαϐοῦσα
812 1125 1058 1196 ἀπῆλθεν
1108 1125 1462 1222 αἰχμάλωτον
1507 1125 1616 1178 ἀπὸ
1662 1124 1823 1195 ψιλῆς
1866 1122 1968 1194 τῆς
2016 1138 2138 1175 συν-

532 1212 743 1276 τυχίας.

599 1231 812 1366 ἒῗῗξαὶ
869 1296 1041 1351 πολλά
1089 1295 1320 1350 τοιαῦτά
1352 1297 1468 1351 ἐστι
1501 1295 1570 1349 τά
1605 1291 1998 1365 πολιορκοῦντα
2031 1288 2131 1362 τὴν

531 1381 808 1451 ἡμετέραν
834 1380 1036 1451 ψυχήνο
1069 1381 1161 1433 καὶ
1187 1379 1268 1432 δεῖ
1298 1378 1404 1433 τῶν
1431 1378 1592 1432 θείων
1618 1377 1930 1450 φαρμάκων
1959 1377 2093 1446 ἡμῖν
2113 1414 2129 1439 ,

534 1465 622 1518 ἵνα
672 1467 766 1518 καὶ
811 1465 880 1518 τά
932 1465 1192 1535 γινόμενα
1253 1463 1387 1534 ’ἐλκη
1436 1463 1862 1535 θεραπεύωμεν,
1913 1460 2009 1514 καὶ
2058 1461 2128 1514 τά

536 1549 766 1620 μηδέπω
812 1549 910 1620 μὲν
940 1549 1222 1619 γινόμενα,
1271 1547 1537 1618 μέλλοντα
1567 1537 1636 1602 ’δὲ
1677 1545 1948 1617 γίνεσθαι,
1997 1563 2133 1616 προ-

532 1633 988 1704 αναστέλλωμεν,
1050 1630 1334 1704 πόρρωθεν
1399 1629 1494 1684 τοῦ
1561 1631 1808 1684 διαϐόλου
1862 1630 1934 1684 τά
1998 1629 2130 1700 βέλη

532 1716 1000 1780 κατασϐεννύντες
1027 1716 1124 1770 καὶ
1153 1715 1590 1787 ἀποκρουόμενοι
1624 1715 1715 1770 διά
1741 1715 1841 1786 τῆς
1871 1712 2131 1786 συνεχοῦς

530 1803 639 1854 τῶν
668 1801 828 1855 θείων
861 1801 1096 1874 Γραφῶν
1129 1800 1513 1870 ἀναγνώσεως.
1558 1801 1633 1854 Οὐ
1675 1801 1784 1873 γὰρ
1823 1800 1991 1867 ἐστιν,
2029 1800 2130 1855 οὐκ

532 1887 648 1937 ἔστι
695 1885 818 1938 τινὰ
871 1885 1110 1956 σωθῆναι
1169 1886 1244 1958 μὴ
1293 1885 1536 1956 συνεχῶς
1587 1883 1951 1954 ἀναγνώσεως
1992 1884 2129 1938 ἀπο-

530 1968 768 2022 λαύοντα
795 1969 1208 2040 πνευματικῆς·
1253 1968 1369 2022 ἀλλ’
1398 1969 1569 2033 ὅντως
1607 1969 1913 2040 ἀγαπητὸν,
1953 1970 2003 2022 εἰ
2032 1969 2129 2023 καὶ

529 2052 816 2121 διηνεκοῦς
842 2053 1045 2123 ταύτης
1074 2051 1442 2117 ἀπολαύοντες
1473 2056 1570 2123 τῆς
1599 2065 1626 2094 ι
1661 2053 1962 2124 θεραπείας
1980 2093 1996 2118 ,
2032 2052 2126 2106 δυ-

529 2136 830 2206 νηθείημεν
887 2136 1129 2208 σωθῆναί
1182 2154 1338 2192 ποτε.
1388 2137 1560 2190 ’Ὀταν
1606 2136 1665 2190 δὲ
1715 2135 1839 2190 καθ’
1885 2136 2126 2208 ἑκάστην

533 2221 631 2289 μὲν
660 2218 1026 2290 πληττὼμεθα
1059 2221 1160 2292 τὴν
1190 2221 1424 2292 ἡμέραν,
1477 2221 1722 2293 ἰατρείας
1754 2220 1811 2274 δὲ
1854 2220 2128 2292 μηδεμιᾶς

528 2303 916 2375 ἀπολαύωμεν,
969 2303 1100 2358 ποία
1136 2304 1411 2378 σωτηρίας
1441 2305 1628 2371 ἐλπίς;
1677 2305 1790 2376 Οὐχ
1827 2304 1966 2377 δρᾷς
1997 2305 2127 2370 τοὺς

529 2387 927 2460 χαλκοτύπους,
958 2388 1085 2452 τοὺς
1113 2389 1467 2460 χρυσοχόους,
1503 2391 1630 2454 τοὺς
1671 2389 2122 2462 ἀργυροκόπους,

526 2473 656 2534 τοὺς
698 2470 986 2543 ἡντιναοῦν
1039 2475 1326 2544 μετιόντας
1383 2474 1601 2546 τέχνην,
1653 2474 1872 2529 ἅπαντα
1911 2474 1980 2527 τά
2021 2472 2125 2544 τῆς

524 2556 723 2627 τέχνης
752 2555 974 2626 ἔχοντας
1010 2556 1398 2628 ἀπηρτισμένα
1449 2559 1519 2612 τά
1559 2558 1839 2632 ἐργαλεῖα,
1893 2557 2001 2613 κᾶν
2042 2557 2125 2610 λι-

529 2639 629 2712 μὸς
681 2639 990 2710 ἀναγκάζῃ,
1045 2640 1150 2694 κᾶν
1184 2641 1349 2695 πενία
1386 2641 1582 2714 θλίϐῃ,
1624 2642 1805 2696 πάντα
1855 2640 2121 2713 αἱρουμέ-

527 2742 652 2788 νους
684 2725 975 2794 ὑπομεῖναι
1011 2723 1233 2795 μᾶλλον,
1270 2726 1306 2798 ἢ
1347 2726 1460 2780 τῶν
1489 2727 1590 2796 τῆς
1626 2727 1826 2799 τέχνης
1870 2727 2122 2800 ὁργάνων

526 2807 825 2862 ἀποδόσθαι
847 2826 921 2871 τι,
949 2810 1044 2862 καὶ
1071 2809 1471 2882 διατραφῆναι;
1512 2812 1708 2866 Πολλοὶ
1741 2811 1876 2882 γοῦν
1915 2812 2121 2867 πολλά-

525 2909 615 2956 κις
642 2892 994 2946 δανείσασθαι
1025 2894 1227 2965 μᾶλλον
1271 2895 1502 2959 εῖλοντο,
1551 2897 1647 2952 καὶ
1689 2897 1977 2970 διαθρέψαι
2025 2900 2122 2954 καὶ

523 2978 624 3047 τὴν
656 2976 834 3030 οἰκίαν
868 2978 964 3030 καὶ
995 2977 1063 3031 τὰ
1093 2979 1304 3045 παιδία,
1350 2981 1384 3051 ἢ
1425 2979 1533 3034 τῶν
1574 2982 1675 3053 τῆς
1709 2981 1912 3052 τέχνης
1957 2983 2121 3055 ἐργα-

523 3062 684 3116 λείων
728 3061 830 3117 κᾶν
867 3064 929 3117 τὸ
982 3064 1314 3136 μικρότατον
1362 3066 1693 3122 ἀποδόσθαιο
1726 3069 1822 3121 καὶ
1869 3068 2018 3140 μάλα
2055 3086 2120 3138 γε

522 3146 769 3212 εἰκότως.
801 3147 980 3201 Ἴσασι
1006 3149 1116 3220 γὰρ
1143 3149 1258 3214 ὅτι,
1300 3150 1621 3221 πραθέντων
1668 3151 1913 3219 ἐκείνων,
1943 3153 2119 3226 ἀχρη-

523 3248 626 3285 στα
647 3231 716 3284 τὰ
753 3232 854 3301 τῆς
879 3233 1075 3304 τέχνης
1101 3235 1283 3300 αὐτοῖς
1320 3237 1570 3302 ἅπαντα,
1607 3239 1704 3291 καί⁸
1736 3241 1772 3309 ἡ
1807 3239 1910 3310 τῆς
1948 3240 2117 3293 εὐπο-

523 3316 648 3387 ρίας
707 3316 965 3380 ὑπόθεσις
1008 3318 1280 3391 ἀνῄρηται
1333 3321 1502 3374 πᾶσα.
1548 3321 1804 3376 Ἐκείνων
1858 3323 1960 3394 μέν
2005 3322 2115 3398 γὰρ

524 3400 819 3469 μενόντων,
870 3400 1092 3454 δυνατὸν
1133 3402 1202 3456 τά
1244 3405 1507 3475 γινόμενα
1550 3405 1890 3478 δανείσματα
1938 3409 2123 3481 χρόνῳ

521 3484 654 3536 ποτὲ
683 3483 1038 3538 διαλύσασθαι
1070 3488 1137 3558 τῇ
1183 3487 1352 3560 τέχνῃ
1394 3489 1634 3559 συνεχῶς
1674 3494 2027 3563 χρωμένους*
2067 3495 2115 3548 εἰ

519 3567 578 3622 δὲ
628 3567 934 3636 φθάσαντες
992 3569 1200 3641 ἐτέροις
1239 3571 1382 3626 αὐτά
1428 3573 1711 3630 ἀπόδοιντο
1751 3577 1803 3641 ιι,
1855 3578 2113 3650 οὐδεμίαν

519 3652 703 3704 οὐκέτι
746 3652 1102 3724 παραμυθίαν
1154 3657 1221 3727 τῇ
1272 3657 1435 3730 πενίᾳ
1493 3658 1590 3712 καὶ
1639 3659 1716 3732 τῷ
1755 3661 1902 3734 λιμῷ
1947 3663 2115 3718 ποθεν

519 3736 802 3806 ἐπινοῆσαι
828 3735 1164 3807 δυνήσονται.
1195 3739 1383 3804 Οὕτως
1408 3736 1502 3796 οὖν
1527 3743 1620 3796 καὶ
1637 3745 1786 3816 ἡμᾶς
1811 3746 2114 3802 διακεῖσθαι

519 3823 646 3891 χρή.
687 3819 954 3892 Καθάπερ
1001 3822 1110 3894 γὰρ
1167 3823 1401 3889 ἐκείνοις
1445 3827 1704 3896 ἐργαλεῖα
1760 3829 1864 3900 τῆς
1915 3831 2113 3904 τέχνης

518 3904 636 3957 ἐστὶ
689 3904 869 3988 σφῦρα
904 3907 998 3960 καὶ
1027 3907 1220 3978 ἄκμων
1250 3909 1346 3961 καὶ
1380 3911 1664 3983 πυράγρα·
1715 3913 1858 3968 οὕτω
1897 3915 1962 3988 δὴ
2021 3919 2116 3970 καὶ

522 3989 650 4058 ἡμῖν
675 3987 934 4075 ἐργαλεῖα
964 3989 1062 4060 τῆς
1087 3990 1284 4062 τέχνης
1317 3992 1466 4047 ἐστὶν
1487 3995 1825 4052 ἀποστολικὰ
1859 3987 1959 4055 καί
1982 4020 2116 4075 προ-

516 4073 725 4144 φητικά
747 4072 946 4144 βιϐλία,
975 4075 1068 4127 καί
1086 4077 1235 4129 πᾶσα
1259 4075 1450 4149 Γραφὴ
1469 4078 1831 4148 θεόπνευστος
1858 4086 1953 4140 καὶ
1969 4072 2115 4158 ὠφέ-

515 4161 694 4228 λιμος.
748 4159 858 4246 Καὶ
897 4158 1150 4246 καθάπερ
1202 4164 1401 4217 ἐκεῖνοι
1449 4164 1517 4219 δι’
1555 4167 1782 4233 ἐκείνων
1826 4171 2111 4246 τά,σκεύη

516 4245 716 4306 πάντα,
737 4241 878 4316 ἅπερ
910 4243 978 4297 ἂν
1010 4239 1236 4311 λάϐωσι,
1271 4247 1713 4306 διαπλάττουσιν·
1749 4254 1893 4311 οὕτω
1926 4259 1990 4332 δὴ
2021 4239 2114 4314 καί

515 4331 677 4398 ἡμεῖς
703 4327 809 4413 διά-
828 4329 1035 4384 τούτων
1063 4331 1163 4402 τὴν
1191 4332 1370 4406 ψυχὴν
1407 4335 1505 4407 τὴν
1532 4338 1812 4413 ἡμετέραν
1849 4327 2113 4413 χαλκεύο-

520 4428 642 4481 μεν,
677 4412 772 4464 καὶ
793 4411 1233 4486 διεστραμμένην
1268 4416 1612 4489 διορθοῦμεν,
1642 4411 2115 4484 καίπάλαιωθεί-

519 4511 620 4547 σαν
650 4495 1096 4584 ἀνακαινίζομεν.
1122 4499 1396 4584 ,Κάκεῖνοι
1425 4502 1525 4572 μὲν
1558 4504 1722 4578 μέχρι
1754 4509 1862 4563 τῶν
1894 4515 2114 4584 σχημά-

516 4595 626 4632 των
656 4578 754 4650 τὴν
786 4579 996 4633 ἑαυτῶν
1022 4581 1425 4640 ἐπιδείκνυνται
1457 4587 1674 4660 τέχνην·
1707 4593 1766 4645 οὐ
1793 4594 1901 4664 γὰρ
1928 4578 2114 4669 ’τὴν

517 4664 651 4736 ’ύλην
675 4664 781 4720 τῶν
810 4665 1020 4720 σκευῶν
1067 4669 1395 4738 μεταϐαλεῖν
1435 4672 1672 4730 δύναιντ’
1717 4677 1806 4744 ἂν,
1854 4664 1992 4734 οὐδὲ⁷
2020 4664 2113 4738 τδν

515 4749 757 4822 ἄργυρον
802 4750 1028 4820 ποιῆσαι
1074 4753 1299 4823 χρυσὸν,
1349 4754 1487 4811 ἀλλὰ
1533 4759 1661 4824 τοὺς
1690 4751 1897 4827 τύπους
1930 4766 2112 4820 αὐτῶν

519 4832 1030 4921 μεταρρυθ-μίςουσι
1060 4836 1245 4907 μόνον’
1279 4838 1344 4892 σὺ
1367 4839 1424 4893 δὲ
1458 4841 1557 4913 οὐχ
1584 4843 1780 4912 οὕτως,
1827 4847 1942 4902 ἀλλ’
1967 4849 2112 4921 ἔχεις

511 4934 567 4970 τι
596 4917 759 4970 πλέον
792 4917 1040 4987 ἐκείνων,
1075 4923 1171 4975 καὶ
1204 4921 1416 4990 ξύλινον
1447 4926 1644 4992 σκεῦος
1675 4928 1857 4985 λαϐὼν
1905 4917 2112 5011 δυνήσῃ

512 5002 646 5056 ποτὲ
681 5003 917 5073 χρυσοῦν
948 5006 1192 5077 ποιῆσαι.
1223 5008 1336 5062 Καὶ
1349 5008 1542 5064 τούτου
1576 5012 1788 5084 μάρτυς
1821 5019 1849 5071 ὁ
1877 5002 2109 5086 Παῠχοςξ

511 5085 662 5172 οὕτω
679 5086 874 5154 λέγων’
920 5089 1017 5172 '_Er
1044 5089 1285 5161 μεγάλῃ
1319 5090 1390 5146 δὲ
1416 5096 1575 5163 οἰκίᾳ
1611 5099 1723 5153 οὐκ
1754 5099 1889 5156 ἐστι
1914 5085 2114 5172 μόνον

511 5170 711 5237 σκεύη
751 5170 954 5240 χρυσᾶ
986 5173 1087 5227 καί
1134 5174 1386 5245 ἀργυρᾶ,
1419 5179 1581 5236 ἀλλὰ
1620 5183 1720 5236 καί
1753 5170 1976 5249 ξύλικα
2007 5191 2110 5243 καί

514 5253 861 5320 ὀστράκινα.
908 5257 1044 5311 Ἐάν
1059 5275 1150 5326 τις
1181 5255 1296 5314 οὖν
1320 5261 1622 5337 ἐκκαθάρῃ
1644 5267 1864 5323 ἑαυτὸν
1887 5271 1956 5326 ἐκ
1984 5274 2112 5328 τού-

513 5355 651 5394 των.
687 5339 863 5394 ἔσται
890 5343 1114 5410 σκεῦος
1137 5347 1224 5412 εἰς
1243 5347 1425 5418 τιμὴν
1445 5351 1841 5422 ἡγιασμένον,
1877 5357 1976 5411 καὶ
2011 5359 2111 5413 εῦ-

510 5439 784 5512 χρηστον
819 5425 900 5512 τῷ
929 5425 1201 5512 δεσπότῃ
1237 5435 1326 5500 εἰς
1348 5433 1474 5490 πᾶν
1501 5436 1681 5508 ἔργον
1699 5440 2109 5512 ἀγαθὸν-ἡτοι-

507 5507 844 5579 μασμένον.
875 5511 969 5583 Μὴ
1020 5513 1201 5569 τοίνυν
1253 5517 1548 5593 ἀμελῶμεν
1580 5507 1695 5596 τῆς
1725 5507 2108 5594 κτήσεως-τῶν

570 5723 596 5800 2
624 5726 720 5800 ιιι
741 5726 1206 5800 ἳαῦτέπςμετέκοντες

569 5781 596 5820 b
622 5787 723 5836 Alii
749 5781 988 5842 ἀποδοῖεν.
1004 5781 1489 5869 ιίὲιιιὸξόὲιῖᾶιιίάιιιι
1510 5820 1623 5858 mss.
1640 5809 1766 5860 οὕτω
1789 5812 1846 5870 δὴ
1865 5815 2096 5876 καὶτιμᾱς.

1257 287 1321 388 5..
1359 331 1646 388 JOANNIS
1683 325 2175 388 CHRYSOSTOMI
2219 325 2538 383 ARCIIIEP.
2582 326 3144 388 CONSTANTINOP.

3730 336 3826 395 9θί

2248 442 2495 513 βιϐλίων,
2528 446 2616 500 ἵνα
2652 447 2726 518 μὴ
2757 448 2888 520 περὶ
2925 447 2998 502 τά
3023 448 3215 522 καίρια
3248 448 3533 524 δεξώμεθα
3563 451 3668 526 τὴν
3697 455 3830 526 πλη-

2241 535 2364 606 γὴν,
2409 536 2545 608 μηδέ
2595 532 2817 611 χρυσίον
2858 540 3300 612 κατορύττωμεν,
3333 543 3472 598 ἀλλὰ
3519 545 3705 616 βιϐλία
3740 549 3827 622 θη-

2241 627 2589 700 σαυρίζωμεν
2618 631 2830 694 ἑαυτοῖς
2849 633 3220 702 πνευματικά.
3242 634 3317 687 Τδ
3342 635 3442 706 μὲν
3460 637 3570 710 γάρ
3591 641 3830 711 χρυσίον,

2240 720 2369 773 ὅταν
2402 719 2558 792 [759]
2585 721 2809 793 γένηται
2838 722 3023 788 πλέον,
3054 723 3174 778 τότε
3219 725 3455 796 μάλιστα
3492 729 3832 792 ἐπιϐουλεύει

2237 815 2352 876 τοῖς
2407 814 2785 885 κεκτημένοις
2817 814 2884 868 τὰ
2914 815 2970 868 δέ
3022 815 3206 887 βιϐλία
3242 819 3586 893 ἀποκείμενα
3631 823 3827 897 πολλὴν

2245 905 2482 976 παρέχει
2508 909 2621 970 τοῖς
2652 905 2836 978 ἔχουσι
2861 908 2959 980 τὴν
2998 908 3292 980 ὠφέλειαν.

2310 999 2524 1070 Ὥσπερ
2555 999 2665 1070 γὰρ
2693 999 2824 1055 ἔνθα
2851 997 2974 1076 ἂνῇ
3008 1003 3354 1076 ἀποκείμενα
3381 1007 3524 1061 ὅπλα
3553 1008 3832 1078 βασιλικά,

2237 1089 2340 1144 κᾶν
2368 1092 2560 1164 μηδεὶς
2653 1095 2682 1145 6
2725 1096 3087 1168 κεχρημένος,
3118 1097 3322 1170 πολλὴν
3350 1100 3580 1172 παρέχει
3615 1106 3736 1168 τοῖς
3756 1105 3834 1158 ἐν·

2235 1183 2326 1238 δον
2355 1186 2565 1240 οἰκοῦσι
2591 1187 2696 1260 τὴν
2739 1189 3010 1263 φυλακὴν,
3061 1190 3189 1246 οὔτε
3223 1194 3457 1269 λῃστῶν,
3488 1197 3613 1251 οὐτε
3639 1216 3832 1271 τοιχω-

2237 1276 2439 1350 ρύχων,
2471 1278 2596 1333 οὗτε
2621 1280 2782 1335 ἄλλου
2815 1283 2966 1348 τινὸς
2983 1285 3092 1338 τῶν
3109 1287 3564 1360 κακουργούντων
3591 1291 3834 1363 τολμῶν-

2233 1387 2326 1433 τος
2347 1371 2603 1443 ἐπιϐῆναι
2634 1374 2735 1444 τῆς
2759 1375 2954 1442 οἰκίας
2971 1377 3146 1442 οὕτως
3170 1380 3296 1434 ἔνθα
3319 1381 3384 1436 ἃν
3456 1383 3638 1453 βιϐλία
3667 1402 3835 1437 πνευ-

2243 1463 2474 1533 ματικὰ,
2499 1466 2649 1519 πᾶσα
2685 1467 2894 1522 ἐκεῖθεν
2919 1470 3204 1526 ἐλαύνεται
3241 1474 3486 1546 ἐνέργεια
3521 1475 3832 1547 διαϐολικὴ,

2234 1555 2332 1610 καὶ
2358 1556 2528 1629 πολλὴ
2560 1561 2674 1623 τοῖς
2711 1560 3014 1616 ἐνοικοῦσιν
3052 1564 3254 1636 ἀρετῆς
3289 1567 3636 1638 παράκλησις
3667 1567 3834 1636 γίνε-

2232 1668 2340 1706 ται.
2367 1652 2478 1706 Καὶ
2507 1653 2647 1725 αὐτὴ
2679 1653 2790 1725 γὰρ
2814 1655 2937 1710 καθ’
2979 1657 3180 1730 ἑαυτὴν
3215 1659 3324 1712 τῶν
3355 1659 3576 1729 βιϐλίων
3611 1664 3643 1732 ἡ
3695 1661 3825 1730 ὁψις

2231 1745 2628 1818 όκνηροτέρους
2685 1749 2833 1819 ἡμᾶς
2877 1749 3017 1821 πρὸς
3061 1752 3161 1822 τὴν
3189 1752 3465 1824 ἁμαρτίαν
3509 1755 3827 1826 ἐργάζεται.

2231 1838 2352 1893 Κάν
2394 1856 2456 1893 τε
2484 1839 2594 1912 γὰρ
2625 1839 2990 1915 τολμήσωμέν
3019 1861 3074 1898 τι
3099 1845 3208 1899 τῶν
3227 1847 3718 1920 ἀπηγορευμένων,
3737 1851 3833 1904 καὶ

2232 1923 2580 2002 ἀκαθάρτους
2607 1929 2835 1996 ἑαυτοὺς
2868 1933 3255 2006 ἐργασώμεθα,
3277 1939 3590 2004 ἐπανιόντες
3619 1942 3825 2006 οἴκαδε,

2242 2017 2341 2072 καὶ
2374 2018 2442 2072 τὰ
2477 2018 2658 2088 βιϐλία
2689 2022 2949 2094 δρῶντες,
2985 2025 3186 2095 μᾶλλον
3206 2027 3364 2098 ἡμῶν
3393 2030 3823 2104 καταδικάζομεν

2229 2109 2291 2163 τὸ
2322 2111 2578 2178 συνειδὸς,
2601 2113 2695 2167 καὶ
2726 2115 2865 2188 πρὸς
2890 2117 2952 2170 τὸ
2983 2119 3100 2184 τοῖς
3126 2118 3311 2184 αὐτοῖς
3337 2127 3654 2194 περιπεσεῖν
3670 2125 3820 2198 ὀκνη-

2231 2203 2744 2278 ρότεροιγινόμεθαο
2773 2209 2840 2263 ἄν
2860 2226 2924 2263 τε
2957 2211 3120 2266 πάλιν
3154 2214 3214 2267 ἐν
3255 2215 3533 2289 ἁγιωσύνῃ
3564 2217 3824 2273 διατελῶ-

2231 2313 2352 2368 μεν,
2397 2297 2621 2353 πλείονα
2666 2301 2878 2358 ἐκεῖθεν
2919 2302 3278 2377 λαμϐάνομεν
3323 2307 3426 2380 τὴν
3474 2309 3751 2379 ὠφέλειαν
3779 2323 3825 2366 ε.

2230 2389 2384 2462 ’Δμα
2407 2391 2518 2464 γὰρ
2545 2392 2722 2464 ῆψατό
2753 2412 2840 2460 τις
2875 2394 3236 2468 Εὐαγγελίου,
3265 2401 3360 2456 καί
3391 2403 3830 2476 μετερρύθμιαεν

2227 2482 2420 2537 ἑαυτοῦ
2467 2483 2568 2558 τὴν
2609 2485 2848 2543 διάνοιαν
2898 2489 3123 2558 εὐθέως,
3157 2493 3254 2548 καὶ
3285 2493 3397 2548 τῶν
3422 2495 3690 2565 βιωτικῶν
3718 2500 3831 2553 ἀπ-

2225 2574 2424 2649 έστησε
2443 2579 2538 2632 καὶ
2567 2580 2676 2635 ἀπὸ
2712 2582 2811 2655 τῆς
2839 2581 3020 2654 ὂψεως
3050 2585 3222 2658 μόνης
3267 2587 3462 2659 αὐτῆς.
3504 2589 3567 2642 Εἰ
3614 2589 3672 2644 δέ
3730 2593 3831 2645 καὶ

2224 2669 2535 2740 ἀνάγνωσις
2577 2673 2934 2747 προσγένοιτο
2963 2677 3220 2750 ἀκριϐὴς,
3273 2679 3523 2753 καθάπερ
3554 2681 3614 2735 ἐν
3653 2683 3832 2754 ἱεροῖς

2225 2762 2496 2837 ἀδύτοιςή
2527 2765 2675 2839 ψυχὴ
2707 2767 3036 2842 τελουμένη,
3076 2769 3253 2836 οὕτως
3293 2773 3682 2846 ἐκκαθαίρεται
3730 2776 3832 2829 καὶ

2227 2855 2454 2927 βελτίων
2484 2858 2716 2928 γίνεται,
2764 2859 2860 2914 τοῦ
2893 2860 3032 2917 Θεοῦ
3083 2863 3399 2935 ὁμιλοῦντος
3435 2865 3573 2937 αὐτῇ
3599 2866 3692 2920 διὰ
3715 2867 3830 2921 τῶν

2223 2949 2573 3021 γραμμάτων
2600 2952 2848 3011 ἐκείνων.
2967 2989 2984 3000 ι

2298 3040 2364 3096 Τί
2389 3038 2504 3109 οὖν,
2542 3045 2610 3101 ἂν
2641 3045 2716 3119 μὴ
2764 3046 2998 3119 εἰδῶμεν
3028 3047 3099 3102 τὰ
3138 3049 3467 3122 ἐγκείμενα;
3499 3051 3634 3122 φησί
3656 3095 3672 3108 .
3700 3052 3827 3106 Μά-

2223 3137 2381 3191 λιστα
2415 3138 2514 3210 μέν
2546 3139 2652 3194 κᾶν
2669 3139 2745 3212 μὴ
2778 3141 2926 3214 εἰδῇς
2945 3142 3016 3196 τὰ
3048 3143 3366 3216 ἐγκείμενα,
3393 3145 3492 3198 ἀπ’
3518 3145 3691 3217 αὐτῆς
3722 3145 3826 3216 τῆς

2221 3229 2584 3300 ἀναγνώσεως
2628 3232 2798 3295 πολὺς
2824 3237 2854 3288 6
2882 3235 3156 3308 ἁγιασμὸς
3210 3236 3440 3306 γίνεται.
3490 3237 3703 3302 ’Ἄλλως
3739 3240 3821 3303 δέ,

2220 3319 2484 3374 ἀδύνατον
2523 3322 2703 3378 πάντα
2731 3326 2820 3379 ἐπ’
2860 3328 2984 3398 ῖοης
3021 3327 3255 3396 ἀγνοεῖν·
3301 3327 3392 3383 διά
3434 3327 3544 3400 γὰρ
3594 3328 3819 3402 τοῦτοή

2219 3411 2316 3467 τοῦ
2349 3414 2668 3487 Πνεύματος
2687 3417 3013 3491 ᾠκονόμησε
3033 3420 3193 3492 χάρις
3225 3420 3465 3485 τελώνας
3504 3423 3602 3476 καὶ
3629 3422 3818 3488 ἁλιέας

2221 3507 2316 3560 καὶ
2347 3511 2707 3581 σκηνοποιοὺς
2739 3513 2837 3568 καὶ
2872 3515 3136 3586 ποιμένας
3163 3515 3259 3572 καὶ
3278 3514 3537 3581 αἰπόλους
3558 3515 3651 3569 καὶ
3666 3513 3817 3568 ἰδιώ-

2217 3616 2318 3664 τας
2351 3602 2447 3656 καὶ
2476 3602 2878 3676 ἀγραμμάτους
2902 3606 3076 3660 ταῦτα
3105 3607 3375 3662 συνθεῖναι
3395 3609 3463 3663 τά
3493 3607 3690 3679 βιϐλία,
3727 3608 3818 3662 ῖνα

2221 3692 2414 3764 μηδεὶς
2444 3693 2556 3748 τῶν
2582 3695 2810 3750 ἰδιωτῶν
2833 3697 2917 3762 εἰς
2944 3698 3151 3770 ταύτην
3184 3699 3286 3771 ἐχῃ
3321 3699 3683 3771 καταφεύγειν
3712 3700 3815 3772 τὴν

2220 3782 2518 3854 πρόφασιν,
2547 3784 2634 3839 ἰνα
2651 3787 2818 3844 πᾶσιν
2839 3785 3193 3864 εὐσύνοπταῇ
3215 3793 3288 3845 τὰ
3298 3791 3591 3862 λεγόμενα,
3611 3793 3698 3847 ἵνα
3718 3798 3815 3849 καὶ

2214 3874 2633 3947 δχειροτέχνης,
2674 3879 2768 3932 καὶ
2798 3881 3039 3950 οἰκέτης,
3066 3883 3160 3936 καὶ
3194 3884 3226 3956 ἡ
3259 3885 3405 3956 χήρα
3455 3885 3614 3956 γυνὴ,
3644 3887 3746 3939 καὶ
3787 3887 3817 3939 6

2217 3968 2436 4020 πάντων
2460 3966 2764 4038 ἀνθρώπων
2778 3970 3177 4041 ἀμαθέστατος,
3206 3975 3440 4048 κερδάνῃ
3453 3993 3514 4030 τε
3543 3977 3640 4030 καὶ
3665 3978 3816 4047 ὠφε-

2215 4056 2353 4130 ληθῇ
2379 4058 2531 4132 παρά
2560 4060 2660 4132 τῆς
2685 4063 3024 4136 ἀκροάσεως.
3058 4066 3134 4119 Οὐ
3167 4066 3277 4140 γὰρ
3310 4069 3446 4140 πρὸς
3475 4071 3813 4138 κενοδοξίαν,

2219 4153 2474 4225 καθάπερ
2522 4155 2572 4209 οἰ
2613 4154 2836 4220 ἔξωθεν,
2881 4156 3019 4212 ἀλλά
3059 4159 3198 4229 πρὸς
3232 4159 3335 4232 τὴν
3379 4163 3658 4234 σωτηρίαν
3696 4165 3814 4216 τῶν

2216 4247 2524 4302 ἀκουόντων
2545 4247 2718 4303 ταῦτα
2739 4250 2918 4304 πάντα
2936 4251 3242 4324 συνέθηκαν
3258 4255 3306 4307 οἰ
3333 4254 3484 4327 παρὰ
3508 4256 3609 4327 τὴν
3634 4257 3812 4328 ἀρχὴν

2223 4340 2657 4408 καταξιωθέντες
2688 4341 2788 4413 τῆς
2812 4343 2907 4398 τοῦ
2932 4344 3252 4417 Πνεύματος
3279 4348 3519 4420 χάριτος.

2287 4441 2356 4503 γ’.
2374 4437 2436 4490 Οἱ
2456 4435 2557 4506 μὲν
2572 4435 2682 4509 γὰρ
2701 4435 2899 4502 ἔξωθεν
2917 4439 3195 4510 φιλόσοφοι
3212 4441 3308 4494 καὶ
3325 4443 3551 4514 ῥήτορες
3571 4443 3669 4496 καὶ
3687 4460 3812 4512 συγ·

2214 4530 2448 4598 γραφεῖς
2479 4528 2542 4582 οὐ
2575 4528 2637 4581 τὸ
2663 4532 2817 4600 κοινῇ
2855 4531 3136 4604 συμφέρον
3177 4532 3486 4602 ζητοῦντες,
3519 4534 3636 4587 ἀλλ’
3663 4534 3810 4598 ὅπως

2216 4618 2370 4672 αὐτοὶ
2400 4618 2769 4690 θαυμασθεῖεν
2804 4622 2964 4692 μόνον
2996 4625 3346 4691 σκοποῦντες,
3379 4626 3435 4679 εἰ
3458 4643 3510 4679 τι
3543 4629 3642 4680 καὶ
3671 4629 3806 4698 χρή-

2217 4728 2378 4781 σιμον
2412 4707 2587 4778 εἷπον,
2619 4713 2714 4768 καὶ
2744 4714 2924 4779 τοῦτο,
2965 4715 3222 4790 καθάπερ
3265 4722 3325 4773 ἐν
3379 4719 3528 4792 ζόφῳ
3560 4722 3690 4786 τινὶ,
3739 4721 3806 4790 τῇ

2218 4804 2701 4878 συνήθειὰσαφείᾳ
2727 4807 2754 4847 ά
2784 4810 3156 4882 κατέκρυψαν.
3195 4813 3260 4864 Οἰ
3298 4812 3354 4866 δὲ
3394 4814 3686 4868 ἀπόστολοι
3715 4817 3809 4869 καὶ

2215 4893 2266 4947 οἰ
2294 4897 2570 4968 προφῆται
2607 4898 2921 4952 τούναντίον
2967 4899 3113 4953 ἅπαν
3159 4901 3444 4968 ἐποίησανσ
3495 4901 3642 4972 σαφῆ
3699 4901 3808 4973 γάρ

2214 4987 2310 5041 καὶ
2330 4987 2467 5059 δῆλα
2500 4987 2569 5042 τά
2614 4991 2746 5062 παρ’
2786 4991 2996 5046 ἑαυτῶν
3035 4991 3384 5064 κατέστησαν
3441 4993 3669 5061 ἅπασιν,
3709 4997 3807 5049 Et:

2213 5065 2384 5133 κοίνοὶ
2416 5080 2518 5151 τῆς
2545 5081 2872 5154 οἰκουμένης
2911 5082 3065 5147 ὄντες
3099 5084 3435 5149 διδάσκαλοι,
3463 5084 3548 5138 ἵνα
3575 5086 3808 5149 ἕκαστος

2213 5171 2308 5224 καὶ
2333 5170 2400 5224 δι’
2435 5173 2630 5226 ἑαυτοῦ
2654 5173 2947 5243 μανθάνειν
2965 5174 3193 5245 δύνηται
3224 5178 3288 5230 ἐκ
3317 5177 3419 5248 τῆς
3441 5176 3805 5245 ἀναγνώσεως

2214 5265 2384 5336 μόνης
2407 5264 2474 5318 τά
2499 5263 2788 5336 λεγόμεναι
2817 5267 2928 5320 Καὶ
2970 5268 3128 5321 τοῦτο
3183 5269 3590 5341 προαναφωνῶν
3615 5270 3648 5324 6
3671 5287 3781 5340 προ

2212 5358 2393 5430 φήτης
2423 5358 2629 5428 ἔλεγενο
2665 5361 2945 5416 Ἔσονται
2965 5361 3189 5431 πάντες
3216 5363 3479 5418 διδακτοὶ
3509 5362 3680 5418 Θεοῦο
3699 5361 3800 5417 καί

2274 5635 2296 5699 °_
2321 5632 2418 5699 Alii
2438 5635 2524 5692 τὴν
2541 5635 2818 5699 ἀσφάλειαν.

2269 5697 2303 5767 ᾖ
2315 5695 2460 5767 ‘Unu§
2481 5711 2570 5745 ms.
2666 5700 2796 5767 ζόφῳ
2817 5704 2874 5761 τῇ
2897 5701 3116 5767 συνηθείᾳ
3136 5702 3360 5767 ἀσαφείᾳ,
3385 5702 3540 5767 Savil.
3554 5703 3604 5752 in
3637 5714 3796 5767 marg.

2269 5719 2298 5734 υ
2327 5719 2460 5744 unus
2481 5719 2570 5745 lus.
2595 5719 2643 5746 εν
2666 5719 2792 5762 ςοφῳ
2817 5719 2874 5761 τῃ
2897 5719 3116 5764 σννηυειᾳ
3136 5719 3234 5750 ασα
3269 5719 3360 5767 ειᾳ,
3389 5719 3604 5752 δεηωη
3637 5719 3796 5762 marg.

2205 5756 2683 5884 τέίὲυνήθης
2705 5761 2927 5824 ἀσάφεια.
2955 5763 3106 5812 Savil.
3149 5770 3202 5814 et
3237 5719 3416 5815 ilorel.
3438 5768 3498 5828 τῇ
3523 5771 3607 5826 τῆς
3625 5765 3796 5822 σννθέ·
