3958 6408
248 413 350 468 993

252 529 442 586 Carnis
470 529 613 586 enim
640 530 1089 604 concupiscentia:
1115 532 1293 588 acrius
1320 533 1602 604 insurgunt
1642 531 1837 588 adver-

251 637 342 680 sus
364 637 460 678 eos
480 664 496 689 ,
524 629 615 693 qui
653 625 706 679 in
736 625 1012 680 homintun
1041 625 1225 680 vivunt
1250 624 1580 696 frequentia.
1611 640 1744 697 quos
1787 631 1844 682 et

253 715 445 769 decora
492 713 653 771 facies
675 754 691 782 ,
722 723 779 770 et
796 717 1039 786 corporis
1064 717 1208 771 nitor
1243 718 1389 788 capit
1412 732 1509 788 per
1546 718 1730 773 oculos
1747 757 1764 785 ,
1788 725 1843 775 et

255 807 480 861 verbum
511 806 824 863 obscaenum
853 823 949 879 per
972 824 1128 865 aures
1154 811 1452 882 ingressum
1481 811 1659 866 turbat
1686 809 1843 866 nobis

257 899 548 954 rationem:
580 900 888 970 frequenter
911 911 965 957 et
993 912 1109 958 arte
1134 903 1405 959 modulata
1431 903 1611 960 mollis
1660 904 1842 959 cantio

254 989 417 1044 animi
465 993 814 1047 constantiam
866 994 1131 1050 labefacit.
1168 994 1274 1051 Sed
1299 996 1425 1068 quid
1467 996 1581 1053 hmo
1609 1011 1845 1054 comme-

258 1081 450 1135 moro?
473 1080 627 1150 Quod
656 1081 743 1147 his_
761 1085 1011 1139 omnibus
1034 1087 1240 1142 videtur
1261 1102 1382 1144 esse
1402 1087 1579 1153 vilius,
1608 1092 1846 1160 tinguen-

261 1180 437 1225 torum
477 1171 611 1228 odor
635 1174 882 1230 alicunde
907 1177 1150 1247 aSpirans
1174 1193 1203 1233 a
1235 1178 1565 1235 mulierculis
1596 1181 1649 1234 in
1676 1179 1844 1235 furni-

255 1262 407 1318 cibus
436 1272 700 1335 quaestum
719 1269 1078 1324 meretricium
1107 1271 1502 1339 exercentibus,
1525 1287 1590 1328 ex
1615 1272 1844 1343 simplici

257 1369 487 1410 occursu
517 1356 923 1427 comprehendit
946 1368 1001 1415 et
1018 1360 1233 1417 abducit
1255 1362 1549 1433 captivum.

326 1448 381 1502 9...
403 1448 571 1520 Magis
591 1459 850 1506 tentantur
867 1455 954 1523 qui
972 1466 1233 1509 versantur
1247 1457 1300 1511 in
1319 1456 1844 1515 civitatibus.—Adeo

258 1542 423 1595 multa
439 1552 561 1597 sunt
576 1557 694 1613 qua:
707 1554 944 1600 nostram
955 1551 1700 1623 Oppugnantanimam,eoque
1711 1569 1845 1623 opus

260 1632 517 1689 habemus
533 1636 726 1692 divinis
742 1638 1124 1711 remediis,quo
1134 1643 1293 1697 simul
1306 1644 1480 1714 etjam
1496 1647 1727 1716 acceptis
1739 1647 1848 1702 vul-

258 1726 478 1783 net-ibus
508 1728 841 1798 medeamur,
871 1740 926 1786 et
968 1749 1087 1803 qua:
1129 1735 1359 1790 nondum
1387 1737 1602 1806 quidem
1648 1738 1843 1794 inﬂicta

257 1826 398 1884 sunt,
416 1819 512 1873 sed
553 1828 675 1890 post
722 1821 1045 1893 inlligentur,
1077 1825 1483 1895 prohibeamus,
1515 1829 1724 1884 eminus
1749 1845 1842 1886 ve-

259 1907 453 1962 nientia
468 1908 665 1965 diaboli
679 1900 881 1981 spiebla
895 1914 1292 1985 exstinguetttes
1304 1916 1739 1988 depellentesque
1751 1935 1847 1991 per

257 2000 527 2055 assiduam
565 2002 865 2060 divinarum
899 2004 1291 2077 Scripturarum
1328 2009 1635 2067 lectionem.
1663 2012 1846 2084 Neque

259 2095 398 2148 enim
429 2095 545 2151 ﬁeri
584 2104 794 2167 potest,
820 2114 926 2154 non
952 2109 1148 2171 potest,
1180 2102 1413 2172 inquam,
1444 2103 1576 2170 ﬁeri,
1618 2114 1676 2160 ut
1701 2107 1848 2176 quis-

259 2199 414 2254 quam
434 2185 662 2243 salutem
677 2199 1011 2260 assequatur,
1028 2192 1082 2246 ni
1103 2192 1315 2249 assidue
1328 2204 1570 2250 versetur
1594 2197 1648 2251 in
1669 2195 1849 2251 lectio-

263 2292 330 2333 ne
354 2279 638 2348 spirituali.
687 2281 799 2337 lmo
828 2284 1083 2353 prtcclare
1124 2300 1311 2341 revera
1347 2286 1621 2343 nobiscum
1652 2290 1844 2360 agitur,

259 2369 462 2427 etiamst
510 2383 768 2444 perpetuo
798 2375 955 2446 hujus
980 2377 1358 2434 medicamenti
1388 2381 1707 2451 participes,
1743 2381 1846 2436 alio

260 2462 469 2532 quando
512 2465 740 2521 salutem
765 2468 1020 2537 consequi
1047 2469 1333 2538 possimus.
1361 2470 1512 2537 Quod
1537 2471 1581 2527 si
1609 2471 1848 2542 quotidie

260 2553 619 2621 vulneremur,
651 2556 911 2612 medelam
940 2573 1064 2614 vero
1090 2560 1288 2615 nullam
1314 2561 1694 2632 adipiscamur,
1722 2577 1847 2634 qua:

261 2642 415 2699 fuerit
433 2660 565 2716 spes
587 2648 774 2704 salutis
792 2650 817 2702 ?
844 2651 1034 2704 Annon
1058 2650 1205 2706 vides
1230 2651 1407 2707 fabros
1427 2656 1666 2722 aerarios,
1701 2654 1847 2709 auria

262 2737 380 2793 lices
398 2781 415 2807 ,
445 2740 630 2796 fabros
655 2744 985 2813 argentarios
1006 2787 1020 2810 ,
1047 2743 1274 2816 denique
1301 2760 1395 2801 eos
1420 2746 1509 2817 qui
1536 2761 1848 2817 quamcum-

260 2844 361 2899 que
390 2842 647 2889 exercent
670 2844 838 2889 artem
859 2877 875 2901 ,
898 2836 1075 2890 omnia
1101 2837 1231 2891 artis
1254 2836 1607 2893 instrumenta
1651 2838 1847 2894 habere

260 2931 436 2992 parata
456 2932 519 2979 et
542 2924 741 2995 integra
766 2943 780 2979 :
803 2926 1047 2996 quamvis
1066 2928 1352 2999 compellat
1376 2926 1547 2983 fames
1567 2968 1581 2993 ,
1605 2928 1848 2999 quamvis

257 3010 453 3083 afﬂigat
496 3014 676 3085 inepia
698 3057 712 3078 ,
739 3016 914 3071 omnia
945 3026 1300 3088 praeoptantes
1343 3019 1607 3074 sustinere
1635 3018 1810 3088 potius
1828 3057 1845 3085 ,

260 3120 412 3174 quam
457 3116 522 3162 ut
562 3123 627 3162 ex
668 3109 1032 3164 instrumentis
1070 3111 1280 3166 artificii
1318 3109 1586 3181 quidpiam
1614 3109 1849 3166 vendere

260 3196 453 3264 velint,
486 3206 651 3268 atque
674 3197 799 3254 hinc
817 3199 927 3253 ali?
952 3201 1134 3270 Itaque
1160 3201 1312 3256 multi
1348 3200 1653 3271 frequenter
1672 3200 1848 3270 potius

262 3284 561 3344 habuerunt
585 3300 822 3344 mutuam
856 3292 1133 3361 pecuniam
1175 3293 1451 3363 accipere,
1493 3301 1554 3347 ut
1594 3291 1845 3348 familiam

261 3387 314 3434 et
331 3379 534 3435 liberos
554 3381 761 3437 alerent
779 3423 794 3445 ,
821 3397 981 3453 quam
1009 3382 1093 3438 vel
1116 3383 1391 3439 minimum
1413 3382 1608 3454 aliquid
1630 3399 1695 3439 ex
1717 3382 1848 3438 artis

263 3468 635 3527 instrumentis
674 3473 944 3530 vendere:
984 3475 1143 3545 idque
1180 3474 1303 3547 jure
1369 3474 1590 3546 Optimo.
1640 3475 1848 3531 Norunt

262 3561 397 3615 enim
417 3564 563 3633 quod
586 3563 869 3619 divenditis
900 3566 1005 3620 illis
1025 3607 1041 3632 ,
1073 3580 1163 3621 ars
1189 3567 1433 3621 universa
1478 3566 1606 3636 ipsis
1648 3566 1717 3621 sit
1760 3565 1847 3622 iu-

262 3653 436 3720 utilis,
486 3663 766 3725 totumque
808 3668 1046 3726 quaestus
1093 3656 1493 3713 fundamentum
1538 3657 1843 3714 sublatum:

263 3742 363 3798 illis
380 3753 566 3800 autem
593 3746 931 3800 manentibus
953 3787 968 3813 ,
1001 3746 1112 3801 ﬁeri
1137 3755 1311 3817 potest
1333 3756 1390 3802 ut
1413 3756 1744 3803 contractum
1770 3761 1846 3803 ais

261 3833 487 3891 alienum
553 3851 839 3907 progressu
890 3838 1146 3908 temporis
1200 3839 1486 3909 aliquando
1551 3839 1847 3895 dissolvant

259 3926 446 3999 iugiter
466 3938 682 3986 utentes
703 3930 949 3986 artificio.
974 3930 1125 3998 Quod
1165 3931 1211 3987 si
1239 3933 1547 4003 priusquam
1591 3933 1846 3988 solverint

263 4034 335 4074 aes
360 4022 598 4078 alienum
618 4063 636 4090 ,
663 4022 784 4078 aliis
807 4037 869 4078 ea
899 4023 1165 4091 vendant,
1189 4023 1300 4094 jam
1328 4040 1433 4080 non
1457 4032 1539 4080 est
1564 4023 1703 4080 unde
1722 4039 1847 4095 pos-

262 4112 366 4167 sint
412 4114 664 4169 solatium
708 4114 921 4185 aliquod
973 4114 1125 4170 famis
1171 4116 1472 4187 inopiaeque
1518 4117 1842 4186 excogitare.

263 4203 370 4260 lloc
396 4192 531 4260 sane
578 4206 756 4260 animo
799 4222 897 4261 nos
920 4222 1133 4277 quoque
1164 4206 1415 4275 praeditos
1454 4220 1575 4261 esse
1611 4215 1843 4276 oportet.

262 4292 718 4360 Quemadmodum
773 4298 914 4352 enim
963 4298 1070 4353 illis
1112 4298 1240 4353 artis
1294 4298 1647 4353 instrumenta
1686 4309 1841 4369 sunt,

264 4386 523 4454 malleus}
553 4390 735 4456 incus,
779 4390 1019 4461 forceps:
1066 4391 1145 4446 sic
1184 4400 1238 4447 et
1278 4391 1432 4447 nobis
1472 4392 1602 4447 artis
1645 4392 1844 4448 instru-

267 4489 436 4532 menta
474 4490 604 4534 sunt
625 4481 985 4550 apostolorum
1013 4497 1076 4539 ac
1104 4484 1483 4555 prophetarum
1501 4483 1623 4539 libri
1645 4485 1847 4539 omnis-

264 4584 364 4635 que
387 4571 665 4641 Scriptura
708 4572 959 4627 divinitus
997 4574 1249 4645 inSpirata
1273 4586 1326 4631 et
1350 4574 1494 4631 utilis
1524 4574 1599 4647 (2.
1625 4575 1760 4630 Tim.
1788 4577 1842 4631 5.

267 4658 373 4731 lli).
408 4659 474 4715 Et
501 4664 949 4732 quemadmodum
991 4666 1065 4721 illi
1094 4682 1188 4737 per
1210 4668 1563 4725 instrumenta
1591 4669 1853 4749 quidquid

267 4749 561 4809 faciendum
584 4758 915 4827 susceperint
941 4759 1255 4829 perﬁciunt:
1285 4761 1358 4816 ita
1397 4776 1528 4818 sane
1550 4772 1601 4819 et
1632 4778 1727 4820 nos
1751 4777 1847 4833 per

268 4840 363 4897 hos
405 4845 724 4902 fabricamur
782 4851 1016 4904 animam
1077 4860 1353 4919 nostram,
1398 4851 1847 4924 depravatamque

267 4937 607 5006 corrigimus,
662 4946 717 4994 et
763 4939 1111 4996 inveteratam
1159 4958 1504 4998 renovamus.
1552 4946 1727 5014 Atque
1771 4944 1846 5000 illi

269 5024 476 5091 quidem
520 5028 775 5085 hactenus
800 5032 959 5105 modo
983 5042 1238 5102 praestant
1262 5044 1412 5089 suam
1436 5045 1610 5090 artem
1652 5043 1711 5090 ut
1736 5035 1846 5090 lor-

270 5129 405 5171 ntam
435 5119 633 5174 addant
672 5122 870 5177 rebus:
904 5138 1079 5194 neque
1114 5126 1258 5180 enim
1311 5136 1535 5196 possunt
1570 5128 1847 5183 materiam

271 5220 512 5264 vasorum
541 5221 896 5269 trausmutare
916 5257 930 5281 ,
961 5230 1133 5288 neque
1161 5232 1229 5272 ex
1262 5226 1483 5288 argento
1504 5235 1690 5274 aurum
1719 5219 1847 5274 red-

271 5295 393 5353 dere
428 5317 444 5354 :
483 5303 574 5357 sed
625 5303 812 5359 harum
860 5323 1038 5361 rerum
1084 5310 1277 5379 ﬁguras
1327 5322 1657 5381 componunt
1694 5311 1849 5368 dum-

274 5397 429 5446 taxat.
487 5395 566 5450 Tu
632 5412 759 5453 vero
828 5415 932 5455 non
982 5400 1093 5469 ita,
1143 5401 1238 5457 sed
1302 5403 1530 5474 amplius
1597 5403 1847 5474 quiddam

274 5496 419 5552 potes
468 5506 482 5542 :
528 5506 648 5547 nam
695 5493 926 5564 ligneum
991 5510 1086 5551 vas
1148 5503 1422 5566 acceptum
1493 5495 1692 5567 poteris
1749 5496 1850 5552 ali-

274 5578 481 5641 quando
516 5582 742 5639 reddere
790 5600 1038 5641 aureum:
1079 5587 1167 5642 cui
1209 5587 1287 5642 rei
1319 5586 1468 5643 testis
1510 5595 1592 5643 est
1619 5586 1847 5654 Paulus,

275 5663 325 5718 in
348 5667 487 5724 hunc
508 5672 730 5745 loquens
755 5677 1006 5735 modum:
1032 5676 1101 5735 In
1140 5694 1325 5750 magna
1352 5688 1517 5735 autem
1558 5680 1707 5736 domo
1751 5697 1854 5736 non

279 5768 437 5816 solum
462 5778 577 5823 sunt
608 5786 728 5824 uasa
757 5788 910 5826 aurea
938 5782 985 5827 et
1004 5783 1239 5845 argentea
1258 5816 1272 5842 ,
1300 5774 1389 5830 sed
1431 5783 1479 5830 et
1526 5775 1693 5847 lignea
1721 5776 1856 5846 ﬁcti-

280 5849 456 5921 linque.
491 5855 550 5912 Si
597 5862 706 5932 quis
733 5863 887 5934 igitur
913 5866 1262 5937 expurgaucrit
1291 5865 1513 5938 seipsttm
1540 5867 1603 5923 ab
1628 5866 1725 5932 his,
1756 5867 1849 5921 erit

1482 419 1571 475 DE
1610 417 1881 475 LAZARO
1918 417 2161 477 CONCIO
2201 423 2287 480 Ill.

3418 431 3519 489 9M

1950 549 2039 589 uas
2051 535 2113 626 'iu
2139 537 2380 594 honorem
2407 542 2800 612 sanctiﬁcatum,
2825 554 2872 600 et
2896 545 3023 601 utile
3043 517 3264 604 Domino
3288 550 3357 604 ad
3383 568 3532 607 omne

1948 643 2078 696 opus
2095 628 2281 685 bonum
2302 642 2643 703 pmparatum
2671 634 2746 709 (2.
2766 635 2901 693 Tim.
2924 637 2979 692 2.
3001 636 3090 695 20.
3112 640 3175 695 2i
3190 648 3229 710 ).
3249 650 3433 713 Itaque
3463 660 3530 699 ne

1949 720 2276 792 negligemus
2300 724 2454 778 nobis
2489 740 2678 795 parare
2696 726 2881 795 libros,
2897 745 2965 784 ne
2980 731 3120 786 circa
3143 733 3320 788 vitalia
3342 735 3532 789 vulnus

1948 809 2301 879 accipiamus:
2331 829 2429 869 nec
2450 822 2641 871 ‘aurum
2667 817 3000 875 defodiamus
3021 862 3038 888 ,
3067 821 3162 878 sed
3203 824 3357 880 nobis
3398 829 3533 896 ipsus

1950 900 2303 959 recondamus
2330 904 2637 962 thesaurum
2662 908 2917 966 librorum
2962 913 3300 981 spiritalium.
3330 918 3529 971 Aurum

1948 991 2165 1061 quidem
2185 1009 2309 1049 cum
2336 997 2567 1053 maxime
2592 1000 2786 1055 crescit
2807 1041 2822 1068 ,
2852 1010 2963 1056 tum
2998 1005 3227 1059 maxime
3256 1005 3535 1062 insidiatur

1951 1082 2380 1150 possidentibus:
2418 1086 2538 1142 libri
2583 1104 2713 1145 vero
2760 1092 2976 1160 repositi
3019 1094 3240 1150 multam
3287 1095 3536 1152 adferunt

1952 1177 2271 1234 habentibus
2311 1180 2615 1237 utilitatem.

2021 1270 2301 1326 Sacrorum
2322 1274 2565 1328 librorum
2605 1275 2740 1331 laus.
2779 1306 2852 1317 —
2887 1277 3344 1344 Quemadmodum
3388 1282 3530 1335 enim

1949 1376 2096 1415 arma
2122 1363 2322 1433 regalia
2349 1365 2603 1435 reposita,
2630 1366 2847 1421 etiamsi
2870 1383 3026 1423 nemo
3051 1368 3154 1423 illis
3181 1386 3308 1424 usus
3332 1371 3421 1435 sit,
3452 1381 3533 1425 ta-

1951 1468 2074 1509 men
2101 1454 2186 1521 iis,
2209 1455 2300 1526 qui
2332 1454 2573 1512 habitant
2617 1458 2670 1511 in
2711 1458 2919 1514 aedibus
2963 1459 3052 1515 ubi
3099 1460 3330 1530 reposita
3373 1471 3530 1527 sunt,

1950 1548 2169 1602 multam
2194 1549 2432 1619 praebent
2466 1550 2761 1606 custodiam
2802 1567 2867 1607 ac
2892 1559 3161 1621 tutamen,
3192 1553 3318 1607 dum
3363 1538 3536 1624 neque

1951 1639 2205 1706 latrones,
2222 1656 2393 1712 neque
2410 1644 2670 1713 parietum
2689 1643 3039 1714 perfossores,
3056 1659 3229 1716 neque
3243 1645 3379 1701 alius
3394 1646 3538 1715 quis-

1951 1730 2090 1802 piam
2111 1733 2492 1790 sceleratorum
2514 1737 2670 1791 audct
2687 1752 2803 1792 eam
2825 1738 3269 1808 aggredidomutn
3291 1756 3304 1792 :
3324 1739 3402 1792 sic
3416 1738 3536 1793 ubi-

1949 1838 2180 1895 cumque
2204 1827 2399 1881 fuerint
2418 1826 2536 1882 libri
2562 1828 2847 1897 spiritales,
2875 1829 3022 1884 illine
3047 1829 3222 1885 omnis
3250 1829 3546 1898 expellitur-

1950 1915 2033 1971 vis
2056 1916 2315 1973 diabolica
2338 1960 2353 1986 ,
2382 1920 2654 1991 multaque
2707 1920 3125 1977 inhabitantibus
3173 1921 3380 1977 accedit
3429 1920 3538 1975 vir-

1952 2008 2081 2062 tutis
2128 2009 2456 2065 consolatio:
2484 2011 2912 2082 quandoquidem
2965 2013 3079 2082 ipse
3123 2012 3283 2068 etiam
3335 2027 3431 2083 per
3474 2028 3546 2069 se

1952 2099 2206 2155 librorum
2250 2111 2495 2172 aspectus
2535 2103 2815 2174 segniores
2838 2117 2955 2158 nos,
2979 2102 3156 2159 reddit
3201 2103 3270 2159 ad
3317 2118 3539 2173 peccan-

1950 2189 2101 2246 dum.
2144 2191 2268 2248 Sive
2315 2193 2457 2248 enim
2512 2193 2786 2264 quidpiam
2837 2193 2955 2249 ausi
3004 2193 3262 2249 fuerimus
3312 2208 3534 2260 eorum,

1950 2296 2070 2351 quae
2092 2283 2358 2352 prohibita
2385 2291 2542 2351 sunt,
2590 2286 2960 2356 nosqueipsos
2998 2284 3389 2341 reddiderimus
3428 2287 3544 2354 pol-

1953 2373 2397 2441 lutos,reversos
2442 2378 2783 2446 domum,ac
2831 2380 2995 2435 libros
3043 2379 3317 2435 intuentes
3363 2380 3540 2435 acrius

1953 2482 2052 2523 nos
2095 2468 2415 2525 condemnat
2449 2471 2809 2540 conscientia,
2856 2472 3233 2543 reddimurque
3286 2471 3547 2527 lentiores

1951 2559 2020 2616 ad
2073 2560 2259 2616 eadem
2301 2562 2610 2633 repetenda.
2642 2562 2871 2618 Rursum
2924 2563 3037 2618 sive
3086 2563 3141 2618 in
3187 2563 3547 2619 sanctimonia
3612 2562 3625 2574 ‘

1952 2652 2371 2722 perstiterimus,
2426 2653 2683 2725 majorem
2739 2653 2863 2709 inde
2911 2654 3190 2708 utilitatem
3220 2653 3534 2725 accipimus.

1951 2743 2083 2798 Nam
2127 2744 2286 2798 simul
2336 2753 2496 2815 atque
2550 2747 2720 2815 tetigit
2757 2746 2950 2817 aliquis
3004 2744 3379 2816 Evangelium,
3411 2761 3547 2800 mox.

1951 2835 2251 2904 composuit
2276 2850 2427 2890 suam
2457 2836 2621 2911 ipsius
2661 2846 2923 2901 ruentem,
2954 2845 3007 2891 et
3033 2851 3064 2890 a
3111 2836 3274 2892 rebus
3316 2835 3539 2892 munda-

1953 2925 2038 2980 nis
2087 2926 2339 2993 abduxit,
2393 2927 2555 2998 idque
2603 2942 2668 2983 ex
2724 2928 2838 2998 ipso
2874 2927 2991 2983 solo
3038 2936 3275 2996 aspectu.
3307 2926 3458 2994 Quod
3485 2928 3549 2982 si~

1951 3015 2239 3070 accesserit
2265 3014 2493 3086 diligens
2531 3017 2718 3082 lectio,
2748 3032 2854 3071 non
2885 3017 3043 3073 aliter
3080 3032 3239 3085 quam
3270 3017 3323 3070 in
3367 3018 3537 3071 sacris

1950 3104 2125 3176 adytis
2144 3147 2159 3173 ,
2184 3106 2343 3161 rebus
2366 3107 2559 3161 divinis
2588 3107 2789 3162 initiata
2832 3108 3008 3162 anima
3029 3148 3044 3172 ,
3069 3107 3149 3163 sic
3200 3117 3548 3179 repurgatur,

1950 3198 2246 3267 meliorque
2275 3199 2530 3267 redditur,
2561 3199 2674 3255 Deo
2698 3216 2820 3255 cum
2875 3201 2985 3270 ipsa
3026 3214 3123 3270 per
3149 3200 3265 3256 illas
3292 3200 3536 3271 Scriptus

1950 3305 2040 3346 ras
2063 3291 2417 3361 colloquente.

2021 3381 2190 3437 Lectio
2213 3382 2495 3454 Scriptura!
2511 3385 2663 3437 etiam
2684 3399 2787 3437 non
2813 3382 3082 3438 intellecta:
3103 3383 3264 3440 utilis.
3287 3413 3363 3425 —
3395 3383 3546 3451 Quid"

1950 3472 2131 3543 igitur,
2161 3473 2441 3542 inquiunt,
2478 3475 2522 3528 si
2571 3488 2678 3528 non
2720 3473 3075 3544 intelligamus
3107 3488 3170 3529 ea
3198 3488 3318 3545 quae
3359 3474 3544 3529 conti-

1950 3572 2145 3620 nentur
2170 3565 2359 3619 libris?
2386 3564 2615 3619 Maxime
2633 3564 2849 3635 quidem
2875 3565 3086 3621 etiamsi
3131 3579 3237 3620 non
3268 3566 3547 3636 intelligas.

1952 3656 2061 3711 illic
2101 3655 2410 3723 recondita,
2440 3665 2616 3710 tamen
2649 3671 2714 3710 ex
2761 3655 2876 3724 ipsa
2903 3655 3130 3710 lectione
3155 3655 3322 3710 multa
3363 3655 3550 3711 nasci»

1952 3756 2038 3803 tur
2061 3748 2433 3803 sanctimonia.
2455 3746 2783 3817 Quamquam
2824 3745 2940 3800 ﬁeri
2964 3760 3069 3800 non
3103 3754 3279 3816 potest
3304 3755 3358 3800 ut
3408 3760 3537 3800 om-

1951 3840 2036 3895 nia
2063 3855 2128 3894 ex
2177 3855 2329 3909 teque
2356 3840 2567 3909 ignores
2605 3847 2930 3908 :propterea
2980 3836 3243 3906 siquidem
3298 3835 3544 3906 Spiritus:

1948 3930 2117 4002 gratia
2147 3930 2476 4001 dispensavit
2499 3945 2562 3984 ac
2601 3927 2859 3999 providit,
2891 3936 2950 3982 ut
2969 3925 3232 3998 publicani
3255 3969 3269 3993 ,
3301 3928 3544 3997 piscato-

1950 4038 2072 4088 res,
2113 4021 2574 4078 tabernaculorum
2603 4018 2854 4090 opiﬁces,
2902 4028 3145 4088 pastores
3174 4028 3228 4073 et
3270 4018 3541 4088 caprarii,

1950 4113 2130 4170 idiota:
2152 4156 2168 4178 ,
2190 4114 2447 4179 illiterati,
2472 4113 2571 4166 hos
2598 4112 2762 4166 libros
2786 4117 3207 4180 componerent,
3237 4118 3293 4163 et
3322 4123 3389 4163 ne
3414 4108 3547 4178 quis

1949 4205 2231 4269 idiotarum
2252 4205 2316 4259 ad
2346 4204 2483 4257 hanc
2509 4202 2838 4257 difﬁcultatis
2863 4199 3149 4270 confugere
3165 4207 3346 4268 posset
3368 4212 3544 4253 excus-

1948 4296 2208 4350 sationem
2226 4336 2240 4360 ,
2263 4303 2323 4350 ut
2348 4293 2597 4349 omnibus
2621 4291 2789 4347 facilia
2815 4301 3104 4360 conspectu
3128 4298 3311 4344 essent
3327 4304 3388 4344 ea
3415 4304 3546 4359 quae-

1948 4386 2220 4454 dicuntur,
2243 4394 2380 4442 utet
2408 4383 2613 4455 opifex,
2643 4391 2698 4439 et
2729 4382 2956 4436 famulus
2976 4423 2991 4447 ,
3020 4392 3076 4437 et
3117 4380 3274 4434 vidua
3315 4380 3545 4447 mulier,.

1948 4489 2003 4535 et
2031 4478 2268 4533 onmium
2300 4475 2575 4531 hominum
2605 4472 3001 4529 indoctissimus
3020 4486 3085 4527 ex
3109 4471 3283 4526 audita
3306 4470 3550 4526 lectione-

1949 4570 2147 4642 aliquid
2186 4570 2316 4625 lucri
2347 4568 2699 4638 utilitatisque
2751 4574 3072 4635 reportaret.
3111 4564 3228 4620 Non
3275 4564 3417 4620 enim
3467 4563 3546 4619 ad!

1950 4667 2162 4722 inanem
2223 4664 2484 4735 gloriam,
2530 4660 2979 4732 quemadmodum
3025 4658 3276 4728 Ethnici,
3320 4659 3415 4715 sed
3469 4659 3537 4713 ad

1949 4756 2276 4811 audientium
2297 4755 2526 4810 salutem
2553 4754 2669 4809 haec
2695 4753 2871 4809 omnia
2893 4762 3312 4822 composuerunt
3332 4753 3387 4819 ii,
3404 4766 3537 4822 quos

1949 4850 2018 4904 ab
2043 4849 2193 4903 initio
2222 4848 2361 4903 Deus
2385 4846 2630 4917 dignatus
2655 4856 2736 4902 est
2755 4845 2918 4917 gratia
2936 4845 3182 4913 Spiritus.

2022 4941 2074 4996 5.
2116 4939 2391 5010 Siquidem
2420 4939 2454 4993 ii
2472 4940 2561 5010 qui
2584 4946 2707 4995 sunt
2732 4955 2761 4993 a
2789 4937 3000 4994 Christo
3030 4938 3186 4993 alieni
3212 4934 3536 5006 phil030phi,

1950 5031 2184 5097 dicendi,
2226 5030 2479 5099 artiﬁces,
2508 5031 2753 5086 rhetores
2774 5071 2788 5094 ,
2821 5042 2884 5082 ac
2912 5027 3170 5082 librorum
3215 5026 3537 5095 scriptores.

1953 5141 2061 5181 non
2086 5123 2227 5196 quod
2254 5125 2307 5179 in
2346 5102 2628 5179 commune
2651 5120 2901 5176 conducit
2926 5126 3226 5188 qumrentes
3245 5158 3261 5184 ,
3289 5117 3384 5172 sed
3410 5115 3537 5172 illud

1952 5226 2256 5288 spectantes
2283 5223 2341 5270 ut
2378 5214 2478 5284 ipsi
2508 5212 2702 5267 suntin
2733 5210 3115 5273 admiratione,
3147 5207 3356 5262 etiamsi
3409 5206 3562 5303 quid‘

1952 5308 2086 5364 utile
2116 5307 2381 5372 dixerint,
2410 5305 2513 5360 hoc
2531 5317 2743 5373 quoque
2767 5298 3217 5370 quemadmodum
3237 5299 3291 5352 in
3312 5297 3536 5367 caligine

1952 5401 2180 5473 quadam
2199 5441 2216 5468 ,
2243 5405 2495 5454 consueta
2524 5394 2623 5450 sibi
2645 5393 2976 5449 occultarunt
3010 5391 3354 5446 obscuritate.
3394 5391 3533 5459 Apo.

1953 5493 2076 5547 stoli
2102 5504 2231 5547 vero
2252 5504 2316 5545 ac
2341 5488 2615 5559 propheta:
2640 5485 2821 5541 omnia
2849 5491 3033 5538 contra
3058 5482 3333 5538 fecerunt:
3362 5483 3537 5537 mani:-

1955 5582 2090 5640 festa
2167 5582 2453 5650 claraque,
2516 5592 2636 5648 qua:
2710 5575 3089 5648 prodiderunt,
3173 5582 3543 5644 exposuerunt

1957 5673 2234 5740 omnibus,
2256 5670 2418 5728 veluti
2440 5683 2754 5726 communes
2773 5667 2918 5721 orbis
2948 5665 3198 5722 doctores
3215 5706 3232 5730 ,
3267 5673 3326 5719 ut
3352 5679 3450 5735 per
3476 5678 3538 5720 se

1956 5768 2185 5837 quisque
2200 5762 2408 5820 discere
2426 5761 2593 5832 possit
2612 5775 2674 5816 ea
2696 5774 2814 5829 qua:
2837 5757 3085 5812 dicuntur
3097 5771 3129 5811 e
3147 5753 3540 5810 sola‘lectiouc.

1961 5862 2075 5919 lloc
2094 5868 2217 5917 ante
2243 5856 2605 5930 praenuntians
2631 5851 2886 5928 propheta
2900 5850 3111 5908 dicebat
3137 5866 3151 5905 :
3175 5847 3342 5905 Erunt
3369 5859 3550 5899 omnes
