3958 6390
496 418 599 474 9*ὶῦ

494 537 629 589 «lactt
648 549 679 586 a
706 532 813 588 Deo
832 574 847 598 ,
876 542 924 587 et
946 546 1048 585 non
1088 529 1218 584 dicet
1252 528 1460 600 quisque
1487 526 1718 597 proximo
1758 539 1881 587 suo,
1905 520 2070 576 Nosce

501 627 666 681 Deum
687 663 704 692 ,
735 623 973 695 quoniam
1002 636 1172 675 omnes
1197 627 1399 672 noscent
1429 632 1510 670 me
1545 633 1578 669 a
1605 615 1812 668 minimo
1851 613 2076 682 ipsorum

494 734 653 788 usque
690 732 757 770 aa
806 714 1084 769 maximum
1123 726 1298 765 eorum
1326 708 1461 780 (Jer.
1492 707 1690 763 51.34.
1737 715 1786 760 et
1831 704 1986 759 Joan.
2017 700 2073 758 6.

495 809 566 864 45
587 810 628 880 ).
660 808 729 863 Ει
756 807 951 861 Paulus
978 804 1149 874 inquit
1177 820 1192 857 :
1222 801 1292 855 Et
1320 816 1411 872 ego
1433 840 1449 866 ,
1475 799 1657 870 fratres
1680 840 1695 864 ,
1721 797 1832 852 ueni
1872 796 1942 850 ad
1968 810 2075 861 vos,

496 917 598 955 non
624 914 713 969 per
738 895 1084 952 excellentiam
1114 892 1358 949 sermonis
1383 901 1472 946 aut
1498 890 1763 959 sapientia
1779 930 1794 955 ,
1839 888 2078 943 nuntians

496 991 631 1045 vobis
653 988 945 1061 mysterium
973 985 1071 1042 Dei
1095 984 1172 1054 (1.
1196 984 1313 1040 Cor.
1345 984 1400 1038 2.
1431 984 1505 1053 1).
1534 983 1601 1038 Et
1628 982 1821 1037 iterum
1853 997 1867 1032 :
1896 979 2079 1034 Sermo

497 1098 638 1135 meus
680 1089 728 1134 et
755 1078 1048 1149 praedicatio
1074 1092 1181 1132 non
1205 1076 1259 1131 in
1285 1072 1693 1147 persuasibilibus
1727 1074 1961 1125 humana:
1986 1085 2076 1123 sa-

393 1177 403 1186 ’
496 1171 697 1241 pientiar
730 1168 889 1223 verbis
907 1209 923 1237 ,
974 1168 1066 1222 sed
1111 1168 1165 1221 in
1201 1162 1488 1221 ostensione
1531 1163 1739 1234 spiritus
1788 1174 1850 1215 ac
1899 1161 2080 1215 uirtute

495 1260 608 1331 (Id.
636 1276 683 1313 υ.
710 1260 790 1329 4).
822 1259 891 1315 Et
928 1273 1178 1314 rursum:
1200 1255 1476 1324 Loquimur
1494 1254 1625 1308 enim
1645 1251 1976 1322 sapientiam,
1998 1249 2081 1304 in-

498 1351 643 1421 quit,
675 1366 775 1404 non
796 1349 972 1405 steculi
1001 1348 1153 1419 hujus
1171 1388 1187 1414 ,
1218 1362 1377 1417 neque
1396 1344 1682 1415 principum
1710 1343 1861 1413 hujus
1884 1340 2076 1407 steeuli,

493 1442 581 1511 qui
605 1447 1002 1510 corrumpuntur
1031 1437 1137 1511 (Ib.
1171 1454 1219 1492 υ.
1249 1436 1328 1508 6).
1355 1435 1454 1492 Cui
1498 1436 1644 1491 enim
1670 1447 1778 1489 non
1813 1441 1938 1487 sunt
1960 1445 2078 1487 ma-

495 1530 684 1587 nifesta
709 1545 1059 1601 quaecumque
1081 1529 1134 1585 in
1154 1528 1444 1600 Evangelio
1482 1528 1677 1597 scripta
1698 1534 1823 1580 sunt
1863 1523 2106 1596 (Matth;

494 1622 551 1677 5.
573 1623 627 1678 4.
656 1638 764 1692 sqq.
789 1619 807 1691 )
830 1620 855 1675 ?
876 1621 1009 1687 Quis
1034 1628 1213 1675 autem
1242 1618 1468 1674 audiens
1492 1618 1678 1673 beatos
1716 1630 1839 1672 esse
1880 1615 2039 1670 mites
2058 1653 2075 1681 ,

498 1711 684 1768 beatos
727 1709 1105 1767 misericordes
1126 1750 1142 1777 ,
1173 1709 1357 1765 beatos
1399 1707 1597 1763 mundo
1636 1705 1832 1771 corde,
1860 1714 2081 1761 uetera-

494 1816 599 1874 que
626 1800 953 1872 hujusmodi,
980 1800 1156 1870 egebit
1185 1806 1509 1869 praeceptore
1531 1839 1547 1864 ,
1579 1805 1637 1853 ut
1659 1795 1857 1867 aliquid
1893 1808 2080 1851 eorum

495 1892 637 1949 dicat
664 1906 782 1962 quae
823 1889 1106 1947 dicuntur?
1128 1890 1342 1946 \Verum
1389 1888 1537 1960 signa
1559 1926 1584 1955 ι
1615 1886 1888 1951 miracula,
1916 1885 2083 1941 histo-

496 1986 591 2041 riae
613 2025 630 2051 ,
660 1999 767 2039 non
807 1983 976 2040 cuivis
999 1991 1125 2038 nota
1166 1980 1555 2050 manifestaque
1598 1980 1756 2035 sunt?
1782 1978 2081 2035 Prastextus

495 2075 600 2131 iste
622 2083 706 2131 est
724 2082 779 2131 et
800 2073 1040 2130 causatio
1063 2113 1080 2141 ,
1111 2074 1439 2143 pigritiaeque
1466 2070 1842 2127 velamentum.

566 2164 736 2219 Lectio
763 2165 945 2219 iterata
971 2164 1132 2233 aperit
1166 2161 1398 2217 obscura.
1427 2189 1500 2201 —-
1538 2159 1652 2216 Non
1684 2159 1935 2231 intelligis
1960 2174 2081 2231 quae

497 2253 723 2311 insunt:
771 2253 1039 2325 quomodo
1082 2252 1253 2322 possis
1292 2251 1579 2322 aliquando
1620 2251 1937 2322 intelligere,
1989 2251 2081 2321 qui

498 2364 570 2405 ne
596 2349 786 2403 leviter
809 2346 1023 2418 quidem
1063 2344 1325 2416 inspicere
1370 2343 1543 2415 velis?
1587 2343 1749 2399 Sume
1792 2343 1985 2398 librum
2024 2342 2080 2397 iu

496 2453 706 2503 manus,
736 2436 854 2506 lege
876 2435 1153 2491 historiam
1180 2448 1413 2501 omnem,
1442 2443 1497 2489 et
1521 2449 1639 2503 quae
1666 2443 1790 2487 nota
1819 2440 1942 2486 sunt
1962 2446 2079 2487 me-

498 2528 667 2582 moria
694 2536 913 2591 tenens,
944 2541 1005 2580 ea
1039 2540 1156 2595 qua:
1185 2524 1411 2581 obscura
1439 2532 1565 2579 sunt
1592 2538 1883 2594 parumque
1910 2522 2081 2578 mani-

498 2618 657 2687 festa,
686 2620 991 2689 frequenter
1019 2632 1292 2688 percurre.
1324 2616 1476 2684 Quod
1515 2617 1560 2672 si
1583 2630 1690 2671 non
1715 2617 1914 2687 poteris
1940 2616 2075 2670 assi-

497 2713 700 2769 duitate
726 2711 969 2767 lectionis
995 2710 1235 2785 invenire
1261 2709 1406 2779 quod
1428 2709 1645 2777 dicitur,
1684 2708 1881 2764 accede
1904 2708 1971 2762 ad
1994 2722 2080 2763 sa-

498 2805 832 2876 pientiorem,
858 2801 991 2857 vade
1013 2801 1078 2857 ad
1105 2801 1401 2868 doctorem,
1424 2801 1753 2856 communica
1774 2799 1841 2854 de
1870 2799 1933 2854 iis
1959 2814 2079 2869 qua:

499 2896 695 2964 scripta
723 2905 867 2961 sunt,
896 2893 1109 2949 declare
1133 2893 1419 2949 vehemens
1438 2890 1692 2947 studium.
1723 2889 1791 2945 Et
1814 2890 1860 2946 si
1888 2891 2079 2945 viderit

497 2998 548 3043 te
579 2989 719 3043 Deus
746 2996 945 3043 tantum
988 2987 1151 3041 animi
1189 2985 1514 3042 alacritatem
1550 2984 1826 3052 adhibere,
1854 2998 1958 3039 non
1985 2983 2077 3038 de-

497 3081 684 3151 spiciet
733 3089 874 3135 tuam
917 3080 1243 3151 vigilantiam
1285 3093 1350 3134 ac
1394 3076 1825 3134 sollicitudinem.
1877 3075 2074 3131 Verum

495 3174 654 3228 etiam
684 3172 731 3227 si
772 3174 948 3228 nullus
989 3171 1150 3228 homo
1176 3181 1227 3227 te
1264 3170 1503 3227 docuerit
1533 3168 1677 3240 quod
1722 3167 1938 3238 qumris,
1964 3168 2077 3236 ipse

494 3267 610 3322 sine
634 3265 796 3321 dubio
813 3264 1091 3320 reserabit.
1112 3262 1376 3319 Memento
1394 3260 1623 3317 eunuchi
1640 3260 1837 3330 regina:
1864 3258 2075 3314 Ethio-

492 3373 641 3428 pum,
690 3357 783 3429 qui
823 3373 944 3412 cum
989 3365 1131 3412 esset
1171 3355 1333 3411 homo
1358 3354 1646 3419 barbarus,
1675 3351 2076 3421 innumerisque

492 3450 757 3506 distentus
815 3447 1292 3515 sollicitudinibus,
1344 3455 1398 3503 et
1456 3444 1790 3515 undiquaque
1841 3444 2073 3499 circum-

493 3548 676 3612 sepius
704 3541 927 3611 negotiis
944 3581 960 3609 ,
990 3553 1090 3594 nec
1118 3539 1437 3609 intelligeret
1463 3552 1581 3607 quae
1606 3536 1834 3607 legebat,
1868 3535 2075 3607 legebat

494 3643 669 3689 tamen
697 3632 747 3686 in
768 3647 925 3687 curru
946 3630 1157 3685 sedens.
1177 3629 1329 3697 Quod
1352 3629 1398 3684 si
1428 3629 1479 3683 in
1504 3629 1589 3683 via
1609 3635 1806 3683 tantam
1829 3625 2075 3697 prmstitit

495 3723 853 3793 diligentiam,
901 3721 1073 3791 cogita
1117 3721 1289 3791 qualis
1328 3718 1490 3775 fuerit
1527 3719 1673 3774 domi
1719 3732 1981 3774 versans:
2025 3717 2075 3773 si

501 3824 738 3883 tempore
779 3811 1123 3885 profectionis
1167 3826 1272 3866 non
1318 3809 1570 3865 sustinuit
1596 3808 1800 3878 absque
1846 3808 2075 3863 lectione

497 3920 735 3972 utiancre,
778 3906 948 3959 multo
979 3905 1153 3977 minus
1181 3903 1325 3959 domi
1364 3901 1596 3957 sedens:
1628 3902 1675 3956 si
1701 3899 1833 3955 nihil
1871 3898 2071 3954 intelli-

493 4011 626 4067 gens
670 3995 905 4065 legebat,
934 4010 1034 4049 nec
1073 3980 1279 4049 destitit
1306 4008 1336 4045 a
1382 3992 1642 4057 lectione,
1682 3990 1850 4046 multo
1893 3991 2072 4045 minus

496 4096 771 4156 postquam
809 4084 1090 4140 didicerat.
1124 4084 1256 4139 Nam
1287 4093 1345 4138 ut
1372 4082 1542 4148 scias,
1577 4081 1719 4152 quod
1758 4095 1866 4136 non
1909 4081 2069 4136 intel-

493 4180 684 4236 :exerit
707 4194 827 4248 qua:
855 4178 1087 4248 legebat,
1115 4175 1237 4231 audi
1277 4175 1402 4245 quid
1427 4174 1558 4229 dicit
1582 4173 1894 4243 Philippus:
1928 4172 2070 4227 Num

491 4270 728 4341 intelligis
756 4284 870 4339 qua
896 4268 1019 4337 legis
1044 4266 1184 4337 (Act.
1216 4265 1270 4321 8.
1292 4264 1382 4338 '50)
1401 4265 1425 4318 ?
1446 4267 1619 4334 Atque
1649 4264 1740 4319 ille
1768 4263 1850 4318 his
1872 4263 2068 4318 auditis

491 4376 597 4416 non
630 4359 939 4430 pudefactus
975 4368 1078 4424 est,
1113 4372 1213 4412 nec
1236 4357 1478 4423 erubuit,
1506 4355 1598 4411 sed
1627 4355 1890 4410 inscitiam
1915 4370 2067 4410 suam

493 4451 769 4506 confessus
795 4457 878 4504 est
903 4449 1120 4518 aitque:
1151 4448 1371 4513 Quinam
1409 4448 1625 4517 possim,
1666 4446 1765 4500 nisi
1792 4447 1904 4518 quis
1942 4445 2068 4500 mihi

487 4541 761 4598 ostenderit
789 4539 893 4611 (Ib.
922 4556 966 4595 υ.
999 4537 1128 4609 51)?
1154 4538 1287 4593 Cum
1315 4538 1551 4593 nondum
1575 4537 1794 4592 haberet
1816 4535 1908 4607 qui
1927 4536 2066 4591 viam

487 4641 968 4696 commonstraret,
1017 4640 1193 4685 tamen
1247 4630 1475 4700 legebat,
1516 4642 1688 4698 eoque
1735 4629 1842 4683 cito
1879 4643 2067 4684 conse-

486 4733 684 4795 quutus
712 4732 794 4778 est
815 4721 1111 4777 ductorem.
1141 4720 1298 4776 Novit
1318 4735 1635 4791 propensam
1665 4720 1805 4775 illius
1833 4720 2064 4774 animam

487 4817 666 4883 Deus,
720 4814 952 4870 studium
998 4815 1274 4883 amplexus
1316 4822 1432 4878 est,
1479 4812 1624 4867 misit
1661 4811 1735 4866 illi
1789 4813 2063 4866 doctorem

485 4907 648 4962 illico.
682 4906 878 4960 Verum
907 4921 1013 4960 non
1053 4904 1206 4960 adest
1229 4903 1506 4973 Philippus
1537 4920 1551 4958 :
1584 4902 1678 4958 sed
1723 4902 1951 4974 Spiritus
1974 4903 2063 4973 qui

485 5008 726 5055 moverat
753 4998 1055 5069 Philippum
1091 4996 1260 5052 adest.
1293 4996 1369 5051 Ne
1394 4996 1786 5066 neglexerimus
1826 5002 2061 5049 nostram

484 5093 735 5157 salutem,
765 5090 1130 5146 dilectissimi:
1157 5090 1273 5144 haec
1293 5089 1467 5145 omnia
1500 5086 1705 5155 Scripta
1723 5095 1837 5141 sunt
1857 5095 2062 5156 prapter

484 5200 575 5239 nos
609 5182 676 5235 ad
716 5181 1074 5235 correctionem
1115 5180 1295 5247 nostri,
1343 5181 1397 5238 in
1438 5193 1563 5248 quos
1594 5177 1721 5246 ﬁnes
1761 5177 2062 5232 steculorum

484 5275 783 5339 devenerunt
809 5271 887 5342 (l.
917 5270 1034 5351 cor.
1058 5271 1144 5326 lO.
1168 5269 1280 5342 ll).

530 5364 816 5437 .Ignoratio
856 5363 1139 5433 Scriptura:
1180 5363 1390 5418 luet-eses
1429 5363 1582 5433 parit.
1624 5390 1697 5402 —
1742 5360 1928 5431 Magna
1961 5360 2062 5415 ad-

483 5470 671 5521 versus
708 5462 981 5524 peccatum
1025 5453 1249 5509 munitio
1295 5462 1376 5508 est
1430 5452 1821 5522 Scripturarum
1859 5451 2056 5505 lectio:

474 5561 733 5616 maguum
788 5543 1158 5619 pramipitium,
1211 5543 1527 5613 profundum
1570 5541 1877 5597 barathrum
1915 5540 2061 5596 Scri-

426 5691 431 5694 .
486 5646 759 5706 pturarum
787 5637 1062 5708 ignoratio,
1087 5650 1272 5707 magna
1302 5637 1488 5692 salutis
1509 5636 1736 5706 perditio
1765 5634 1896 5689 nihil
1920 5634 2058 5690 scire

482 5741 549 5780 ex
587 5724 782 5779 divinis
820 5727 1025 5796 legibus
1061 5743 1076 5780 :
1120 5741 1185 5782 ea
1227 5741 1313 5782 res
1352 5736 1407 5782 et
1450 5726 1680 5781 haereses
1715 5725 1953 5795 peperit,
1992 5738 2055 5778 ea

475 5814 646 5868 vitam
659 5825 961 5884 corruptam
982 5815 1199 5883 invexit,
1228 5819 1326 5872 hoc
1348 5817 1821 5873 sursumdeorsum
1845 5814 2055 5871 miscuit

1239 414 1295 471 S.
1334 411 1611 471 JOANNlS
1645 407 2117 466 CllllYSOSTOMI
2155 407 2471 463 ARCIIIEP.
2512 403 3053 462 CONSTANTINOP.
3627 416 3713 475 995

2188 518 2388 573 omnia.
2430 517 2563 572 Nam
2602 517 2716 572 ﬁeri
2745 531 2852 573 non
2892 526 3087 588 potest,
3137 533 3248 573 non
3293 527 3482 589 potest,
3519 521 3717 595 inquam,

2118 618 2125 621 ‘
2181 609 2318 676 ﬁeri,
2346 618 2406 665 ut
2445 609 2566 681 quis
2593 610 2712 665 sine
2738 609 2907 666 fructu
2941 610 3205 678 discedat,
3233 613 3327 683 qui
3353 614 3553 670 assidua
3578 629 3719 673 atten.

2182 707 2342 771 taque
2367 700 2599 755 lectione
2621 701 2846 756 fruatur.
2868 701 3005 756 Ecce
3022 716 3125 756 una
3146 702 3421 772 parabole,
3447 720 3592 775 quam
3613 711 3721 763 mul-

2142 836 2147 841 ,
2182 792 2419 863 tiplicem
2452 792 2609 848 nobis
2648 791 2825 847 attulit
2863 791 3180 848 utilitatem?
3225 795 3491 864 quomodo
3524 800 3718 853 animam

2182 893 2421 945 nostram
2448 884 2725 940 meliorem
2746 884 3012 940 reddidit?
3024 884 3158 940 Nam
3175 887 3476 956 complures
3492 931 3506 953 ,
3523 899 3597 943 sat
3612 890 3716 954 scio.

2182 984 2327 1041 sunt,
2358 975 2449 1046 qui
2474 989 2543 1030 ex
2572 973 2656 1030 his
2694 976 3031 1032 sermonibus
3058 976 3335 1046 copiosam
3368 978 3624 1039 utilitatem
3661 982 3717 1036 ie-

2182 1076 2366 1124 rentes
2403 1067 2668 1124 abierunt.
2708 1066 2861 1135 Quod
2887 1067 2932 1122 si
2972 1069 3060 1139 qui
3086 1076 3233 1136 sunt,
3264 1069 3354 1139 qui
3397 1085 3500 1124 non
3540 1071 3723 1140 perinde

2182 1176 2433 1232 magnum
2481 1161 2710 1216 fructum
2754 1168 3114 1230 reportarunt,
3146 1169 3385 1216 attamen
3425 1177 3489 1217 eo
3527 1162 3603 1217 die
3638 1180 3722 1232 quo

2183 1252 2338 1308 nobis
2365 1250 2642 1307 audiendis
2669 1260 2955 1325 vacarunt,
2986 1252 3207 1307 omnino
3236 1253 3482 1308 meliores
3524 1252 3717 1307 luerunt.

2182 1342 2297 1400 Non
2316 1351 2494 1400 autem
2518 1346 2766 1414 exiguum
2794 1352 2878 1399 est
2901 1343 2986 1398 vel
3017 1343 3182 1408 istud,
3207 1358 3372 1399 unum
3390 1343 3526 1400 diem
3550 1344 3597 1398 in
3619 1357 3719 1414 pee-

2182 1443 2427 1489 cstorum
2451 1434 2773 1490 contritione
2811 1420 3124 1504 transigere,
3159 1443 3220 1489 et
3243 1433 3313 1489 ad
3339 1433 3590 1509 calestem
3628 1434 3721 1504 phi-

2182 1522 2480 1594 losophiam
2526 1523 2812 1594 respicere,
2864 1524 3165 1594 animaeque
3212 1524 3535 1594 permittere,
3572 1526 3718 1580 utch

2183 1617 2452 1687 paulisper
2489 1631 2521 1672 a
2558 1614 2842 1672 mundanis
2882 1615 3111 1685 respiret
3155 1616 3321 1670 curis.
3370 1616 3566 1670 Etenim
3603 1616 3642 1670 si
3678 1615 3718 1670 id

2183 1707 2406 1780 singulis
2432 1708 2669 1765 collectis
2693 1708 2973 1765 fecerimus
3003 1722 3104 1763 nec
3127 1707 3505 1774 deiecerimu's,
3534 1709 3720 1764 assidui-

2156 1810 2268 1877 tas
2296 1800 2546 1857 audiendi
2566 1816 2814 1873 magnum
2838 1799 3103 1872 quoddam
3125 1799 3537 1872 praclarumque
3557 1800 3718 1855 bonum

2183 1893 2341 1950 nobis
2369 1894 2562 1964 pariet.

2253 1987 2310 2042 4.
2337 1986 2494 2057 Agite
2522 1986 2714 2057 igitur,
2739 1995 2881 2042 et-ea
2918 1999 3039 2056 qua:
3084 1993 3382 2057 sequuntur
3418 1984 3468 2038 in
3507 1983 3716 2055 parallel:

2181 2076 2331 2145 vobis
2360 2078 2743 2147 persolvamus.
2769 2077 2898 2145 Quae
2923 2084 3046 2132 sunt
3072 2088 3254 2133 autem
3293 2091 3409 2148 qua:
3434 2074 3717 2146 sequuntur?

2184 2169 2316 2225 Cum
2342 2169 2566 2227 dixisset
2587 2169 2756 2235 dives,
2789 2168 2935 2224 Mitte
2962 2167 3239 2237 Lazarum,
3270 2180 3323 2223 ut
3343 2168 3536 2243 instillet
3560 2183 3717 2221 summa

2185 2260 2364 2332 digito,
2390 2277 2452 2315 ac
2474 2261 2732 2334 refrigeret
2758 2261 2995 2333 linguam.
3017 2277 3182 2315 meam
3207 2259 3360 2328 (Luc.
3395 2259 3478 2315 16.
3496 2256 3578 2328 24)
3602 2275 3613 2310 :
3637 2274 3710 2310 au.

2183 2356 2476 2411 scultemus
2513 2355 2640 2424 quid
2679 2354 2819 2409 dicat
2857 2353 3124 2409 Abraham
3145 2397 3160 2420 ,
3193 2353 3320 2418 Fili,
3359 2361 3587 2407 meritento
3613 2350 3717 2420 qttod

2186 2444 2416 2516 recepisti
2440 2455 2493 2499 tu
2517 2445 2648 2499 bona
2678 2446 2731 2498 in
2750 2447 2850 2498 vita
2878 2455 2965 2499 tua
2982 2487 2997 2511 ,
3024 2454 3071 2499 et
3093 2443 3322 2498 Lazarus
3345 2444 3562 2498 similiter
3586 2442 3713 2501 inata.

2183 2545 2231 2590 et
2260 2551 2395 2588 nunc
2418 2536 2514 2589 iste
2540 2536 2773 2589 solatium
2808 2535 3021 2605 accipit,
3050 2543 3105 2587 tu
3140 2550 3257 2588 uero
3294 2533 3543 2587 cruciaris.
3583 2530 3715 2599 Super

2184 2625 2353 2679 omnia
2379 2635 2544 2679 autem
2570 2625 2675 2680 tunc
2702 2627 2856 2679 chaos
2881 2641 3120 2695 magnum
3151 2625 3495 2694 conﬁrmatum
3525 2630 3586 2675 est
3615 2622 3716 2672 ἑπτα

2185 2732 2277 2772 nos
2319 2726 2367 2770 et
2393 2733 2509 2784 vos,
2542 2726 2596 2770 ut
2640 2717 2727 2787 qui
2770 2716 2942 2770 volunt
2984 2717 3135 2770 istinc
3167 2716 3382 2770 transire
3419 2714 3483 2768 ad
3519 2724 3714 2776 nos,uon

2182 2807 2398 2877 possint,
2427 2825 2585 2878 neque
2625 2809 2710 2878 qui
2734 2807 2853 2861 hinc
2893 2807 3020 2861 istuc
3049 2806 3267 2860 transire
3306 2804 3412 2878 (Ib.
3442 2820 3487 2858 ιν.
3518 2803 3597 2857 25.
3619 2799 3710 2870 9.6).

2181 2899 2375 2956 Gravia
2405 2910 2528 2956 sunt
2553 2916 2670 2972 quae
2698 2899 2968 2967 dicuntur,
2998 2894 3390 2970 plurimumque
3414 2898 3552 2952 nobis
3574 2894 3712 2948 ollim-

2182 2990 2317 3047 dunt
2359 2992 2620 3047 dolorem.
2664 2992 2776 3048 Hoc
2823 2992 2936 3063 ipse
2980 2991 3148 3047 novi:
3194 2990 3290 3047 sed
3320 2986 3713 3061 quemadmodum

2181 3086 2433 3144 mordent
2470 3087 2873 3154 conscientiam,
2924 3088 2996 3140 ita
3024 3102 3129 3141 non
3176 3101 3362 3157 parum
3402 3084 3607 3139 all'erunt
3631 3080 3712 3135 uti.

2182 3179 2345 3235 litatis
2370 3179 2562 3235 animis
2600 3194 2786 3235 eorum
2816 3180 2904 3250 qui
2948 3178 3281 3234 mordentur.
3313 3178 3509 3233 Etenim
3544 3175 3583 3231 si
3623 3174 3713 3227 haec

2179 3271 2333 3328 nobis
2358 3271 2465 3333 illic
2506 3271 2842 3337 dicerentur,
2871 3270 3324 3349 quemadmodum
3359 3268 3492 3323 dicta
3516 3262 3711 3327 suntdi-

2178 3362 2295 3427 viti,
2318 3375 2503 3417 revera
2534 3360 2846 3431 plorandum
2865 3369 3027 3426 esset,
3051 3360 3340 3417 dolendum
3364 3372 3425 3415 ac
3450 3354 3707 3427 lugendum.

2178 3451 2321 3522 quod
2365 3467 2466 3507 nos
2515 3452 2841 3522 paenitentia}
2889 3459 3097 3521 tempus
3145 3450 3444 3509 defecisset.
3488 3446 3707 3502 Cieterum

2178 3542 2429 3613 quoniam
2454 3541 2543 3597 hic
2568 3550 2787 3612 agentes
2811 3541 2926 3596 haec
2952 3540 3220 3609 audimus,
3251 3540 3342 3595 ubi
3369 3548 3420 3593 et
3445 3534 3710 3604 resipiscere

2178 3632 2321 3698 licet,
2353 3641 2408 3687 et
2433 3634 2718 3688 commissa
2765 3630 2989 3696 diluere,
3034 3630 3269 3702 denique
3310 3628 3520 3685 multam
3559 3632 3710 3694 param

2177 3723 2449 3793 ﬁduciam,
2477 3733 2639 3794 atque
2659 3739 2725 3779 ex
2750 3723 2940 3779 alienis
2968 3724 3121 3779 malis
3142 3729 3403 3793 concepto
3429 3721 3601 3774 timore
3617 3727 3708 3768 mu—

2177 3814 2300 3883 tari,
2330 3830 2549 3886 agamus
2590 3815 2789 3884 gratias
2809 3815 3057 3870 clementi
3088 3815 3223 3880 Deo,
3273 3814 3362 3884 qui
3390 3826 3479 3882 per
3518 3808 3704 3862 aliorum

2176 3906 2436 3976 supplicia
2489 3915 2730 3962 nostram
2771 3906 3127 3977 expergefacit
3164 3906 3470 3977 segnitiem,
3492 3898 3734 3963 nobisque‘

2174 3995 2585 4069 dormitantibus
2618 4011 2864 4052 somnum
2910 3998 3130 4052 excutit.
3181 3996 3450 4067 Siquidem
3486 3991 3591 4047 ideo
3614 3986 3703 4040 hinc

2174 4097 2300 4145 ante
2324 4088 2464 4144 dicta
2492 4097 2636 4157 sunt,
2666 4105 2734 4166 ne
2756 4089 2875 4145 talia
2904 4090 3181 4159 patiamur.
3209 4089 3411 4145 Etenim
3437 4086 3478 4140 si
3498 4080 3704 4138 voluisset

2175 4181 2362 4249 punire
2399 4179 2560 4245 Deus,
2593 4194 2699 4237 non
2738 4180 2837 4235 ista
2875 4179 3210 4250 praedixisset
3236 4197 3252 4234 :
3281 4192 3458 4235 verum
3494 4170 3700 4244 quoniam

2172 4269 2342 4324 noluit
2365 4284 2462 4324 nos
2489 4269 2704 4339 adigere
2731 4270 2798 4324 ad
2826 4270 3143 4340 supplicium
3165 4311 3183 4339 ,
3210 4270 3405 4326 idcirco
3422 4261 3638 4337 praedicit
3658 4265 3701 4309 ut

2174 4358 2520 4428 praedictione
2544 4359 2805 4430 castigati,
2842 4360 3068 4415 vitemus
3087 4376 3267 4416 rerum
3290 4346 3646 4429 experimenta.

2245 4448 2402 4503 Malis
2423 4465 2616 4519 quoque
2641 4451 2791 4505 datur
2815 4466 2907 4521 pro
2945 4451 3222 4522 benefactis
3242 4465 3424 4504 merces
3455 4446 3625 4513 aliqua.
3648 4463 3701 4477 -·-

2174 4540 2242 4594 At
2278 4540 2432 4610 cujus
2462 4540 2674 4595 tandem
2702 4541 2872 4611 gratia
2911 4555 3016 4596 non
3042 4541 3204 4607 dixit,
3231 4539 3412 4610 cepisti
3445 4537 3570 4592 bona
3602 4538 3693 4585 tua.

2172 4628 2266 4686 sed
2293 4631 2524 4699 recepisti
2546 4632 2573 4684 ἕ
2597 4630 2910 4687 Meministis
2946 4631 3111 4700 enim,
3157 4641 3239 4687 sat
3276 4631 3416 4693 scio,
3444 4639 3523 4680 me
3553 4621 3699 4676 dicem

2171 4720 2297 4776 hinc
2325 4721 2480 4777 nobis
2506 4737 2654 4778 mare
2673 4723 3156 4778 considerationum
3183 4733 3424 4792 magnum
3447 4723 3497 4770 et
3516 4714 3699 4767 immen-

2169 4829 2288 4871 sum
2312 4814 2527 4885 aperiri.
2557 4814 2691 4869 Nam
2720 4814 2836 4870 hmc
2862 4831 2985 4881 vox,
3006 4815 3258 4886 recepisti,
3283 4809 3439 4868 debiti
3462 4800 3694 4874 cujusdam

2168 4904 2607 4976 significationem
2634 4903 2829 4969 habet,
2856 4920 2921 4960 eo
2942 4904 3091 4975 quod
3129 4903 3348 4974 recipiat
3377 4896 3579 4966 aliquis,
3600 4898 3696 4958 ίιυκ

2167 4996 2517 5052 debebantur.
2549 4996 2781 5051 Proinde
2808 4996 2851 5050 si
2883 4997 3033 5052 dives
3074 4997 3179 5055 iste
3212 4993 3461 5051 scelestus
3482 4998 3540 5039 ac
3556 4979 3701 5035 sce'e-

2166 5101 2323 5143 rosus
2348 5095 2402 5142 et
2447 5088 2766 5142 inhumanus
2792 5086 2910 5155 fuit,
2948 5086 3295 5157 quamobrem
3338 5095 3440 5137 non
3471 5073 3584 5130 dicit
3607 5063 3692 5126 illi.

2164 5179 2376 5248 cepisti,
2420 5178 2536 5243 sed,
2568 5178 2798 5247 recepisti
2838 5179 2970 5233 bona
3006 5186 3126 5244 tua,
3154 5176 3303 5248 quasi
3327 5173 3442 5244 jure
3469 5166 3537 5222 illi
3572 5168 3686 5254 εοιξξ·

2165 5246 2434 5342 petierint,
2473 5246 2734 5341 quasique
2766 5269 3131 5326 deberentur?
3158 5246 3292 5338 Quid
3329 5264 3476 5335 igitur
3497 5255 3605 5310 hinc
3626 5246 3690 5300 di-

2169 5363 2410 5418 scimus?
2436 5362 2589 5429 Quod
2614 5363 2821 5419 etiamsi
2837 5363 2926 5434 qui
2948 5363 3052 5417 sint
3073 5354 3422 5425 seelerosi,,ad
3444 5350 3686 5408 extremam

2169 5450 2535 5522 improbitatis
2568 5453 2760 5507 lineam
2790 5453 3019 5519 devecti,
3049 5461 3224 5508 tamen
3250 5450 3534 5516 frequenter
3556 5440 3685 5522 unum

2164 5513 2402 5613 aliuuod.
2433 5542 2605 5599 duovc
2629 5553 2720 5599 aut
2746 5544 2842 5599 tria
2874 5513 3148 5602 benefacta
3186 5549 3306 5598 sunt
3330 5513 3534 5606 operati.
3559 5513 3684 5588 Ουοά

2164 5645 2344 5690 autem
2374 5636 2487 5690 haec
2512 5650 2615 5691 non
2640 5636 2825 5705 loquar
2848 5651 2879 5691 e
2898 5635 3237 5704 coniecturis,
3257 5631 3374 5686 hinc
3398 5616 3683 5707 ρθτερίθνυξη

2166 5733 2268 5780 θεῖ·
2296 5724 2432 5795 Ουῖά
2459 5726 2600 5781 enim
2637 5724 2732 5781 fuit
2757 5725 2846 5780 illo
2873 5725 3163 5796 iniquitatis
3195 5722 3366 5794 judice
3386 5705 3685 5771 sceleratius.

2164 5813 2290 5890 quid
2345 5814 2717 5882 inhumanius,
2776 5814 2899 5888 quid
2952 5815 3116 5890 magis
3171 5804 3411 5883 impiam?
3453 5800 3501 5856 ls
3533 5796 3675 5860 nelluc
