3958 6356
226 342 339 400 995

230 464 309 517 οὐ
325 458 414 531 μὴ
452 458 596 529 είπη
614 455 874 523 ἕκαστος
891 454 973 523 τῷ
995 453 1265 523 πλησίον
1288 451 1498 516 αὑτοῦ,
1520 446 1714 504 Γνῶθι
1729 444 1838 531 τὸν

236 530 483 617 Κύριον,
516 541 607 596 ὅτι
638 541 862 607 πάντες
892 538 1218 606 εὶδήσουσί
1235 553 1313 607 με
1343 534 1464 591 ἀπὸ
1490 531 1707 617 μικροῦ
1723 530 1840 617 έως

236 613 509 702 μεγάλου
547 623 768 680 αὐτῶν.
819 624 932 678 Καὶ
959 624 988 677 ό
1014 621 1229 685 Παῦλός
1269 637 1423 691 φησι·
1452 615 1648 702 Κάγὼ,
1671 613 1841 702 ἀδελ-

238 699 370 786 έροῑ,
404 699 599 782 ἦλθον
634 709 787 780 πρὸς
810 707 989 778 ὑμᾶς,
1030 709 1102 761 οὐ
1138 706 1269 760 καθ’
1312 700 1626 786 ὑπεροχὴν

241 780 282 866 ἦ
311 780 560 867 σοφίας,
585 794 1015 864 καταγγέλλων
1047 789 1193 861 ὑμῖν
1220 789 1287 844 τὸ
1313 784 1657 867 μυστήριον
1683 780 1838 867 [740]

243 861 352 936 τοῦ
372 861 543 934 Θεοῦ.
573 876 683 932 Καὶ
707 861 889 929 πάλιν
921 876 974 927 '0
996 876 1181 944 λόγος
1192 890 1311 943 μου
1337 871 1437 925 καὶ
1470 868 1538 922 τὸ
1565 861 1842 936 κήρυγμά

233 983 362 1037 μου
400 966 513 1018 οὐκ
535 961 606 1015 ἐν
635 959 862 1026 πειθοῖς
884 971 911 1001 ε
942 957 1325 1027 ἀνθρωπίνης
1366 954 1590 1037 σοφίας
1611 950 1839 1037 λόγοις,

236 1030 386 1105 ἀλλ’
420 1046 491 1100 ἐν
517 1043 824 1109 ἀποδείξει
857 1041 1201 1112 πνεύματος
1225 1037 1327 1093 καί
1364 1034 1693 1106 δυνάμεως.
1729 1030 1841 1084 Καὶ

237 1132 431 1187 πάλιψ
466 1128 789 1199 Λαλοῦμεν
812 1126 924 1198 γὰρ
962 1127 1214 1196 σοφίαν,
1251 1123 1439 1195 φησὶν,
1468 1122 1540 1175 οὐ
1577 1118 1684 1173 τοῦ
1709 1114 1843 1170 αίῶ-

236 1235 355 1284 νος
386 1215 628 1280 τούτου,
666 1210 811 1266 οὐδὲ
835 1208 955 1265 τῶν
983 1211 1297 1280 ἀρχόντων
1327 1205 1436 1260 τοῦ
1465 1200 1682 1268 αὶῶνος
1707 1199 1844 1265 τού-

238 1281 355 1356 του
370 1298 490 1353 τῶν
519 1294 1037 1367 καταργουμένων.
1068 1291 1312 1364 Τίνιγὰρ
1345 1289 1444 1344 οὐκ
1466 1287 1581 1341 ἔστι
1616 1284 1753 1356 δῆλα
1774 1281 1844 1336 τά

237 1386 355 1440 τῶν
395 1382 748 1453 Εὐαγγελίων
796 1380 1044 1446 ἆπαντα;
1078 1378 1165 1443 τίς
1206 1376 1263 1430 δὲ
1291 1374 1528 1442 ἀκούων,
1549 1373 1632 1427 ὅτι
1664 1369 1847 1442 μακά-

134 1485 181 1524 ’γ
243 1487 358 1543 ριοι
408 1470 459 1522 οί
490 1467 706 1541 πραεῖς,
749 1463 1013 1536 μακάριοι
1041 1463 1090 1515 οἰ
1122 1460 1451 1543 ἐλεήμονες,
1483 1455 1749 1543 μακάριοι
1797 1454 1846 1543 οἱ

240 1537 483 1627 Ξιαθαροὶ
511 1537 579 1624 τῇ
612 1549 831 1621 καρδία,
852 1549 949 1601 καὶ
976 1547 1077 1599 ὅσα
1109 1543 1356 1609 τοιαῦτα,
1380 1538 1701 1627 διδασκᾴλοιξ
1726 1537 1849 1627 δεξί-

244 1619 427 1703 σεταί,
469 1619 621 1701 ὦς’τι
659 1619 852 1705 μαθεῖν
873 1629 983 1685 τῶν
1007 1626 1317 1699 λεγομένων
1345 1627 1406 1692 b;
1453 1623 1616 1679 Ἀλλά
1647 1621 1717 1677 τά
1739 1619 1847 1674 τῶν

245 1722 494 1795 σημείων
525 1721 621 1775 καί
650 1717 945 1790 θαυμάτων
983 1715 1079 1768 καὶ
1110 1711 1362 1784 ἱστοριῶν
1385 1709 1507 1781 οὐχὶ
1532 1708 1626 1795 καὶ
1652 1706 1731 1795 τῷ
1754 1722 1850 1757 τυ-

242 1792 401 1880 χόντι
428 1805 682 1876 γνώριμα
702 1803 798 1857 καὶ
826 1800 970 1871 σαφῆ
991 1816 1006 1865 ;
1034 1796 1241 1869 Σκῆψις
1261 1795 1433 1851 ταῦτα
1458 1794 1553 1848 καί
1578 1792 1850 1865 πρόφασις

246 1891 347 1946 καὶ
368 1890 595 1953 νωθείας
625 1885 1135 1960 παρακαλύμματα.

508 2021 589 2083 εἰς
636 2013 706 2070 τὰ
749 2012 1079 2085 ὲγκείμενα;
1114 2008 1233 2073 πῶς
1260 2006 1369 2080 γὰρ
1401 2006 1607 2077 δυνὴση
1656 2002 1849 2074 νοῆσαί

251 2123 411 2171 ποτε,
447 2102 581 2176 μηδὲ
606 2098 792 2163 ἁπλῶς
838 2094 1076 2167 ἐγκύψαι
1127 2088 1660 2176 βουλόμενος-Λάϐε
1714 2085 1853 2158 μετά

250 2170 460 2262 χεῖρας.
496 2170 560 2239 τὸ
612 2182 834 2256 βιϐλίον·
883 2175 1296 2262 ἀνάγνωθιΛτὴν
1324 2171 1568 2262 ίστορί-αν
1610 2170 1851 2262 ἀπάσανέ

254 2254 360 2328 καί
386 2272 454 2326 τὰ
483 2254 741 2341 γνώριμα
769 2261 1080 2334 κατασχὼν,
1124 2260 1196 2314 τὰ
1225 2258 1395 2331 ἄδηλα
1423 2257 1519 2311 καὶ
1568 2255 1638 2309 τά
1652 2254 1851 2341 ἀσαφῆ

256 2338 525 2419 πολλάκις
558 2338 774 2407 ἐπελθεο
820 2349 929 2404 κᾶν
972 2347 1048 2418 μὴ
1079 2344 1318 2416 δυνηθῇς
1350 2344 1416 2413 τῇ
1450 2339 1702 2410 συνεχείᾳ
1754 2338 1854 2406 τῆς

255 2439 628 2511 ἀναγνώσεως
652 2436 832 2508 εὑρεῖν
875 2433 936 2487 τδ
972 2431 1285 2502 λεγόμενον,
1331 2426 1548 2498 βάδισον
1579 2422 1716 2511 πρδς
1762 2421 1855 2474 τὸν

260 2507 597 2597 σοφώτερον,
628 2507 750 2575 ἐλθὲ
793 2518 930 2591 πρὸς
978 2517 1069 2571 τὸν
1116 2512 1451 2597 διδάσκαλον,
1493 2507 1856 2597 ἀνακοίνωσαι

262 2592 400 2683 περί
420 2592 531 2662 τῶν
564 2603 894 2679 εἰρημένων,
930 2599 1130 2671 πολλὴν
1155 2596 1420 2683 ἐπίδειξαι
1460 2594 1558 2683 τὴν
1595 2592 1856 2683 σπουδήν⁸

262 2677 373 2750 κᾶν
395 2692 482 2766 ἴδῃ
510 2708 569 2744 σε
596 2677 628 2742 ό
660 2687 794 2752 Θεὸς
822 2684 1062 2756 τοσαύτῃ
1083 2681 1422 2766 κεχρημένον
1450 2682 1517 2766 τῇ
1554 2677 1856 2766 προθυμίᾳ,

262 2779 330 2834 οὐ
367 2761 689 2847 περιόψεταί
724 2788 818 2825 σου
855 2770 957 2841 τὴν
989 2766 1301 2839 ἀγρυπνίαν
1335 2764 1432 2819 καὶ
1455 2763 1552 2835 τὴν
1581 2761 1856 2847 φροντίδα,

264 2861 409 2917 ἀλλά
441 2843 551 2914 'xaw'
576 2855 865 2927 ἄνθρωπος
897 2852 972 2925 μὴ
1008 2849 1195 2924 διδάξῃ
1215 2848 1275 2902 τδ
1303 2847 1657 2919 ζητούμενον,
1699 2843 1860 2905 αὐτὸς

264 2940 614 3012 ἀποκαλύψει
640 2939 881 3001 πάντως.
923 2933 1328 3004 Ἀναμνήσθητι
1360 2931 1454 2984 τοῦ
1476 2928 1735 2999 εὐνούχου
1761 2928 1862 2996 τῆς

269 3010 547 3101 βασιλίδος
577 3022 878 3086 Αἰθιόπων,
917 3019 975 3082 ὃς
1009 3010 1732 3101 ἀνθρωποςᾼβάρϐαροςᾼῶν,
1766 3012 1863 3101 καὶ

273 3092 502 3184 μυρίαις
538 3105 901 3176 συνεχόμενος
929 3101 1201 3174 φροντίσι,
1228 3099 1328 3154 καὶ
1363 3095 1704 3184 πανταχόθεν
1721 3092 1864 3184 μπολ-

267 3179 389 3259 λοῖς
437 3187 946 3264 περικυκλούμενος
979 3184 1341 3258 πράγμασιν,
1389 3182 1493 3236 οὐκ
1526 3179 1684 3244 εἰδὼς
1718 3180 1863 3249 ἆπερ

266 3277 666 3347 ἀνεγίνωσκεν,
701 3273 856 3344 ὅμως
902 3268 1273 3339 ἀνεγίνωσκεν
1298 3266 1393 3321 ἐπὶ
1437 3264 1531 3319 τοῦ
1585 3265 1865 3347 ὀχήματος

270 3346 610 3433 καθήμενος.
643 3358 708 3410 Εἰ
736 3356 793 3409 δὲ
816 3358 874 3409 ὲν
908 3353 1014 3424 ὁδῷ
1050 3351 1326 3424 τοσαύτην
1378 3348 1615 3421 σπουδὴν
1651 3346 1865 3433 ἐπεδεί-

270 3430 465 3511 κνυτο,
484 3442 737 3512 ἐννόησον
760 3439 844 3503 τίς
872 3434 941 3509 ἦν
970 3438 1108 3492 οίκοι
1139 3435 1437 3507 διατρίϐων
1455 3451 1470 3465 ο
1492 3435 1542 3488 εί
1562 3433 1653 3488 τὸν
1675 3430 1868 3503 καιρὸν

269 3530 379 3601 τῆς
403 3525 710 3599 ὁδοιπορίας
735 3524 835 3577 οὑκ
868 3522 1117 3592 ἡνείχετο
1147 3521 1318 3591 χωρὶς
1364 3517 1728 3588 ἀναγνώσεως
1766 3513 1866 3601 μέ..

272 3598 416 3677 νείν,
447 3608 631 3681 πολλῷ
662 3607 864 3680 μᾶλλον
893 3606 952 3660 ὲν
974 3607 1040 3675 τῇ
1067 3604 1217 3676 οἰκίᾳ
1246 3603 1587 3675 καθήμενοςσ
1627 3602 1676 3653 εί
1703 3598 1868 3670 μηδὲν

274 3696 439 3760 εἰδὼς
460 3688 537 3749 ὧν
552 3691 1057 3762 ἀνεγίνωσκεν,ούκ
1079 3688 1348 3759 ἀφίστατο
1362 3688 1461 3758 τῆς
1484 3688 1867 3757 ἀναγνώσεως,

278 3779 466 3851 πολλῷ
515 3776 718 3850 μᾶλλον
789 3774 931 3848 μετά
976 3773 1040 3827 τὸ
1104 3772 1318 3845 μαθεῖν.
1380 3772 1505 3826 Ὅτι
1558 3769 1670 3841 γὰρ
1725 3768 1871 3839 ἆπερ

279 3864 657 3934 ἀνεγίνωσκεν
704 3860 807 3915 οὐκ
849 3859 998 3931 ᾔδει,
1052 3859 1286 3913 ἄκουσον
1343 3856 1397 3910 τί
1434 3871 1601 3927 φησιν
1639 3853 1790 3924 αὑτῷ
1842 3854 1872 3907 ὁ

278 3949 584 4011 Φίλιππος·
618 3939 775 4014 Ἀρά
824 3959 892 4014 γε
938 3941 1257 4014 γινώσκεις
1307 3941 1348 3996 ἂ
1388 3939 1872 4011 ἁναγινώσκεις;
1959 3947 1965 3953 ’

280 4036 554 4097 Κάκεῖνος
567 4030 740 4085 ταῦτα
756 4027 890 4083 ἀκού
899 4044 997 4092 σας
1009 4029 1110 4082 οὐκ
1125 4027 1264 4099 ἡρυθ
1274 4026 1458 4099 ρίασεν
1471 4025 1592 4081 οὐδὲ
1604 4024 1845 4097 ᾐσχύνθη
1854 4062 1871 4087 ,

279 4119 400 4175 ἀλλ’
429 4115 749 4188 ὡμολόγησε
776 4112 877 4183 τὴν
906 4112 1147 4180 ἄγνοιαν,
1174 4110 1268 4165 καί
1301 4127 1438 4182 φησι
1462 4126 1474 4140 ·
1494 4108 1629 4174 Πῶς
1657 4108 1768 4178 γὰρ
1796 4107 1876 4163 ἂν

281 4201 608 4270 δυναίμην,
641 4197 751 4252 ἐὰν
774 4194 860 4265 μή
887 4212 981 4261 τις
1002 4193 1280 4263 όδηγήσῃ
1300 4209 1417 4264 με;
1453 4191 1608 4245 Ἐπεὶ
1639 4188 1753 4256 οὖν,
1781 4193 1874 4244 οὐ·

281 4286 436 4341 δέπω
472 4283 566 4336 τὸν
622 4279 920 4352 ὁδηγοῦντα
953 4277 1121 4348 ἔχων,
1158 4276 1333 4339 οὕτως
1371 4275 1741 4344 ἀνεγίνωσκε,
1787 4275 1877 4328 διὰ

285 4367 451 4423 τοῦτο
478 4365 691 4438 ταχέως
743 4361 1042 4417 ἐπελάϐετο
1079 4358 1173 4413 τοῦ
1202 4359 1693 4430 χειραγωγοῦντες.
1722 4354 1878 4411 Εἷδεν

285 4450 457 4509 αὐτοῦ
482 4450 582 4521 τὴν
608 4446 919 4520 προθυμίαν
942 4444 1139 4508 ὁΘεὸς,
1166 4442 1466 4509 ἀπεδέξατο
1486 4442 1584 4514 τὴν
1615 4442 1875 4514 σπουδὴν,

286 4535 389 4591 καὶ
438 4532 686 4603 ἐπεμψεν
730 4529 881 4601 αὑτῷ
935 4527 1259 4583 διδάσκαλον
1313 4525 1544 4590 εὐθέως.
1601 4525 1764 4579 Ἀλλὰ
1814 4527 1877 4578 ού

286 4619 557 4690 πάρεστιν
572 4618 601 4669 ὁ
614 4615 879 4678 Φίλιππος
895 4612 992 4667 νῦν
1012 4629 1026 4677 ;
1067 4610 1230 4665 Ἀλλά
1252 4610 1313 4664 τὸ
1329 4607 1556 4681 Πνεῦμα
1569 4608 1634 4662 τὸ
1652 4610 1880 4681 κινῆσαν

283 4704 383 4757 τὸν
408 4700 674 4755 Φίλιππον
705 4697 962 4770 πάρεστι.
1010 4697 1103 4768 Μὴ
1153 4694 1591 4767 καταφρονῶμεν
1631 4697 1732 4766 τῆς
1774 4711 1882 4747 σω-

284 4784 486 4858 τηρίας
532 4782 712 4855 ἡμῶν,
755 4781 1032 4853 ἀγαπητοί
1053 4798 1065 4811 ο
1103 4778 1289 4833 Ταῦτα
1346 4779 1526 4833 πάντα
1549 4776 1777 4848 ἐγράφη
1805 4778 1881 4832 δι’

286 4869 451 4942 ἡμᾶς
477 4868 629 4938 πρὸς
654 4867 989 4923 νουθεσίαν
1011 4865 1202 4937 ἡμῶν,
1235 4866 1323 4931 είς
1350 4863 1459 4929 οὓς
1487 4863 1558 4917 τὰ
1583 4862 1730 4932 τέλη
1766 4862 1884 4918 τῶν

287 4952 525 5010 αἰώνων
546 4950 915 5021 κατήντησε.

364 5080 597 5154 Μεγάλη
653 5079 928 5149 ἀσφάλεια
960 5077 1098 5152 πρὸς
1131 5077 1194 5132 τὸ
1254 5077 1329 5149 μὴ
1382 5073 1724 5147 ἁμαρτάνειν
1776 5075 1885 5130 τῶν

290 5166 534 5240 Γραφῶν
562 5168 596 5237 ἡ
628 5165 959 5233 ἀνάγνωσις,
991 5161 1166 5234 μέγας
1204 5160 1453 5233 κρημνὸς
1482 5161 1578 5215 καὶ
1611 5160 1887 5233 βάραθρον

296 5251 438 5325 βαθὺ
473 5249 581 5304 τῶν
611 5247 846 5323 Γραφῶν
899 5249 933 5318 ἡ
983 5246 1198 5315 ἄγνοια,
1238 5245 1450 5316 μεγάλη
1481 5244 1741 5316 προδοσία
1779 5262 1889 5298 σω-

294 5334 494 5408 τηρίας
522 5332 583 5388 τὸ
608 5333 776 5406 μηδὲν
800 5331 909 5387 ἀπὸ
929 5330 1037 5384 τῶν
1066 5329 1226 5383 θείων
1257 5329 1454 5383 εἰδέναι
1479 5330 1661 5401 νόμων
1681 5346 1696 5361 ο
1728 5329 1889 5384 τοῦτο

295 5422 398 5479 καὶ
448 5419 690 5491 αἱρέσεις
739 5417 916 5481 ἔτεκε,
967 5415 1128 5469 τοῦτο
1182 5415 1277 5469 καὶ
1330 5414 1444 5487 βίον
1489 5414 1889 5486 διεφθαρμένον

295 5506 587 5576 εἰσήγαγε,
606 5502 767 5556 τοῦτο
788 5501 856 5555 τὰ
886 5501 1001 5555 ἀνω
1027 5499 1179 5553 κάτω
1210 5499 1536 5571 πεποίηκεν.
1584 5499 1890 5572 Ἀμήχανον

295 5587 434 5663 γὰρ,
467 5588 751 5659 ἀμήχανον
783 5587 1037 5658 ἄκαρπον
1082 5584 1437 5657 ἀναχωρῆσαι
1486 5601 1609 5639 τινα
1650 5584 1892 5655 συνεχῶς

368 5758 393 5817 f'
428 5753 511 5804 Sic
532 5753 1005 5817 rescripsimustpro
1024 5752 1275 5817 πειθανοῖς,
1302 5764 1332 5802 e
1358 5747 1508 5803 Savil.
1533 5756 1587 5803 et
1604 5748 1733 5803 Bibl.
1752 5750 1889 5802 Enn.

368 5807 395 5845 δ
419 5817 517 5868 Alii
536 5817 663 5865 ὥστε
685 5807 844 5879 μαθεῖν
866 5807 930 5864 ξδ’
941 5815 1210 5878 λεγόμενον.

614 5916 881 5970 ΡΑτεὶοι..
932 5911 1050 5970 Cm.
1099 5912 1153 5970 Χ
1171 5909 1380 5968 LVIII.

1469 329 1559 386 DE
1594 326 1875 384 LAZARO
1916 324 2168 383 CONCIO
2207 325 2292 383 ΙΙΙ.

3425 322 3527 381 996

1943 447 2308 517 ἀναγνώσεως
2365 446 2714 502 ἀπολαύοντα
2785 443 2927 517 μετά
2981 438 3331 503 ἐπιστασίας.
3399 436 3531 491 Ἰδοὺ

1942 533 2076 601 γοῦν
2105 534 2206 605 μία
2233 532 2523 605 παραϐολὴ
2550 530 2696 585 πόσα
2720 531 2872 602 ἡμᾶς
2899 526 3190 599 ώφέλησε;
3227 522 3347 586 πῶς
3375 520 3535 605 ἡμῶν

1944 600 2141 689 βελτίω
2173 618 2272 691 τὴν
2315 600 2883 690 ψυχὴκιἐἰργάσατο;
2917 611 3113 667 Πολλοί
3157 608 3259 681 μὲν
3287 606 3428 679 γὰρ,
3474 600 3535 660 εὖ

1941 701 2037 759 οἷδ’
2078 706 2185 770 ὅτι,
2233 704 2430 776 διαρκῆ
2485 704 2585 776 τὴν
2634 702 2906 773 ὠφέλειαν
2956 701 3021 752 ὲκ
3069 697 3172 769 τῆς
3215 695 3539 768 ἀκροάσεως

1942 788 2203 853 λαϐόντες
2249 788 2532 858 ἀπῆλθον’
2594 788 2645 841 εἰ
2691 786 2749 840 δὲ
2786 784 2895 838 εἰσί
2943 781 3098 857 [741]
3134 797 3304 845 τινες,
3352 778 3403 832 οἳ
3464 777 3540 849 μὴ

1940 874 2199 931 τοσοῦτον
2230 872 2647 946 ἐκαρπώσαντο,
2702 870 2819 926 ἀλλ’
2849 871 3002 941 ὅμως
3031 867 3131 940 τὴν
3159 865 3292 936 γοῦν
3320 863 3540 936 ἡμέραν

1943 960 2118 1033 αὐτὴν
2136 1001 2150 1026 ,
2187 959 2311 1014 καθ’
2341 959 2408 1030 ἣν
2436 958 2702 1029 ἤκουσαν,
2739 954 2987 1026 βελτίους
3015 952 3269 1022 ἐγένοντο
3293 948 3537 1033 πάντως.

1944 1045 2018 1099 Οὐ
2067 1031 2263 1116 μικρὸν
2305 1043 2364 1096 δὲ
2395 1042 2493 1097 καὶ
2518 1040 2579 1095 τὸ
2609 1039 2828 1112 ἡμέραν
2862 1037 2990 1108 μίαν
3034 1037 3092 1090 ὲν
3120 1031 3541 1106 ἁμαρτημάτων

1944 1128 2242 1196 κατανύξει
2289 1128 2598 1197 διαγαγεῖν,
2628 1126 2726 1179 καὶ
2767 1122 3057 1193 διαϐλέψαι
3099 1120 3239 1191 πρὸς
3282 1120 3384 1190 τὴν
3427 1118 3543 1173 ἄνω

1946 1212 2293 1285 φιλοσοφίαν,
2323 1211 2422 1266 καὶ
2450 1213 2763 1283 παρασχεῖν
2782 1211 2847 1280 τῇ
2877 1208 3023 1279 ψυχῇ
3063 1203 3259 1278 μικρὸν
3280 1200 3412 1272 γοῦν
3434 1199 3542 1285 ἀπὸ

1946 1284 2056 1354 τῶν
2098 1295 2374 1369 βιωτικῶν
2416 1294 2756 1349 ἀναπνεῦσαι
2799 1290 3123 1365 φροντίδων.
3169 1289 3268 1341 Ἂν
3314 1286 3372 1340 δὲ
3416 1284 3540 1338 καθ’

1947 1368 2190 1453 ἑκάστην
2215 1380 2375 1435 τοῦτο
2404 1378 2659 1450 ποιῶμεν
2692 1376 2933 1442 σύναξιν,
2971 1375 3068 1429 καὶ
3118 1373 3193 1443 μὴ
3239 1368 3547 1440 διαλιμπάηο

1946 1484 2151 1539 νωμεν,
2183 1468 2218 1539 ἡ
2236 1464 2492 1536 συνέχεια
2512 1465 2614 1536 τῆς
2644 1462 2968 1534 ἀκροάσεως
2996 1455 3293 1532 ἐργάσεταί
3310 1472 3365 1510 τι
3399 1453 3545 1526 μέγα

1947 1552 2043 1606 καὶ
2064 1552 2313 1620 γενναῖον
2343 1551 2401 1603 ὲν
2439 1550 2573 1620 ἡμῖν
2597 1540 2825 1617 ἀγαθόν.
3511 1583 3521 1594 .

2019 1643 2083 1696 δ’.
2108 1641 2245 1714 Φέρε
2282 1635 2376 1695 οὖν
2408 1641 2502 1693 καὶ⁸
2521 1638 2591 1692 τὰ
2617 1637 2747 1710 ἑξῆς
2782 1635 2946 1690 πάλιν
2980 1632 3272 1704 ἀποδῶμεν
3299 1631 3429 1703 ὑμῖν
3445 1629 3515 1700 τῆ

1950 1732 2292 1808 παραϐολῆς.
2313 1730 2447 1786 Τίνα
2467 1729 2524 1783 δέ
2554 1732 2670 1783 ἐστι
2691 1727 2761 1782 τὰ
2786 1726 2945 1797 έξῆς;
2968 1724 3229 1788 Εἰπόντος
3243 1720 3338 1776 τοῦ
3366 1720 3535 1776 πλου-

1952 1827 2354 1898 σίου,Πέ,ιιψον
2368 1823 2653 1895 Λάζῖιρον,
2682 1823 2786 1878 ἵνα
2797 1819 3099 1887 ἐπιστάξῃ
3134 1814 3214 1883 τῷ
3233 1815 3397 1883 ἄκρῳ
3424 1812 3537 1869 τοῦ
3588 1864 3593 1869 ,
3708 1818 3723 1841 ⁸

1951 1924 2259 1979 δακτύλου
2283 1921 2494 1984 αὑτοῦ,
2521 1918 2621 1974 καί
2638 1917 2961 1990 καταψύξῃ
2985 1916 3096 1987 τήν
3107 1932 3227 1985 μου
3247 1910 3545 1983 γλῶτταν,

1953 2017 2278 2088 ἀκούσωμεν
2313 2013 2366 2069 τί
2395 2030 2564 2084 φησιν
2605 2010 2887 2084 Ἀϐραάμο
2920 2010 3167 2069 Τέκνον.
3199 2006 3549 2074 μνήσθητι,

1953 2111 2045 2166 ὅτι
2077 2110 2380 2175 ἀπέλαϐες
2421 2106 2505 2162 σὺ
2537 2107 2612 2161 τὰ
2648 2102 2842 2176 ἀγαθὰ
2867 2117 2985 2159 σου
3017 2102 3088 2156 ἐν
3135 2100 3212 2170 τῇ
3245 2098 3359 2169 ζωῇ
3407 2116 3548 2163 σου,

1954 2199 2055 2256 καί
2084 2197 2349 2269 Λάζαρος
2368 2198 2445 2253 τὰ
2470 2195 2628 2252 κακοί
2646 2211 2662 2228 ο
2703 2193 2800 2251 καὶ
2830 2193 2949 2250 νῦν
2976 2189 3157 2262 οὗτος
3186 2189 3553 2262 παρακαλεῖ·-

1955 2310 2072 2357 ται,
2117 2290 2198 2346 σὺ
2247 2288 2317 2344 δὲ
2365 2287 2689 2344 ὀδυνᾶσαι.
2745 2285 2854 2343 Καὶ
2889 2285 2991 2341 ἐπὶ
3022 2284 3175 2339 πᾶσι
3217 2284 3287 2338 δὲ
3316 2284 3553 2350 τούτοις

1957 2386 2164 2457 χάσμα
2171 2384 2328 2456 μέγα
2338 2383 2571 2455 μεταξὺ
2590 2381 2761 2454 ἡμῶν
2780 2399 2845 2436 τε
2870 2384 2971 2438 καὶ
2991 2378 3161 2450 ὑμῶν
3177 2377 3549 2447 ἐστήρικται,

1959 2476 2119 2543 ὅπως
2141 2478 2196 2530 οί
2219 2475 2506 2542 θέλοντες
2534 2473 2768 2529 ἐκεῖθεν
2791 2471 3075 2542 διαϐῆναι
3103 2469 3257 2539 πρὸς
3272 2467 3451 2540 ἡμᾶς,
3462 2466 3552 2537 μὴ

1958 2569 2257 2624 δύνωνται
2281 2609 2297 2634 ,
2347 2567 2504 2638 μήτε
2565 2568 2622 2623 οί
2673 2565 2960 2622 ἐντεῦθεν
3011 2563 3143 2619 ἐκεῖ
3201 2560 3553 2631 διαπερῶσι.

1959 2662 2200 2737 Φορτικά
2225 2662 2295 2718 τὰ
2328 2664 2620 2737 εἰρημένα,
2658 2665 2755 2719 καὶ
2781 2661 2987 2735 πολλὴν
3007 2661 3166 2734 ἡμῶν
3199 2658 3427 2730 κατέχεε
3453 2656 3555 2729 τὴν

1960 2759 2172 2829 ὀδύνην.
2233 2754 2367 2815 Οἶδα
2400 2757 2594 2828 κάγώ’
2630 2757 2747 2813 ἀλλ’
2790 2758 2916 2812 ὅσον
2960 2755 3148 2811 δάκνει
3182 2753 3245 2808 τὸ
3287 2753 3554 2819 συνειδὸς,

1961 2851 2220 2907 τοσοῦτον
2274 2851 2369 2907 καὶ
2401 2850 2607 2921 ὠφελεῖ
2633 2849 2735 2922 τὴν
2768 2849 3009 2906 διάνοιαν
3042 2846 3154 2902 τῶν
3182 2845 3554 2918 δακνομένων.

1965 2949 2028 3001 Εἰ
2072 2947 2173 3019 μὲν
2210 2947 2319 3020 γὰρ
2346 2949 2467 3002 ἐκεῖ
2498 2945 2675 3002 ταῦτα
2722 2944 2945 3014 ἐλέγετο
2992 2945 3147 3015 ἡμῖν,
3185 2942 3440 3014 καθάπερ
3478 2941 3558 3011 τῷ

1967 3039 2207 3111 πλουσίῳ
2238 3080 2253 3107 ,
2312 3038 2482 3104 ὅντως
2533 3039 2756 3111 θρηνεῖν
2808 3036 2918 3091 ἔδει
2969 3036 3066 3091 καὶ
3116 3034 3408 3107 ὀδύρεσθαι
3463 3034 3561 3088 καὶ

1969 3132 2210 3200 πενθεῖν,
2249 3132 2333 3186 ὅτι
2367 3130 2662 3203 μετανοίας
2700 3130 2896 3203 καιρὸς
2925 3130 3026 3183 οὐκ
3053 3127 3135 3183 ἔτι
3180 3130 3315 3200 ἡμῖν
3363 3127 3561 3181 ὑπελέ-

1964 3224 2187 3279 λειπτο·
2228 3222 2421 3295 ἐπειδὴ
2474 3223 2532 3276 δὲ
2585 3221 2823 3277 ἐνταῦθα
2875 3221 3029 3286 ὅντες
3058 3221 3233 3277 ταῦτα
3262 3220 3559 3291 ἀκούομεν,

1965 3315 2104 3369 ὅπου
2155 3314 2252 3369 καὶ
2310 3314 2588 3385 ἀνανῆψαι
2640 3313 2892 3378 δυνατὸν,
2944 3313 3042 3367 καὶ
3077 3314 3147 3368 τὰ
3192 3313 3565 3386 ἡμαρτημένα

1967 3404 2339 3475 ἀπονίψασθαι
2372 3405 2468 3458 καὶ
2499 3403 2703 3476 πολλὴν
2747 3402 3056 3475 κτήσασθαι
3084 3404 3185 3475 τὴν
3223 3402 3563 3476 παρρησίαν,

1969 3496 2064 3552 καὶ
2102 3498 2169 3550 ὲκ
2213 3496 2322 3551 τῶν
2368 3495 2580 3568 ἑτέροις
2622 3496 2955 3568 συμϐάντων
2996 3495 3185 3550 κακῶν
3224 3495 3567 3565 φοϐηθέντας

1974 3585 2403 3657 μεταϐαλέσθαι,
2439 3586 2861 3660 εὐχαριστῶμεν
2891 3586 2970 3658 τῷ
3017 3586 3388 3659 φιλανθρώπῳ
3420 3587 3565 3660 Θεῷ,

1971 3677 2050 3748 τῷ
2063 3677 2152 3732 διὰ
2167 3678 2265 3750 τῆς
2283 3678 2368 3731 ἑτέ
2376 3695 2486 3749 ρων
2511 3679 2789 3744 κολάσεως
2814 3679 2911 3752 τὴν
2937 3681 3217 3753 ἡμετέραν
3240 3679 3566 3751 διεγείροντι

1972 3768 2222 3834 νωθείαν,
2240 3769 2337 3822 καὶ
2366 3769 2726 3840 άφυπνίζοντι
2754 3771 3117 3837 καθεύδοντας
3136 3774 3311 3845 ἡμᾶς.
3334 3774 3435 3828 Διά
3458 3772 3566 3846 γάρ

1973 3859 2138 3915 τοῦτο
2163 3860 2341 3915 ταῦτα
2375 3862 2729 3935 προείρηται,
2756 3864 2844 3918 ἵνα
2874 3864 2949 3936 μὴ
2981 3863 3156 3919 ταῦτα
3190 3865 3475 3938 πάθωμεν.
3505 3868 3568 3920 Εἰ

1974 3953 2087 4028 γάρ
2138 3954 2395 4010 ἐϐούλετο
2447 3955 2697 4024 κολάσαι,
2756 3957 2858 4011 οὐκ
2907 3958 2974 4013 ἂν
3030 3958 3207 4013 ταῦτα
3270 3962 3566 4033 προεῖπεν·

1976 4049 2169 4120 ἐπειδὴ
2199 4049 2257 4103 δὲ
2302 4050 2364 4103 οὐ
2420 4048 2671 4119 βούλεται
2719 4048 2981 4122 ἐμϐαλεῖν
3028 4052 3111 4115 είς
3150 4053 3448 4123 τιμωρίαν,
3478 4052 3570 4106 διά

1975 4138 2137 4194 τοῦτο
2193 4141 2452 4212 προλέγει
2506 4142 2606 4213 τὴν
2653 4139 2947 4213 τιμωρίαν,
3000 4142 3090 4195 ἵνα
3144 4144 3213 4213 τῇ
3264 4144 3573 4214 προρρήσει

1980 4231 2445 4306 σωφρονισθέντες
2468 4233 2567 4305 τὴν
2599 4232 2690 4288 διά
2721 4233 2830 4287 τῶν
2865 4234 3211 4306 πραγμάτων
3237 4233 3572 4305 ἐκφύγωμεν

1978 4326 2199 4396 πεῖραν.

2065 4418 2228 4473 Ἀλλά
2255 4419 2402 4483 τίνος
2441 4419 2629 4474 ἕνεκεν
2675 4423 2775 4475 οὐκ
2803 4416 2979 4489 εἶπεν,
3027 4424 3262 4490 Ἔλαϐες
3293 4424 3362 4479 τά
3392 4425 3576 4495 ἀγαθά

1983 4528 2101 4575 σου,
2136 4509 2276 4574 ἀλλ’,
2316 4510 2990 4583 Ἁπέλαϐες;Μέμνησθε
3017 4514 3127 4586 γὰρ
3160 4510 3219 4569 εὖ
3254 4511 3350 4570 οἷδ’
3381 4516 3462 4570 ὅτι
3485 4519 3571 4569 ὲν-

1987 4604 2180 4658 τεῦθεν
2226 4603 2365 4674 ἔφην
2413 4604 2667 4674 πέλαγος·
2690 4606 2891 4677 ἀχανὲς
2939 4608 3035 4662 καὶ
3093 4608 3237 4680 μέγα
3284 4609 3577 4681 νοημάτων

1984 4698 2118 4768 ἡμῖν
2179 4693 2546 4763 ἀνοίγεσθαι·
2594 4695 2657 4749 τὸ
2706 4697 2817 4770 γὰρ
2849 4737 2866 4763 ,
2932 4699 3280 4766 Ἀπέλαϐες,
3352 4700 3578 4774 όφειλήν

1939 4811 1949 4819 ο
1994 4806 2118 4844 τινα
2153 4789 2568 4860 ἐνδεικνυμένου
2618 4791 2712 4845 καὶ
2750 4791 3038 4864 δηλοῦντός
3090 4795 3269 4848 ἐστιν·
3324 4796 3578 4868 ἀπολαμ-

1989 4883 2146 4938 ϐάνει
2202 4883 2312 4955 γάρ
2358 4901 2444 4948 τις
2474 4884 2545 4939 τὰ
2589 4884 2936 4956 ὀφειλόμενα.
2996 4887 3061 4940 Εἰ
3117 4886 3297 4943 τοίνυν
3350 4889 3575 4959 μιαρὸς,

1988 4976 2085 5032 καὶ
2130 4976 2477 5050 παμμίαρος,
2516 4977 2610 5031 καὶ
2645 4977 2801 5049 ώμδς
2850 4980 2946 5033 καὶ
3000 4979 3371 5051 ἀπάνθρωπος
3422 4973 3582 5046 οὗτος

1986 5072 2017 5123 ὁ
2045 5068 2301 5134 πλούσιος
2319 5065 2408 5142 ἦν,
2443 5069 2590 5133 τίνος
2621 5069 2806 5124 ἕνεκεν
2834 5070 2934 5125 οὐκ
2971 5067 3127 5125 εἶπεν
3146 5072 3317 5143 αὐτῷ,
3346 5072 3581 5139 Ἔλαϐες

1988 5167 2064 5222 τὰ
2095 5164 2288 5237 ἀγαθά
2316 5182 2456 5231 σου,
2493 5166 2636 5229 ἀλλ’,
2679 5166 3028 5234 Ἀπέλαϐες,
3047 5167 3124 5233 ὡς
3151 5169 3579 5241 χρεωστούμενα

1990 5261 2086 5315 καὶ
2114 5260 2476 5330 ὀφειλόμενα;
2513 5260 2579 5314 Τί
2606 5254 2699 5314 οὗν
2739 5260 2992 5315 ἐντεῦθεν
3027 5261 3417 5333 μανθάνομεν;
3457 5265 3580 5317 Ὅτι

1992 5351 2096 5407 κᾶν
2125 5352 2310 5423 μιαροί
2346 5368 2489 5413 τινες
2514 5344 2616 5404 ὦσι
2658 5352 2754 5405 καὶ
2776 5352 2857 5417 εἰς
2892 5350 3119 5421 ἔσχατον
3151 5352 3354 5416 κακίας
3387 5352 3581 5425 ἐληλα-

2002 5444 2183 5508 κότες,
2214 5442 2479 5506 πολλάκις
2521 5444 2581 5495 ἓν
2627 5460 2679 5497 τι
2717 5443 2814 5497 καί
2857 5443 2951 5497 δύο
2981 5444 3077 5498 καί
3099 5444 3225 5516 τρία
3257 5445 3584 5516 εἰργάσαντο

1994 5535 2193 5606 ἀγαθά.
2245 5535 2359 5588 Καὶ
2393 5534 2568 5588 ὅτιού
2602 5535 3000 5607 στοχαζόμενος
3045 5536 3222 5590 ταῦτα
3275 5534 3373 5591 νῦν
3414 5536 3580 5606 λέγω,

1993 5627 2151 5697 δῆλον
2176 5624 2405 5680 ἐκεῖθεν.
2436 5625 2503 5679 Τί
2521 5625 2632 5699 γὰρ
2653 5626 2749 5679 τοῦ
2780 5627 2970 5699 κριτοῦ
2996 5628 3095 5698 τῆς
3123 5627 3337 5693 ἀδικίας
3365 5629 3580 5682 ἐκείνου

2004 5716 2348 5790 μιαρώτερον
2380 5718 2607 5788 γέγονε;
2661 5718 2715 5771 τί
2763 5720 2821 5774 δὲ
2856 5719 3387 5792 ἀπανθρωπότερονς
3440 5721 3495 5776 τί
3523 5722 3584 5776 δὲ

2001 5808 2400 5881 ἀσεϐέστερονς
2432 5801 2604 5876 Οὗτος
2650 5808 2775 5865 οὔτε
2827 5810 2917 5866 τὸν
2951 5810 3085 5867 Θεὸν
3120 5812 3396 5884 ἐφοϐεῖτο,
3454 5811 3579 5866 οὔτε

3193 5911 3272 5969 30
