3958 6390
533 358 633 414 997
1215 354 1274 409 Β.
1314 352 1610 410 JOANNIS
1646 345 2145 409 CHRYSOSTOMI
2186 346 2506 405 ARCHIEP.
2548 347 3103 405 CONSTANTINOP.
3671 358 3749 419 993

535 473 858 546 ἀνθρώπους
912 472 1179 546 ᾐσχύνετο
1205 491 1218 504 ·
1269 474 1385 528 ἀλλ’
1418 474 1568 545 ὅμως
1605 470 1847 544 τοσαύτῃ
1888 467 2126 542 πονηρία

536 559 738 624 συζῶν,
778 558 1076 631 είργάσατό
1101 576 1155 612 τι
1185 557 1371 623 καλὸν,
1403 558 1500 629 τὴν
1525 558 1769 629 συνεχῶς
1801 553 2128 626 ἐνοχλοῦσαν

534 641 686 714 αὐτῷ
723 642 952 715 ἐλεήσας
982 644 1180 715 χήραν,
1213 643 1308 696 καὶ
1352 640 1647 704 ἐπινεύσας
1675 643 1743 712 τῇ
1780 639 1988 711 χάριτι,
2035 638 2131 691 καὶ

534 722 666 790 δοὺς
686 725 786 797 τὴν
809 728 1045 798 αἴτησιν,
1072 726 1165 780 καὶ
1194 723 1347 797 [742]
1378 723 1685 790 ἐπεξελθὼν
1715 726 1827 787 τοῖς
1852 719 2130 777 ἀδικοῦσιν

535 807 730 881 αὐτήν.
769 809 930 865 Οὕτω
964 810 1259 882 συμϐαίνει
1308 810 1434 864 τινὰ
1477 808 1779 863 ἀκόλαστον
1835 806 1934 879 μὲν
1966 800 2128 867 εἶναι,

535 893 809 966 ἐλεήμονα
838 895 896 949 δὲ
930 894 1192 958 πολλάκις
1214 911 1227 926 ·
1264 892 1298 965 ἢ
1334 893 1703 965 ἀπάνθρωπον
1735 892 1854 964 μὲν,
1878 888 2131 961 σώφρονα

530 978 623 1033 δέ·
653 980 703 1032 εί
743 980 800 1034 δὲ
829 980 925 1034 καί⁹
955 978 1260 1041 ἀκόλαστος
1289 979 1385 1032 καὶ
1418 977 1572 1049 ὠμὸς
1600 977 1709 1049 εἴη,
1742 974 1860 1030 ἀλλ’
1889 976 2039 1047 ὅμως
2070 971 2131 1026 ἐν

534 1079 589 1117 τι
617 1063 763 1118 κατὰ
792 1064 882 1118 τὸν
913 1062 1026 1134 βίον
1064 1062 1328 1127 πολλάκις
1358 1060 1598 1133 ἔπραξεν
1639 1061 1869 1130 ἀγαθόν.
1897 1058 1972 1113 Τὸ
2000 1056 2132 1111 αὑτὸ

539 1147 599 1219 ἰὴ
657 1148 821 1202 πάλιν
855 1148 949 1202 καὶ
993 1147 1089 1202 ἐπὶ
1120 1147 1231 1201 τῶν
1266 1160 1292 1189 ι
1332 1145 1585 1219 χρηστῶν
1618 1143 1948 1199 ὑποπτεύειν
1998 1142 2129 1215 χρή.

538 1231 805 1304 Καθάπερ
827 1231 936 1304 γάρ
960 1233 1012 1286 οί
1058 1230 1387 1310 φαυλότατοι
1424 1228 1753 1301 ἐργάζονταί
1784 1244 1838 1282 τι
1868 1225 2131 1310 πολλάκις

535 1315 801 1386 χρηστὸν,
845 1316 990 1371 οὕτω
1030 1309 1125 1370 καὶ
1177 1317 1227 1370 οί
1281 1314 1563 1368 σπουδαῖοι
1616 1312 1712 1367 καλ⁵
1757 1311 2005 1383 ἐνάρετοι
2053 1309 2130 1363 δι-

532 1399 913 1469 αμαρτάνουσί
964 1416 1018 1454 τι
1069 1398 1353 1463 πολλάκις.
1418 1398 1516 1464 Τίς
1570 1395 1683 1467 γὰρ
1731 1394 2129 1465 καυχήσεται,

533 1484 722 1555 φησιν,
750 1483 1147 1554 ἁγνὴν-ἔχειν
1173 1482 1289 1553 τὴν
1304 1481 1582 1551 καρδίαν,
1613 1481 1653 1550 ἣ
1681 1481 1773 1547 τίς
1801 1477 2131 1550 παρρησιά-

532 1579 705 1620 σεται
739 1567 998 1636 καθαρὸς
1029 1563 1182 1622 εἶναι
1207 1567 1328 1622 ἀπὸ
1355 1564 1648 1636 ἁμαρτίας
1673 1580 1688 1631 ;

619 1651 773 1704 Ἐπεὶ
803 1648 896 1704 οῦν
942 1649 1090 1714 είκὸς
1110 1645 1180 1722 ἧν
1217 1650 1313 1705 καὶ
1344 1648 1435 1703 τὸν
1478 1647 1757 1712 πλούσιον,
1789 1649 1839 1701 εἰ
1869 1646 2128 1717 καὶπρὸς

534 1733 761 1803 ἔσχατον
795 1734 1050 1807 ὲληλάκει
1084 1732 1373 1807 πονηρίας,
1402 1731 1748 1805 ἐργάσασθαί
1799 1749 1853 1786 τι
1899 1730 2126 1800 ἀγαθὸν,

535 1821 631 1874 κα)⁸
670 1820 762 1874 τὸν
798 1819 1071 1891 Λάζαρον,
1119 1821 1169 1874 εί
1210 1819 1307 1874 καλ⁵
1353 1818 1492 1891 πρὸς
1529 1817 1700 1891 ἀκρον
1737 1817 1968 1888 ἀφίκετο
2001 1816 2130 1889 ἀρε-

533 1901 632 1974 τῆς
660 1901 711 1968 δ,
742 1904 1125 1976 ἡμαρτηκέναι
1158 1920 1214 1957 τι
1270 1903 1488 1974 μικρὸν,
1531 1902 1634 1973 ὅρα
1677 1900 1799 1965 πῶς
1842 1899 2130 1972 ἀμφότερα

535 1986 707 2040 ταῦτα
739 1987 962 2059 ᾐνίξατο
987 1991 1015 2042 6
1052 1987 1423 2059 πατριάρχης,
1455 1986 1648 2052 εἰπὼν,
1675 1986 1757 2040 ὃτι
1789 1983 1997 2040 Καίσὺ
2016 1984 2131 2038 ἀπ-

533 2073 748 2139 έλαϐες
776 2071 849 2126 τὰ
877 2071 1072 2142 ἀγαθά
1107 2088 1225 2127 σου
1250 2073 1321 2126 ὲν
1344 2071 1418 2141 τῇ
1454 2068 1570 2141 ζωῇ
1600 2087 1740 2136 σου,
1762 2070 1863 2125 καί
1891 2072 1924 2124 ὁ
1945 2065 2131 2129 Λάζα-

531 2175 640 2226 ρος
669 2156 886 2226 όμοίως
925 2156 997 2211 τὰ
1024 2156 1200 2211 κακά.
1237 2158 1302 2210 ὐ
1331 2156 1389 2211 66
1418 2154 1569 2225 λέγει
1595 2154 1755 2209 τοῦτό
1783 2157 1952 2208 ἐστιν⁹
1987 2151 2056 2207 Et
2075 2170 2130 2206 τι

535 2236 632 2293 καὶ
673 2239 738 2292 σὺ
772 2238 978 2309 ἀγαθὸν
1003 2239 1266 2313 εἰργάσω,
1309 2240 1407 2294 καὶ
1444 2238 1710 2309 ὠφείλετό
1752 2255 1835 2291 σοι
1874 2235 2067 2290 τούτου
2100 2237 2130 2290 6

539 2323 753 2395 μισθὸς,
786 2325 965 2379 πάντα
993 2324 1169 2380 ταῦτα
1191 2327 1248 2380 ἐν
1276 2325 1474 2397 ἐκείνῳ
1501 2322 1579 2396 τῷ
1605 2324 1799 2395 κόσμῳ
1831 2321 2127 2390 ἀπέλαϐες,

533 2408 777 2481 τρυφῶν,
810 2408 1079 2475 πλουτῶν,
1122 2409 1426 2483 εὐημερίας
1457 2407 1750 2464 ἀπολαύων
1791 2409 1885 2462 καὶ
1922 2408 2127 2478 εὐπρα-

533 2493 662 2563 γίας
696 2491 916 2564 πολλῆς·
945 2493 1040 2546 καὶ
1069 2486 1224 2557 οὗτος
1254 2493 1310 2547 εί
1324 2510 1377 2546 τι
1405 2491 1576 2548 κακὸν
1609 2490 1927 2570 είργάσατο,
1952 2494 2131 2548 πάντα

534 2576 811 2631 ἀπέλαϐεν
858 2579 915 2630 ἐν
951 2576 1115 2647 πενία
1155 2577 1253 2632 καὶ
1277 2575 1422 2648 λιμῷ
1465 2576 1561 2632 καὶ
1589 2579 1707 2640 τοῖς
1740 2576 1994 2647 ἐσχάτοις
2029 2593 2130 2631 τα-

534 2659 987 2732 λαιπωρούμενος
1018 2663 1228 2725 κακοῖς·
1278 2661 1375 2714 καὶ
1418 2659 1629 2731 γυμνὸς
1668 2661 1930 2731 ἑκάτερος
1976 2658 2130 2731 ὑμῶν

535 2743 769 2799 ἐνταῦθα
821 2745 1071 2813 ἀφῖκται,
1118 2744 1326 2808 ἐκεῖνος
1368 2744 1468 2815 μὲν
1505 2742 1945 2816 ἁμαρτημάτων,
1978 2743 2044 2796 σὺ
2072 2742 2131 2796 66

535 2826 884 2898 δικαιοσύνης
941 2827 1408 2900 κατορθωμάτων.
1470 2826 1571 2879 Διά
1619 2824 1777 2880 τοῦτο
1823 2826 1918 2880 καὶ
1975 2820 2131 2889 οὗτος

536 2909 786 2983 καθαρὰν
810 2910 922 2982 ἔχει
951 2910 1050 2982 τὴν
1076 2909 1443 2982 παράκλησιν,
1467 2909 1563 2965 καλ⁵
1589 2910 1654 2963 σὺ
1691 2909 2129 2982 ἀπαραμύθητον

537 2994 835 3065 ὑπομένεις
862 2993 962 3066 τὴν
990 2995 1285 3067 τιμωρίαν.
1323 2994 1495 3048 Ὅταν
1517 2993 1629 3065 γὰρ
1652 2992 1828 3065 μικρά
1860 2994 1957 3047 καὶ
1976 2994 2131 3046 εὐτε-

535 3079 604 3150 λῆ
633 3078 700 3132 τά
728 3076 1133 3150 κατορθώματα
1157 3071 1386 3151 ήμῶνῇ,
1411 3078 1507 3131 καὶ
1534 3077 1703 3140 πολὺς
1735 3078 1829 3131 καὶ
1863 3076 2070 3148 ἁφατος
2100 3078 2131 3131 6

534 3163 646 3216 τῶν
703 3161 1120 3234 ἁμαρτημάτων
1168 3161 1355 3231 ὄγκος,
1393 3156 1514 3215 εἶτα
1561 3159 1795 3215 ἐνταῦθα
1820 3159 2129 3231 εὐπραγίας

535 3246 957 3319 ἀπολαύσωμεν,
990 3246 1087 3300 καὶ
1121 3245 1289 3318 μηδὲν
1315 3244 1580 3318 πάθωμεν
1607 3245 1803 3312 δεινὸν,
1832 3246 1928 3299 καὶ
1956 3247 2128 3318 αὐτῆς

533 3330 645 3384 τῶν
674 3328 897 3400 ἀγαθῶν
919 3329 1020 3400 τῆς
1048 3328 1285 3401 ἀμοιϐῆς
1316 3327 1515 3402 ἔρημοι
1548 3330 1644 3384 καὶ
1669 3331 1869 3401 γυμνοὶ
1906 3330 2129 3394 πάντως

535 3413 974 3485 ἀπελευσόμεθα,
1007 3414 1184 3467 πάντα
1207 3424 1230 3453 ε
1263 3413 1501 3467 ἐνταῦθα
1521 3413 1913 3478 ἀπολαϐόντες·
1936 3412 2128 3485 ὥσπερ

535 3496 631 3553 οὖν
653 3499 780 3552 ὅταν
809 3498 1025 3570 μεγάλα
1066 3498 1166 3568 μὲν
1264 3496 1332 3551 τὰ
1370 3498 1771 3570 κατορθώματα
1799 3498 1894 3553 καὶ
1929 3497 2125 3565 πολλὰ,

540 3581 715 3655 μικρά
754 3582 810 3635 66
840 3582 935 3635 καὶ
966 3580 1160 3653 εὐτελῆ
1189 3580 1258 3635 τά
1293 3581 1686 3655 ἁμαρτήματα,
1713 3579 1835 3637 εἷτα
1863 3583 2128 3655 πάθωμέν

536 3685 589 3720 τι
625 3666 818 3733 δεινὸν,
862 3667 955 3721 καὶ
989 3665 1133 3720 αὐτὰ
1174 3664 1245 3720 τά
1287 3665 1461 3738 μικρά
1500 3666 1736 3721 ἐνταῦθα
1776 3668 2125 3739 ἀποθέμενοι,

539 3748 787 3821 καθαράν
813 3748 907 3803 καὶ
934 3749 1353 3821 ἀπηρτισμένην
1382 3750 1495 3803 ἐκεῖ
1526 3750 1626 3820 τὴν
1655 3752 1763 3805 τῶν
1786 3751 2008 3820 ἀγαθῶν
2032 3751 2127 3823 έρ-

536 3851 653 3903 γων
683 3832 1145 3905 ἀπολαμϐάνομεν
1185 3833 1473 3891 ἀντίδοσιν.
1506 3835 1677 3888 Ὅταν
1714 3830 1808 3888 οὖν
1843 3837 1961 3909 ἴδῃς
2003 3834 2129 3890 τινὰ

538 3915 718 3980 ζῶντα
751 3916 851 3987 μὲν
895 3917 954 3969 ἐν
995 3916 1253 3988 πονηρία.
1287 3917 1454 3989 μηδὲν
1493 3917 1551 3971 66
1578 3917 1815 3972 ἐνταῦθα
1848 3917 2128 3990 πάσχοντα

536 3999 730 4063 δεινὸν,
768 3999 844 4071 μὴ
870 3999 1204 4073 μακαρίσῃς,
1242 4001 1380 4055 ἀλλὰ
1416 4001 1688 4073 δάκρυσον
1712 4002 1807 4055 καὶ
1834 4002 2123 4074 θρήνησον,

534 4084 613 4149 ὡς
662 4085 840 4139 πάντα
887 4087 1005 4139 ἐκεῖ
1054 4085 1123 4139 τὰ
1171 4085 1320 4140 δεινά
1357 4087 1819 4159 ὑποστησάμενον·
1871 4089 2127 4162 καθάπερ

533 4165 629 4223 οὖν
687 4170 782 4223 καὶ
837 4170 866 4221 6
915 4169 1171 4233 πλούσιος
1221 4162 1396 4235 οὗτος.
1448 4171 1620 4224 Πάλιν
1659 4173 1787 4225 ὅταν
1835 4170 1951 4245 ίδῃς
2004 4175 2128 4228 τινὰ

532 4253 738 4327 ἀρετῆς
761 4253 1210 4325 ἐπιμελούμενον,
1243 4254 1336 4308 καὶ
1370 4256 1601 4327 μυρίους
1629 4256 1972 4328 ὑπομένοντα
2006 4274 2127 4313 πει-

539 4339 805 4409 ρασμοὺς,
842 4339 1168 4410 μακάρισον,
1206 4338 1473 4410 ζήλωσον,
1505 4340 1581 4404 ὡς
1606 4342 1700 4394 καὶ
1731 4341 1840 4396 τῶν
1871 4343 2125 4416 ἁμαρτη-

541 4421 724 4491 μάτων
759 4420 907 4492 αὐτῷ
937 4424 1155 4477 πάντων
1176 4422 1413 4478 ἐνταῦθα
1440 4423 1830 4497 διαλυομένων,
1872 4428 1970 4482 καὶ
1998 4428 2127 4482 πολ-

535 4504 644 4559 λῶν
668 4506 767 4577 τῆς
800 4507 1082 4578 ὑπομονῆς
1125 4509 1567 4581 ἑτοιμαζομένων
1604 4511 1723 4563 ἐκεῖ
1750 4510 1860 4565 τῶν
1891 4511 2122 4584 μισθῶν·

435 4582 449 4591 ’
536 4590 726 4661 ῶσπερ
748 4585 842 4642 οὖν
866 4591 957 4644 καὶ
980 4589 1074 4644 ἐπὶ
1097 4591 1191 4644 τοῦ
1221 4592 1474 4664 Λαζάρου
1500 4592 1692 4647 τούτου
1720 4582 1934 4664 γέγονε.

605 4669 664 4727 ε’.
686 4672 807 4727 Τῶν
832 4672 939 4745 γάρ
976 4672 1280 4746 ἀνθρώπων
1305 4675 1355 4729 οἱ
1384 4676 1483 4747 μὲν
1499 4676 1733 4732 ἐνταῦθα
1753 4680 2124 4751 τιμωροῦνται

545 4756 723 4823 μόνον,
754 4759 802 4810 οἱ
833 4757 889 4810 66
918 4757 1156 4812 ἐνταῦθα
1190 4760 1290 4831 μὲν
1312 4761 1462 4814 οὐδὲν
1488 4761 1759 4832 πάσχουσι
1795 4764 1989 4827 δεινὸν,
2017 4767 2124 4819 πᾶ-

543 4856 638 4897 ιαν
674 4840 729 4894 66
763 4842 882 4894 ἐκεῖ
905 4844 1005 4912 τὴν
1032 4843 1303 4914 τιμωρίαν
1332 4844 1835 4916 ἀπολαμϐάνουσιν,
1871 4849 1919 4901 οἱ
1947 4848 2003 4903 66
2030 4851 2123 4905 καὶ

535 4923 770 4979 ἐνταῦθα
792 4924 887 4979 καὶ
909 4927 1025 4979 ἐκεῖ
1045 4924 1386 4989 κολάζονται.
1423 4926 1589 4992 Τίνας
1608 4924 1701 4982 οὖν
1724 4931 1789 4984 ἐκ
1813 4930 1924 4985 τῶν
1954 4933 2123 5005 τριῶν

538 5009 872 5080 μακαρίζετε
903 5009 1148 5077 τούτων;
1207 5010 1466 5083 Πρώτους
1500 5012 1600 5082 μέν
1637 5009 1696 5068 εὗ
1747 5010 1844 5068 οἷδ’
1877 5015 1960 5070 ὅτι
1996 5018 2124 5082 τοὺς

534 5092 769 5147 ἐνταῦθα
805 5093 1204 5164 κολαζομένους
1231 5095 1327 5148 καὶ
1355 5094 1790 5167 ἀποτιθεμένους
1835 5098 1903 5153 τὰ
1941 5100 2123 5173 ἁμαρ-

533 5179 777 5249 τήματα.
815 5178 1112 5250 Δευτέρους
1149 5178 1209 5232 δὲ
1257 5178 1376 5250 μετ’
1418 5179 1662 5247 ἐκείνους
1695 5181 1880 5248 τίνας;
1930 5186 2122 5257 Ὑμεῖς

538 5260 638 5332 μὲν
675 5261 808 5324 ἴσως
848 5261 974 5325 τοὺς
1012 5261 1165 5315 οὐδὲν
1199 5261 1434 5317 ἐνταῦθα
1472 5265 1806 5336 πάσχοντας,
1851 5268 1967 5323 ἀλλ’
2003 5271 2123 5325 ἐκεῖ

536 5340 686 5416 [745]
730 5344 910 5397 πᾶσαν
944 5344 1316 5416 ὑπομένοντας
1358 5346 1460 5419 τὴν
1496 5348 1791 5420 τιμωρίαν·
1827 5351 1940 5421 ἐγὼ
1967 5353 2024 5406 δέ
2056 5355 2118 5408 οὑ

532 5427 777 5492 τούτους,
810 5427 946 5481 ἀλλά
979 5430 1104 5493 τοὺς
1134 5429 1229 5483 καὶ
1258 5431 1492 5486 ἐνταῦθα
1526 5434 1621 5488 καὶ
1653 5436 1772 5489 ἐκεῖ
1818 5435 2120 5509 κολαζομέ-

536 5526 676 5575 νους.
714 5512 772 5565 '0
804 5512 903 5583 μὲν
922 5512 1032 5584 γάρ
1057 5512 1288 5568 ἐνταῦθα
1314 5517 1583 5588 τιμωρίαν
1608 5517 1752 5584 δοὺς,
1784 5522 2121 5595 κουφοτέρας

598 5694 622 5760 ξ
771 5697 853 5760 καὶ
873 5699 979 5760 περὶ
998 5699 1110 5745 τῶν.

599 5750 627 5821 [⁵
650 5755 747 5821 ᾼὶῇῇ
772 5759 909 5821 εί-κτ]
933 5750 1081 5821 ἄκραν
1104 5759 1271 5821 ἀρετὴν
1296 5759 1573 5818 ἐπεδείξατο.

594 5815 621 5846 ’³
649 5815 745 5865 Atii
764 5818 934 5878 πάντα,
955 5815 1036 5868 alii
1059 5815 1246 5870 πάντων
1259 5855 1272 5867 .

2233 468 2554 541 αἰσθήσεται
2589 468 2689 541 τῆς
2720 468 2841 523 ἐκεῖ
2873 468 3167 533 κολάσεως·
3198 470 3226 522 6
3263 467 3321 523 66
3359 471 3531 525 πᾶσαν
3559 472 3751 543 ἀνάγκα.

2232 551 2459 624 ζόμενος
2506 554 2624 607 ἐκεῖ
2670 553 2769 625 τὴν
2822 553 3045 607 κόλασιν
3084 552 3391 632 ὑπομεῖναι,
3440 555 3754 632 ἀπαραίτητον

2231 636 2343 702 ἔξει
2370 637 2471 708 τὴν
2501 636 2676 706 δίκην·
2706 636 2960 709 καθάπερ
2984 636 3079 690 καλ⁸
3109 631 3265 701 οὗτος
3286 639 3315 692 ὁ
3340 637 3579 705 πλούσιος
3606 631 3752 699 6-mi-

2232 721 2303 775 θα
2337 721 2508 793 μηδὲν
2533 721 2927 793 διαλυσάμενος
2973 721 3085 775 τῶν
3126 720 3346 775 οίκείων
3380 724 3752 797 ἁμαρτημάτων,

2232 806 2375 859 οὑτω
2429 806 2685 878 χαλεπῶς
2711 806 3021 872 ἐκολάζετο,
3047 806 3125 870 ὡς
3157 806 3290 877 μηδὲ
3322 810 3570 878 σταγόνος
3600 817 3757 884 μικρᾶς

2229 890 2526 963 δυνηθῆναι
2591 893 2892 963 ἐπιτυχεῖν.
2946 891 3058 945 Καὶ
3112 889 3319 945 τούτων
3369 891 3428 945 66
3470 894 3629 948 αὐτῶν
3676 899 3757 952 τῶν

2230 975 2658 1048 ἁμαρτανόντων
2716 977 2837 1047 μὲν,
2891 975 3056 1048 μηδὲν
3111 974 3167 1029 δὲ
3216 974 3450 1030 ἐνταῦθα
3501 981 3757 1050 πασχόντων

2230 1060 2427 1125 δεινὸν,
2464 1059 2645 1133 πολλῷ
2687 1060 2888 1132 μᾶλλον
2928 1060 3172 1125 ἐκείνους
3203 1060 3474 1126 ταλανίζω
3507 1064 3620 1128 τοὺς
3654 1066 3759 1134 μετὰ

2230 1144 2325 1199 τοῦ
2367 1144 2442 1218 μὴ
2479 1145 2841 1219 τιμωρεῖσθαι
2879 1144 3115 1200 ἐνταῦθα
3147 1145 3241 1200 καὶ
3267 1146 3479 1218 τρυφῆς
3509 1149 3595 1202 καὶ
3616 1149 3757 1213 ἁδείας

2230 1231 2628 1296 ἀπολαύοντας.
2666 1231 2880 1303 Ὠσπερ
2901 1229 3013 1302 γάρ
3039 1229 3103 1283 τὸ
3136 1229 3210 1303 μὴ
3235 1228 3421 1284 δοῦναι
3446 1230 3590 1304 δίκην
3617 1232 3759 1286 ἐνταῦ-

2232 1317 2300 1372 θα
2342 1315 2452 1373 τῶν
2498 1316 2918 1389 ἁμαρτημάτων
2961 1314 3351 1387 χαλεπωτέραν
3389 1317 3503 1370 ἐκεῖ
3532 1318 3757 1391 ποιεῖτὴν

2228 1402 2524 1474 τιμωρίαν·
2577 1401 2721 1455 οὕτω
2774 1401 2840 1474 δή
2892 1401 2954 1454 τὸ
2999 1400 3202 1472 πολλῆς
3250 1399 3486 1464 ἀνέσεως
3522 1400 3759 1455 ἀπολαύειν

2229 1488 2358 1551 τοὺς
2400 1486 2816 1559 ἁμαρτάνοντας
2863 1485 2959 1541 καὶ
3007 1484 3221 1557 τρυφῆς
3260 1485 3357 1539 καὶ
3389 1486 3645 1557 εὐπορίας,
3688 1488 3758 1558 ἑφ-

2229 1570 2370 1625 όδιον
2406 1571 2591 1634 αὺτοῖς
2640 1570 2738 1625 καὶ
2781 1569 3042 1635 ὑπόθεσις
3094 1569 3372 1632 κολάσεως
3413 1571 3503 1623 καί⁵
3539 1572 3757 1643 τιμωρίας

2233 1656 2352 1710 ἐκεῖ
2382 1655 2593 1725 γίνεται
2634 1653 2897 1727 μείζονος.
2935 1654 3106 1708 Ὅταν
3143 1651 3254 1724 γάρ
3298 1653 3673 1724 ἁμαρτάνοντες
3695 1670 3755 1707 τι·

2234 1738 2463 1811 μώμεθα
2514 1737 2619 1791 ὑπὸ
2646 1736 2739 1791 τοῦ
2773 1736 2908 1791 Θεοῦ
2933 1736 2984 1803 (ι,
3031 1735 3164 1790 αὑτὸ
3200 1733 3360 1790 τοῦτο
3400 1737 3539 1807 ἡμᾶς
3572 1736 3755 1809 μάλιστα

2230 1826 2311 1889 είς
2336 1824 2398 1878 τὸ
2428 1823 2541 1891 πῦρ
2573 1823 2836 1897 μειζόνως
2858 1820 3116 1893 ἐμϐαλεῖν
3148 1820 3458 1891 δυνήσεται.

2298 1922 2365 1976 Εί
2398 1919 2508 1993 γὰρ
2541 1919 2925 1994 μακροθυμίας
2957 1936 3044 1984 τις
3078 1917 3370 1973 ἀπολαύων
3414 1918 3582 1989 μόνον,
3610 1917 3666 1972 ἂν
3701 1920 3757 1983 εἰς

2228 2004 2346 2059 δέον
2372 2005 2510 2076 αὑτῇ
2540 2003 2614 2076 μὴ
2638 2005 2935 2076 χρήσηται,
2959 2001 3352 2074 χαλεπωτέραν
3392 1998 3499 2068 ἕξει
3519 2001 3607 2073 τὴν
3629 2019 3755 2072 τιμω-

2234 2090 2376 2163 ρίαν·
2410 2092 2540 2146 ὅταν
2572 2090 2709 2162 μετά
2737 2090 2837 2161 τῆς
2864 2087 3251 2161 μακροθυμίας
3278 2087 3375 2142 καὶ
3400 2086 3558 2159 τιμάς
3578 2086 3663 2161 ἔχῃ
3690 2102 3754 2158 μι-

2230 2177 2446 2245 γίστας,
2482 2169 2602 2229 εἶτα
2638 2172 2874 2245 ἐπιμένῃ
2907 2175 2974 2244 τῇ
3008 2171 3269 2244 πονηρίᾳ,
3302 2171 3386 2234 τίς
3417 2170 3571 2224 αὑτὸν
3602 2168 3755 2235 ἐξελεῖ-

2228 2277 2321 2313 ται
2348 2259 2450 2330 τῆς
2482 2255 2759 2323 κολάσεως
2787 2256 3005 2327 ἐκείνης
3025 2274 3040 2322 ;
3064 2256 3190 2310 Ὅτι
3217 2256 3331 2328 γὰρ
3357 2256 3407 2309 οί
3439 2252 3755 2327 μακροθυμίας

2231 2342 2469 2398 ἐνταῦθα
2511 2339 2878 2403 ἀπολαύοντες
2910 2338 3238 2408 συνάγουσιν
3277 2340 3487 2403 ἑαυτοῖς
3522 2338 3755 2408 ὁλόκληρον

2231 2428 2351 2480 ἐκεῖ
2378 2426 2440 2479 τὸ
2469 2425 2662 2489 κακὸν,
2687 2422 2783 2477 ἐὰν
2806 2423 2881 2495 μὴ
2914 2423 3364 2493 μετανοήσωμεν,
3398 2422 3610 2477 ἄκουσον
3630 2419 3758 2490 τίφη-

2233 2527 2318 2565 σιν
2337 2511 2367 2563 ὁ
2384 2507 2619 2573 Παῦλος·
2658 2505 2872 2579 Λογίζῃ
2896 2506 2966 2561 δὲ
2992 2506 3191 2572 τοῦτο,
3222 2502 3274 2562 ὦ
3298 2507 3576 2576 ἄνθρωπε,
3611 2508 3639 2559 ὁ
3663 2504 3755 2574 κρί-

2228 2611 2354 2649 νων
2381 2593 2527 2660 τοὺς
2554 2593 2628 2647 τὰ
2652 2591 2900 2648 τοιαῦτα
2937 2590 3355 2660 πράσσοντας,
3385 2589 3481 2644 καί
3505 2586 3666 2643 ποιῶν
3679 2588 3756 2640 αὐ-

2230 2677 2322 2744 τὰ,
2358 2676 2450 2731 ὅτι
2483 2677 2568 2731 σὺ
2608 2675 2877 2745 ἐκφεύξῃ
2911 2675 2979 2730 τὸ
3018 2674 3196 2746 κρῖμα
3247 2674 3358 2730 τοῦ
3390 2674 3563 2739 Θεοῦ;
3595 2669 3755 2728 Ἦτοῦ

2229 2762 2502 2816 πλούτου
2529 2758 2634 2829 τῆς
2657 2762 3071 2830 χρηστότητος
3096 2760 3310 2826 αὑτοῦ,
3334 2760 3432 2815 καὶ
3457 2758 3558 2828 τῆς
3579 2756 3757 2827 ἀνοχῆς

2231 2846 2332 2900 καί
2371 2843 2484 2914 τῆς
2517 2845 2930 2914 μακροθυμίας
2980 2844 3402 2914 καταφρονεῖς,
3450 2841 3656 2915 ἀγνοῶν
3688 2840 3754 2894 ὅτι

2228 2930 2297 2985 τὸ
2330 2928 2605 2999 χρηστὸν
2633 2927 2744 2982 τοῦ
2777 2928 2925 2982 Θεοῦ
2949 2930 3038 2995 είς
3058 2927 3393 2998 μετάνοιάν
3420 2944 3491 2983 σε
3507 2929 3646 2998 ἇτει;
3673 2928 3755 2979 Ka-

2228 3013 2304 3069 τὰ
2334 3013 2404 3068 δὲ
2425 3012 2544 3082 τὴν
2563 3010 2957 3083 σκληρότητά
2982 3028 3101 3067 σου
3120 3013 3220 3067 καὶ
3250 3014 3636 3084 ἀμετανόητον
3651 3025 3755 3077 tap-

2229 3100 2371 3155 δίαν
2400 3095 2780 3168 θησαυρίζεις
2810 3096 3050 3163 σεαυτῷ
3079 3097 3273 3167 ὀργὴν
3307 3098 3377 3152 ἐν
3416 3096 3593 3167 ἡμέρᾳ
3617 3090 3755 3163 ὀργῆς

2229 3184 2332 3240 καί
2366 3183 2810 3251 ἀποκαλύψεως
2860 3181 2960 3236 καὶ
3007 3180 3444 3251 δικαιοκρισίας
3497 3180 3591 3235 τοῦ
3629 3174 3751 3233 Θεοῦ.

2234 3268 2401 3322 Ὅταν
2455 3262 2551 3321 οὖν
2594 3264 2794 3338 ἴδωμέν
2847 3281 3002 3329 τινας
3052 3263 3439 3333 πλουτοῦντας,
3475 3262 3752 3335 τρυφῶντας,

2233 3352 2424 3424 μύρων
2454 3350 2698 3415 δζοντας,
2724 3350 2784 3402 ὲν
2807 3347 2945 3421 μέθῃ
2966 3346 3417 3420 διημερεύοντας,
3450 3350 3505 3404 ἐν
3528 3343 3752 3413 δυναστείᾳ

2229 3434 2389 3499 ὄντας
2419 3435 2513 3489 καὶ
2541 3432 2670 3507 δόξῃ
2699 3432 2869 3505 πολλῇ
2905 3434 2999 3487 καὶ
3023 3433 3193 3505 πολλῇ
3223 3436 3294 3506 τῇ
3323 3432 3576 3504 φαντασίᾳ
3603 3432 3679 3485 καὶ
3691 3443 3753 3482 πε·

2235 3518 2505 3591 ριφανείᾳ,
2538 3519 2635 3572 καὶ
2674 3517 3110 3589 ἁμαρτάνοντας,
3160 3520 3259 3573 καὶ
3305 3519 3468 3592 μηδὲν
3509 3519 3753 3587 πάσχοντας

2229 3603 2424 3669 δεινὸν,
2469 3603 2538 3657 δι’
2570 3602 2701 3656 αὑτὸ
2746 3601 2908 3656 τοῦτο
2963 3603 3162 3667 αὐτοὺς
3211 3603 3449 3674 μάλιστα
3492 3601 3752 3675 δακρύωμεν

2230 3687 2328 3742 καὶ
2387 3685 2699 3760 θρηνῶμεν,
2759 3686 2843 3739 ὅτι
2907 3686 3320 3757 ἁμαρτάνοντες
3366 3691 3426 3742 οὑ
3479 3685 3751 3749 κολάζονταί.

2233 3772 2447 3844 Ὤσπερ
2475 3771 2585 3842 γάρ
2619 3771 2674 3825 εί
2698 3787 2821 3825 τινα
2851 3765 2992 3833 εἶδες
3024 3782 3048 3811 ο
3081 3770 3258 3844 ὑδέρῳ
3293 3773 3326 3845 ἢ
3359 3770 3546 3843 σπληνὶ
3580 3764 3752 3838 κατεχό-

2233 3873 2416 3928 μενον,
2451 3855 2486 3927 ἢ
2515 3854 2786 3926 σηπεδόνα
2812 3854 2934 3909 τινά
2959 3854 3151 3926 ἔχοντα
3180 3857 3279 3910 καὶ
3313 3856 3441 3928 ἒλκη
3479 3854 3629 3928 μυρία
3654 3851 3750 3904 πάν·

2227 3938 2405 4005 τοθεν,
2437 3934 2557 3992 εἶτα
2599 3937 2694 3992 ἐπὶ
2738 3939 2874 3992 πᾶσι
2920 3939 3135 4004 τούτοις
3182 3938 3469 4011 μεθύοντα,
3505 3936 3752 4009 τρυφῶντα,

2230 4025 2327 4078 καὶ
2368 4024 2430 4078 τὸ
2459 4023 2673 4094 νόσημα
2716 4023 3077 4090 ἐπιτείνοντα,
3106 4024 3169 4077 οὑ
3201 4024 3364 4096 μόνον
3401 4025 3459 4078 οὑ
3493 4022 3750 4092 θαυμάζειςς

2229 4108 2350 4162 0666
2387 4106 2715 4181 μακαρίζεις
2738 4106 2826 4161 διά
2858 4106 2958 4179 τὴν
2982 4107 3214 4180 τρυφὴν,
3238 4108 3379 4163 ἀλλά
3403 4109 3470 4163 δι’
3495 4107 3611 4161 αὐτὸ
3637 4101 3752 4156 τοῦτο

2232 4191 2469 4263 μάλιστα
2490 4190 2798 4256 ταλανίζεις
2845 4191 3009 4246 αὑτόν
3030 4208 3044 4224 ·
3085 4192 3228 4246 οὕτω
3260 4195 3358 4248 καὶ
3390 4192 3479 4247 ἐπὶ
3509 4193 3597 4262 τῆς
3618 4186 3750 4258 ψυχῆς

2226 4274 2462 4345 λογίζου.
2499 4275 2668 4328 Ὅταν
2701 4273 2817 4346 ίδῃς
2840 4274 3125 4348 ἄνθρωπον
3158 4279 3396 4348 πονηρίᾳ
3426 4274 3661 4340 συζῶντα,
3685 4268 3751 4322 καὶ

2229 4358 2431 4430 πολλῆς
2475 4355 2822 4412 ἀπολαύοντα
2871 4358 2972 4430 τῆς
3017 4359 3344 4435 εὐημερίας,
3388 4360 3477 4414 καὶ
3509 4356 3640 4412 οὐδὲν
3674 4350 3750 4405 πά·

2229 4454 2430 4513 σχοντα
2467 4440 2662 4508 δεινὸν,
2686 4440 2776 4494 διά
2801 4441 2961 4495 τοῦτο
2994 4442 3193 4515 μᾶλλον
3225 4442 3510 4516 θρήνησον,
3537 4442 3610 4495 ὅτι
3634 4435 3750 4504 νοσή-

2230 4543 2364 4597 ματι
2386 4525 2752 4596 κατεχόμενος
2780 4528 2876 4582 καὶ
2898 4516 3152 4600 σηπεδόνι
3184 4528 3556 4599 χαλεπωτάτῃ,
3583 4525 3667 4597 τήν
3678 4523 3749 4592 ἀρ-

2228 4609 2464 4680 ῥωστίαν
2511 4611 2793 4676 ἐπιτείνει,
2833 4610 2923 4666 διὰ
2948 4612 3046 4683 τῆς
3076 4616 3290 4686 τρυφῆς
3319 4613 3413 4668 καὶ
3438 4615 3532 4684 τῆς
3564 4610 3748 4666 ἀνέσεως

2225 4697 2425 4769 χείρων
2454 4697 2761 4768 γινόμενος.
2805 4698 2882 4751 Οὐ
2922 4698 3033 4772 γὰρ
3074 4701 3108 4772 ή
3144 4701 3366 4766 κόλασις
3400 4700 3577 4763 κακὸν,
3603 4693 3694 4751 ἀλλ’
3721 4692 3745 4759 ἦ

2225 4781 2472 4853 ἁμαρτία
2516 4781 2705 4836 κακόν.
2742 4781 2891 4855 Αὕτη
2930 4783 3028 4855 μὲν
3069 4787 3182 4857 γὰρ
3215 4785 3310 4840 τοῦ
3339 4784 3470 4840 Θεοῦ
3513 4783 3743 4857 διίστησιν,

2224 4852 2408 4937 ἐκείνη
2431 4865 2489 4920 δὲ
2514 4866 2738 4935 συνάγει
2761 4852 2910 4939 ἡμᾶς
2932 4852 3073 4940 πρὸς
3085 4852 3186 4924 ήτδν
3211 4870 3363 4935 Θεὸν,
3390 4868 3481 4923 καὶ
3498 4852 3743 4921 καταλύειί

2222 4948 2322 5020 τὴν
2359 4948 2552 5021 ὀργήν.
2590 4947 2762 5002 Πόθεν
2801 4949 2959 5005 τοῦτο
2988 4952 3187 5023 δῆλον;
3221 4957 3482 5010 ’Ἄκουσον
3530 4949 3613 5006 τοῦ
3646 4959 3744 5016 προ-

2225 5033 2398 5103 φήτου
2440 5032 2709 5102 λέγοντος·
2771 5036 3199 5107 Παρακαλεῐτε,
3246 5036 3621 5110 παρακαλεῖτε
3666 5027 3745 5083 τὸν

2221 5117 2379 5170 λαόν
2399 5133 2542 5186 μου,
2574 5114 2769 5185 ἱερεῖς,
2807 5119 3126 5189 λαλήσατε
3153 5123 3251 5177 ἐπὶ
3284 5124 3396 5192 τὴν
3429 5118 3652 5189 καρδίαν

2214 5198 2564 5270 ρουσαλὴμ,
2604 5198 2695 5254 ὅτι
2737 5200 2987 5267 ἐδέξατο
3017 5205 3086 5260 ἐκ
3125 5188 3568 5276 χειρὸς-Κυρίου
3601 5188 3742 5276 διπλᾶ

2220 5282 2294 5338 τὰ
2329 5280 2719 5351 ἁμαρτήματα
2756 5285 2968 5355 αὐτῆς.
3002 5274 3324 5344 Καὶνπάλιν·
3351 5290 3550 5357 Κύριος
3573 5285 3603 5337 ὀ
3632 5274 3741 5338 θεὸς

2220 5363 2413 5435 ἡμῶν,
2452 5363 2707 5435 εἰρήνην
2747 5369 2855 5436 δὸς
2889 5370 3053 5440 ἡμῖν·
3099 5372 3296 5427 πάντα
3334 5370 3439 5443 γὰρ
3486 5364 3741 5443 autem:

2220 5448 2385 5518 ἡμῖν.
2416 5450 2528 5503 Καὶ
2555 5450 2647 5505 ἵνα
2672 5452 2881 5525 μάθητε
2904 5436 2987 5510 ὅτι
3009 5457 3060 5510 οί
3085 5457 3183 5527 μὲν
3210 5436 3458 5520 ἐνταῦθα,
3484 5453 3530 5506 οί
3554 5449 3602 5502 δὲ
3623 5436 3737 5517 [Ἰμί

2221 5534 2338 5586 ἐκεῖ
2360 5532 2705 5602 κολάζονται,
2732 5539 2780 5591 οἱ
2799 5538 2855 5591 δὲ
2875 5539 2970 5593 καὶ
2994 5539 3229 5594 ἐνταῦθα
3247 5540 3338 5594 καὶ
3364 5539 3491 5604 ἐκεῖ,
3521 5528 3734 5588 ἀκοῦσαιτί

2282 5717 2425 5785 θ
2444 5722 2576 5785 παρὰ
2599 5721 2685 5771 τοῦ
2706 5722 2853 5772 Θεοῦ.

2287 5783 2310 5809 ⁸
2331 5779 2426 5828 Alii
2447 5779 2584 5839 ίδόις.

2292 5839 2310 5880 ε
2340 5842 2420 5890 Sic
2459 5841 2606 5896 Savil.
2627 5850 2680 5895 et
2703 5860 2816 5896 mss.
2848 5846 3016 5897 Morel.
3046 5860 3161 5897 vero
3183 5846 3373 5897 κωλύει.
