3958 6406
211 402 326 460 ξθἸ

212 517 403 573 Deum
461 513 761 580 metuebat,
790 525 963 583 neque
1003 509 1246 565 homines
1291 510 1634 564 reverehatur
1669 507 1819 581 (Luc.

213 607 312 664 18.
337 606 385 660 2
403 633 434 647 -
453 604 535 676 5),
556 613 791 660 attamen
831 618 953 659 cum
976 610 1083 657 tam
1110 601 1368 672 improbis
1398 612 1539 655 esset
1567 600 1826 665 moribus,

210 696 354 753 fecit
381 695 520 752 boni
541 694 815 768 quiddam,
845 695 1130 751 miseratus
1153 694 1365 748 viduam
1396 693 1493 763 ipsi
1522 691 1829 764 frequenter

211 789 510 862 negotium
541 789 889 845 facessentem
910 829 925 854 ,
953 801 1194 842 annuens
1233 785 1519 859 postulanti
1561 784 1826 850 ofﬁcium,

210 893 609 953 prtestansque
634 881 777 954 quod
810 881 1109 951 petebatur,
1148 879 1397 936 cohibitis
1430 878 1519 949 qui
1547 878 1687 932 illam
1712 876 1829 932 afﬂ-

211 977 455 1032 ciebaut
486 975 697 1046 injuria.
728 974 805 1029 Ita
824 973 1130 1044 frequenter
1164 972 1356 1027 accidit
1380 982 1438 1027 ut
1481 971 1672 1042 aliquis
1705 971 1828 1024 vitae

214 1069 292 1122 sit
343 1067 800 1137 intemperantis,
830 1073 887 1121 et
926 1074 1103 1121 tamen
1144 1065 1215 1120 sit
1254 1064 1597 1121 misericors:
1638 1072 1731 1118 aut
1774 1069 1829 1117 ut

213 1158 347 1228 quis
377 1159 457 1213 sit
486 1159 830 1223 inhumanus,
871 1157 1094 1228 pudicus
1137 1166 1335 1211 tamen.
1376 1154 1528 1222 Quod
1559 1154 1604 1210 si
1632 1155 1826 1209 intem—

216 1264 435 1318 perans
466 1249 623 1304 fuerit
649 1258 704 1303 et
743 1248 883 1304 idem
908 1248 1138 1303 crudelis
1157 1290 1173 1315 ,
1203 1256 1382 1302 tamen
1424 1261 1584 1301 unum
1612 1245 1827 1315 aliquod

216 1341 377 1395 aliud
408 1341 613 1396 bonum
644 1356 779 1411 opus
808 1340 933 1396 fecit
963 1340 1015 1395 in
1050 1340 1179 1395 vita.
1213 1340 1418 1393 Rursus
1446 1339 1547 1392 hoc
1577 1336 1715 1392 idem
1737 1352 1826 1391 ar-

214 1432 546 1487 bitra-udum
586 1442 664 1487 est
712 1432 783 1487 de
833 1432 1005 1486 bouis.
1049 1428 1505 1498 Quemadmodum
1540 1429 1682 1484 enim
1737 1427 1827 1496 qui

217 1522 462 1592 pessimi
489 1529 637 1589 sunt,
664 1522 862 1576 faciunt
889 1520 1194 1591 frequenter
1214 1519 1338 1575 boni
1358 1517 1607 1589 quiddam
1634 1534 1648 1573 :
1676 1517 1754 1572 sic
1774 1526 1829 1571 et

215 1612 355 1667 boni
393 1613 705 1682 virtuteque
748 1610 957 1682 praediti
990 1624 1360 1682 smpenumero
1405 1618 1648 1679 peccant.
1700 1606 1828 1672 Quis

216 1704 386 1772 enim,
420 1705 620 1776 inquit,
648 1704 946 1776 gloriabitur
971 1719 1025 1757 se
1052 1711 1246 1756 castum
1272 1700 1454 1755 habere
1471 1716 1579 1768 cor,
1611 1708 1698 1753 aut
1717 1699 1828 1771 quis

218 1797 463 1866 conﬁdet
484 1814 540 1851 se
565 1812 748 1867 purum
772 1812 878 1851 esse
895 1812 927 1848 a
958 1804 1163 1865 peccato
1190 1794 1374 1864 (Prov.
1399 1793 1489 1848 20.
1522 1790 1618 1863 9)?

291 1885 440 1942 Boni
471 1904 574 1941 non
602 1896 772 1940 carent
799 1885 1037 1956 peccatis.
1065 1914 1138 1925 —
1160 1883 1422 1952 Quoniam
1449 1882 1611 1953 igitur
1639 1880 1829 1936 verisi-

220 1978 352 2033 mile
392 1986 485 2032 est
529 1976 747 2032 divitem
780 1977 957 2042 illum,
1000 1974 1126 2030 licet
1163 1973 1230 2028 ad
1269 1982 1567 2029 extremum
1609 1970 1826 2026 malitia:

222 2079 581 2141 provectum,
612 2067 810 2138 aliquid
836 2066 1027 2122 fecisse
1051 2064 1175 2120 boni
1204 2082 1227 2119 δ
1246 2074 1430 2119 contra
1453 2062 1708 2117 Lazarum
1741 2070 1824 2115 ta-

225 2158 389 2211 mctsi
423 2172 638 2212 summa
666 2158 862 2211 virtute
886 2155 1242 2227 praestitisset,
1274 2152 1471 2223 aliquid
1502 2161 1677 2207 tamen
1710 2151 1826 2206 leve

220 2247 570 2318 deliquisse:
600 2247 719 2304 vide
757 2246 1026 2318 quomodo
1067 2244 1357 2301 declaravit
1402 2251 1686 2314 utrumque
1732 2256 1826 2312 pa-

225 2340 496 2404 triarcha,
522 2339 706 2395 dicens
738 2357 751 2394 :
790 2335 1044 2410 Recepisti
1086 2338 1215 2393 bona
1254 2345 1341 2391 tua
1384 2337 1439 2391 in
1485 2336 1589 2390 vita
1627 2344 1744 2401 tua,
1778 2344 1824 2389 et

224 2428 463 2485 Lazarus
508 2432 742 2486 similiter
773 2432 933 2484 mata.
975 2430 1041 2484 Et
1082 2438 1155 2495 tu,
1187 2428 1377 2499 inquit,
1426 2428 1586 2483 etiam
1627 2426 1672 2481 si
1697 2425 1822 2497 quid

225 2521 351 2577 boni
378 2521 577 2588 fecisti,
608 2521 655 2576 si
674 2537 782 2593 qua
811 2536 1019 2577 merces
1047 2520 1141 2576 tibi
1167 2520 1480 2584 debebatur,
1511 2518 1625 2574 haec
1644 2518 1824 2574 omnia

223 2611 278 2666 in
326 2613 425 2669 illo
456 2612 662 2669 mundo
695 2613 963 2682 recepisti,
995 2612 1199 2668 deliciis
1249 2610 1465 2679 fruens,
1509 2611 1705 2666 divitiis
1742 2609 1824 2664 af-

226 2705 419 2771 ﬂuens,
455 2706 622 2761 rebus
648 2706 919 2776 proSperis
948 2714 1131 2772 utens,
1164 2705 1440 2776 multoque
1477 2719 1657 2759 rerum
1699 2718 1821 2758 sue-

224 2808 381 2851 ecssu
411 2796 681 2867 gaudens.
723 2795 792 2850 Et
831 2797 915 2851 hic
942 2796 986 2850 si
1015 2796 1141 2866 quid
1175 2795 1300 2850 mali
1338 2794 1499 2861 fecit;
1529 2795 1709 2850 omnia
1735 2809 1822 2851 re-

225 2889 388 2957 cepit,
418 2904 549 2945 cum
576 2889 743 2953 fame,
779 2888 976 2959 inopia,
1006 2888 1259 2943 extremis
1285 2888 1440 2943 malis
1468 2886 1819 2958 afﬂigeretur.

226 2976 409 3049 Itaque
459 2989 705 3034 vestrum
765 2988 986 3048 uterque
1026 2978 1202 3033 nudus
1252 2979 1355 3034 huc
1403 2979 1676 3048 pervenit,
1732 2979 1823 3034 ille

225 3071 494 3139 peccatis,
533 3079 588 3125 tu
614 3070 858 3141 iustitia:
900 3069 1245 3140 quamobrem
1277 3080 1332 3126 et
1374 3070 1462 3125 hic
1490 3087 1696 3127 merum
1727 3071 1822 3127 ha-

225 3160 316 3216 bet
342 3163 626 3230 solatium,
654 3172 709 3218 tu
768 3162 1204 3218 ineonsolabilem
1250 3164 1482 3218 sustines
1502 3167 1816 3221 cruciatum.

225 3253 433 3310 Etenim
480 3270 609 3311 cum
648 3255 835 3326 exigua
876 3263 1001 3311 sunt
1043 3255 1286 3327 leviaque
1329 3255 1605 3312 benefacta
1643 3257 1817 3324 nobis,

224 3341 410 3415 ingens
439 3354 699 3401 autemet
716 3346 1035 3401 immensum
1066 3355 1402 3423 peccatorum
1431 3362 1568 3402 onus
1589 3366 1602 3402 :
1626 3348 1820 3405 deinde

224 3432 310 3491 hic
351 3436 719 3506 prosperitate
768 3436 1014 3504 fruimur,
1058 3452 1229 3507 neque
1262 3436 1549 3508 quidquam
1591 3441 1820 3509 patimur

222 3528 420 3591 acerbi,
452 3543 683 3599 prorsus
718 3529 843 3584 nudi
871 3529 1216 3601 destitutique
1253 3529 1652 3586 benefactorum
1679 3549 1820 3603 pric-

222 3618 340 3673 miis
401 3620 539 3675 hinc
601 3620 964 3687 discedimus,
1031 3630 1090 3676 ut
1133 3622 1224 3692 qui
1302 3622 1390 3678 hic
1453 3624 1817 3694 receperimus

225 3712 425 3764 omnia.
480 3711 849 3783 Similiterque
897 3727 1019 3767 cum
1063 3712 1228 3767 multa
1272 3728 1567 3785 magnaque
1608 3716 1817 3771 fuerunt

224 3799 374 3856 nobis
411 3801 720 3868 benefacta,
773 3802 865 3857 sed
918 3805 1108 3873 exigua
1159 3818 1437 3875 paucaque
1476 3805 1701 3871 delicta,
1762 3817 1816 3863 et

223 3904 337 3959 post
396 3896 518 3949 hzec
572 3896 803 3965 patimur
864 3896 1063 3967 aliquid
1130 3898 1309 3952 acerbi
1357 3914 1371 3954 :
1420 3899 1506 3954 hic
1559 3898 1816 3970 depositis

222 3982 514 4042 levioribus
552 3987 657 4043 illis
693 3987 902 4043 delictis
940 4004 1128 4059 puram
1172 3990 1280 4044 illic
1318 3998 1371 4044 et
1400 3990 1688 4061 perfectam
1719 3993 1816 4050 bo-

221 4088 402 4132 norum
428 4093 657 4148 operum
689 4081 1169 4134 remunerationem
1195 4081 1504 4151 accipimus.
1527 4082 1630 4139 Ubi
1655 4101 1812 4155 quem

221 4164 375 4235 igitur
404 4169 609 4224 videris
632 4211 647 4236 ,
694 4170 988 4240 improbam
1024 4179 1269 4241 agentem
1303 4173 1463 4226 vitam
1489 4215 1503 4239 ,
1532 4189 1633 4228 nec
1657 4176 1813 4245 quid-

220 4268 373 4323 quam
403 4258 500 4314 hic
523 4258 699 4314 acerbi
723 4260 1011 4329 patientem
1037 4277 1051 4312 :
1080 4275 1147 4314 ne
1172 4261 1374 4330 putaris
1400 4261 1548 4316 illum
1575 4263 1806 4331 beatum,

220 4350 311 4405 sed
336 4352 473 4410 deﬂe
506 4355 679 4424 potius
716 4369 780 4409 ac
807 4353 1024 4422 deplora
1049 4394 1064 4419 ,
1095 4353 1239 4408 velut
1279 4353 1386 4410 illic
1424 4356 1599 4409 omnia
1641 4357 1811 4412 trisua

224 4454 621 4514 perpessurum,
649 4443 1100 4516 quemadmodum
1152 4444 1303 4500 dives
1330 4446 1438 4501 ille.
1482 4446 1685 4502 Rursus
1723 4449 1810 4504 ubi

222 4546 374 4603 quem
403 4538 605 4593 videris
630 4537 841 4592 virtutis
867 4536 1188 4604 studiosum,
1216 4544 1271 4592 et
1288 4537 1535 4592 eumdem
1568 4539 1812 4596 inmune-

182 4670 193 4685 .
224 4627 295 4682 ris
316 4629 479 4702 afﬂigi
511 4630 792 4698 molestiis,
821 4631 1034 4686 beatum
1065 4631 1328 4697 existima,
1361 4627 1569 4685 felicem
1592 4630 1769 4701 judiea
1794 4651 1807 4687 :

225 4729 277 4773 ut
305 4723 392 4792 qui
418 4733 476 4779 et
503 4724 593 4779 hic
614 4723 796 4779 omnia
824 4738 918 4779 sua
948 4732 1161 4792 peccata
1189 4722 1427 4788 diluerit,
1453 4732 1508 4777 et
1532 4723 1641 4778 illic
1670 4724 1808 4778 mul-

227 4820 326 4867 tam
358 4816 551 4873 habeat
575 4824 811 4886 paratam
836 4815 1103 4885 patientia:
1124 4814 1447 4882 mercedem,
1472 4817 1812 4886 quemadmo-

224 4902 342 4959 dum
375 4907 499 4965 huic
525 4908 703 4965 evenit
731 4908 950 4962 Lazaro.

290 4997 343 5050 ες.
390 5000 523 5057 Nam
566 5018 633 5057 ex
684 5000 989 5055 hominibus
1038 5000 1125 5053 alii
1163 5000 1376 5070 quidem
1418 5000 1504 5057 bic
1536 5001 1810 5058 dumtaxat

225 5090 546 5158 puniuntur,
593 5093 681 5148 alii
724 5107 907 5147 rursus
951 5091 1079 5147 nihil
1118 5092 1207 5148 hic
1238 5094 1341 5149 tale
1384 5094 1670 5165 patiuntur,
1714 5097 1806 5153 sed

226 5195 435 5239 omnem
480 5185 766 5241 vindictam
814 5184 920 5241 illic
958 5185 1226 5255 rccipiunt
1256 5203 1269 5239 :
1296 5186 1386 5241 alii
1414 5201 1542 5242 vero
1570 5194 1681 5242 tum
1722 5188 1808 5243 hic

229 5277 332 5325 tum
358 5274 466 5330 illic
492 5278 798 5347 puniuntur.
831 5276 1030 5332 Horum
1059 5276 1217 5347 igitur
1239 5277 1417 5346 trium,
1438 5293 1571 5349 quos
1594 5280 1804 5336 tandem

226 5358 469 5429 iudicatis
497 5369 718 5425 beatos?
742 5369 855 5426 Non
884 5368 1086 5434 dubito,
1107 5369 1231 5439 quin
1251 5370 1451 5439 primos
1474 5372 1587 5425 illos
1609 5373 1695 5443 qui
1723 5374 1806 5429 hic

230 5455 514 5521 puniuntur
537 5505 549 5526 ,
578 5471 740 5532 atque
769 5463 838 5516 ita
869 5469 1084 5531 peccata
1131 5461 1425 5532 deponunt.
1464 5462 1657 5519 Verum
1689 5475 1808 5535 post

233 5543 348 5601 illos
377 5564 511 5619 quos
546 5552 789 5624 proximo
818 5553 1087 5608 felicitatis
1124 5553 1243 5608 loco
1286 5552 1480 5622 ponitis
1504 5554 1652 5610 ?Vos
1692 5554 1804 5611 for-

234 5638 386 5695 tassis
409 5658 521 5711 eos,
547 5644 637 5716 qui
666 5645 793 5700 nihil
819 5644 904 5701 hic
926 5646 1076 5700 triste
1103 5644 1396 5715 patiuntur,
1429 5645 1521 5700 sed
1549 5646 1657 5703 illic
1685 5663 1802 5703 om-

238 5740 356 5783 nem
385 5733 537 5792 luunt
566 5738 812 5808 pmnsin:
842 5746 897 5791 at
921 5752 1019 5806 ego
1048 5753 1153 5792 non
1181 5738 1333 5803 istos,
1359 5737 1452 5794 sed
1480 5738 1576 5793 hos
1601 5741 1799 5810 potius,

239 5820 321 5885 qui
357 5821 440 5880 hic
471 5826 629 5884 simul
658 5836 711 5884 et
739 5828 844 5883 illic
873 5827 1182 5898 puniuntur.
1215 5829 1346 5885 Nam
1388 5829 1473 5884 hic
1500 5830 1586 5900 qui
1617 5846 1803 5901 poenas

1409 395 1495 451 DE
1538 394 1812 451 LAZARO
1837 393 2076 451 CONCIO
2117 394 2199 450 Ill.

3423 390 3522 446 998

1938 507 2165 575 dederit,
2190 508 2388 565 sentiet
2415 509 2521 564 illic
2549 523 2758 581 pmnam
2805 506 3211 580 levioremzqui
3256 524 3386 567 vero
3429 523 3524 565 co-

1935 608 2089 669 getur
2117 599 2225 655 illia
2256 608 2416 655 totam
2449 615 2659 671 poenam
2690 603 2987 671 sustinere,
3020 604 3378 660 inevitabilem
3411 603 3522 656 vin-

1934 689 2129 744 dictam
2155 704 2168 742 :
2194 693 2642 761 quemadmodum
2687 693 2839 751 dives
2876 692 2994 760 hic,
3024 695 3115 767 qui
3156 696 3357 752 nullam
3393 711 3522 769 pec-

1937 789 2176 835 catorum
2213 791 2415 851 partem
2449 785 2638 852 abluit,
2671 784 2807 840 adeo
2844 800 3032 841 severe
3065 783 3280 856 punitus
3306 796 3386 841 est
3407 829 3424 855 ,
3467 798 3525 842 ut

1938 888 2006 928 ne
2046 875 2320 930 minimam
2347 875 2560 947 quidem
2588 886 2786 948 guttam
2819 878 3201 947 impetraverit.
3231 878 3428 935 Verum
3460 880 3526 935 iis

1935 980 2168 1036 quoque,
2199 968 2287 1038 qui
2316 967 2402 1023 hic
2430 983 2549 1024 cum
2582 978 2840 1040 peccant,
2871 968 3001 1027 nihil
3033 981 3207 1028 tamen
3234 987 3396 1045 grave
3427 988 3524 1043 pa-

1932 1058 2176 1126 tiuntur,
2210 1059 2328 1115 illos
2356 1060 2515 1131 longe
2555 1061 2877 1119 infcliciores
2899 1062 3110 1132 judico,
3138 1065 3228 1134 qui
3270 1079 3390 1118 eum
3439 1063 3525 1117 hic

1937 1164 2042 1205 non
2084 1151 2406 1220 puniantur,
2455 1153 2612 1207 simul
2661 1161 2835 1208 tamen
2883 1154 3089 1209 deliciis
3129 1170 3193 1210 ac
3235 1156 3525 1210 securitate

1936 1240 2203 1301 fruuntur.
2234 1241 2690 1308 Quemadmodum
2720 1243 2861 1299 enim
2906 1244 2991 1298 hic
3016 1259 3123 1299 non
3163 1244 3292 1299 dare
3334 1260 3523 1314 poenas

1936 1346 2034 1401 pro
2055 1332 2380 1400 commissis,
2406 1333 2516 1388 illic
2541 1333 2832 1388 cruciatum
2859 1334 3035 1390 reddit
3058 1335 3379 1391 atrociorem
3407 1354 3420 1390 :
3451 1337 3519 1393 ita

1935 1420 2062 1476 dum
2107 1431 2360 1491 peccant,
2389 1423 2684 1496 voluptati,
2720 1423 2961 1491 deliciis,
3008 1425 3295 1495 multaeque
3342 1442 3518 1480 rerum

1934 1510 2223 1568 afﬂuentia:
2251 1514 2526 1585 indulgere
2546 1556 2561 1582 ,
2594 1515 2812 1585 majoris
2840 1531 3010 1585 ptume
3038 1516 3294 1570 viaticum
3328 1516 3433 1570 illis
3459 1529 3522 1568 ac

1934 1604 2211 1658 materiam
2244 1605 2355 1659 illic
2383 1606 2606 1677 colligit.
2637 1605 2769 1661 Nam
2796 1622 2917 1661 cum
2947 1615 3230 1678 peccantes
3252 1621 3350 1661 nos
3382 1606 3520 1661 Deus

1934 1693 2099 1749 afficit
2139 1696 2453 1764 honoribus,
2494 1713 2557 1752 ea
2583 1713 2669 1753 res
2715 1698 3051 1769 potissimum
3091 1710 3191 1753 nos
3219 1696 3271 1751 in
3307 1697 3519 1769 gravius

1934 1785 2237 1841 incendium
2262 1787 2481 1859 injicere
2507 1790 2722 1859 poterit.

2005 1875 2251 1948 Impietas
2292 1879 2420 1950 felix
2461 1879 2909 1950 periculosissima.
2950 1909 3024 1921 —
3068 1878 3277 1934 Etenim
3319 1878 3362 1932 si
3401 1877 3519 1948 quis

1936 1969 2028 2024 Dei
2057 1970 2276 2026 lenitate
2296 1970 2506 2027 fruatur
2532 1980 2737 2027 tantum
2759 2014 2774 2038 ,
2806 1986 2907 2027 nec
2926 1985 2991 2028 ea
3023 1970 3091 2027 ad
3118 1970 3170 2026 id
3192 1969 3335 2041 quod
3361 1983 3520 2040 opor-

1934 2064 2032 2117 tuit
2055 2073 2253 2133 utatur,
2276 2066 2511 2121 atrocius
2532 2066 2849 2137 supplicium
2880 2065 2980 2121 sibi
3005 2075 3177 2137 parat.
3199 2063 3298 2121 Ubi
3327 2072 3518 2134 praeter

1934 2154 2028 2209 Dei
2053 2155 2321 2211 lenitatem
2342 2155 2504 2211 etiam
2528 2156 2823 2211 honoribus
2842 2156 3043 2226 potitur
3064 2155 3330 2221 maximis,
3350 2153 3517 2207 nihilo

1932 2247 2108 2303 secius
2138 2256 2317 2304 tamen
2361 2249 2599 2319 persistit
2619 2249 2673 2304 in
2719 2248 2989 2320 nequitia:
3018 2247 3138 2319 quis
3177 2262 3300 2303 eum
3333 2246 3519 2315 eripiet

1932 2340 2000 2394 ab
2051 2340 2140 2394 illo
2191 2340 2491 2411 supplicio?
2538 2341 2750 2397 Etenim
2797 2351 2855 2395 ut
2893 2341 3193 2410 intelligas,
3241 2339 3382 2409 quod
3425 2337 3519 2408 qui

1933 2431 2026 2485 Dei
2077 2431 2350 2487 lenitatem
2398 2432 2485 2488 hic
2536 2434 2917 2503 experiuntur,
2969 2432 3167 2488 malum
3211 2429 3518 2485 universum

1931 2521 2042 2577 illic
2093 2523 2194 2578 sibi
2266 2535 2618 2593 coacervant,
2669 2524 2727 2579 ni
2795 2523 3149 2593 resipuerint,
3201 2520 3323 2576 audi
3387 2518 3516 2590 quid

1930 2614 2073 2671 dicat
2109 2616 2303 2672 Paulus
2332 2636 2345 2671 :
2394 2616 2669 2673 Existimas
2714 2625 2900 2684 autem,
2929 2631 2960 2670 ο
3002 2615 3181 2680 homo,
3212 2615 3297 2685 qui
3335 2611 3519 2666 conde-

1930 2725 2074 2764 mnas
2119 2726 2205 2764 eos
2248 2711 2334 2780 qui
2382 2711 2504 2765 talia
2554 2710 2778 2781 faciunt,
2807 2718 2854 2764 et
2897 2708 3024 2781 facis
3065 2707 3277 2771 eadem,
3309 2702 3443 2774 quod
3463 2711 3515 2756 tu

1930 2802 2140 2874 c/fugies
2196 2803 2451 2874 judicium
2482 2802 2620 2858 Dei.’
2661 2804 2742 2858 An
2780 2803 2981 2857 divitias
3010 2800 3243 2855 bonitatis
3278 2797 3417 2854 illius
3458 2809 3519 2850 ac

1928 2897 2202 2968 patientiw,
2229 2897 2544 2967 lenitatisque
2568 2895 2860 2960 contemnis,
2888 2896 3128 2967 ignorans
3155 2889 3290 2965 quod
3316 2889 3518 2944 bonitas

1932 2988 2025 3044 Dei
2079 2989 2147 3042 ad
2197 2990 2539 3058 paenitentiam
2586 2998 2634 3043 te
2670 2988 2889 3043 invitat?
2934 2986 3041 3042 Sed
3067 2987 3225 3056 juxta
3280 2983 3517 3038 duritiem

1929 3089 2101 3147 tuam,
2142 3088 2187 3132 et
2232 3096 2320 3132 cor
2369 3080 2704 3150 impmnitens,
2756 3077 2987 3133 recondis
3036 3076 3125 3130 tibi
3157 3075 3258 3146 ipsi
3304 3074 3434 3129 iram
3464 3072 3518 3126 in

1927 3171 2009 3226 die
2054 3173 2146 3226 ira:
2193 3187 2254 3224 ac
2300 3169 2617 3225 reuelationis
2658 3180 2703 3223 et
2729 3170 2860 3241 justi
2889 3168 3075 3239 judicii
3119 3164 3213 3219 Dei
3238 3164 3415 3236 (Rom.
3455 3161 3512 3218 2.

1927 3264 1979 3319 3.
2012 3260 2091 3336 ὅ).
2125 3262 2265 3332 Ergo
2294 3277 2415 3317 cum
2441 3259 2734 3317 viderimus
2762 3261 2969 3330 aliquos
2989 3257 3178 3330 opibus
3208 3255 3511 3322 afﬂuentes,

1925 3355 2129 3412 deliciis
2155 3356 2413 3424 fruentes,
2458 3364 2729 3427 unguenta
2760 3355 2986 3420 olentes,
3016 3353 3068 3408 in
3100 3348 3407 3407 temulentia
3433 3356 3516 3403 to-

1928 3458 2010 3503 tos
2055 3449 2171 3505 dies
2212 3449 2583 3515 traducentes,
2633 3447 2685 3502 in
2729 3446 3041 3519 magistratu
3082 3452 3137 3500 et
3173 3442 3413 3509 honore,
3458 3440 3513 3496 ia

1926 3542 2088 3598 multa
2113 3557 2305 3613 pompa
2350 3551 2404 3597 et
2427 3540 2741 3596 claritudine
2763 3581 2776 3604 ,
2806 3546 3120 3609 peccantes,
3162 3550 3333 3607 neque
3367 3531 3515 3605 quid-

1923 3649 2080 3704 quam
2106 3633 2256 3688 triste
2283 3634 2573 3703 patientes,
2621 3631 2719 3687 hac
2758 3632 2869 3702 ipsa
2897 3630 2963 3685 de
2986 3645 3145 3685 causa
3170 3627 3400 3682 maxime
3429 3623 3515 3681 de-

1924 3725 2148 3780 ﬂeamus
2176 3739 2240 3780 ac.
2263 3724 2601 3794 depleremus
2632 3723 2752 3777 illos
2776 3763 2790 3788 ,
2820 3721 2961 3792 quod
2989 3720 3114 3774 dum
3154 3724 3377 3789 peccant
3406 3729 3510 3769 non

1923 3818 2231 3886 puniuntur.
2263 3815 2332 3872 Ut
2358 3816 2501 3872 enim
2528 3815 2571 3869 si
2599 3830 2756 3884 quem
2790 3813 2987 3867 videris
3016 3809 3240 3882 hydmpi
3268 3815 3358 3862 aut
3385 3805 3513 3861 vitio

1922 3906 2125 3977 splenis
2150 3906 2460 3971 obnoxium,
2494 3915 2584 3959 aut
2611 3904 2733 3959 tabo
2775 3903 3022 3974 qu0piam
3059 3904 3472 3954 marcescentem
3495 3936 3510 3960 ,

1923 4001 2219 4056 innumeris
2257 4000 2491 4071 undique
2536 3998 2750 4069 plenum
2795 3995 3094 4059 ulceribus,
3130 3992 3298 4047 nihilo
3338 3988 3512 4045 secius

1924 4102 2100 4149 tamen
2146 4108 2266 4147 cum
2296 4090 2379 4145 his
2406 4090 2686 4155 omnibus,
2736 4086 3058 4142 temulentizu
3089 4099 3150 4138 ac
3176 4082 3382 4136 deliciis
3426 4080 3505 4134 iu-

1921 4184 2253 4256 dnlgentem,
2273 4183 2498 4238 reddere
2526 4180 2770 4235 morbum
2802 4179 3088 4239 acriorem,
3120 4175 3254 4229 adeo
3281 4187 3385 4227 non
3414 4171 3510 4223 mi-

1922 4277 2056 4331 raris
2082 4284 2174 4330 aut
2195 4275 2408 4331 beatum
2431 4273 2638 4342 judicas
2677 4285 2798 4325 eum
2826 4270 2895 4324 ob
2921 4265 3138 4322 delicias
3157 4307 3172 4331 ,
3204 4273 3261 4319 ut
3299 4262 3367 4318 ob
3408 4261 3511 4316 hee

1920 4367 2093 4437 ipsum
2118 4365 2277 4419 etiam
2317 4364 2548 4418 maxime
2573 4362 2826 4417 miserum
2851 4359 3125 4415 existimes
3149 4375 3162 4411 :
3190 4354 3436 4411 similiter
3457 4362 3510 4406 et

1919 4459 1986 4515 de
2016 4459 2192 4514 anima
2216 4458 2463 4529 cogitato.
2497 4452 2597 4512 Ubi
2627 4455 2821 4510 videris
2856 4452 3125 4508 hominem
3156 4465 3410 4522 perverse
3433 4447 3511 4504 vi-

1917 4563 2172 4619 ventem,
2227 4552 2501 4621 multaque
2568 4550 2827 4605 fruentem
2894 4545 3287 4617 prosperitate,
3337 4559 3510 4614 neque

1919 4642 2069 4698 triste
2095 4641 2385 4713 quidquam
2414 4641 2701 4711 patientem
2723 4681 2737 4704 ,
2772 4638 2845 4693 ob
2873 4637 2973 4692 hoc
3003 4637 3175 4706 ipsum
3219 4635 3388 4705 magis
3415 4632 3511 4689 de-

1918 4733 2085 4804 plora,
2119 4731 2260 4804 quod
2306 4746 2428 4787 cum
2472 4731 2660 4786 morbo
2694 4729 3118 4800 gravissimoqne
3161 4726 3285 4781 tabo
3311 4726 3383 4780 sit
3422 4724 3511 4780 ob-

1918 4824 2108 4879 noxius
2132 4865 2148 4888 ,
2196 4832 2374 4877 tamen
2414 4821 2651 4877 deterior
2691 4820 2792 4883 sit,
2846 4819 3091 4874 morbum
3123 4817 3329 4873 deliciis
3373 4817 3510 4872 vita-

1918 4930 2023 4984 que
2048 4914 2304 4969 dissoluta
2334 4928 2677 4984 exasperatis.
2708 4911 2822 4967 Non
2849 4912 2990 4966 enim
3019 4910 3228 4981 puniri,
3269 4908 3363 4965 sed
3392 4923 3509 4980 pec-

1916 5021 2041 5062 care
2070 5006 2266 5060 malum
2288 5015 2389 5061 est.
2412 5003 2545 5059 Nam
2569 5003 2675 5059 hoc
2694 5002 2906 5075 quidem
2933 5016 2961 5056 a
2987 5001 3097 5056 Deo
3120 5009 3353 5070 separat,
3378 4999 3505 5054 illud

1916 5112 2043 5153 vero
2064 5112 2163 5152 nos
2183 5097 2246 5151 ad
2274 5097 2438 5152 Deum
2462 5095 2742 5164 recolligit,
2779 5095 3021 5163 iramque
3050 5091 3313 5145 dissolvit.
3354 5089 3506 5146 Unde

1917 5187 2019 5242 hoc
2037 5186 2240 5257 liquet?
2276 5185 2413 5241 Audi
2455 5184 2769 5257 prophetam
2805 5184 3070 5239 dicentem
3098 5200 3110 5235 :
3136 5181 3501 5245 Consolamini,

1915 5279 2246 5335 consolamini
2269 5277 2512 5351 populum
2534 5293 2698 5331 meum
2718 5274 3023 5335 sacerdotes.
3039 5273 3303 5344 loquimini
3326 5272 3396 5326 ad
3417 5289 3505 5326 cor

1913 5371 2219 5439 Jerusalem,
2254 5371 2494 5442 quoniam
2541 5369 2732 5437 accepit
2758 5368 2822 5424 de
2853 5384 3008 5422 manu
3044 5366 3252 5422 Domini
3279 5366 3503 5437 duplicia

1914 5473 2117 5537 peccata
2137 5480 2229 5518 sua
2253 5462 2408 5534 (Isai.
2434 5463 2522 5518 40.
2549 5463 2602 5517 l.
2626 5458 2705 5533 2).
2728 5462 2803 5516 Ac
2825 5474 3045 5515 rursus:
3067 5455 3304 5525 Domine,
3329 5475 3502 5530 pacein

1913 5557 1983 5610 da
2023 5557 2166 5612 nobis
2194 5574 2213 5610 :
2243 5573 2363 5611 nam
2383 5557 2552 5611 omnia
2580 5555 2844 5611 reddidisti
2872 5554 3013 5609 nobis
3043 5552 3151 5623 (Id.
3171 5553 3263 5609 26.
3294 5553 3407 5625 12).
3430 5552 3501 5610 Ut

1911 5659 2088 5705 autem
2106 5649 2410 5721 intclligatis
2436 5649 2569 5705 alios
2597 5648 2706 5716 hic,
2737 5648 2872 5702 alios
2897 5648 3002 5702 illic
3023 5646 3215 5717 puniri,
3234 5646 3369 5701 alios
3386 5655 3496 5700 tum

1914 5741 1999 5797 hic
2027 5751 2136 5796 tum
2168 5741 2296 5809 illic,
2327 5741 2506 5798 audite
2534 5741 2660 5813 quid
2697 5740 2825 5796 dicit
2847 5738 3060 5806 Paulus,
3103 5736 3498 5809 reprehendens

1912 5848 2005 5890 eos
2032 5835 2118 5905 qui
2150 5834 2363 5905 indigne
2390 5833 2850 5890 commnnicabant
2878 5831 3163 5904 mysteriis.
3194 5829 3326 5886 Cum
3348 5828 3436 5883 eni
