3958 6414
503 317 619 374 ῖ9Δ9

516 441 766 505 dixisset,
805 438 906 507 Qui
930 437 1031 493 edit
1058 453 1117 491 ac
1144 437 1264 491 bibit
1295 437 1501 508 indigne
1527 452 1710 505 corpus
1733 447 1778 490 et
1804 432 2102 506 sanguinem

521 534 754 610 Domini,
785 550 899 587 reus
925 533 1014 586 erit
1046 532 1273 601 corporis
1299 540 1342 584 e‘t
1369 531 1628 601 sanguinis
1659 528 1846 583 Christi
1873 528 1953 597 (l.
1983 524 2101 580 Cor.

524 626 611 679 11.
635 624 753 695 27),
782 623 1004 692 subjecit
1035 622 1210 676 illico:
1241 620 1367 675 Ideo
1404 621 1536 674 inter
1564 637 1651 675 vos
1680 620 1825 674 multi
1845 618 2037 687 inﬁrmi
2062 625 2107 671 et

523 716 813 780 imbecilles,
847 723 891 768 et
922 715 1176 768 dormiunt
1200 712 1367 766 multi.
1398 710 1601 766 Etenim
1622 711 1664 766 si
1694 727 1786 766 nos
1810 710 1948 780 ipsos
1968 709 2109 774 diiu-

523 811 825 872 dicaremus,
854 824 955 862 non
987 807 1156 876 utique
1187 806 1560 877 judicaremur.
1592 804 1746 859 Nunc
1789 814 1956 858 autem
1995 819 2109 857 cum

522 899 831 968 iudicamur,
859 915 889 951 a
923 896 1143 951 Domino
1172 897 1496 968 corripiatur,
1543 912 1607 950 ne
1634 911 1748 949 cum
1774 894 1960 948 mundo
1984 909 2107 947 con-

522 989 942 1057 demnemurUb.
974 1006 1021 1043 v.
1055 987 1269 1060 50-52).
1306 988 1462 1043 Vides
1489 987 1757 1058 quomodo
1783 986 1870 1042 hic
1907 985 2105 1040 inﬂicta

524 1099 681 1155 pmna
711 1099 806 1139 nos
834 1083 1022 1138 liberat
1048 1099 1076 1136 a
1111 1098 1264 1153 ptena
1290 1098 1408 1153 quae
1455 1082 1562 1136 illic
1598 1082 1712 1136 est?
1741 1081 1805 1136 Et
1832 1081 1899 1136 de
1927 1095 1992 1136 eo
2021 1080 2110 1151 qui

523 1186 765 1247 stuprum
792 1177 1154 1244 commiserat,
1185 1177 1353 1246 inquit
1377 1194 1390 1231 :
1417 1173 1628 1228 Tradite
1652 1173 1900 1244 ejusmodi
1947 1172 2112 1227 homi-

522 1287 637 1324 nem
661 1278 855 1325 satana:
883 1270 934 1322 in
963 1270 1219 1323 interitum
1246 1269 1437 1334 carnis,
1463 1277 1517 1322 ut
1538 1267 1747 1338 spiritus
1769 1267 1936 1322 salvus
1966 1265 2029 1320 sit
2058 1266 2112 1319 in

521 1363 602 1416 die
631 1359 839 1416 Domini
867 1361 1028 1416 nostri
1051 1360 1176 1415 Iesu
1201 1361 1390 1416 Christi
1430 1360 1508 1432 (1.
1542 1359 1664 1414 Cor.
1693 1359 1746 1415 5.
1777 1358 1852 1428 5).
1893 1357 2029 1426 Quin
2057 1365 2112 1412 et

519 1471 583 1508 ex
619 1455 732 1525 ipso
757 1453 959 1510 Lazaro
984 1454 1084 1509 hoc
1102 1455 1436 1524 perSpicuum
1456 1462 1556 1519 est,
1581 1452 1721 1524 quod
1739 1453 1897 1508 etiam
1923 1452 1967 1506 si
1985 1450 2112 1522 quid

524 1549 647 1601 mali
675 1547 1033 1611 commiserat,
1067 1547 1153 1602 hic
1179 1548 1426 1614 abluerit,
1447 1549 1624 1617 itaque
1652 1545 1774 1600 illuc
1791 1561 1951 1616 purus
1969 1545 2114 1600 abie-

525 1639 615 1693 rit.
661 1638 804 1693 Idem
837 1655 963 1693 vero
1002 1650 1054 1693 et
1084 1655 1152 1694 ex
1189 1639 1276 1694 illo
1304 1640 1593 1712 paralytico
1621 1637 1960 1694 manifestum
2005 1646 2108 1705 est,

525 1731 612 1800 qui
641 1731 851 1802 triginta
873 1739 996 1786 octo
1016 1745 1183 1786 annos
1211 1729 1460 1786 laborans
1488 1730 1816 1794 infirmitate,
1845 1745 1940 1800 per
1965 1745 2112 1784 mor-

526 1822 649 1876 bum
693 1823 998 1877 diuturnum
1025 1833 1240 1893 peccata
1279 1821 1545 1892 deposuit.
1593 1821 1859 1877 Cancrum
1891 1829 1949 1876 ut
1975 1822 2113 1876 scias

527 1914 674 1970 illum
704 1914 772 1969 ob
800 1925 1012 1986 peccata
1060 1916 1137 1970 sic
1164 1915 1416 1970 afﬂictum
1447 1913 1630 1981 fuisse,
1661 1915 1782 1970 audi
1810 1915 1934 1985 quid
1987 1915 2114 1968 dicit

525 2002 804 2060 Christus:
833 2004 966 2060 Ecce
991 2023 1145 2061 sanus
1176 2005 1342 2076 factus
1371 2022 1457 2072 es;
1496 2022 1558 2060 ne
1589 2006 1799 2076 posthac
1834 2023 2024 2076 pecces,
2052 2023 2114 2060 ne

525 2095 647 2161 quid
671 2097 930 2168 contingat
956 2096 1042 2150 tibi
1070 2096 1289 2151 deterius
1313 2097 1490 2167 (Joan.
1523 2097 1575 2153 5.
1607 2096 1716 2169 H).
1750 2098 1825 2153 Ex
1849 2099 1931 2152 his
1955 2099 2113 2168 igitur

525 2185 728 2240 clarum
758 2195 861 2253 est,
884 2202 1003 2243 esse
1031 2186 1289 2258 quosdam
1313 2187 1405 2259 qui
1443 2188 1528 2244 hic
1553 2188 1865 2260 puniuntur,
1894 2204 1958 2245 ac
1985 2205 2112 2261 pec-

526 2288 642 2332 cata
663 2277 956 2350 deponunt.

599 2370 653 2425 6.
677 2369 898 2437 Quidam
913 2373 1023 2426 etin
1051 2371 1145 2426 hoc
1170 2381 1219 2428 et
1238 2373 1289 2426 in
1317 2372 1476 2428 altera
1498 2377 1682 2429 steculo
1714 2376 2016 2446 puniuntur.
2042 2406 2116 2417 —

526 2460 676 2529 Quod
706 2471 883 2516 autem
914 2461 1079 2533 aliqui
1120 2473 1230 2519 tum
1272 2464 1356 2519 hic
1379 2506 1396 2531 ,
1429 2472 1538 2520 tum
1570 2465 1680 2520 illic
1720 2468 2004 2536 puniantur
2024 2507 2040 2532 ,
2070 2467 2115 2521 si

517 2552 703 2606 minus
740 2568 837 2623 pro
873 2562 1208 2622 peccatorum
1245 2556 1618 2635 magnitudine
1645 2556 1732 2612 hic
1773 2558 1972 2613 luerint
2001 2572 2088 2628 po:

514 2659 623 2699 .nas
646 2687 660 2711 ,
683 2645 808 2699 audi
849 2645 974 2716 quid
1004 2645 1071 2701 de
1099 2645 1390 2703 Sodomitis
1422 2649 1564 2704 dicat
1601 2650 1841 2706 Christus
1874 2669 1888 2705 :
1920 2653 2116 2707 ctenim

510 2751 646 2790 cum
677 2735 924 2805 dixisset,
957 2737 1268 2808 Quicumque
1294 2757 1393 2794 non
1416 2743 1657 2811 receperit
1687 2758 1792 2808 vos,
1821 2744 1970 2797 etiam
1999 2745 2117 2814 pul-

527 2843 686 2880 uerem
719 2828 901 2897 pedum
921 2839 1194 2883 vestrorum
1217 2831 1271 2884 in
1301 2848 1384 2886 eos
1411 2835 1624 2888 excutite
1650 2834 1800 2906 (Luc.
1826 2835 1877 2891 9.
1903 2837 1980 2907 5),
2004 2837 2120 2892 sub-

523 2917 736 2985 junxit:
759 2915 1092 2973 Tolerabilius
1130 2921 1224 2973 erit
1266 2930 1412 2975 terra:
1453 2920 1794 2978 Sodomorum
1828 2935 1875 2980 et
1902 2925 2116 2980 Gomor-

528 3009 656 3072 rhte,
682 3026 834 3080 quam
856 3011 1050 3064 ciuitati
1091 3011 1168 3066 illi
1203 3011 1313 3084 (Id.
1340 3015 1427 3071 10.
1462 3015 1571 3086 12).
1603 3016 1754 3084 Quod
1779 3028 1954 3075 autem
1985 3021 2121 3076 dixit

530 3099 856 3166 tolerabilius,
885 3101 1028 3157 hunc
1049 3101 1212 3158 habet
1233 3120 1469 3174 sensum,
1493 3108 1635 3177 quod
1663 3109 1734 3163 illi
1759 3117 1868 3164 tum
1885 3126 2117 3182 quoque,

530 3192 738 3247 tametsi
781 3191 990 3258 levius.
1044 3195 1218 3252 forent
1269 3200 2024 3274 puniendi,quandoquidem
2059 3206 2121 3260 in

527 3279 633 3335 hac
663 3283 767 3336 vita
799 3283 1062 3340 dederunt
1089 3303 1295 3358 poenas.
1331 3289 1504 3346 Porro
1546 3293 1833 3350 nonnullos
1876 3309 1996 3352 esse
2031 3298 2118 3367 qui

532 3371 618 3426 hic
643 3373 857 3442 quidem
897 3377 1030 3431 nihil
1077 3380 1289 3435 molesti
1333 3382 1605 3450 patiuntur
1631 3425 1645 3447 ,
1677 3385 1770 3439 sed
1817 3386 1923 3442 illic
1957 3395 2120 3444 totam

531 3474 840 3534 exspectant
868 3467 1153 3542 ultionem,
1186 3470 1477 3528 declaravit
1521 3474 1674 3530 nobis
1701 3477 1787 3531 hic
1823 3477 2008 3546 dives,
2043 3482 2122 3536 in-

532 3555 836 3612 evitabilem
868 3559 975 3613 illic
1001 3562 1274 3630 perferens
1315 3566 1631 3633 cruciatum,
1659 3582 1719 3622 ac
1745 3583 1814 3623 ne
1845 3571 2119 3626 minimum

533 3651 749 3722 quidem
802 3653 1062 3726 refrigerii
1115 3672 1449 3730 consequens
1479 3702 1492 3728 ,
1520 3677 1585 3717 eo
1611 3663 1752 3732 quod
1783 3663 1890 3719 illic
1918 3667 1968 3720 ei
2015 3675 2123 3722 tota

535 3741 766 3797 vindicta
789 3743 946 3799 fuerit
974 3757 1267 3802 reservata.
1295 3751 1755 3815 Quemadmodum
1786 3754 1948 3825 igitur
1977 3756 2029 3810 in
2059 3756 2124 3812 iis

534 3835 623 3905 qui
645 3846 886 3906 peccant,
919 3838 953 3892 ii
981 3839 1070 3908 qui
1099 3839 1230 3894 nihil
1262 3841 1347 3896 hic
1367 3843 1546 3896 acerbi
1570 3844 1858 3914 patiuntur,
1887 3847 1994 3902 illic
2012 3864 2124 3902 ma-

537 3928 710 3995 jorem
741 3929 1005 3985 sustinent
1046 3932 1336 3988 cruciatum
1363 3951 1376 3987 :
1402 3935 1478 3989 sic
1521 3935 1661 3992 inter
1703 3953 1796 3993 eos
1839 3940 1930 4010 qui
1982 3949 2125 3996 recte

537 4019 757 4087 faciunt,
785 4021 873 4090 qui
903 4023 1068 4078 multa
1087 4026 1371 4094 patiuntur
1400 4028 1452 4080 in
1483 4027 1584 4083 hac
1609 4029 1715 4084 vita
1742 4031 1988 4098 molesta,
2020 4033 2127 4087 illic

540 4111 706 4166 uutlto
732 4115 1005 4183 potientur
1030 4116 1254 4171 honore.
1285 4117 1352 4172 Et
1381 4119 1828 4188 quemadmodum
1859 4121 1904 4176 si
1930 4137 1960 4177 e
1988 4122 2124 4177 duo-

548 4203 646 4262 bus
673 4206 1040 4274 peccatoribus
1062 4223 1198 4262 unus
1221 4208 1307 4263 hic
1325 4211 1607 4280 puniatur,
1635 4211 1772 4268 alter
1799 4229 1902 4268 non
1934 4214 2125 4282 punia-

537 4301 642 4360 tur,
666 4295 870 4351 beatior
887 4307 970 4353 est
999 4299 1088 4354 ille
1106 4301 1326 4370 punitus
1345 4317 1410 4356 eo
1435 4303 1520 4372 qui
1550 4303 1762 4372 punitus
1778 4319 1882 4359 non
1912 4316 1994 4360 est
2019 4306 2127 4361 :sic

545 4399 674 4440 sane
722 4387 860 4442 inter
899 4388 1039 4443 duos
1061 4390 1256 4459 justos,
1281 4392 1326 4445 si
1351 4393 1594 4448 alterhic
1616 4394 1762 4464 plus,
1794 4395 1930 4451 alter
1951 4397 2127 4452 minus

540 4478 818 4545 pertulerit
837 4478 1206 4546 afflictionum,
1236 4481 1440 4536 beatior
1463 4483 1568 4537 erit
1613 4483 1705 4538 ille
1750 4485 1838 4556 qui
1868 4485 1986 4555 plus
2011 4501 2128 4541 sus-

540 4569 775 4637 tinuerit,
820 4571 1032 4641 quando
1068 4573 1348 4644 unicuique
1388 4574 1573 4632 reddet
1615 4575 1766 4646 juxta
1819 4593 1984 4648 opera
2033 4593 2128 4634 sua

539 4659 754 4730 (Matth.
781 4662 868 4717 l6.
892 4663 1006 4736 27).

609 4749 708 4802 Aut
753 4750 836 4804 hic
881 4762 969 4806 aut
1021 4754 1074 4807 in
1109 4758 1286 4826 futuro
1325 4757 1637 4828 patiendum.
1662 4788 1733 4798 —
1761 4759 1898 4827 Quid
1930 4760 2128 4831 igitur?

542 4845 660 4901 Non
689 4857 772 4902 est
796 4848 1057 4919 quispiam
1078 4890 1095 4917 ,
1127 4849 1334 4920 inquies
1359 4893 1373 4918 ,
1399 4852 1489 4922 qui
1520 4863 1574 4908 et
1598 4853 1684 4907 hic
1722 4862 1777 4909 et
1813 4853 1919 4908 illic
1947 4856 2130 4925 requie

540 4939 952 4996 fruatur?lstud
1001 4942 1328 5012 impossibile
1387 4954 1567 5010 est,o
1613 4943 1775 4999 homo
1806 4986 1823 5012 ,
1853 4953 2012 5016 atque
2061 4961 2129 5002 ex

537 5043 721 5084 eorum
739 5046 962 5087 numero
988 5047 1106 5102 quae
1126 5031 1324 5088 frustra
1352 5047 1554 5102 speres.
1581 5033 1718 5088 Fieri
1741 5034 1881 5091 enim
1903 5051 2008 5089 non
2030 5050 2131 5105 po-

539 5131 664 5189 test,
692 5139 799 5178 non
832 5132 1009 5194 potest
1037 5125 1250 5196 inquam
1271 5165 1285 5190 ,
1315 5134 1371 5179 ut
1392 5127 1480 5194 qui
1506 5125 1593 5180 hic
1617 5125 1669 5179 in
1700 5126 1942 5180 socordia
1973 5141 2130 5182 secu-

540 5216 805 5288 ritateque
829 5217 1040 5284 vixerit,
1072 5219 1163 5288 qui
1191 5218 1242 5272 in
1273 5217 1479 5273 deliciis
1506 5217 1756 5273 omnibus
1775 5217 1988 5274 assidue
2013 5219 2129 5275 dies

540 5308 952 5378 consumpserit,
966 5310 1054 5380 qui
1082 5318 1285 5365 temere
1305 5311 1648 5381 neglecteque
1671 5313 1989 5382 transegerit
2003 5321 2130 5368 mta-

545 5407 652 5454 t-em
678 5438 695 5466 ,
724 5398 830 5454 illic
856 5399 1113 5455 honorem
1136 5411 1513 5472 consequatur.
1543 5401 1673 5456 Nam
1714 5403 1815 5457 etsi
1844 5412 2130 5474 paupertas

542 5493 590 5546 ei
617 5508 723 5547 non
743 5494 812 5548 sit
842 5493 1084 5560 molesta,
1113 5493 1374 5563 cupiditas
1403 5503 1580 5550 tamen
1601 5494 1822 5548 molesta
1842 5505 1944 5560 est,
1973 5505 2132 5565 atque

548 5581 670 5638 huic
694 5583 956 5639 obnoxius
984 5593 1066 5639 est
1092 5603 1107 5639 :
1135 5599 1236 5641 nec
1259 5584 1382 5639 hinc
1403 5585 1685 5641 mediocris
1712 5585 1884 5640 labor.
1908 5586 2060 5652 Quod
2086 5585 2132 5640 si

548 5673 762 5728 morbus
793 5691 899 5729 non
922 5674 1158 5744 infestat,
1183 5675 1277 5731 sed
1304 5675 1596 5732 inﬂammat
1619 5678 1693 5731 ira
1718 5718 1733 5742 ,
1755 5671 1825 5731 ne
1851 5677 1894 5731 is
1918 5677 2131 5746 quidem

550 5764 833 5820 mediocris
859 5766 1010 5824 dolor
1045 5768 1257 5824 vincere
1288 5767 1610 5823 iracundiam
1639 5787 1649 5822 :
1677 5768 1776 5826 etsi
1815 5766 2132 5835 afﬂictiones

1223 321 1290 377 'S.
1330 319 1610 378 JOANNIS
1648 315 2124 375 CllRYSOSTOMl
2163 317 2486 375 ARCHIEP.
2527 321 3060 384 CONSTANTINOP.

3640 345 3746 405 illm

2212 448 2316 488 non
2346 435 2648 508 irruperint,
2677 450 2852 499 tamen
2886 447 3234 516 cogitationes
3261 451 3414 508 malae
3441 455 3749 520 indesinenter

2213 522 2505 598 insurgunt.
2536 530 2648 587 Non
2693 545 2773 589 est
2810 547 2987 592 autem
3018 541 3250 611 vulgaris
3293 548 3484 617 negetii
3526 552 3748 614 refrenare

2210 618 2496 676 absurdam
2522 624 2896 694 cupiditatem,
2921 630 3172 688 cohibere
3205 635 3352 690 sitim
3383 637 3549 695 inanis
3570 644 3748 715 gloriae,

2211 725 2463 770 coercere
2492 716 2682 772 fastum
2704 761 2718 785 ,
2755 735 2786 775 a
2814 721 3020 780 deliciis
3043 734 3342 798 temperare
3362 771 3377 797 ,
3408 732 3458 786 in
3485 749 3653 805 aspera
3677 741 3742 796 de-

2212 815 2338 870 gere
2377 803 2678 876 disciplina.
2709 810 2840 866 Nam
2869 815 2957 883 qui
2994 815 3093 870 ista
3144 833 3248 872 non
3290 819 3511 890 fecerit,
3533 803 3634 882 fieri
3671 845 3750 884 non

2212 903 2390 963 potest
2419 906 2476 950 ut
2501 914 2748 970 umquam
2776 904 2957 960 salvus
2984 905 3092 960 fiat.
3120 907 3187 964 Ut
3211 919 3390 966 autem
3423 914 3662 987 intelligas
3691 920 3750 972 vi-

2213 994 2397 1040 ventes
2424 987 2476 1040 in
2498 988 2721 1055 deliciis,
2744 1008 2848 1049 non
2867 995 2980 1050 fieri
3002 997 3197 1064 salvos,
3223 1001 3350 1055 audi
3379 1003 3502 1072 quid
3521 1004 3583 1059 de
3603 1008 3752 1062 mulie-

2213 1090 2272 1130 re
2297 1077 2457 1133 vidua
2487 1080 2616 1136 dicit
2638 1082 2836 1140 Paulus
2864 1103 2879 1142 :
2912 1087 3038 1152 Quae
3056 1106 3168 1144 vero
3188 1092 3238 1144 in
3271 1092 3464 1148 deliciis
3487 1097 3609 1164 vicit,
3626 1099 3752 1154 virens

2213 1178 2414 1222 mortua
2441 1180 2512 1224 est
2536 1172 2614 1242 (1.
2647 1173 2782 1230 Tim.
2810 1177 2863 1232 5.
2894 1177 2972 1250 6).
3001 1179 3154 1247 Quod
3191 1183 3235 1236 si
3266 1181 3336 1238 de
3362 1185 3574 1242 muliere
3593 1189 3678 1242 hoc
3695 1190 3752 1242 (li-

2213 1267 2358 1314 ctum
2386 1270 2505 1330 est,
2531 1265 2698 1321 multo
2723 1269 2890 1339 magis
2931 1269 2998 1325 de
3023 1272 3138 1326 viro
3162 1272 3448 1329 dicendum
3477 1317 3492 1343 ,
3523 1286 3750 1347 propterea

2215 1367 2320 1406 non
2346 1365 2504 1427 posse
2537 1356 2650 1411 fieri
2682 1368 2738 1413 ut
2760 1358 2918 1416 homo
2955 1362 3042 1431 qui
3075 1364 3230 1418 talem
3259 1366 3389 1421 vivit
3417 1367 3568 1420 vitam
3588 1369 3752 1439 ,adipi-

2215 1454 2393 1500 scatur
2421 1448 2600 1503 cmlos.
2635 1449 2748 1505 lloc
2791 1453 2964 1520 ipsum
2993 1463 3048 1509 et
3084 1454 3328 1511 Christus
3353 1458 3622 1515 declaravit
3645 1461 3752 1516 hunc

2216 1535 2267 1589 in
2287 1537 2504 1592 modum
2527 1539 2747 1610 loquens
2773 1559 2787 1595 :
2810 1542 3038 1614 Angusta
3069 1555 3114 1599 et
3141 1558 3286 1600 arcta
3311 1559 3386 1602 est
3414 1550 3627 1620 oia,qurs
3649 1552 3753 1604 ducit

2213 1629 2282 1682 ad
2306 1630 2476 1695 vitam,
2493 1640 2540 1686 et
2554 1634 2705 1701 pauci
2728 1644 2843 1688 sunt
2867 1635 2953 1704 qui
2980 1637 3237 1692 inveniunt
3265 1656 3377 1693 eam
3395 1640 3592 1712 (Matth.
3608 1642 3654 1696 7.
3670 1642 3751 1714 ll).

2298 1719 2391 1774 Via
2417 1721 2626 1777 Domini
2663 1727 2912 1792 quomodo
2938 1744 3118 1798 aspera
3138 1739 3185 1783 et
3215 1747 3318 1784 non
3343 1748 3537 1802 aspera.
3565 1733 3752 1799 -ριιος

2216 1813 2378 1868 modo
2429 1814 2624 1886 igitur,
2655 1816 2850 1872 dixerit
2875 1819 3084 1889 aliquis,
3113 1821 3315 1877 dictum
3343 1831 3424 1877 est
3443 1823 3584 1891 illud,
3604 1822 3750 1895 Jugiun

2216 1921 2380 1958 meum
2417 1923 2568 1960 suave
2591 1918 2664 1960 est
2686 1950 2699 1972 ,
2722 1918 2768 1962 et
2796 1926 2922 1964 onus
2951 1926 3114 1965 meum
3143 1912 3248 1967 leve
3273 1913 3497 1983 (Matth.
3525 1916 3603 1970 ll.
3640 1915 3750 1985 50)?

2215 1996 2346 2051 Nam
2385 1999 2430 2052 si
2461 2008 2680 2070 angusta
2707 2010 2789 2055 est
2826 2002 2908 2056 via
2943 2011 2998 2057 et
3039 2019 3262 2073 aspera,
3292 2005 3555 2076 quomodo
3585 2021 3748 2060 rursum

2216 2102 2334 2143 eam
2382 2089 2552 2145 levem
2599 2090 2918 2164 facilemque
2947 2095 3138 2149 vocat?
3167 2095 3304 2151 lllud
3353 2096 3558 2166 quidem
3591 2096 3747 2151 dictum

2217 2187 2300 2235 est
2347 2191 2565 2251 propter
2610 2190 2851 2239 naturam
2893 2185 3241 2240 afllictionum
3265 2227 3278 2252 ,
3313 2186 3414 2241 hoc
3439 2201 3559 2242 vero
3587 2195 3751 2256 propter

2217 2283 2569 2344 spontaneum
2601 2276 2933 2332 voluntatem
2965 2278 3298 2333 adeuntium.
3333 2278 3463 2334 Nam
3491 2278 3596 2334 ﬁeri
3618 2287 3748 2349 potest

2219 2373 2278 2420 ut
2299 2365 2439 2436 quod
2465 2374 2652 2421 natura
2679 2377 2761 2423 est
2785 2368 3140 2436 intolerabile,
3163 2371 3390 2438 sitleve,
3407 2371 3450 2427 si
3470 2385 3579 2426 cum
3603 2369 3750 2424 alacri-

2221 2467 2329 2515 tate
2372 2459 2539 2514 animi
2583 2461 2977 2531 suscipiamus:
3007 2463 3456 2534 quemadmodum
3490 2472 3540 2519 et
3573 2459 3748 2532 apostoli

2220 2553 2399 2625 ﬂagris
2424 2555 2546 2609 caesi
2573 2555 2773 2610 reversi
2799 2563 2928 2610 sunt
2953 2555 3270 2626 gaudentes,
3299 2555 3440 2627 quod
3463 2555 3592 2626 digni
3614 2560 3751 2607 essent

2221 2648 2385 2703 habiti
2412 2664 2508 2719 pro
2528 2649 2743 2704 nomine
2763 2649 2971 2704 Domini
2997 2649 3285 2720 ignominia
3302 2650 3441 2705 affici
3462 2649 3586 2720 (Act.
3601 2648 3644 2702 5.
3663 2645 3747 2713 ll).

2221 2739 2552 2810 Quamquam
2579 2748 2767 2795 natura
2794 2740 3124 2796 eruciatuum
3167 2740 3508 2796 afﬂictionem
3541 2737 3750 2793 dolorem-

2221 2847 2325 2902 que
2344 2832 2480 2887 solet
2495 2833 2734 2903 gignere,
2750 2847 2935 2890 verum
2956 2833 3165 2889 animus
3191 2844 3471 2904 promptus
3493 2827 3746 2897 eorum,qu

2225 2923 2649 2994 ﬂagellabantur,
2679 2939 2858 2979 rerum
2890 2934 3132 2980 naturam
3165 2927 3313 2981 vicit.
3344 2924 3562 2981 Proinde
3583 2932 3630 2977 et
3650 2920 3748 2974 Pau-

2224 3012 2308 3068 lus
2333 3013 2497 3082 dicit,
2525 3014 2711 3070 Omnes
2750 3017 2837 3086 qui
2863 3016 3033 3070 volunt
3062 3017 3142 3085 pie
3169 3018 3334 3072 vivere
3369 3017 3423 3071 in
3462 3014 3634 3070 Christo
3655 3009 3747 3064 Iesu

2225 3113 2658 3179 persequutionem
2688 3108 2944 3176 patientur
2969 3107 3046 3181 (Ξ.
3076 3107 3210 3161 Tim.
3239 3110 3296 3165 3.
3327 3107 3436 3181 12).
3458 3107 3524 3162 Ει
3556 3105 3594 3160 si
3627 3103 3746 3157 homo

2225 3214 2330 3254 non
2377 3209 2765 3269 persequatur,
2820 3199 3066 3256 diabolus
3111 3211 3291 3257 tamen
3339 3205 3607 3271 oppugnat.
3638 3191 3747 3250 Unde

2225 3291 2390 3344 multa
2417 3291 2572 3346 nobis
2597 3307 2730 3362 opus
2755 3301 2838 3348 est
2866 3292 3198 3364 philosophia
3225 3335 3242 3361 ,
3277 3293 3439 3348 multa
3463 3286 3744 3347 fortitudine,

2225 3389 2284 3435 ut
2314 3381 2367 3435 in
2397 3381 2648 3452 precibus
2671 3381 2949 3453 vigilemus
2967 3425 2984 3453 ,
3010 3399 3108 3441 nec
3137 3400 3390 3454 umquam
3416 3381 3713 3439 dormitemus
3731 3414 3743 3438 ,

2227 3487 2295 3527 ne
2347 3489 2436 3528 res
2480 3474 2684 3528 alienas
2725 3475 3163 3546 concupiscamus
3193 3485 3293 3532 :ut
3330 3490 3446 3548 quae
3496 3467 3744 3533 adsunt,in

2226 3579 2424 3634 egenos
2463 3564 2846 3621 distribuamus
2865 3608 2880 3634 ,
2906 3575 2964 3621 ut
3005 3567 3252 3623 omnibus
3279 3567 3480 3623 deliciis
3498 3564 3603 3620 vale
3638 3559 3745 3614 dica-

2227 3669 2367 3722 mus,
2397 3670 2463 3711 ac
2483 3656 2724 3710 nuntium
2746 3657 3099 3723 remittamus,
3131 3667 3241 3713 tum
3268 3659 3335 3714 iis
3359 3672 3471 3728 quae
3493 3661 3601 3710 sunt
3617 3651 3658 3704 in
3679 3662 3744 3700 ve-

2227 3746 2418 3813 stibus,
2449 3756 2558 3802 tum
2588 3748 2653 3802 iis
2669 3764 2788 3819 qua:
2812 3760 2936 3804 sunt
2957 3749 3009 3802 in
3039 3765 3244 3817 mensa,
3265 3757 3327 3804 ut
3350 3747 3602 3804 avaritiam
3623 3738 3744 3809 fugi:-

2228 3856 2348 3896 mus
2372 3882 2388 3907 ,
2419 3849 2477 3895 ut
2526 3840 2836 3896 ebrietatem
2866 3883 2882 3909 ,
2910 3852 2968 3896 ut
3014 3841 3440 3896 maledicentiam
3464 3838 3683 3894 vitemus,
3707 3835 3747 3881 ul

2228 3932 2422 4002 linguae
2453 3941 2832 4002 temperemus,
2863 3949 3036 4004 neque
3062 3933 3417 3989 vociferemur
3441 3924 3744 3997 incomposite.

2231 4025 2437 4096 (Omnis
2462 4026 2594 4080 enim
2619 4027 2954 4081 amarulentia
2982 4069 2996 4092 ,
3028 4029 3296 4082 commotio
3317 4069 3332 4094 ,
3365 4037 3410 4081 et
3433 4020 3662 4079 iracundia
3680 4058 3692 4082 ν
3714 4022 3746 4066 εί

2229 4118 2422 4172 clamor
2444 4159 2460 4186 ,
2483 4127 2529 4172 et
2567 4119 2878 4189 blasphemia
2915 4119 3122 4174 tollatur
3147 4137 3180 4173 a
3199 4119 3338 4176 vobis
3359 4117 3560 4191 [Ep/tes.
3579 4113 3625 4166 4.
3643 4105 3743 4177 EID-

2231 4209 2308 4264 Ne
2334 4212 2562 4266 obscena
2590 4211 2869 4280 loquamur
2889 4251 2902 4276 ,
2927 4227 2994 4265 ne
3025 4211 3181 4266 dictis
3214 4211 3432 4266 urbanis
3463 4207 3744 4262 delectemur.

2231 4294 2346 4357 Non
2390 4311 2471 4358 est
2510 4302 2798 4357 mediocris
2829 4303 3023 4358 laboris
3053 4302 3103 4356 in
3133 4302 3215 4356 his
3241 4295 3518 4372 perfectam
3546 4299 3744 4364 ιιικιυειπο

2231 4394 2544 4449 custodiam.
2570 4394 2745 4464 Atque
2766 4403 2822 4449 ut
2850 4393 3111 4464 intelligas
3139 4404 3334 4463 quanta
3361 4407 3448 4447 res
3482 4391 3540 4444 sit
3572 4381 3744 4478 philo“):

2233 4485 2386 4554 phari
2412 4527 2426 4551 ,
2453 4501 2721 4556 quamque
2747 4502 2850 4540 non
2875 4486 3071 4541 habeat
3091 4487 3465 4541 relaxationem
3486 4524 3500 4548 ,
3525 4476 3629 4532 audi
3657 4465 3744 4541 quid

2233 4574 2362 4630 dicit
2386 4575 2580 4630 Paulus
2603 4595 2615 4628 ε
2639 4575 2840 4647 Castigo
2857 4593 3038 4646 corpus
3057 4593 3243 4643 meum,
3263 4586 3309 4630 et
3329 4577 3380 4631 in
3400 4572 3650 4662 servitutem

2231 4659 2314 4730 igo
2332 4661 2406 4730 (l.
2432 4658 2551 4714 Cor.
2597 4659 2646 4714 9.
2670 4659 2765 4730 27)
2791 4678 2802 4713 :
2827 4660 2928 4715 hoc
2953 4660 3137 4715 dicens
3161 4661 3385 4730 aperuit,
3404 4663 3580 4729 quanta
3595 4657 3744 4706 sitno-

2234 4752 2414 4819 lentia,
2442 4761 2775 4823 quantusque
2804 4753 2975 4819 labor,
2998 4767 3158 4822 quem
3179 4760 3390 4822 oportet
3413 4747 3645 4803 sustinere
3661 4746 3742 4795 eos,

2233 4845 2322 4914 qui
2345 4843 2528 4898 volunt
2567 4858 2760 4912 corpus
2790 4843 3016 4899 reddere
3060 4844 3112 4898 in
3143 4845 3388 4899 omnibus
3411 4839 3670 4908 subjectum
3701 4836 3744 4879 ac

2235 4913 2531 4991 tractabile.
2573 4935 2712 5002 Quin
2750 4945 2804 4989 et
2823 4934 3073 4990 Christus
3102 4935 3372 5006 discipulis
3394 4933 3463 4987 ait
3489 4948 3502 4986 :
3525 4927 3582 4981 In
3604 4913 3742 4976 mundo

2235 5043 2520 5098 pressuram
2573 5027 2813 5080 habebitis
2843 5067 2858 5093 ,
2895 5026 2984 5080 sed
3023 5027 3283 5096 conﬁdite,
3309 5043 3398 5098 ego
3436 5022 3523 5079 uici
3559 5009 3742 5104 mundtlt”

2235 5097 2413 5190 (Joan.
2443 5121 2529 5175 16.
2575 5119 2691 5190 55).
2719 5119 2865 5184 llam,
2894 5119 3098 5190 inquit,
3127 5097 3348 5174 afﬂictio
3391 5111 3602 5184 requiem
3633 5097 3741 5154 vobis

2234 5212 2558 5268 conciliabit.
2581 5211 2944 5266 Certaminum
2960 5219 3044 5266 est
3057 5225 3218 5265 arena
3239 5221 3462 5280 praesens
3481 5201 3572 5256 vita
3595 5198 3742 5262 :porr0

2235 5305 2288 5358 in
2319 5303 2695 5359 certaminibus
2723 5319 2880 5359 nemo
2899 5310 3077 5373 potest
3102 5301 3206 5356 frui
3227 5301 3404 5372 requie
3421 5293 3505 5367 qui
3540 5291 3740 5380 coronare

2237 5394 2337 5450 dus
2363 5396 2450 5449 sit.
2480 5396 2661 5465 Itaque
2680 5395 2770 5464 qui
2793 5395 2919 5449 velit
2945 5395 3213 5459 coronari,
3237 5404 3469 5464 asperam
3488 5399 3543 5438 ac
3559 5377 3739 5437 laborio-

2237 5499 2350 5539 sam
2367 5486 2529 5539 vitam
2553 5485 2827 5554 suscipiat,
2847 5493 2904 5538 ut
2925 5492 3204 5554 postquam
3232 5482 3316 5536 hic
3341 5481 3535 5535 brevem
3559 5466 3737 5523 laborem

2240 5577 2572 5644 sustinuerit,
2597 5577 2707 5631 illic
2729 5577 3000 5647 perpetuis
3027 5575 3318 5631 honoribus
3336 5573 3537 5628 fruatur.
3688 5637 3712 5648 η

2311 5670 2363 5723 7.
2403 5640 2804 5741 Quot-singulis
2826 5640 3020 5724 diebus
3047 5669 3289 5724 accidunt
3313 5654 3578 5722 molestias?
3595 5640 3732 5741 Qualis

2241 5732 2537 5822 autemwcst
2565 5732 2726 5816 animi
2751 5800 2766 5828 ,
2796 5775 2900 5815 non
2930 5759 3188 5830 indignari
3214 5801 3227 5825 ,
3259 5772 3361 5814 non
3387 5749 3580 5810 molesto
3609 5732 3728 5786 ferre,
