3958 6358
158 336 262 397 999

159 463 206 501 τι
250 463 417 517 φησιν
454 445 484 498 6
522 445 741 511 Παῦλος
771 443 1094 518 κατηγορῶν
1137 441 1249 496 τῶν
1282 437 1518 504 ἀναξίως
1559 452 1748 492 κοινω-

158 530 397 587 νούντων
426 534 538 596 τοῖς
565 531 904 603 μυστηρίοις·
944 528 1114 583 εἰπὼν
1139 527 1270 598 γὰρ,
1302 525 1384 579 ὅτι
1427 524 1493 577 '0
1528 520 1751 575 ἐσθίων

158 616 261 671 καὶ
293 616 489 669 πίνων
516 615 581 669 τὸ
609 614 782 684 σῶμα
802 613 900 668 καὶ
930 609 1076 683 αἷμα
1093 610 1358 675 ἀναξίως
1391 606 1498 661 τοῦ
1524 604 1751 673 Κυρίου

159 699 380 770 ἔνοχος
415 698 590 753 ἔσται
629 698 736 753 τοῦ
765 696 1045 767 σώματος
1081 694 1182 749 καὶ
1211 692 1318 747 τοῦ
1355 691 1605 761 αἵματος
1646 684 1754 770 τοῦ

157 782 447 852 Χριστοῦ,
506 783 787 853 ἐπήγαγεν
808 780 1060 843 ιεὺθέωςτ
1112 777 1219 833 Διά
1269 775 1446 831 τοῦτο
1497 773 1569 827 ἐν
1611 769 1756 841 ὑμῖν

161 865 388 921 πολλοὶ
427 864 706 932 ἀσθενεῖς
755 864 853 918 καὶ
901 862 1216 932 ἄρρωστοι,
1276 859 1379 913 καὶ
1437 855 1757 926 κοιμῶνται

162 952 386 1007 han-al.
419 952 490 1004 El
513 948 624 1019 γὰρ
647 947 903 1014 ἑαυτοὺς
921 947 1258 1016 ὲκρίνομεν,
1287 945 1400 998 οὐκ
1426 940 1504 996 ἂν
1521 938 1755 1009 ἐκρινό-

157 1036 337 1104 μεθιν
394 1033 513 1088 νῦν
552 1031 621 1086 δὲ
659 1033 1001 1101 κρινόμενοι
1043 1029 1165 1085 ὑπὸ
1205 1026 1312 1081 τοῦ
1346 1024 1594 1094 Κυρίου,
1622 1038 1757 1076 παι-

160 1118 480 1188 δευόμεθα,
522 1118 625 1171 ἵνα
662 1115 749 1187 μὴ
791 1115 915 1170 σὺν
947 1114 1027 1181 τῷ
1057 1114 1262 1182 κόσμῳ
1290 1104 1754 1178 κατακριθῶμεν.

175 1204 346 1276 Ὁρᾷς
385 1201 501 1265 πῶς
546 1202 579 1272 ἡ
623 1198 860 1253 ἐνταῦθα
906 1196 1128 1261 κόλασις
1166 1193 1466 1267 ἐξαρπάζει
1500 1192 1615 1276 τῆς
1643 1190 1761 1243 ἐκεῖ

161 1274 440 1359 τιμωρίας
469 1286 651 1357 ἡμᾶςς
692 1285 802 1338 Καὶ
831 1283 960 1354 περὶ
985 1282 1079 1335 τοῦ
1103 1278 1540 1353 πεπορνευκότος
1564 1274 1621 1329 δέ
1656 1290 1759 1344 φης

163 1389 245 1427 σι’
261 1370 569 1440 Παράδοτε
588 1369 696 1424 τὸν
719 1368 996 1423 τοιοῦτον
1021 1366 1102 1433 τῷ
1128 1362 1367 1432 Σατανᾷ
1388 1366 1477 1431 εὶς
1509 1362 1761 1429 ὄλεθρον

161 1453 280 1524 τῆς
313 1453 566 1523 σαρκὸς,
607 1453 708 1507 ἵνα
749 1452 817 1506 τὸ
853 1451 1092 1521 πνεῦμα
1140 1448 1309 1518 σωθῇ
1354 1448 1425 1502 ὲν
1466 1444 1543 1514 τῇ
1568 1443 1762 1512 ἡμέρᾳ

164 1523 277 1593 τοῦ
321 1538 543 1606 Κυρίου
589 1535 762 1607 ἡμῶν
802 1535 1010 1604 Ἰησοῦ
1051 1532 1332 1603 Χριστοῦ.
1370 1530 1479 1586 Καὶ
1518 1528 1627 1583 ἀπὸ
1663 1523 1759 1579 τοῦ

164 1623 426 1694 Λαζάρου
472 1623 529 1677 δὲ
574 1623 732 1676 10610
762 1620 943 1691 δῆλον,
985 1619 1066 1673 ὅτι
1109 1619 1240 1672 εἴτι
1273 1616 1444 1671 κακὸν
1481 1612 1759 1682 ἐποίησεν,

164 1707 407 1761 ἐνταῦθα
451 1704 611 1760 τοῦτο
655 1703 1085 1773 ἀπονιψάμενος,
1143 1700 1318 1765 οὑτως
1366 1697 1608 1767 ἀπῆλθεν
1647 1696 1764 1749 ἐκεῖ

164 1790 431 1863 καθαρός
467 1791 562 1844 καὶ
592 1789 703 1844 ἀπὸ
741 1787 837 1842 τοῦ
883 1786 1330 1858 παραλελυμένου
1367 1783 1427 1839 δὲ
1458 1781 1617 1836 τοῦτό
1644 1781 1760 1833 ἐστι

163 1876 351 1947 δῆλον,
378 1875 437 1942 6;
474 1878 774 1948 τριάκοντα
804 1873 899 1928 καὶ
922 1870 1067 1926 ὀκτὼ
1102 1869 1197 1941 ἔτη
1233 1870 1372 1940 ἔχων
1407 1869 1466 1921 ἐν
1495 1869 1562 1938 τῇ
1600 1865 1762 1920 ἀσθευ

165 1959 311 2030 νείᾳ,
357 1958 444 2013 διὰ
479 1956 575 2011 τοῦ
611 1959 820 2029 μήκους
851 1958 951 2029 τῆς
989 1953 1305 2029 ἀρρωστίας
1349 1952 1444 2006 καὶ
1475 1950 1545 2004 τὰ
1584 1950 1763 2020 ἁμαρ-

167 2044 393 2116 τήματα
449 2041 705 2097 ἀπέθετο.
768 2042 890 2097 Ὅτι
951 2041 1009 2095 δὲ
1053 2038 1114 2105 ἐξ
1161 2036 1575 2110 ἁμαρτημάτων
1619 2030 1764 2116 οὑτω

166 2114 425 2190 διέκειτο,
464 2126 695 2181 ἄκουσον
739 2125 792 2180 τί
830 2142 995 2198 φησιν
1033 2126 1062 2178 ό
1102 2120 1359 2194 Χριστός
1411 2118 1556 2182 Ἴδε,
1587 2114 1765 2186 ὑγιὴς

168 2210 447 2283 γέγονας-ο
473 2210 690 2281 μηκέτι
730 2209 1051 2279 ἁμάρτανε,
1086 2208 1190 2262 ἵνα
1214 2205 1300 2278 μὴ
1331 2203 1536 2273 χεῖρόν
1572 2200 1630 2254 τί
1667 2214 1766 2253 σοι

170 2296 439 2364 πένηται.
473 2297 594 2349 ’Ότι
637 2296 734 2366 μὲν
773 2289 866 2348 οὖν
918 2309 1065 2356 τινες
1117 2288 1355 2346 ἐνταῦθα
1420 2285 1762 2350 κολάζονται,

172 2381 271 2434 καὶ
298 2380 368 2434 τὰ
394 2380 767 2451 ἁμαρτήματα
790 2376 1160 2441 ἀποτίθενται,
1187 2373 1344 2446 δῆλον
1371 2373 1436 2426 ἐκ
1462 2369 1694 2423 τούτων.

250 2468 326 2530 ς’.
362 2450 485 2518 ’Ότι
517 2463 575 2517 δέ
601 2450 746 2527 τινες
772 2463 865 2516 καὶ
889 2459 1126 2516 ἐνταῦθα
1165 2459 1258 2513 καὶ⁵
1282 2459 1398 2510 ἐκεῖ
1424 2450 1765 2519 κολάζονται,

171 2548 307 2602 ὅταν
344 2550 418 2619 μὴ
453 2548 552 2619 τὴν
578 2546 734 2612 ἀξίαν
764 2546 859 2600 106
901 2545 1165 2618 μεγέθους
1206 2541 1317 2595 τῶν
1351 2536 1769 2612 ἁμαρτημάτων

176 2632 416 2687 ἐνταῦθα
438 2630 756 2688 ἀπολάϐωσι
783 2630 1079 2702 τιμωρίαν,
1108 2628 1341 2683 ἄκουσον
1376 2624 1506 2697 περὶ
1535 2622 1643 2676 τῶν
1675 2621 1770 2674 Σο-

174 2714 416 2786 δομιτῶν
455 2715 508 2769 τί
542 2732 708 2786 φησιν
737 2717 766 2769 6
796 2712 1053 2787 Xp:016;'
1088 2709 1259 2765 εἰπὼν
1292 2707 1423 2779 γὰρ,
1457 2708 1541 2761 ὅτι
1566 2708 1664 2772 Ὃς
1693 2702 1772 2759 ἂν

177 2800 264 2871 μὴ
322 2799 568 2867 δέξηται
618 2798 797 2869 ὑμᾶς,
852 2794 1246 2869 ἁποτινάξετε
1302 2793 1412 2847 τὸν
1458 2787 1773 2858 κονιορτὸν

178 2884 303 2937 τῶν
334 2881 538 2938 ποδῶν
568 2882 757 2952 ὑμῶν,
808 2882 1057 2951 ἐπήγαγε
1108 2879 1301 2948 λέγων·
1354 2874 1774 2942 Ἀνεκτότερον

177 2968 355 3023 ἔσται
390 2964 471 3036 γῇ
501 2965 782 3035 Σοδόμων
818 2964 919 3019 καὶ
952 2965 1265 3033 Γομόρρας
1298 2962 1367 3016 ἐν
1410 2959 1601 3030 ἡμέρᾳ
1648 2956 1776 3026 κρί-

178 3067 360 3118 σεως,
392 3049 430 3119 ἢ
456 3048 533 3119 τῇ
555 3050 730 3104 πόλει
754 3048 982 3117 ἐκείνῃ.
1006 3046 1098 3118 Τῷ
1129 3046 1238 3118 γὰρ
1267 3047 1442 3100 εἰπεῖν
1467 3042 1777 3098 ἀνεκτότε-

178 3153 314 3207 ρον,
368 3135 527 3190 τοῦτο
568 3134 856 3207 ἐδήλωσεν,
903 3133 987 3186 ὅτι
1036 3133 1282 3186 κάκεῖνοι
1342 3128 1775 3200 κολασθήσονται

185 3220 311 3292 μὲν,
344 3217 675 3290 κουφότερον
702 3217 781 3284 δὲ,
818 3215 1008 3288 ἐπειδὴ
1055 3215 1149 3270 καὶ
1177 3213 1410 3270 ἐνταῦθα
1453 3211 1660 3266 ἔδωκαν
1696 3209 1776 3262 δί-

185 3320 313 3376 κην,
344 3304 465 3357 Ὅτι
494 3302 551 3356 δέ
585 3302 692 3356 εἰσί
725 3319 871 3366 τινες
904 3302 953 3355 οἱ
978 3299 1212 3355 ἐνταῦθα
1244 3298 1344 3371 μὲν
1370 3297 1525 3351 οὐδὲν
1551 3296 1779 3366 πάσχον-

183 3405 282 3453 τες
325 3386 521 3451 δεινὸν,
556 3388 674 3439 ἐκεῖ
723 3385 782 3439 δὲ
833 3386 1014 3440 πᾶσαν
1069 3384 1433 3454 ὑπομένοντες
1485 3379 1777 3451 τιμωρίαν,

184 3472 461 3545 ἐδήλωσεν
496 3472 628 3542 ἡμῖν
671 3468 989 3532 ό.πλούσιος
1028 3460 1205 3533 οὗτος,
1250 3466 1625 3540 ἀπαραίτητον
1665 3466 1783 3519 ἐκεῖ

186 3557 416 3611 κόλασιν
447 3554 754 3626 ὑπομένων,
782 3553 877 3608 καὶ
910 3552 1046 3625 μηδέ
1077 3552 1280 3623 μικρᾶς
1302 3549 1591 3604 ἀπολαύων
1612 3565 1783 3621 παρα-

192 3640 398 3714 μυθίας
431 3639 518 3693 διά
552 3638 615 3693 16
648 3641 830 3693 πᾶσαν
872 3637 989 3691 ἐκεῖ
1023 3637 1328 3709 τηρηθῆναι
1376 3634 1526 3707 αὑτῷ
1560 3633 1658 3706 τὴν
1697 3650 1781 3686 1:-

193 3723 435 3797 μωρίαν.
471 3724 684 3794 Ὥσπερ
707 3717 801 3776 οὖν
829 3721 923 3774 ἐπὶ
943 3719 1053 3773 τῶν
1087 3719 1507 3791 ἁμαρτανόντων
1532 3719 1583 3772 οἱ
1614 3716 1781 3789 μηδὲν

190 3808 464 3872 παθόντες
495 3806 730 3862 ἐνταῦθα
759 3806 952 3871 δεινὸν,
984 3803 1205 3876 μείζονα
1228 3805 1550 3873 ὑφίστανται
1581 3801 1681 3874 τὴν
1705 3818 1786 3854 τι-

196 3894 415 3969 μωρίαν
454 3893 590 3955 ὲκεῖ,
623 3891 798 3955 οὕτως
830 3891 926 3944 ἐπὶ
957 3889 1068 3943 τῶν
1102 3887 1513 3959 κατορθούντων
1541 3887 1592 3941 οἱ
1618 3883 1789 3940 πολλά

194 3979 468 4041 παθόντες
494 3975 729 4030 ἐνταῦθα
757 3973 928 4038 δεινὰ,
952 3971 1158 4043 πολλῆς
1192 3970 1590 4026 ἀπολαύσονται
1623 3970 1790 4042 τιμῆς

194 4067 342 4120 ἐκεῖ.
371 4062 485 4117 Καὶ
514 4060 767 4133 καθάπερ
806 4057 1148 4131 ἁμαρτωλῶν
1185 4058 1354 4113 ὄντων
1384 4057 1496 4124 δύο,
1531 4057 1598 4112 ἂν
1636 4057 1666 4109 6
1692 4057 1791 4127 μὲν

195 4148 442 4206 ἐνταῦθα
485 4145 746 4217 κολασθῇ,
783 4145 811 4198 6
862 4144 921 4196 δὲ
959 4141 1034 4213 μὴ
1069 4139 1331 4212 κολασθῇ,
1374 4139 1792 4212 μακαριώτερός

196 4239 353 4290 ἐστιν
396 4234 426 4286 6
458 4229 746 4293 κολασθεὶς
775 4224 869 4281 τοῦ
905 4225 979 4297 μὴ
1015 4224 1390 4286 κολασθέντος·
1427 4222 1570 4277 οὕτω
1598 4222 1663 4294 δὴ
1698 4224 1794 4276 καὶ

195 4318 429 4374 δικαίων
475 4313 710 4370 ἐνταῦθα
759 4313 927 4365 όντων
957 4309 1071 4375 δύο,
1095 4308 1162 4363 ἂν
1200 4310 1228 4362 6
1268 4308 1365 4378 μὲν
1406 4306 1644 4372 πλείους,
1679 4309 1709 4361 6
1736 4306 1794 4360 δὲ

201 4403 466 4465 ἐλάττους
502 4395 769 4470 ὑπομείνῃ
795 4394 893 4458 τὰς
921 4391 1149 4462 θλίψεις,
1185 4389 1600 4463 μακαριώτερος
1633 4391 1663 4443 6
1696 4390 1797 4453 τὰς

204 4486 428 4550 πλείους
478 4483 766 4555 ὑπομένων
818 4479 986 4547 ἐστὶν,
1031 4477 1220 4547 ἐπειδὴ
1266 4476 1483 4549 ἑκάστῳ
1527 4476 1797 4531 ἀποδώσει

204 4568 356 4628 κατά
375 4568 446 4624 τά
476 4567 614 4640 ἔργα
640 4563 826 4620 αὑτοῦ.

280 4700 349 4754 Τί
374 4693 504 4766 06v;
548 4698 651 4752 οὑκ
679 4697 794 4751 ἔστι
836 4713 920 4759 τις
954 4694 1049 4748 καὶ
1079 4692 1335 4755 ἐνταῦθα,
1367 4691 1520 4763 φησὶ,
1559 4690 1653 4746 καὶ
1686 4690 1804 4743 ἐκεῖ

204 4783 455 4847 ἀνέσεως
497 4782 816 4846 ἀπολαύων;
856 4781 1163 4850 Ἀμήχανον
1191 4776 1350 4830 τοῦτό
1382 4776 1551 4841 ἐστιν,
1597 4773 1806 4846 ἀνθρω-

212 4887 309 4934 πε,
341 4868 438 4922 καὶ
462 4865 573 4921 τῶν
605 4864 882 4919 ἀδυνάτων
908 4862 988 4915 ἓν.
1014 4863 1091 4915 Οὐ
1112 4859 1221 4932 γὰρ
1246 4859 1414 4923 ἔστιν,
1444 4860 1544 4913 οὑκ
1574 4858 1689 4912 ἔστι
1712 4857 1807 4912 τὸν

213 4950 456 5008 ἐνταῦθα
492 4949 766 5022 ῥᾳθυμίας
801 4947 896 5001 κα)⁹
923 4945 1107 5010 ἀδείας
1138 4943 1502 5007 ἀπολαύοντα,
1543 4943 1638 4998 καὶ
1675 4960 1809 5013 τρυ-

213 5037 411 5108 φῶντα
464 5033 705 5105 συνεχῶς
747 5032 805 5086 ὲν
855 5032 1011 5094 πᾶσι,
1056 5028 1152 5083 καλ⁵
1186 5028 1277 5083 τὸν
1311 5029 1434 5099 εἰκῆ
1484 5028 1579 5082 καὶ
1622 5027 1809 5092 ἀπλῶς

218 5120 404 5187 ζῶντα
453 5116 589 5188 βίον,
632 5115 800 5186 τιμῆς
841 5112 1146 5167 ἀπολαῦσαι
1182 5113 1318 5166 ἐκεῖ.
1363 5111 1483 5166 Κᾶν
1509 5110 1619 5183 γὰρ
1652 5110 1812 5164 πενία

222 5203 305 5275 μὴ
337 5200 551 5272 ἐνοχλῇ,
602 5199 716 5254 ἀλλ’
753 5196 1018 5267 ἐπιθυμία
1068 5194 1292 5266 ἐνοχλεῖ,
1336 5194 1430 5248 καὶ
1479 5193 1567 5248 διά
1608 5192 1813 5264 ταύτης

220 5285 537 5355 κατέχεται,
565 5284 661 5337 καὶ
686 5281 745 5336 οὑ
771 5279 968 5353 μικρὸς
994 5279 1051 5333 ἐν
1076 5277 1252 5349 τούτῳ
1275 5280 1303 5332 ὁ
1327 5279 1507 5343 πόνος·
1538 5277 1641 5332 κᾶν
1662 5278 1815 5340 νόσος

228 5369 309 5442 μὴ
339 5366 644 5440 ἐπηρεάζῃ,
678 5364 815 5419 ἀλλά
844 5362 1014 5434 θυμὸς
1043 5361 1277 5429 ἐκκαίει,
1309 5362 1401 5415 καὶ
1423 5363 1523 5433 οὑχ
1551 5363 1584 5431 ἡ
1618 5360 1816 5432 τυχοῦ-

226 5473 302 5510 σα
335 5452 496 5523 ὀδύνη
537 5449 687 5524 [745]
725 5446 1106 5521 περιγενέσθαι
1144 5446 1334 5518 ὀργῆς·
1382 5446 1486 5500 κᾶν
1519 5447 1818 5518 πειρασμοὶ

232 5541 311 5612 μὴ
340 5535 728 5606 ὲπενεχθῶσιν,
759 5532 895 5587 ἀλλά
926 5531 1179 5603 λογισμοὶ
1208 5530 1432 5603 πονηροὶ
1461 5531 1701 5603 συνεχῶς
1729 5534 1820 5584 ἐπ-

227 5622 571 5679 ανίστανται.
605 5619 720 5672 Οὑκ
760 5616 874 5670 ἔστι
920 5615 978 5669 δὲ
1009 5615 1070 5668 τὸ
1096 5615 1258 5685 τυχὸν
1290 5613 1585 5685 χαλινῶσαι
1633 5614 1821 5668 ἐπιθυ-

233 5708 368 5781 μίαν
402 5706 626 5767 ἀτοπον,
664 5699 869 5755 παῦσαι
914 5698 1240 5764 κενοδοξίαν,
1291 5698 1640 5754 καταστεῖλαι
1688 5700 1822 5754 ἀπό-

229 5808 405 5857 νοιαν,
454 5788 665 5862 τρυφῆς
708 5784 1032 5856 ἀποστῆναι,
1076 5785 1132 5838 ἐν
1162 5784 1553 5857 σκληραγωγίᾳ
1591 5784 1819 5854 διάγειν.

1444 323 1534 379 DE
1574 319 1854 377 LAZHRO
1888 317 2140 376 CONCIO
2177 316 2273 373 llr:

3307 306 3470 363 ιοοοι.

1861 432 1951 488 τὸν
1985 433 2095 507 γὰρ
2133 433 2208 506 μὴ
2230 430 2405 486 ταῦτα
2447 428 2541 484 καὶ
2574 428 2642 482 τὰ
2670 426 2893 482 τοιαῦτα
2936 422 3189 478 ποιοῦντα
3222 423 3445 495 ἀμήχαι

1859 545 1949 582 νον
1977 524 2219 597 σωθῆναί
2242 540 2393 577 ποτε.
2419 523 2533 576 Καὶ⁸
2556 522 2638 575 ὅτι
2666 521 2715 575 οἱ
2740 517 3057 592 τρυφῶντες
3075 515 3137 569 οὑ
3162 514 3447 581 σώζονται,

1861 619 2091 673 ἄκουσον
2124 616 2176 672 τί
2211 634 2376 689 φησιν
2403 616 2431 668 6
2452 614 2666 678 Παῦλος
2694 614 2823 686 περὶ
2851 611 3110 682 γυναικὸς
3139 611 3334 682 χήραςο
3379 610 3473 664 Ἥ.

1862 711 1930 766 δὲ
1961 709 2361 772 σπαταλῶσα,
2389 706 2546 769 ζῶσα
2566 706 2879 772 τέθνηκεν.
2914 705 2978 757 Εἰ
3007 703 3066 757 δὲ
3100 702 3228 772 περὶ
3256 717 3449 771 γυναι-

1862 805 1959 870 κὸς
2000 804 2159 860 τοῦτο
2199 804 2434 877 εἴρηται,
2472 799 2653 872 πολλῴ
2685 799 2887 871 μᾶλλον
2920 797 3050 871 περί
3091 794 3304 868 ἀνδρός.
3342 793 3459 847 Καὶ.

1864 900 1947 954 ὅτι
1988 898 2090 953 οὑκ
2134 897 2253 951 ἐστι
2290 894 2415 950 τινὰ
2456 893 2643 949 ἄνετον
2679 890 2859 957 ζῶντα
2890 890 3004 962 βίον
3033 889 3315 959 ἐπιτυχεῖν
3343 886 3460 962 τῶνἶ
3560 880 3567 887 ’

1864 989 2130 1061 οὐρανῶν,
2164 990 2259 1043 καὶ
2294 989 2324 1041 ό
2348 985 2585 1060 Χριστὸς
2613 983 2773 1038 10610
2800 960 2935 1037 αὑτὸ
2980 980 3157 1053 δῆλονι
3176 960 3459 1048 ἐποίησεν,

1864 1081 2041 1146 οὕτως
2062 1081 2251 1136 εἰπών’
2290 1078 2487 1160 Στενὴ
2510 1078 2608 1133 καὶ
2640 1075 3002 1147 τεθλιμμένη
3033 1075 3072 1143 ἡ
3102 1071 3245 1139 ὁδὸς
3271 1073 3310 1141 η
3341 1072 3481 1126 ἀπ·-

1866 1174 2104 1245 ἁγουσα
2156 1174 2246 1239 είς
2296 1169 2413 1240 τὴν
2450 1169 2624 1239 ζωὴν,
2680 1166 2781 1222 καὶ
2832 1166 3028 1237 ὀλίγοι
3068 1163 3231 1220 εἰσὶν
3271 1164 3327 1217 οἱ
3355 1163 3489 1226 εὑι,

1863 1269 2191 1339 ρίσκοντες
2220 1265 2437 1334 αὐτήν.

1939 1422 2064 1488 Πῶς
2108 1416 2202 1476 οὖν
2244 1421 2415 1489 λέγει,
2451 1417 2638 1490 φησιν,
2696 1417 2751 1469 Ὁ
2800 1410 2975 1483 ζυγός
3017 1426 3137 1481 μου
3189 1403 3458 1477 χρηστός

1867 1518 2022 1579 ἐστι,
2048 1513 2148 1570 καὶ
2180 1512 2249 1568 τὸ
2275 1511 2526 1583 φορτίον
2549 1526 2670 1581 μου
2704 1505 3006 1576 ἐλαφρόν;
3044 1502 3109 1555 Et
3150 1500 3260 1571 γὰρ
3296 1498 3454 1564 στενὴ

1867 1610 1901 1680 ἡ
1939 1607 2058 1672 ὁδὸς
2100 1606 2198 1661 καὶ
2227 1603 2590 1676 τεθλιμμένη,
2624 1599 2743 1663 πῶς
2788 1597 2950 1652 πάλιν
2996 1593 3166 1665 αὑτὴν
3217 1587 3460 1661 ἐλαφρὰν

1869 1702 1966 1757 καὶ
2003 1700 2214 1771 κούφην
2242 1697 2428 1762 καλεῖς
2459 1696 2535 1749 Τὸ
2585 1695 2684 1766 μὲν
2716 1690 2807 1746 διά
2852 1689 2952 1762 τὴν
2999 1687 3162 1758 φύσιν
3187 1683 3301 1738 τῶν
3341 1699 3462 1736 πει-

1872 1793 2119 1867 ρασμῶν,
2151 1792 2213 1846 τὸ
2244 1790 2302 1845 δὲ
2344 1788 2434 1843 διά
2465 1787 2564 1859 τὴν
2613 1782 2937 1856 προαίρεσιν
2988 1778 3097 1833 τῶν
3141 1775 3457 1849 μετιόντων.

1874 1865 2032 1941 Ἔστι
2065 1884 2175 1957 γάρ
2207 1900 2258 1937 τι
2317 1881 2413 1935 καὶ
2461 1879 2523 1933 16
2567 1877 2842 1948 ἀφόρητον
2886 1875 2953 1945 τῇ
3005 1870 3167 1942 φύσει
3204 1865 3463 1938 γενέσθαι

1871 1977 2093 2048 κοῦφον,
2116 1977 2246 2030 ὅταν
2273 1973 2413 2047 μετά
2434 1970 2747 2043 προθυμίας
2770 1965 2901 2021 αὑτὸ
2927 1961 3213 2035 δεχώμεθα
3232 1977 3246 1992 ·
3271 1958 3471 2028 ῶσπερ.

1871 2066 1965 2126 οὖν
2018 2069 2114 2125 καὶ
2166 2070 2216 2123 οἱ
2272 2064 2563 2121 ἀπόστολοι
2629 2058 3069 2133 μαστιγωθέντες
3120 2055 3475 2125 ὑπέστρεφον-

1874 2160 2160 2233 χαίροντες
2197 2158 2279 2212 ὅτι
2312 2153 2735 2226 κατηξιώθησαν
2764 2150 2905 2222 ὑπὲρ
2944 2145 3038 2201 106
3072 2143 3340 2216 ὀνόματος
3368 2138 3480 2194 106.

1874 2255 2085 2329 Κυρίου
2135 2251 2539 2324 ἀτιμασθῆναι·
2573 2247 2755 2302 καίτοι
2784 2248 2818 2317 ἡ
2857 2244 3019 2314 φύσις
3063 2239 3172 2294 τῶν
3217 2237 3468 2310 βασάνων

1876 2348 2056 2418 θλῖψιν
2104 2344 2298 2400 εἴωθεν
2342 2344 2596 2415 ἐμποιεῖν
2640 2339 2737 2393 καὶ
2785 2336 3008 2406 ὀδύνην,
3056 2332 3175 2387 ἀλλ’
3203 2333 3237 2402 η
3271 2329 3479 2400 προαί-

1878 2458 2029 2514 ρεσις
2058 2438 2169 2493 τῶν
2202 2433 2663 2510 μαστιγωθέντων
2704 2431 2800 2485 καὶ
2831 2429 2933 2499 τὴν
2975 2425 3140 2496 φύσιν
3175 2423 3286 2478 τῶν
3324 2438 3473 2493 πραα

1877 2534 2105 2606 γμάτων
2157 2528 2399 2601 ἐνίκησε.
2449 2524 2551 2579 Διά
2601 2521 2761 2578 10610
2817 2519 2912 2575 καὶ
2956 2519 2985 2571 ὁ
3031 2515 3247 2578 Παῦλός
3293 2527 3471 2585 φησιο

1876 2603 2109 2693 Πάντες
2150 2623 2221 2677 δὲ
2256 2624 2311 2677 οἱ
2343 2619 2626 2683 θέλοντες
2663 2614 2772 2685 ζῇν
2801 2608 3068 2676 εὐσεϐῶς
3113 2608 3183 2663 ἐν
3233 2603 3471 2675 Χριστῷ

1892 2717 2089 2788 Ἰησοῦ
2142 2713 2607 2785 διωχθήσονται.
2655 2709 2819 2762 ’Ὥστε
2887 2704 2991 2759 κᾶν
3052 2700 3341 2772 ἄνθρωπος
3394 2698 3471 2769 μὴ

1879 2810 2074 2885 διώκῃ,
2100 2808 2216 2864 ἀλλ’
2240 2809 2269 2862 6
2297 2805 2547 2868 διάϐολος
2576 2802 2806 2873 πολεμεῖ
2824 2816 2839 2830 ο
2872 2797 2970 2853 καὶ
2996 2794 3200 2865 πολλῆς
3235 2794 3366 2866 ἡμῖν
3393 2790 3476 2846 δεῖ

1878 2908 1979 2978 τῆς
2013 2884 2334 2975 φιλοσοφίας
2377 2899 2471 2953 καὶ
2507 2897 2753 2969 μεγάλης
2778 2892 2879 2965 τῆς
2915 2887 3244 2963 καρτερίας,
3283 2886 3373 2941 ῖνα
3416 2884 3476 2938 ἐν

1879 2974 2002 3061 ταῖς
2027 2974 2035 2975 7
2060 2996 2246 3066 εὑχαῖς
2296 2992 2559 3063 νήφωμεν
2617 2986 2715 3040 καὶ
2773 2980 3167 3056 ἀγρυπνῶμεν,
3222 2978 3312 3032 ἵνα
3365 2974 3476 3030 τῶν

1882 3089 2181 3162 ἀλλοτρίων
2227 3086 2303 3158 μὴ
2352 3079 2735 3152 ὲπιθυμῶμεν,
2768 3077 2856 3131 ἴνα
2902 3074 2973 3129 τά
3003 3074 3135 3128 ὄντα
3179 3071 3317 3142 πρὸς
3348 3068 3477 3132 τοὺς

1883 3160 2176 3256 δεομένους
2204 3173 2612 3249 διανεμώμεθα,
2643 3172 2732 3227 ἵνα
2758 3169 2910 3242 πάσῃ
2933 3167 3115 3239 τρυφῇ
3145 3163 3353 3218 στένειν
3380 3160 3478 3216 καὶ

1884 3253 2144 3348 οἰμώζειν
2178 3270 2446 3340 εἴπωμεν,
2478 3265 2575 3320 καὶ
2609 3265 2677 3335 τῇ
2710 3260 2800 3315 διὰ
2832 3258 2941 3313 τῶν
2979 3256 3233 3329 ἱματίων,
3273 3253 3370 3309 καὶ
3408 3256 3476 3322 τῇ

1885 3345 1974 3423 διά
2007 3367 2108 3439 τῆς
2143 3359 2447 3436 τραπέζης,
2476 3357 2565 3411 ἵνα
2594 3350 2909 3417 πλεονεξίαν
2942 3347 3228 3419 φύγωμεν,
3263 3346 3354 3399 ἴνα
3385 3345 3483 3415 μέ-

1889 3463 2011 3533 θην,
2036 3434 2125 3514 ῖνα
2149 3434 2440 3525 λοιδορίαν,
2468 3450 2558 3504 ἵνα
2590 3445 2841 3518 γλώττης
2870 3441 3188 3514 κρατῶμεν,
3219 3438 3309 3491 ῖνα
3348 3434 3483 3533 μηδέ

1893 3526 2106 3625 βοῶμεν
2131 3548 2384 3610 ἀτάκτως
2418 3542 2616 3617 (Πᾶσα
2647 3541 2758 3612 γὰρ
2791 3536 3000 3605 πικρία
3031 3533 3130 3588 καὶ
3158 3529 3348 3625 θυμὸς
3384 3526 3483 3625 καὶ

1892 3618 2040 3718 όργή
2096 3642 2198 3698 καὶ
2240 3636 2472 3710 κραυγὴ
2527 3634 2629 3691 καὶ
2678 3628 3051 3701 βλασφημία
3084 3620 3337 3718 ἀρθήτω

1892 3709 2108 3808 ὑμῶν),
2141 3735 2230 3788 ῖνα
2389 3724 2861 3808 αἱσχρολογῶμεν,
2912 3720 3002 3774 ἵνα
3037 3716 3112 3789 μὴ
3159 3716 3353 3769 ἀστεῖα
3395 3709 3487 3808 λέ-

2136 3826 2213 3880 06
2258 3801 2452 3896 μικρὸς
2489 3821 2547 3875 δὲ
2586 3817 2749 3879 πόνος
2774 3806 2954 3880 οὗτος,
2995 3807 3201 3882 ἀκριϐῆ
3238 3806 3338 3876 τὴν
3364 3801 3489 3902 τού-

1894 3895 2005 3977 των
2057 3917 2446 3991 παρατήρησιν
2504 3907 2936 3966 ἐπιδείκνυσθαι.
3000 3903 3111 3958 Καὶ
3167 3902 3255 3955 ἵνα
3311 3895 3489 3970 μάθῃς

1900 4015 2066 4069 πόσον
2088 4010 2208 4065 ἐστὶ
2228 4009 2289 4062 16
2312 4007 2646 4079 φιλοσοφεῖν,
2679 4001 2775 4056 καὶ
2796 3996 2999 4079 ώςιοὺκ
3030 3995 3144 4066 ἔχει
3166 3992 3227 4047 16
3256 3991 3491 4062 πρᾶγμα

1898 4109 2104 4173 ἄνεσιν,
2139 4104 2372 4159 ἄκουσον
2404 4100 2458 4153 τί
2491 4114 2656 4170 φησιν
2686 4098 2714 4149 6
2745 4092 2985 4153 Παῦλος·
3018 4082 3349 4143 Ὑπωπιάζω
3370 4100 3492 4150 μου

1900 4196 1968 4251 τὸ
2001 4171 2175 4264 σῶμα
2225 4190 2327 4245 καὶ
2361 4181 2756 4256 δουλαγωγῶ·
2793 4179 2953 4234 10610
2995 4175 3107 4247 γὰρ
3149 4172 3344 4237 εἰπὼν,
3369 4171 3493 4264 ,ᾐνί-

1905 4288 2033 4354 ξατο
2225 4282 2350 4355 βίαν
2395 4280 2491 4334 καὶ
2522 4277 2616 4333 τὸν
2667 4274 2834 4330 πολὺν
2881 4270 3068 4335 πόνον,
3107 4266 3165 4320 ὂν
3198 4263 3495 4335 ὑπομένειν

1904 4382 2121 4451 ἀνάγκη
2164 4376 2293 4439 τοὺς
2336 4370 2695 4444 βουλομένους
2726 4369 2782 4420 ἐν
2825 4365 3029 4420 ἅπασιν
3067 4359 3282 4429 εὐήνιον
3322 4371 3494 4409 κατα-

1906 4447 2193 4535 σκευάζειν
2220 4466 2283 4520 16
2307 4464 2489 4534 σῶμα.
2524 4460 2635 4515 Καὶ
2661 4461 2690 4512 6
2722 4453 2958 4528 Χριστὸς
2986 4452 3045 4506 δὲ
3077 4452 3191 4512 τοῖς
3225 4447 3496 4519 μαθηταῖς

1908 4568 2122 4637 ἔλεγεψ
2167 4563 2264 4615 Ἐν
2309 4557 2391 4624 τῷ
2434 4557 2644 4625 κόσμῳ
2693 4550 2907 4620 θλῖψιν
2932 4546 3131 4637 ἐξετεο
3165 4542 3498 4637 (illd-00p-

1908 4631 2092 4719 σεῖτε,
2118 4652 2235 4725 ἐγὼ
2275 4648 2569 4715 νενίκηκα
2599 4644 2710 4698 τὸν
2741 4641 2994 4709 κόσμον.
3032 4634 3204 4704 Αὑτη,
3232 4631 3499 4725 φησὶνηή

1912 4746 2091 4817 om“;
2116 4720 2303 4797 ἄνεσιν
2338 4739 2467 4809 ὑμῖν
2493 4732 2782 4807 προξενεῖ·
2810 4729 3043 4799 σκάμμα
3077 4725 3226 4779 ἐστὶν
3255 4724 3283 4776 ό
3311 4720 3505 4817 παρών

1916 4809 2059 4911 βίοςο
2086 4837 2145 4889 ἐν
2172 4833 2229 4888 δὲ
2256 4830 2336 4902 τῷ
2368 4828 2658 4898 σκάμματι
2690 4824 2785 4878 καὶ
2825 4824 2885 4875 ἐν
2910 4821 3024 4882 τοῖς
3061 4815 3268 4886 ἀγῶσιν
3292 4814 3394 4866 οὑκ
3437 4809 3511 4863 ἂν

1913 4904 2114 4988 δύναιτ’
2157 4925 2449 4984 ἀπολαύειν
2500 4921 2738 4983 ἀνέσεως
2774 4918 2804 4969 6
2839 4908 3236 4984 στεφανοῦσθαι
3274 4904 3502 4978 μέλλων.

1918 5029 2083 5081 Ὥστε
2126 5024 2180 5077 εἴ
2227 5038 2311 5086 τις
2352 5018 2594 5089 βούλοιτο
2640 5008 3081 5082 στεφανωθῆναι,
3132 5002 3223 5056 τὸν
3270 4997 3508 5089 σκληρδν

1920 5117 2013 5173 καὶ
2064 5114 2320 5168 ἐπίπονον
2352 5086 2640 5179 ἀἱρείσθω
2686 5100 2820 5171 βίον,
2868 5098 2958 5151 ἵνα
3012 5091 3218 5166 βραχὺν
3273 5086 3511 5179 ἐνταῦθα

1922 5210 2165 5281 πονήσας
2242 5203 2455 5276 χρόνον,
2531 5192 2819 5267 διηνεκοῦς
2897 5188 3184 5257 ἀπολαύσῃ
3245 5195 3273 5224 ι
3341 5178 3510 5251 τιμῆς

1922 5303 2056 5357 ἐκεῖ.

1997 5432 2149 5507 [746]
2172 5433 2235 5497 ζ’.
2264 5404 2438 5486 Πόσαι
2463 5423 2869 5499 προσπίπτουσι
2894 5417 3015 5473 καθ’
3038 5414 3277 5483 ἑκάστην
3299 5408 3510 5482 ἡμέραν

1928 5506 2188 5600 ἀθυμίαι;
2216 5524 2412 5596 ἡλίκης
2454 5520 2512 5576 δέ
2560 5520 2678 5573 ἐστι
2702 5515 2882 5586 ψυχῆς
2928 5511 3003 5584 μὴ
3038 5506 3519 5576 ἀποδυσπετῆσαι,

1993 5744 2017 5772 ⁸
2044 5741 2140 5792 Alii
2161 5739 2453 5795 πονήσαντες,
2468 5737 2634 5800 χρόνον
2659 5730 2899 5793 διηνεκοῦς
2921 5728 3245 5789 ἀπολαύσητι,
3288 5722 3444 5775 Savil.
3474 5726 3538 5773 in;

1934 5812 2089 5866 marg.
2115 5801 2498 5853 ἀπολαύσωνται.
