3958 6428
468 312 594 367 Ιθῦὶ

465 431 600 502 μηδέ
622 431 974 506 δυσχερᾶναι,
1000 437 1137 492 ἀλλά
1170 437 1586 509 εὐχαριστῆσαι,
1607 434 1852 503 δοξάσαι,
1883 452 2059 508 προσ-

461 516 696 587 κυνῆσαι
747 520 838 573 τὸν
871 524 1262 595 συγχωροῦντα
1290 524 1418 585 τοὺς
1467 521 1808 594 πειρασμούς
1837 519 2064 583 τούτους

463 601 862 675 ἐπενεχθῆναις
923 609 1064 662 πόσα
1119 609 1402 679 ἀδόκητοι,
1456 608 1621 662 πόσαι
1672 606 2063 679 στενοχωρίαις

444 686 577 767 ‘Kal
620 688 704 741 δεῖ
755 689 965 744 θλίϐειν
992 694 1122 757 τοὺς
1166 695 1444 766 πονηροὺς
1487 692 1818 764 λογισμοὺς,
1849 691 1943 744 καὶ
1989 689 2067 762 μὴ

466 776 774 844 συγχωρεῖν
803 778 870 848 τῇ
909 776 1125 851 γλώττῃ
1173 777 1515 848 φθέγγεσθαί
1563 794 1619 831 τι
1655 776 1766 831 τῶν
1809 775 2062 830 ἀτόπων·

468 856 723 931 καθάπερ
763 862 859 913 καὶ
907 863 935 915 ὁ
970 864 1243 935 μακάριος
1280 862 1402 916 Ἰὼϐ
1440 862 1613 935 μυρία
1643 860 1831 915 παθὼν
1872 858 2069 932 ἔμενεν

469 942 814 1014 εὐχαριστῶν
839 945 918 1017 τῷ
953 946 1093 1018 Θεῷ.

541 1029 665 1083 Εἰσὶ
715 1029 773 1083 δέ
818 1048 965 1096 τινες
1005 1032 1086 1097 οἳ,
1137 1033 1234 1086 ἐὰν
1278 1034 1733 1106 προσπταίσωσιν
1768 1033 1827 1085 ἐν
1863 1030 2067 1102 τινὶ,ἢ

470 1112 623 1184 παρά
651 1113 795 1178 τινὸς
836 1114 1248 1189 λοιδορηθῶσιν,
1285 1118 1319 1190 ἢ
1352 1117 1637 1191 ἀρῥωστία
1672 1115 2066 1189 περιπέσωσιν,

470 1196 503 1267 ἢ
551 1198 821 1271 ποδαλγία
842 1242 857 1265 ,
890 1200 921 1273 ἢ
955 1202 1337 1274 κεφαλαλγίᾳ,
1390 1203 1425 1274 ἢ
1476 1202 1625 1274 ἄλλῳ
1665 1204 1776 1256 τινὶ
1806 1199 2069 1254 τοιούτων

471 1283 760 1351 νοσήματι,
796 1283 1218 1357 βλασφημοῦσιν
1248 1286 1486 1351 εὐθέως·
1520 1285 1618 1340 καὶ
1651 1284 1745 1338 τὸν
1778 1284 1881 1355 μὲν
1909 1284 2071 1338 πόνον

473 1365 798 1434 ὑφίστανται
830 1369 924 1423 τοῦ
971 1373 1309 1442 νοσήματος,
1342 1370 1436 1425 τοῦ
1467 1370 1692 1443 κέρδους
1735 1369 1793 1423 δὲ
1834 1372 2069 1424 ἀποστε-

475 1450 715 1521 ροῦνται.
744 1453 810 1506 Τί
840 1457 1036 1519 ποιεῖς,
1070 1455 1348 1527 ἄνθρωπε,
1382 1454 1475 1509 τὸν
1502 1454 1804 1527 εὐεργέτην
1834 1454 1932 1508 καὶ
1955 1454 2068 1507 Σω-

470 1536 617 1607 τῆρα
658 1539 756 1592 καὶ
799 1539 1116 1611 προστάτην
1145 1540 1240 1593 καὶ
1288 1540 1566 1612 κηδεμόνα
1603 1537 1983 1610 βλασφημῶν;
2032 1537 2068 1607 ἢ

472 1620 572 1673 οὐκ
612 1619 845 1693 αἰσθάνῃ
881 1623 1024 1677 κατά
1065 1623 1315 1695 κρημνοῦ
1351 1624 1676 1695 φερόμενος,
1708 1625 1803 1678 καὶ
1845 1623 1927 1687 είς
1976 1622 2071 1694 βά-

476 1704 679 1777 ραθρον
706 1706 897 1760 σαυτὸν
922 1706 1207 1778 ἐμϐάλλων
1232 1706 1511 1772 ἀπωλείας
1533 1708 1799 1779 ἐσχάτηςς
1837 1707 1914 1780 μὴ
1938 1706 2071 1777 γὰρ,

474 1789 571 1843 έάν
623 1789 1064 1866 βλασφημήσῃς,
1118 1791 1452 1863 κουφότερον
1502 1790 1565 1844 τὸ
1626 1791 1800 1855 πάθος
1860 1791 2070 1856 ποιεῖς;

476 1875 772 1940 ἐπιτείνεις
818 1877 916 1947 μὲν
944 1872 1038 1929 οὖν
1091 1877 1245 1942 αὐτὸ,
1278 1877 1370 1930 καὶ
1419 1875 1811 1947 χαλεπωτέραν
1862 1872 2075 1948 ἐργάζῃ

473 1959 574 2031 τὴν
619 1960 834 2032 ὀδύνην.
863 1960 962 2014 Διά
986 1960 1097 2032 γάρ
1130 1958 1292 2014 τοῦτο
1330 1959 1359 2012 ὁ
1390 1958 1638 2023 διάϐολος
1672 1959 1843 2031 μυρία
1874 1958 2075 2027 ἐπάγει

474 2042 646 2107 δεινά,
674 2044 762 2099 ἴνα
800 2046 881 2109 είς
916 2045 1096 2098 ἐκεῖνό
1130 2061 1192 2098 σε
1222 2044 1514 2116 καταγάγῃ
1542 2043 1604 2096 τὸ
1630 2043 1908 2117 βάραθρον
1927 2061 1943 2077 ·
1971 2042 2078 2100 κᾶν

364 2136 383 2147 ‘
480 2128 582 2200 μὲν
624 2126 711 2202 ἴδῃ
756 2127 1213 2200 βλασφημοῦντα,
1245 2128 1446 2200 ῥᾳδίως
1474 2125 1631 2194 αὔξει
1674 2126 1773 2199 τὴν
1807 2125 2078 2198 ἀλγηδόνα

478 2212 575 2267 καὶ
616 2212 839 2285 μείζονα
867 2216 1041 2279 ποιεῖ,
1094 2214 1182 2267 ἵνα
1226 2212 1589 2284 κεντούμενος
1619 2210 2080 2285 ἀποδυσπετήσῃς

479 2297 643 2353 πάλιν
663 2314 678 2331 ·
712 2298 778 2352 ἂν
821 2297 879 2351 δὲ
916 2297 1000 2372 ίδῃ
1029 2314 1088 2352 σε
1136 2297 1403 2368 γενναίως
1435 2299 1703 2368 φέροντα,
1750 2298 1846 2351 καὶ
1877 2300 1988 2370 ὅσῳ
2018 2298 2081 2351 τὸ

479 2382 653 2447 πάθος
701 2382 1068 2451 ἐπιτείνεται,
1119 2384 1364 2455 τοσούτῳ
1399 2382 1603 2455 μᾶλλον
1651 2383 2081 2456 εὐχαριστοῦντα

479 2464 559 2536 τῶ
591 2465 729 2538 Θεῷ,
755 2467 1050 2538 ἀφίσταται
1078 2467 1303 2531 εὐθέως,
1329 2467 1405 2532 ὼς
1433 2467 1557 2539 είκῆ
1584 2468 1677 2521 καὶ
1707 2469 1887 2540 μάτην
1916 2483 2084 2540 προσ-

481 2550 718 2623 εδρεύων
757 2550 966 2606 λοιπόν.
1006 2551 1118 2604 Καὶ
1162 2550 1418 2622 καθάπερ
1448 2549 1598 2606 κύων
1643 2550 1894 2623 τραπέζῃ
1940 2567 2085 2623 παρ-

482 2638 674 2700 εστὼς,
707 2634 774 2691 ἂν
814 2636 914 2707 μὲν
954 2636 1037 2707 ἴδῃ
1068 2635 1162 2689 τὸν
1208 2634 1459 2690 ἐσθίοντα
1498 2634 1787 2707 ἄνθρωπον
1842 2635 2084 2708 συνεχῶς

483 2719 636 2791 αὐτῴ
674 2719 937 2792 ῥίπτοντα
982 2718 1090 2772 τῶν
1123 2718 1217 2772 ἐπὶ
1251 2718 1354 2789 τῆς
1383 2719 1669 2791 τραπέζης
1700 2737 1755 2774 τι
1790 2719 2082 2791 κειμένων,

489 2801 639 2873 μένει
672 2801 965 2872 διηνεκῶς·
1001 2801 1067 2857 ἂν
1100 2801 1157 2855 δέ
1196 2801 1344 2869 ἅπαξ
1383 2803 1478 2855 καὶ
1510 2802 1768 2877 δεύτερον
1796 2802 2087 2876 παραστὰς

488 2886 658 2957 μηδὲν
711 2887 925 2961 ἀπέλθῃ
957 2885 1166 2953 λαϐὼν,
1201 2887 1504 2956 ἀφίσταται
1553 2886 1764 2954 λοιπὸν,
1808 2885 1905 2941 ἆτε
1958 2887 2084 2959 είκῆ

486 2972 869 3046 προσεδρεύων
898 2974 991 3026 καὶ
1026 2972 1235 3044 μάτην·
1279 2971 1425 3027 οῦτω
1474 2973 1571 3025 καὶ
1606 2973 1636 3026 ό
1678 2972 1929 3037 διάϐολος
1959 2990 2086 3028 συν-

487 3055 629 3128 εχῶς
663 3057 862 3128 κέχηνε
892 3058 1030 3130 πρὸς
1062 3058 1240 3129 ἡμᾶς·
1277 3057 1344 3112 ἂν
1376 3057 1476 3128 μὲν
1513 3055 1678 3128 ῥίψῃς
1713 3054 1884 3128 αὐτῷ,
1913 3056 2088 3111 καθά-

487 3157 594 3212 περ
640 3141 789 3208 κυνὶ,
840 3142 995 3214 ῥῆμα
1055 3141 1400 3213 βλάσφημον,
1432 3140 1730 3211 δεξάμενος
1764 3140 1932 3196 πάλιν
1963 3144 2087 3196 ἐπι-

489 3224 753 3297 θήσεται·
785 3227 853 3282 ἀν
886 3227 943 3280 δὲ
975 3227 1167 3300 μείνῃς
1195 3224 1559 3297 εὐχαριστῶν,
1586 3225 1895 3294 ἀπέπνιξας
1922 3227 2089 3282 αὐτὸν

488 3310 566 3382 τῷ
615 3310 783 3383 λιμῷ,
834 3310 930 3366 καὶ
965 3312 1179 3382 ταχέως
1228 3310 1552 3383 ἀπήγαγες,
1604 3310 1700 3364 καὶ
1732 3309 2088 3380 ἀποπηδῆσαι

491 3395 777 3465 ἐποίησας.
817 3395 959 3450 Ἀλλ’
1005 3396 1068 3449 οὐ
1101 3394 1329 3450 δύνασαι
1381 3397 1542 3467 σιγᾷν
1596 3394 1701 3450 ὑπὸ
1753 3395 1857 3467 τῆς
1893 3395 2089 3468 ὀδύνης

492 3478 877 3548 κεντούμενος.
903 3478 1041 3534 Οὐδὲ
1071 3478 1184 3549 ἐγὼ
1235 3477 1434 3534 κωλύω
1481 3496 1543 3532 σε
1579 3478 1941 3549 φθέγγεσθαι,
1971 3479 2088 3534 ἀλλ’

491 3563 617 3618 ἀντὶ
644 3563 744 3634 τῆς
780 3562 1134 3634 βλασφημίας
1166 3563 1544 3635 εὐχαριστίαν,
1573 3564 1695 3617 ἀντὶ
1731 3564 1831 3636 τῆς
1863 3564 2093 3619 ἀποδυσ-

493 3647 779 3718 πετήσεως
851 3648 1147 3719 εὐφημίαν.
1190 3647 1619 3721 Ἐξομολόγησαι
1685 3646 1764 3719 τῷ
1808 3649 2090 3721 Δεσπότῃ,

497 3730 597 3802 βόα
640 3730 852 3802 μεγάλα
905 3732 1234 3804 εὐχόμενος,
1295 3731 1392 3802 βόα
1444 3731 1658 3803 μεγάλα
1709 3731 1951 3797 δοξάζων
1999 3733 2091 3787 τὸν

495 3805 663 3869 Θεόν·
711 3814 856 3869 οὕτω
899 3833 981 3869 σοι
1030 3815 1225 3870 καὶτὸ
1278 3816 1453 3881 πάθος
1502 3815 1955 3887 ἐπικουφίζεται,
1996 3817 2091 3871 τοῦ

495 3899 747 3954 διαϐόλου
781 3900 880 3971 μὲν
920 3899 1294 3972 ἀφισταμένου
1330 3898 1420 3953 διά
1458 3899 1559 3970 τῆς
1588 3899 1964 3973 εὐχαριστίας,
1992 3901 2094 3972 τῆς

496 3982 593 4037 τοῦ
629 3982 765 4036 Θεοῦ
803 3982 860 4035 δέ
901 3982 1154 4054 βοηθείας
1207 3982 1673 4055 παραγινομένης.
1703 3982 1802 4038 Ἂν
1839 3985 1937 4056 μὲν
1974 3985 2095 4056 ’γὰρ

500 4066 932 4141 βλασφημήσῃς,
979 4068 1075 4121 καὶ
1118 4067 1217 4139 ’ἡν
1266 4067 1361 4121 τοῦ
1411 4066 1548 4121 Θεοῦ
1611 4068 1933 4140 συμμαχίαν
1990 4070 2096 4123 άπ-

499 4150 774 4224 εκρούσω,
805 4153 900 4206 καὶ
933 4151 1294 4225 σφοδρότερον
1326 4151 1573 4224 εἰργάσω
1603 4153 1747 4206 κατὰ
1778 4152 1977 4207 σαυτοῦ
2004 4154 2097 4207 τὸν

498 4235 766 4300 διάϐολον,
814 4237 909 4291 καὶ¹
962 4237 1163 4307 μᾶλλον
1226 4237 1426 4290 σαυτὸν
1481 4235 1782 4308 ἐνέπληξας
1827 4239 1948 4301 ταῖς
2002 4239 2099 4292 ἀλ-

501 4322 753 4394 γηδόσιν·
794 4321 860 4376 ἂν
914 4320 974 4375 δὲ
1025 4321 1464 4394 εὐχαριστήσῃς,
1519 4319 1621 4385 τάς
1676 4336 1738 4374 τε
1798 4321 2098 4386 ἐπιϐουλὰς

504 4406 832 4480 ἁπεκρούσω
890 4409 990 4470 τὰς
1047 4407 1141 4460 τοῦ
1196 4405 1438 4479 πονηροῦ
1505 4405 1797 4477 δαίμονος,
1846 4407 1943 4461 καὶ
1996 4408 2100 4477 τὴν

502 4490 599 4544 τοῦ
662 4491 962 4563 κηδεμόνος
1020 4490 1157 4544 Θεοῦ
1225 4490 1525 4563 θεραπείαν
1598 4490 1902 4546 ἐπεσπάσω
1961 4492 2098 4563 πρὸς

507 4591 759 4629 σεαυτόν.

587 4658 726 4712 Ἀλλ’
751 4657 856 4711 ὑπὸ
884 4656 987 4729 τῆς
1023 4658 1314 4730 συνηθείας
1335 4659 1486 4730 ὁρμᾷ
1518 4657 1782 4721 πολλάκις
1818 4659 1851 4729 ἡ
1884 4656 2102 4727 γλῶττα

506 4743 567 4797 τὸ
598 4741 834 4814 πονηρὸν
887 4742 1065 4797 ἐκεῖνο
1098 4740 1438 4813 φθέγξασθαι
1491 4742 1663 4815 ῥῆμα.
1709 4741 1848 4795 Ἀλλ’
1879 4742 2103 4797 ἐπειδάν

506 4828 747 4900 ὁρμήσῃ,
794 4825 984 4898 πρὶνῆ
1019 4826 1081 4880 τὸ
1119 4827 1270 4898 ῥῆμα
1304 4824 1637 4896 ἐξενεγκεῖν,
1674 4825 1952 4880 κατάδακε
1988 4829 2103 4891 τοῖς

506 4913 719 4967 ὀδοῦσιν
785 4909 956 4984 αὐτὴν
1005 4909 1275 4963 πάντοθεν
1334 4910 1604 4982 σφοδρῶς.
1657 4909 1878 4964 Βέλτιον
1932 4909 2103 4982 αὐτὴν

509 4992 649 5069 αἷμα
690 4996 833 5069 ῥέειν
883 4994 1002 5059 νῦν,
1030 4994 1064 5065 ἢ
1094 4994 1218 5048 τότε
1275 4995 1537 5064 σταγόνος
1591 4993 1970 5066 ἐπιθυμοῦσαν
2028 4996 2104 5067 μὴ

508 5080 808 5153 δυνηθῆναι
851 5082 951 5152 τῆς
991 5079 1352 5151 παραμυθίας
1382 5078 1588 5152 ταύτης
1631 5082 1849 5150 τυχεῖν·
1896 5078 2105 5150 βέλτιον

512 5167 683 5239 αὐτὴν
723 5166 1061 5238 πρόσκαιρον
1126 5166 1418 5236 ὑπομεῖναι
1483 5165 1674 5230 πόνον,
1722 5164 1756 5235 ἢ
1821 5162 2106 5236 διηνεκοῦς

513 5250 791 5313 κολάσεως
838 5251 1140 5320 ὑποστῆναι
1188 5250 1288 5322 τὴν
1336 5250 1605 5322 τιμωρίαν
1650 5249 1794 5315 τότε,
1852 5249 2108 5321 καθάπερ

513 5335 609 5389 καὶ
637 5334 789 5406 [747]
819 5335 850 5406 ἡ
878 5335 976 5387 τοῦ
1021 5334 1281 5388 πλουσίου
1317 5335 1441 5387 τότε
1483 5333 1701 5404 γλῶττα
1733 5345 1760 5374 ι
1796 5334 2106 5406 φλεγομένη

515 5418 869 5492 παραμυθίας
937 5418 1129 5489 ἔτυχεν
1194 5417 1474 5490 οὐδεμιᾶς.
1527 5419 1666 5483 Τοὺς
1725 5418 1954 5491 ἐχθρούς
2014 5436 2107 5472 σου

516 5500 851 5575 προσέταξεν
880 5504 909 5556 ὀ
950 5502 1083 5565 Θεὸς
1122 5500 1329 5571 φιλεῖν·
1366 5504 1431 5555 σὺ
1474 5502 1532 5555 δέ
1590 5505 1682 5556 τὸν
1728 5502 1989 5573 φιλοῦντά
2048 5520 2108 5556 σε

566 5731 606 5803 _"
633 5744 730 5792 Alii
746 5750 801 5808 Vel
822 5746 972 5796 Savil.
1001 5745 1049 5808 i9
1074 5746 1431 5808 τηετιςεδιηνεκῆ
1458 5745 1537 5793 καὶ
1557 5744 1764 5795 ἀθάνατα
1785 5745 2112 5807 τηγανίζεσθαι

522 5805 648 5863 τοτε,
672 5807 883 5871 καθάπερ
903 5811 931 5865 ἡ
966 5805 1052 5857 τοῦ
1073 5805 1304 5857 πλουσίου
1328 5807 1533 5862 γλῶττα.

1185 316 1241 373 S.
1285 314 1573 372 JOANNIS
1611 311 2109 370 CHRYSOSTOMI
2153 311 2476 370 ARCIIIEP.
2511 311 3068 370 CONSTANTINUP.

3497 276 3511 296 ’
3600 310 3725 366 ιυοι

2173 435 2494 509 ἀποστρέφῃ
2517 435 2688 501 Θεόν;
2714 436 2841 499 τοὺς
2868 434 3274 507 ἐπηρεάζοντας
3308 431 3597 502 εὐφημεῖν,
3626 430 3727 497 τοὺς

2169 527 2544 600 λοιδοροῦντας
2595 528 2840 599 εὐλογεῖν
2862 546 2876 562 ·
2929 528 2995 582 σὺ
3035 526 3093 581 δέ
3136 526 3230 579 τὸν
3292 524 3589 597 εὐεργέτην
3650 524 3728 577 tu“

2172 622 2488 695 προστάτην
2542 621 2722 691 λέγεις
2778 620 2968 686 κακῶς
3022 620 3188 692 μηδὲν
3246 614 3607 689 ἠδικημένοςς
3654 616 3731 687 Μὴ

2172 716 2280 788 γὰρ
2314 715 2415 770 οὐκ
2446 716 2678 787 ἠδύνατο
2723 716 2885 770 λῦσαι
2931 715 3024 769 τὸν
3072 712 3419 786 πειρασμόν;
3463 709 3594 764 ἀλλά
3627 725 3733 762 συν-

2173 806 2476 880 εχώρησεν,
2512 809 2600 863 ἵνα
2647 808 2780 882 γένῃ
2823 806 3211 881 δοκιμώτερος.
3260 804 3403 859 Ἀλλ’
3435 803 3566 871 ίδού,
3603 801 3734 873 φησὶ.

2173 903 2504 957 καταπίπτω
2544 902 2640 957 καλ⁴
2682 902 3019 975 ἀπόλλυμαι.
3064 902 3138 954 Οὐ
3175 897 3331 972 παρά
3366 896 3469 969 τὴν
3508 893 3598 950 τοῦ
3633 908 3737 948 πει-

2175 997 2391 1071 ρασμοῦ
2441 999 2627 1070 φύσιν,
2669 998 2805 1053 ἀλλά
2854 996 3006 1070 παρά
3040 995 3139 1068 τὴν
3186 992 3462 1067 ῥᾳθυμίαν
3496 990 3593 1063 τὴν
3633 990 3733 1062 σήν.

2174 1090 2240 1144 Τί
2277 1091 2389 1162 γὰρ
2422 1089 2812 1164 εὐκολώτερον,
2850 1090 2971 1144 εἰπέ
3017 1106 3139 1162 μοι,
3182 1084 3508 1159 βλασφημία
3537 1083 3569 1153 ἣ
3597 1085 3732 1152 €511-

2177 1183 2395 1254 ριστία;
2434 1183 2558 1255 οὐχὶ
2576 1184 2639 1239 τὸ
2674 1183 2773 1257 μὲν
2804 1182 2897 1238 καὶ
2924 1183 3049 1246 τοὺς
3091 1180 3393 1242 ἀκούοντας
3422 1173 3641 1247 ἐχθρούς
3670 1189 3738 1227 σοι

2176 1274 2272 1328 καὶ
2314 1275 2607 1347 πολεμίους
2638 1274 2953 1347 καθίστησι,
2986 1275 3082 1330 καὶ
3111 1274 3192 1337 είς
3216 1270 3460 1341 ἀθυμίαν
3489 1265 3736 1339 ἐμϐάλλει,

2181 1368 2321 1438 μετά
2348 1367 2524 1423 ταῦτα
2557 1370 2652 1423 καὶ
2684 1368 2888 1442 πολλὴν
2923 1368 3217 1442 ἐργάζεται
3245 1367 3348 1437 τὴν
3376 1362 3594 1432 ὀδύνην·
3618 1357 3672 1411 τὸ
3692 1356 3738 1411 δέ

2181 1459 2409 1531 μυρίους
2442 1476 2527 1514 σοι
2562 1460 2717 1533 φέρει
2750 1461 3073 1532 φιλοσοφίας
3115 1458 3442 1529 στεφάνους,
3469 1454 3561 1508 καὶ
3599 1452 3741 1524 μυρία

2179 1552 2332 1626 παρά
2361 1552 2582 1607 πάντων
2611 1553 2889 1625 θαύματα,
2922 1554 3019 1607 καὶ
3057 1551 3300 1624 μεγάλας
3337 1546 3493 1619 παρά
3515 1542 3604 1598 τοῦ
3626 1540 3739 1597 Θεοῦ

2178 1647 2279 1711 τὰς
2315 1645 2581 1718 ἀμοιϐάς;
2622 1647 2689 1701 Τί
2716 1646 2895 1701 τοίνυν
2924 1646 2986 1700 τὸ
3011 1643 3257 1716 ὠφελοῦν
3287 1642 3384 1697 καὶ
3431 1637 3639 1693 εὔκολον
3664 1632 3741 1688 καὶ

2178 1737 2279 1808 ἡδὺ
2324 1738 2524 1808 ἀφεὶς,
2565 1738 2629 1793 τὺ
2682 1737 2922 1810 βλάπτον
2950 1739 3045 1793 καὶ
3083 1735 3290 1791 λυποῦν
3333 1732 3431 1788 καὶ
3464 1727 3741 1798 κατατῆκον

2180 1830 2297 1883 ἀντ’
2329 1831 2541 1885 ἐκείνου
2566 1831 2813 1899 διώκεις;
2846 1830 3059 1895 Ἀλλως
3085 1831 3165 1892 δὲ,
3192 1830 3241 1883 εί
3270 1832 3305 1901 ἡ
3338 1825 3436 1880 τοῦ
3468 1816 3742 1892 πειρασμοῦ

2183 1923 2278 1977 καὶ
2301 1925 2401 1997 τῆς
2429 1924 2622 1990 πενίας
2648 1925 2829 1997 omn;
2852 1926 3003 1982 αἰτία
3026 1923 3135 1979 τῶν
3160 1918 3524 1995 βλασφημιῶν
3545 1914 3739 1986 ἐγίνετο,

2183 2013 2394 2080 πάντας
2437 2014 2544 2070 ἔδει
2572 2017 2700 2081 τοὺς
2729 2017 2787 2070 ἐν
2820 2014 2981 2087 πενίᾳ
3015 2014 3394 2085 βλασφημεῖν·
3432 2009 3549 2063 νυνὶ
3583 2006 3635 2059 δέ
3658 2003 3742 2057 τῶν

2182 2106 2242 2161 ἐν
2285 2106 2449 2179 πενίᾳ
2501 2106 2720 2173 ζώντων
2764 2107 2973 2180 ἐσχάτῃ
3025 2105 3212 2161 πολλοὶ
3244 2100 3517 2175 διηνεκῶς
3558 2097 3743 2167 εὐχαρι-

2186 2198 2426 2268 στοῦσιν,
2455 2202 2635 2273 ἕτεροι
2663 2201 2740 2269 δὲ,
2768 2199 3133 2263 ἀπολαύοντες
3159 2196 3399 2252 πλούτου
3429 2194 3523 2248 καὶ
3544 2189 3742 2264 τρυφῆς,

2183 2293 2247 2347 οὐ
2274 2292 2699 2365 διαλιμπάνουσι
2729 2292 3179 2365 βλασφημοῦντες
3198 2307 3212 2321 ·
3248 2287 3430 2352 οὕτως
3458 2286 3554 2357 οὐχ
3586 2284 3617 2355 ἡ
3654 2280 3743 2335 τῶν

2187 2385 2531 2457 πραγμάτων
2560 2385 2744 2456 φύσις,
2775 2385 2890 2440 ἀλλ’
2919 2387 2955 2458 ἡ
2986 2383 3310 2456 προαίρεσις
3350 2382 3386 2452 ἡ
3413 2377 3644 2450 ἡμετέρα
3666 2369 3743 2427 καὶ

2185 2475 2348 2531 τοῦτο
2379 2479 2603 2533 κάκεῖνο
2635 2477 2953 2550 ἐργάζεται.

2259 2635 2363 2690 Διά
2385 2636 2494 2709 γάρ
2533 2637 2694 2692 τοῦτο
2725 2638 2823 2692 καὶ
2865 2638 3073 2710 ταύτην
3105 2638 3431 2709 ἀνέγνωμεν
3470 2634 3564 2705 τὴν
3592 2643 3742 2708 παρα·

2189 2728 2374 2803 ϐολήν,
2406 2731 2496 2785 ἵνα
2550 2732 2731 2807 μάθῃς
2776 2733 2862 2786 δτι
2907 2732 2999 2787 τὸν
3059 2734 3158 2805 μὲν
3211 2730 3562 2807 ῥᾳθυμοῦντα
3590 2723 3738 2780 οὐδέό

2189 2820 2422 2885 πλοῦτος
2476 2822 2715 2894 ὀνίνησι,
2763 2823 2859 2878 τὸν
2915 2824 3255 2896 προσέχοντα
3290 2822 3353 2876 δέ
3400 2820 3520 2875 οὐδὲ
3553 2821 3584 2891 ἡ
3615 2813 3743 2870 πενία

2191 2913 2541 2985 καταϐλάψαι
2607 2915 2853 2971 δύναται.
2921 2917 3034 2973 Καὶ
3085 2917 3139 2971 τί
3192 2916 3373 2986 λέγω,
3430 2913 3615 2978 πενία;
3660 2906 3742 2962 κᾶν

2191 3010 2409 3066 ἅπαντα
2440 3009 2579 3082 ὁμοῦ
2629 3010 2861 3085 συνέλθῃ
2908 3008 2982 3065 τά
3013 3012 3071 3064 ἐν
3115 3008 3434 3081 ἀνθρώποις
3485 3003 3636 3066 κακὲ,
3661 2998 3739 3070 τὴν

2188 3100 2286 3155 τοῦ
2318 3099 2567 3172 φιλοθέου
2602 3100 2698 3155 καὶ
2727 3100 3022 3171 φιλοσόφου
3059 3099 3237 3171 ψυχὴν
3266 3098 3523 3152 οὐδέποτε
3552 3090 3741 3160 ἐλέγξειν

2191 3193 2301 3249 οὐδ’
2327 3194 2633 3266 ἀποστῆναι
2667 3193 2848 3248 πείσει
2880 3196 2980 3266 τῆς
3012 3191 3217 3264 ἀρετῆς
3256 3192 3380 3264 (καὶ
3406 3188 3600 3245 τούτων
3630 3184 3742 3257 μὰρ·

2193 3304 2290 3352 τυς
2323 3289 2353 3343 ὁ
2378 3286 2681 3361 Λάζαρος)·
2718 3285 2908 3358 ὥσπερ
2954 3280 3049 3341 οῦν
3084 3284 3178 3339 τὸν
3218 3283 3423 3355 χαῦνον
3470 3281 3561 3335 καὶ
3591 3276 3735 3332 διαλε-

2193 3379 2428 3452 λυμένον
2454 3381 2516 3435 οὐ
2554 3379 2808 3447 πλοῦτος,
2835 3381 2935 3452 οὐχ
2967 3379 3168 3449 ὑγίεια,
3205 3378 3266 3432 οὐ
3300 3377 3555 3449 διηνεκὴς
3581 3372 3744 3443 εὐημῑ·

2196 3473 2313 3545 ρία,
2337 3474 2441 3529 οὐκ
2471 3472 2602 3529 ἄλλο
2622 3473 2776 3528 οὐδὲν
2807 3472 3087 3544 ὠφελῆσαι
3114 3471 3412 3543 δυνήσεταί
3439 3476 3580 3524 ποτε.

2268 3618 2338 3685 η’.
2368 3612 2460 3685 Μὴ
2507 3611 2687 3666 τοίνυν
2730 3610 2981 3682 λέγωμεν
3032 3610 3115 3664 ὅτι
3148 3609 3311 3664 πενία
3353 3609 3450 3664 καὶ
3487 3606 3627 3668 νόσος
3669 3597 3741 3655 καὶ

2196 3703 2461 3759 κινδύνων
2508 3704 2801 3773 ἐπαγωγαὶ
2853 3703 3201 3775 βλασφημεῖν
3249 3699 3656 3770 ἀναγκάζουσιν.
3686 3692 3740 3746 οὐ

2199 3794 2382 3862 πενία,
2420 3795 2559 3851 ἀλλά
2606 3795 2789 3851 ἄνοια·
2825 3796 2888 3849 οὐ
2935 3795 3125 3861 νόσος,
3159 3794 3299 3849 ἀλλά
3349 3790 3742 3862 καταφρόνησις⁶

2198 3889 2260 3943 οὐ
2299 3888 2562 3944 κινδύνων
2602 3888 2927 3958 ἐπαγωγαὶ,
2967 3888 3083 3943 ἀλλ’
3111 3886 3402 3951 εὐλαϐείας
3442 3882 3644 3956 ἐρημία,
3673 3874 3741 3931 »αἱ

2199 3982 2280 4045 είς
2324 3979 2677 4052 βλασφημίαν
2706 3979 2801 4035 καὶ
2833 3981 2916 4045 είς
2943 3981 3125 4034 πᾶσαν
3156 3980 3281 4050 ἄγει
3324 3978 3525 4036 κακίαν
3546 3975 3654 4037 τοὺς
3686 3965 3745 4042 μὴ

2201 4073 2594 4146 προσέχοντας.

2286 4211 2449 4265 Ἀλλά
2477 4212 2623 4276 τίνος
2652 4211 2863 4276 ἕνεκεν,
2902 4208 3088 4281 φησὶν,
3129 4211 3180 4264 οί
3225 4209 3325 4282 μὲν
3371 4206 3592 4264 ἐνταῦθα
3618 4198 3740 4258 κολάη

2203 4304 2412 4370 ζονται,
2450 4307 2499 4359 οἱ
2544 4305 2603 4359 δὲ
2646 4307 2782 4372 ἐκεῖ,
2818 4305 2913 4360 καὶ
2946 4305 3047 4358 οὐκ
3094 4302 3330 4358 ἐνταῦθα
3364 4303 3589 4365 πάντες;
3622 4293 3743 4354 Τίνος

2203 4395 2422 4462 ἓνεκεν;
2463 4397 2571 4449 ὅτιι
2600 4398 2650 4450 εί
2697 4396 2859 4451 τοῦτο
2907 4392 2998 4469 ἦν,
3045 4396 3247 4461 πάντες
3296 4394 3366 4450 ἂν
3421 4385 3739 4460 ἀπωλόμεθα·

2204 4488 2408 4552 πάντες
2446 4489 2558 4560 γάρ
2597 4490 2767 4560 ἐσμεν
2814 4490 2872 4542 ἐν
2916 4488 3235 4560 ἐπιτιμίοις.
3280 4488 3454 4542 Πάλιν
3499 4487 3546 4539 εί
3594 4476 3742 4552 μηδεὶς

2206 4584 2444 4639 ἐνταῦθα
2468 4584 2781 4650 ἐκολάζετο,
2809 4585 3173 4657 ῥαθυμότεροι
3202 4587 3252 4638 οἱ
3281 4582 3498 4645 πλείους
3521 4577 3741 4647 ἐγένοντο,

2206 4674 2303 4729 καὶ
2336 4674 2524 4729 πολλοὶ
2561 4674 2628 4729 ἂν
2663 4669 2819 4729 εἷπον
2858 4675 2934 4748 μὴ
2963 4671 3106 4730 εἶναι
3149 4675 3428 4750 πρόνοιαν.
3472 4673 3532 4727 Εἰ
3554 4670 3649 4740 γὰρ
3671 4663 3742 4718 νῦν

2207 4768 2443 4840 ὁρῶντες
2469 4768 2578 4824 τῶν
2613 4768 2871 4840 πονηρῶν
2913 4768 3145 4833 πολλοὺς
3179 4768 3586 4841 κολαζομένους,
3612 4756 3743 4814 πολλὰ

2208 4859 2436 4915 τοιαῦτα
2470 4861 2910 4932 βλασφημοῦσιν,
2937 4862 2985 4913 εὶ
3034 4861 3170 4931 μηδέ
3198 4860 3358 4914 τοῦτο
3400 4856 3486 4932 ἦν,
3514 4858 3562 4910 τί
3591 4853 3675 4906 οὐκ
3695 4847 3743 4900 ἂν

2210 4951 2400 5021 εἷπον;
2451 4954 2554 5009 ποῦ
2603 4954 2663 5009 δὲ
2697 4955 2801 5008 οὐκ
2838 4954 2906 5009 ἂν
2938 4950 3105 5025 ἦλθον
3157 4954 3387 5020 κακίας;
3428 4951 3522 5005 Διά
3562 4946 3695 5002 τοῦτο
3724 4948 3739 4966 ⁴

2209 5050 2345 5114 Θεδς
2369 5051 2498 5113 τοὺς
2529 5048 2626 5120 μὲν
2653 5044 2889 5103 ἐνταῦθα
2919 5046 3160 5113 κολάζει,
3201 5048 3329 5113 τοὺς
3356 5048 3412 5101 δὲ
3440 5045 3500 5099 οὐ
3535 5037 3740 5100 κολάζει*

2213 5142 2433 5209 κολάζει
2462 5142 2561 5214 μὲν
2598 5139 2708 5211 γάρ
2734 5157 2907 5206 τινας,
2932 5141 3032 5213 τὴν
3060 5141 3260 5195 κακίαν
3290 5139 3464 5195 αὐτῶν
3489 5134 3738 5190 ἐκκόπτων.

2214 5214 2308 5291 καὶ
2345 5234 2688 5308 κουφοτέραν
2722 5235 2821 5307 τὴν
2853 5237 2971 5288 ἐκεῖ
2998 5234 3167 5289 ποιῶν
3195 5234 3483 5306 τιμωρίαν,
3511 5229 3540 5299 ἢ
3572 5226 3653 5280 καὶ
3676 5218 3742 5273 τέ·

2213 5327 2333 5381 λεον
2356 5326 2718 5381 ἀπαλλάττων
2742 5327 2960 5391 αὐτοὺς,
2986 5325 3229 5390 καὶτοὺς
3248 5326 3305 5380 ἐν
3331 5321 3552 5393 πονηρίᾳ
3576 5314 3741 5379 ζῶντας

2219 5418 2698 5492 σωφρονεστέρους
2732 5417 2903 5471 ποιῶν
2943 5420 3009 5489 τῇ
3044 5416 3251 5473 τούτων
3279 5415 3539 5489 τιμωρίᾳ·
3562 5408 3667 5467 τοὺς
3699 5396 3742 5450 δὲ

2215 5515 2278 5569 οὐ
2310 5512 2528 5579 κολάζει
2567 5511 2751 5576 πάλιν,
2783 5511 2869 5565 ἵνα
2898 5510 2965 5565 ἂν
2994 5511 3094 5581 μὲν
3130 5510 3463 5583 προσέχωσιν
3489 5498 3619 5577 [748]
3644 5498 3741 5548 ἐαυ-

2217 5611 2353 5672 τοῖς,
2389 5607 2824 5678 μετανοήσαντες
2858 5606 2954 5658 καὶ
2982 5603 3079 5675 τὴν
3108 5602 3210 5658 τοῦ.
3243 5603 3378 5657 Θεοῦ
3414 5584 3741 5678 μακροθυμίαν

2220 5673 2584 5764 αἰδεσθέντες,
2613 5673 2710 5754 καὶ
2737 5698 2839 5769 τῆς
2869 5673 3108 5751 ἐνταῦθα
3135 5695 3408 5758 κολάσεως
3440 5673 3738 5752 ἀπαλλαγᾶσι

2232 5794 2325 5849 καλ⁸
2368 5793 2466 5866 τῆς
2518 5794 2635 5847 ἐκεῖ
2672 5791 2971 5864 τιμωρίας·
3020 5792 3086 5847 ἂν
3129 5791 3185 5845 δέ
3226 5786 3574 5861 ἐπιμείνωσιν,
3613 5775 3740 5853 μηδὲν
