3958 6400
233 324 368 380 1001

228 443 331 497 sed
358 442 557 513 gratias
580 458 740 515 agere
758 485 774 513 ,
799 444 1129 519 glorificare,
1165 444 1392 501 adorare
1413 459 1557 511 eum,
1586 445 1675 514 qui
1700 459 1826 515 per-

234 535 402 590 mittit
427 535 525 593 has
547 538 865 593 tentationes
882 533 1092 606 iulligi?
1116 538 1286 607 Quam
1314 537 1479 595 multa
1499 536 1832 608 inexspecta-

1453 329 1540 386 DE
1580 328 1853 386 LAZAllO
1893 328 2140 387 CONCIO
2178 329 2264 385 Ill.

3388 328 3538 382 illi)?

1939 441 2241 500 aversaris?
2268 443 2411 499 Deus
2434 442 2595 514 jussit
2624 452 2683 499 ut
2707 442 2963 498 conviciis
2989 441 3390 509 insectantibus,
3437 443 3529 494 ιω-
3603 438 3607 441 ’

1944 537 2105 607 nigne
2142 536 2418 607 loquaris,
2467 535 2907 591 maledicentibus
2930 534 3218 591 benedicas
3265 534 3430 606 (Luc.
3476 541 3531 590 0.

235 634 315 691 ta,
347 641 505 696 quam
534 628 718 684 multae
743 628 1034 699 angustiae?
1061 629 1131 683 Et
1153 639 1327 684 tamen
1353 636 1562 699 oportet
1587 632 1833 698 premere
1936 628 2028 683 27.
2055 628 2128 685 28
2150 629 2207 699 ):
2239 638 2295 684 tu
2322 643 2451 685 vero
2477 627 2556 684 illi
2582 627 2935 685 benefacienti
2965 636 3019 682 et
3046 628 3121 682 tui
3144 642 3328 683 curam
3354 628 3534 697 agenti

234 719 410 775 malas
429 719 797 790 cogitationes,
820 736 992 791 neque
1013 721 1320 791 permittere
1339 720 1532 791 linguae
1551 727 1610 774 ut
1630 719 1830 789 aliquid

232 816 398 865 sonet
424 810 638 866 absurdi
660 853 675 876 ,
703 811 1153 882 quemadmodum
1192 812 1379 868 beatus
1418 811 1520 868 Job
1551 811 1831 867 innumera

235 914 529 970 perpessus
557 902 692 956 mala
724 904 1078 972 perseveravit
1101 904 1299 974 gratias
1326 917 1485 974 agere
1513 904 1643 958 Deo.

314 990 647 1062 lmpatientia
675 993 999 1065 blasphemiae
1027 1003 1203 1048 mater.
1227 1021 1301 1035 —-
1323 993 1459 1048 Sunt
1492 1002 1670 1048 autem
1700 1006 1837 1047 non-

237 1081 414 1148 nulli,
446 1083 535 1153 qui
565 1083 610 1137 si
630 1083 755 1153 joco
778 1085 1085 1141 conviciove
1109 1100 1137 1141 a
1166 1085 1413 1154 quopiam
1440 1084 1568 1149 tacti
1597 1082 1832 1151 fuerint,

237 1182 338 1228 aut
362 1171 419 1228 in
440 1174 720 1229 adversam
748 1174 1103 1230 valetudinem
1129 1173 1445 1241 inciderint,
1473 1174 1636 1230 veluti
1665 1171 1835 1242 poda-

236 1278 395 1334 gram
420 1305 436 1331 ,
462 1276 553 1320 aut
593 1266 782 1335 capitis
811 1266 1049 1322 dolorem
1075 1308 1090 1333 ,
1121 1276 1213 1321 aut
1241 1267 1401 1321 alium
1432 1265 1591 1335 hujus
1625 1265 1837 1335 generis

242 1356 519 1423 morbum,
552 1358 697 1414 illico
720 1359 1077 1430 blasphemias
1103 1358 1381 1415 effundunt
1409 1377 1424 1414 :
1450 1373 1515 1413 ac
1538 1358 1837 1413 molestiam

240 1447 460 1519 quidem
500 1449 671 1503 morbi
713 1448 1016 1516 sustinent,
1047 1459 1299 1504 cancrum
1328 1448 1502 1505 fructu
1540 1448 1833 1519 privantur.

240 1539 384 1606 Quid
413 1539 575 1605 facis,
607 1554 639 1594 ο
669 1540 849 1606 homo,
883 1541 934 1594 in
964 1540 1287 1607 beneficum,
1318 1539 1370 1595 in
1404 1539 1750 1604 salvatorem,
1782 1537 1837 1592 in

242 1630 602 1699 provisorem,
636 1630 689 1684 in
721 1631 792 1685 tui
820 1646 1001 1686 curam
1027 1640 1294 1702 agentem,
1334 1631 1573 1687 convicia
1593 1628 1834 1700 jacieus?

238 1721 363 1777 Non
404 1730 456 1777 te
484 1723 649 1778 sentis
680 1722 732 1777 in
763 1723 1111 1793 praecipitium
1139 1723 1348 1795 abripi,
1379 1730 1539 1794 teque
1568 1722 1742 1793 ipsum
1781 1721 1836 1776 in

239 1816 470 1869 extremi
507 1815 650 1870 exitii
679 1815 987 1873 barathrum
1011 1816 1283 1887 dejicere?
1310 1816 1444 1872 Num
1474 1815 1619 1871 enim
1647 1814 1693 1870 si
1718 1814 1837 1869 bla-

240 1908 541 1978 sphemiam
571 1907 808 1978 proferas
829 1953 843 1974 ,
875 1910 1132 1968 leviorem
1162 1910 1343 1967 reddis
1372 1908 1659 1973 morbum?
1690 1908 1837 1963 Exa-

239 2001 435 2055 ccrbas
455 2002 632 2072 potius
653 2002 823 2068 illum,
851 2017 914 2057 ac
934 2004 1298 2061 molestiorem
1321 2002 1501 2059 reddis
1520 2002 1834 2059 cruciatum.

240 2091 471 2161 Propter
495 2091 596 2147 hoc
622 2093 765 2147 enim
795 2092 1038 2152 diabolus
1063 2096 1372 2151 innumeras
1401 2094 1640 2165 impingit
1671 2094 1841 2149 mole-

237 2183 399 2273 stias,
421 2192 476 2237 ut
498 2182 549 2238 in
571 2183 700 2239 illud
723 2184 1029 2242 barathrum
1053 2195 1105 2244 te
1125 2187 1440 2258 praecipitet.
1465 2187 1531 2241 Et
1550 2187 1594 2241 si
1620 2186 1835 2256 quidem

242 2277 443 2332 viderit
481 2285 533 2334 te
573 2277 934 2351 blasphemias
968 2280 1328 2350 proferentem
1354 2323 1369 2348 ,
1398 2281 1643 2350 protinus
1680 2286 1841 2350 auget

243 2368 485 2427 dolorem
524 2384 589 2427 ac
627 2371 883 2443 majorem
925 2371 1121 2440 reddit,
1162 2388 1270 2443 quo
1308 2370 1613 2427 stimulatus
1649 2385 1839 2426 rursus

240 2461 460 2532 indigne
486 2461 623 2517 feras
651 2480 666 2517 :
688 2462 831 2533 quod
856 2463 902 2517 si
929 2462 1124 2518 viderit
1149 2470 1201 2518 te
1223 2462 1430 2517 fortiter
1451 2459 1836 2532 perferentem,

236 2568 455 2624 quoque
480 2553 696 2609 morbus
718 2552 877 2610 fuerit
892 2554 1100 2631 acrior,
1131 2552 1232 2608 hoc
1257 2553 1427 2625 magis
1450 2562 1694 2624 agentem
1717 2567 1812 2624 gr:
1827 2583 1842 2596 -

241 2643 346 2698 tias
378 2643 488 2699 Deo
518 2660 531 2697 :
562 2643 705 2700 illico
737 2643 990 2713 desistit,
1022 2651 1081 2699 ut
1116 2644 1205 2714 qui
1235 2644 1503 2700 incassum
1531 2642 1839 2715 frustraque

240 2748 436 2811 pergat
479 2740 737 2796 insidiari.
782 2740 850 2795 Et
896 2739 1344 2811 quemadmodum
1390 2739 1541 2794 canis
1585 2738 1841 2794 assistens

237 2848 443 2889 mensas
468 2834 513 2889 si
538 2833 731 2889 viderit
756 2833 1032 2889 hominem
1065 2843 1368 2889 vescentem
1393 2831 1618 2888 subinde
1642 2829 1841 2902 aliquid

242 2942 434 2983 eorum
474 2942 594 2998 quae
618 2927 672 2982 in
714 2942 901 2982 mensa
940 2936 1065 2982 sunt
1090 2926 1191 2997 ipsi
1227 2925 1628 2996 projicientem,
1660 2932 1841 2980 manet

242 3018 459 3075 assidue
488 3036 503 3074 :
530 3017 675 3089 quod
718 3019 762 3073 si
802 3019 969 3076 semel
1006 3026 1168 3089 amne
1208 3018 1400 3072 iterum
1436 3016 1515 3072 sic
1546 3015 1734 3079 astitit,
1782 3023 1838 3071 ut

240 3111 552 3169 discesserit
578 3110 711 3166 nihil
740 3111 962 3180 adeptus
981 3150 997 3178 ,
1029 3110 1272 3180 protinus
1300 3109 1532 3163 abstinet
1558 3106 1722 3162 veluti
1748 3107 1838 3178 qui

234 3207 352 3277 jam
394 3205 589 3261 frustra
615 3217 671 3262 et
706 3205 971 3260 incassum
1005 3203 1222 3260 assistat
1252 3219 1266 3256 :
1295 3202 1477 3258 itidem
1514 3208 1570 3256 et
1595 3198 1839 3255 diabolus

233 3299 431 3370 jugiter
460 3297 613 3353 nobis
638 3296 826 3362 inhiat,
854 3296 899 3350 si
920 3295 1062 3367 quod
1091 3294 1462 3364 blasphemum
1484 3292 1703 3347 verbum
1724 3291 1826 3361 ipsi

235 3405 341 3445 ceu
365 3391 481 3444 cani
512 3387 874 3459 projiciamus,
904 3386 1006 3442 hoc
1030 3395 1252 3457 accepto
1276 3398 1462 3440 rursus
1486 3381 1793 3454 aggreditur
1817 3398 1830 3435 :

233 3479 385 3551 quod
418 3479 463 3535 si
501 3478 926 3550 perseveraveris
961 3477 1159 3549 gratias
1197 3490 1383 3547 agere,
1406 3473 1732 3545 jugulaveris
1766 3473 1834 3528 il-

235 3572 349 3626 lum
376 3570 534 3639 fame,
560 3570 912 3641 celeriterque
939 3568 1181 3640 abegeris
1206 3576 1260 3623 et
1289 3565 1542 3638 aufugero
1564 3566 1830 3636 coegeris.

238 3663 438 3719 Verum
466 3679 569 3717 non
598 3672 748 3733 potes
779 3671 954 3718 tacere
982 3661 1219 3716 cruciatu
1244 3658 1566 3714 stimulatus.
1595 3657 1706 3712 Nec
1730 3671 1830 3729 ego

235 3754 499 3827 prohibeo
530 3763 582 3810 te
608 3753 788 3824 loqui,
815 3751 909 3809 sed
953 3750 1072 3807 volo
1107 3758 1158 3806 te
1194 3764 1293 3820 pro
1331 3748 1660 3819 blasphemia
1692 3747 1836 3817 loqui

232 3849 531 3919 gratiarum
567 3847 832 3903 actionem
854 3886 868 3912 ,
907 3860 1005 3915 pro
1039 3843 1217 3899 verbis
1262 3841 1639 3913 indignationis
1676 3839 1838 3895 verba

232 3941 580 4003 laudationis.
625 3940 895 3997 Confitere
933 3937 1194 4002 Domino,
1235 3935 1405 3992 clama
1444 3934 1835 3998 vehementer,

231 4033 575 4094 obsecrando
598 4051 613 4089 :
637 4033 807 4087 clama
828 4029 1197 4096 vehementer,
1225 4025 1575 4096 glorificantia
1601 4042 1615 4079 :
1639 4025 1718 4079 sic
1744 4022 1837 4078 tibi

231 4141 293 4189 et
320 4129 543 4188 morbus
570 4124 812 4182 redditur
840 4122 1028 4191 levior,
1049 4118 1361 4176 discedente
1384 4116 1599 4188 quidem
1624 4115 1837 4171 diabolo

233 4231 459 4295 propter
494 4229 643 4275 tuam
681 4216 970 4288 gratiarum
1007 4214 1275 4269 actionem
1300 4252 1316 4276 ,
1347 4210 1443 4265 Dei
1481 4223 1611 4266 vero
1638 4207 1838 4263 auxilio

234 4314 551 4373 accedente.
588 4307 724 4368 Nam
754 4308 800 4364 si
838 4304 1197 4376 blasphemias
1234 4300 1486 4358 effuderis
1508 4343 1525 4368 ,
1556 4301 1757 4371 pariter
1783 4309 1841 4354 et

234 4407 335 4464 Dei
359 4405 610 4460 auxilium
638 4399 978 4465 submovisti,
1001 4406 1056 4453 et
1080 4395 1348 4451 diabolum
1368 4392 1625 4449 adversus
1650 4398 1840 4447 temet-

236 4502 417 4571 ipsum
448 4495 727 4553 reddidisti
754 4493 1056 4559 saaviorem,
1085 4498 1140 4546 et
1165 4489 1392 4560 teipsum
1419 4490 1588 4558 magis
1615 4484 1842 4541 involvi-

236 4593 306 4647 sti
332 4589 630 4646 doloribus.
660 4586 755 4643 Sin
780 4584 979 4658 gratias
1005 4581 1198 4654 egeris,
1226 4590 1283 4636 et
1307 4578 1527 4634 insidias
1552 4575 1840 4648 propulisti

235 4682 364 4739 mali
401 4679 682 4747 daemonis,
721 4688 777 4734 et
816 4676 913 4733 Dei
953 4689 1050 4746 pro
1089 4685 1140 4729 te
1183 4670 1399 4728 solliciti
1436 4668 1699 4726 medelam
1739 4665 1837 4722 tibi

232 4769 568 4828 conciliasti.

324 4885 527 4956 Lingua
556 4881 854 4939 cohibenda.
878 4910 949 4922 —-
973 4879 1169 4935 Verum
1198 4893 1265 4934 ex
1293 4875 1679 4933 consuetudine
1722 4874 1830 4931 fre-

246 4985 476 5048 quenter
523 4974 724 5046 impetu
769 4971 976 5042 rapitur
1004 4969 1180 5039 lingua
1206 5009 1221 5036 ,
1253 4977 1314 5023 ut
1355 4980 1666 5039 perversum
1713 4963 1843 5021 illud

239 5068 466 5125 verbum
505 5072 680 5121 sonet.
710 5062 907 5119 Verum
935 5076 1055 5116 cum
1087 5059 1193 5114 huc
1240 5060 1497 5129 rapietur,
1532 5057 1843 5127 priusquam

242 5159 475 5217 verbum
501 5154 788 5221 effuderit,
821 5148 1130 5209 cammorde
1159 5150 1305 5206 illam
1335 5149 1569 5220 undique
1595 5147 1844 5204 dentibus

238 5251 456 5309 acriter.
500 5248 727 5304 Praestat
772 5245 917 5300 illam
960 5259 1103 5298 nunc
1144 5243 1311 5297 fluere
1355 5241 1647 5312 sanguine,
1685 5255 1844 5310 quam

239 5357 371 5402 tunc
396 5342 779 5412 concupiscere
804 5346 1005 5409 guttam
1033 5378 1047 5402 ,
1081 5351 1180 5391 nec
1225 5336 1512 5404 impetrare
1555 5347 1716 5403 posse
1743 5333 1846 5388 tale

241 5436 584 5509 refrigerium
612 5453 626 5489 :
655 5438 878 5503 praestat
916 5428 1060 5484 illam
1092 5428 1476 5497 temporarium
1522 5425 1662 5481 ferre
1690 5424 1844 5479 dolo-

239 5544 360 5586 rem
394 5570 410 5591 ,
442 5542 600 5598 quam
647 5534 774 5579 tunc
819 5522 1123 5593 perenniter
1164 5529 1219 5576 et
1266 5519 1652 5575 immortalibus
1696 5518 1850 5573 malis

241 5617 510 5684 cruciari,
555 5613 1004 5688 quemadmodum
1049 5611 1227 5668 divitis
1268 5611 1408 5667 illius
1449 5611 1627 5682 lingua
1655 5608 1848 5665 ardore

241 5721 488 5771 azstuans
517 5710 720 5764 nullum
746 5707 1050 5777 impetravit
1093 5704 1450 5776 refrigerium.
1481 5703 1621 5758 Deus
1648 5717 1847 5773 praece-

239 5805 323 5878 pit
350 5815 405 5860 ut
429 5801 673 5859 inimicos
703 5807 821 5856 tuos
841 5798 1051 5869 diligas,
1082 5805 1134 5854 tu
1159 5812 1286 5854 vero
1313 5798 1479 5854 Deum
1507 5805 1556 5853 te
1578 5802 1845 5851 amantem

1940 723 2247 787 maledicis,
2275 738 2397 779 cum
2438 723 2584 780 nulla
2630 722 2681 777 in
2709 737 2771 777 re
2809 721 2969 777 lassus
2997 720 3111 776 sis?
3141 721 3333 776 Annon
3366 721 3537 791 potuit

1940 813 2150 869 solvere
2176 812 2561 870 tcntationem?
2584 812 2777 877 Potuit,
2808 811 2899 868 sed
2927 812 3183 882 permisit,
3209 822 3265 867 ut
3291 813 3386 866 fias
3410 826 3537 882 pro-

1940 904 2136 960 batior.
2166 905 2359 960 Verum
2381 920 2526 968 ecce,
2552 904 2748 973 inquis,
2773 904 3011 959 collabor
3029 903 3240 959 interim
3262 887 3325 958 ac
3351 918 3537 973 pereo.

1940 993 2060 1051 Non
2100 1005 2319 1067 propter
2345 995 2650 1051 afﬂictionis
2681 1003 2925 1050 naturam
2965 995 3108 1065 peris
3134 1037 3149 1063 ,
3191 994 3285 1049 sed
3318 1003 3539 1064 pr0ptcr

1938 1094 2082 1142 tuam
2114 1088 2435 1144 socordiam.
2488 1088 2580 1142 Dic
2613 1086 2781 1152 mihi,
2811 1096 2929 1142 utra
2956 1101 3045 1141 res
3068 1096 3151 1140 est
3177 1084 3396 1149 facilior,
3428 1085 3538 1140 bla-

1942 1180 2208 1250 sphemia,
2233 1194 2299 1234 an
2324 1180 2615 1250 gratiarum
2640 1178 2812 1233 actio?
2836 1177 3026 1233 Nonne
3049 1177 3137 1235 illa
3158 1190 3252 1231 eos
3268 1175 3355 1245 qui
3380 1174 3519 1229 audin

1942 1281 2036 1327 unt
2061 1272 2244 1328 hostes
2270 1280 2327 1328 et
2351 1272 2596 1327 inimicos
2624 1271 2719 1326 tibi
2755 1269 2963 1338 reddit,
2994 1279 3048 1325 et
3074 1269 3127 1323 in
3156 1269 3525 1339 mgritudincm

1940 1364 2104 1419 animi
2125 1363 2342 1433 conjicit
2363 1381 2379 1418 :
2406 1363 2520 1419 lucc
2544 1377 2671 1418 vero
2695 1363 3000 1416 innumeras
3020 1358 3173 1415 affert
3191 1358 3536 1430 philosophia!

1941 1470 2188 1522 coronas,
2218 1454 2694 1524 incredibilemque
2719 1452 2787 1508 ab
2816 1450 3064 1507 omnibus
3104 1450 3533 1513 admirationem,

1941 1548 2173 1619 denique
2201 1548 2438 1619 ingentia
2463 1563 2492 1601 a
2515 1547 2628 1602 Deo
2650 1545 2904 1617 praemia?
2930 1545 3040 1600 Cur
3066 1543 3225 1615 igitur
3244 1542 3385 1614 quod
3414 1543 3541 1597 utile

1944 1646 2047 1703 est,
2076 1638 2221 1709 quod
2261 1638 2418 1694 facile
2442 1678 2459 1705 ,
2492 1636 2634 1707 quod
2663 1635 2954 1706 jucundum
2983 1634 3236 1689 amittens
3258 1675 3276 1702 ,
3322 1633 3373 1689 id
3400 1632 3540 1703 quod

1944 1728 2126 1797 laedit,
2159 1729 2301 1800 quod
2325 1729 2642 1795 contristat,
2669 1727 2810 1798 quod
2838 1724 3107 1791 tabefacit,
3141 1725 3281 1780 illius
3308 1724 3428 1779 loco
3449 1738 3541 1778 se—

1943 1821 2139 1878 ctaris?
2177 1821 2317 1889 Quin
2358 1828 2413 1876 et
2448 1820 2645 1890 alioqui
2674 1819 2718 1873 si
2755 1817 3070 1874 tentationis
3106 1832 3169 1872 ac
3207 1815 3536 1886 paupertatis

1941 1915 2160 1971 afflictio
2185 1930 2344 1970 causa
2369 1922 2514 1970 esset
2533 1911 2984 1983 blasphemiarum
3009 1951 3023 1976 ,
3056 1916 3329 1981 oporteret
3350 1922 3540 1963 omnes

1954 2008 2045 2078 qui
2076 2007 2129 2063 in
2156 2015 2467 2079 paupertate
2494 2007 2678 2060 vivunt
2706 2004 3048 2075 blasphemos
3094 2017 3232 2058 esse.
3259 2001 3409 2057 Nunc
3437 2018 3537 2058 au-

1944 2110 2049 2157 tem
2096 2102 2235 2156 inter
2284 2115 2379 2156 eos
2428 2100 2519 2170 qui
2564 2100 2617 2154 in
2661 2108 2900 2154 extrema
2948 2097 3147 2166 degunt
3190 2104 3539 2166 paupertate,

1942 2194 2096 2250 multi
2131 2194 2331 2264 jugiter
2359 2201 2523 2263 agunt
2565 2192 2801 2263 gratias:
2829 2190 2917 2243 alii
2945 2202 3164 2255 contra,
3211 2189 3302 2259 qui
3345 2189 3538 2258 opibus

1942 2301 2006 2341 ac
2030 2285 2229 2341 divitiis
2252 2283 2497 2349 affluunt,
2519 2297 2626 2336 non
2652 2287 2867 2337 cessant
2884 2294 3133 2334 evomere
3154 2278 3532 2349 blaSphemias.

1943 2378 2126 2450 Itaque
2150 2395 2256 2434 non
2281 2378 2394 2449 ipsa
2421 2392 2602 2433 rerum
2629 2382 2840 2440 natura,
2867 2372 2965 2429 sed
2988 2381 3171 2428 nostra
3198 2372 3444 2428 voluntas
3474 2381 3530 2427 et

1943 2469 2043 2525 hoc
2063 2478 2119 2525 et
2152 2468 2277 2524 illud
2302 2468 2487 2525 efficit.

2014 2559 2306 2631 Paupertas
2337 2575 2464 2629 quos
2494 2573 2597 2612 non
2626 2556 2887 2612 lwdat.—
2908 2554 3136 2624 Propter
3163 2552 3268 2609 hoc
3309 2553 3450 2609 enim
3491 2561 3547 2610 et

1945 2650 2082 2707 hanc
2124 2650 2466 2707 recitavimus
2510 2648 2817 2719 parabolam
2843 2687 2858 2711 ,
2907 2655 2964 2700 ut
3007 2658 3362 2715 cognosceres
3403 2644 3546 2714 quod

1945 2741 2214 2798 hominem
2240 2740 2519 2797 socordem
2562 2754 2631 2794 ne
2661 2737 2861 2794 divitia:
2887 2736 3101 2807 quidem
3126 2735 3347 2821 juvent,
3376 2745 3548 2790 atten-

1947 2849 2057 2896 tum
2102 2855 2235 2895 vero
2276 2855 2345 2896 ne
2388 2846 2678 2910 paupertas
2707 2836 2922 2908 quidem
2953 2835 3147 2891 laedere
3190 2835 3358 2906 possit
3408 2831 3549 2903 Quid

1944 2932 2086 3000 dico,
2115 2930 2446 3003 paupertas?
2474 2928 2695 2985 Etiamsi
2727 2926 2906 2982 omnia
2935 2926 3405 2997 conglomerentur
3431 2939 3550 2993 qua:

1947 3034 2072 3080 sunt
2115 3026 2255 3079 inter
2280 3022 2526 3078 homines
2570 3021 2733 3088 mala,
2759 3033 3050 3090 numquam
3094 3017 3385 3086 percellent
3431 3015 3550 3069 ani-

1945 3132 2092 3172 mum
2123 3114 2353 3170 hominis
2382 3115 2550 3169 Deum
2579 3111 2810 3166 amantis
2830 3151 2845 3180 ,
2875 3108 3256 3180 sapietttimque
3282 3106 3544 3170 studiosi,

1943 3222 2117 3278 neque
2144 3203 2565 3277 persuadebunt,
2597 3211 2655 3257 ut
2684 3218 2714 3256 a
2740 3202 2935 3255 virtute
2965 3196 3200 3253 discedat
3227 3214 3241 3250 :
3275 3205 3328 3250 et
3354 3195 3548 3250 horum

1944 3300 2096 3357 testis
2120 3307 2204 3355 est
2228 3297 2484 3353 Lazarus.
2515 3291 2978 3363 Quemadmodum
3026 3305 3057 3344 e
3082 3289 3296 3344 diverso
3327 3287 3549 3342 mollem

1941 3406 2006 3448 ac
2032 3391 2349 3447 dissolutum
2379 3402 2485 3442 non
2523 3385 2743 3451 divitiae,
2771 3398 2877 3438 non
2902 3381 3124 3448 sanitas,
3158 3395 3263 3433 non
3289 3386 3548 3450 perpetua

1942 3482 2270 3556 prosperitas
2289 3523 2304 3550 ,
2336 3496 2442 3535 non
2474 3478 2615 3535 aliud
2645 3476 2914 3548 quidpiam
2953 3487 3204 3544 umquam
3229 3471 3415 3543 juvare
3450 3483 3551 3540 po-

1943 3578 2088 3633 terit.

2013 3669 2066 3724 8.
2106 3666 2186 3723 Ne
2214 3666 2375 3738 igitur
2418 3663 2659 3719 dicamus
2701 3656 2844 3729 quod
2874 3662 3160 3728 paupertas
3183 3695 3198 3718 ,
3245 3653 3463 3715 morbus
3497 3659 3553 3707 et

1944 3760 2299 3831 periculorum
2324 3754 2551 3810 insultus
2571 3751 2896 3821 compellant
2916 3747 2982 3802 ad
3004 3745 3410 3816 blasphemiam.
3434 3742 3551 3798 Non

1945 3858 2244 3921 paupertas,
2265 3847 2358 3903 sed
2385 3845 2629 3907 stultitia,
2655 3857 2761 3897 non
2790 3839 3030 3905 morbus,
3051 3836 3144 3893 sed
3176 3843 3536 3905 contemptus,

1943 3958 2049 3997 non
2076 3940 2438 4012 periculorum
2466 3935 2723 4001 iusultus,
2750 3932 2844 3989 sed
2873 3929 3085 4001 pietatis
3103 3927 3339 4004 desertio
3357 3968 3371 3993 ,
3404 3933 3461 3979 ut
3485 3923 3552 3979 ad

1943 4034 2352 4105 blasphemiam,
2387 4031 2458 4086 ita
2483 4029 2549 4084 ad
2580 4042 2739 4084 omne
2764 4023 2979 4080 malitiae
3006 4036 3176 4092 genus
3204 4018 3418 4074 adducit
3448 4017 3519 4070 mi
3544 4052 3552 4059 .

1944 4145 2046 4185 nus
2074 4134 2328 4184 attentos.

2023 4221 2127 4276 Cur
2174 4234 2278 4274 non
2325 4230 2497 4271 omnes
2539 4214 2622 4268 hic
2665 4209 2810 4282 punit
2849 4207 3103 4261 Deus.—
3135 4202 3242 4259 Sed
3279 4215 3437 4271 quam
3482 4199 3553 4255 ob

1942 4326 2159 4367 causam
2183 4352 2199 4378 ,
2231 4307 2436 4377 inquiet
2460 4304 2650 4374 aliquis
2670 4344 2687 4371 ,
2715 4300 2807 4355 alii
2836 4295 3053 4369 quidem
3094 4295 3179 4349 hic
3223 4293 3513 4364 puniuntur
3534 4330 3552 4357 ,

1943 4403 2035 4457 alii
2081 4415 2213 4456 vero
2251 4399 2383 4463 illic,
2427 4411 2491 4452 ac
2517 4410 2625 4450 non
2666 4391 2845 4463 potius
2888 4402 3077 4444 omnes
3124 4385 3250 4440 hic?
3286 4383 3455 4452 Quam
3485 4381 3556 4437 ob

1945 4508 2162 4551 causam
2186 4492 2211 4546 ?
2234 4489 2496 4559 Quoniam
2527 4486 2573 4542 si
2602 4485 2706 4540 hoc
2732 4491 2899 4546 esset,
2930 4492 3120 4534 omnes
3149 4476 3333 4546 utique
3356 4472 3550 4544 periis-

1945 4601 2158 4644 scmus:
2185 4597 2374 4640 omnes
2398 4581 2540 4636 enim
2568 4590 2756 4636 sumus
2777 4574 2995 4631 obnoxii
3027 4571 3221 4643 pmnis.
3244 4569 3476 4624 Rursum
3509 4566 3555 4621 si

1948 4679 2124 4734 nullus
2151 4676 2241 4749 hic
2259 4675 2561 4746 puniretur,
2591 4670 2774 4742 plures
2799 4664 3153 4724 redderentur
3180 4659 3517 4718 socordiorcs
3540 4700 3556 4725 ,

1947 4772 2206 4844 multique
2218 4771 2460 4826 dicerent
2475 4781 2580 4821 non
2593 4779 2714 4822 esse
2726 4758 3137 4834 providentiam.
3147 4754 3353 4810 Etenim
3372 4753 3415 4807 si
3432 4766 3555 4807 cum

1949 4881 2092 4922 nunc
2111 4843 2325 4920 videant
2346 4860 2544 4915 multos
2565 4856 2841 4927 improbos
2864 4851 3057 4925 puniri,
3080 4849 3274 4904 multas
3295 4843 3557 4916 ejusmodi

1950 4955 2312 5028 blasphemias
2339 4958 2595 5008 evomunt
2619 4966 2633 5003 :
2660 4949 2705 5003 si
2732 4962 2802 5003 ne
2830 4946 2934 5000 hoc
2963 4942 3179 5014 quidem
3208 4945 3372 5002 esset,
3398 4935 3551 5007 quid-

1952 5068 2078 5108 nam
2119 5046 2404 5106 dicerent?
2432 5044 2500 5101 ad
2528 5041 2670 5115 quod
2713 5039 2932 5095 malitiae
2962 5048 3130 5106 genus
3159 5047 3263 5088 non
3292 5044 3544 5100 raperen-

1953 5146 2081 5203 tur?
2108 5146 2214 5201 Has
2238 5143 2310 5198 ob
2348 5156 2436 5197 res
2467 5140 2608 5194 Deus
2648 5133 2782 5190 alios
2813 5130 3028 5203 quidem
3071 5126 3158 5180 hic
3184 5124 3372 5196 punit,
3416 5120 3556 5176 alios

1952 5255 2082 5295 vero
2107 5252 2215 5293 non
2246 5233 2417 5306 punit.
2448 5230 2603 5287 Punit
2630 5228 2844 5297 quidem
2874 5222 3078 5292 aliquos
3097 5260 3112 5285 ,
3143 5215 3396 5273 excidcns
3425 5213 3544 5266 illo-

1955 5347 2073 5386 rum
2105 5328 2289 5383 vitium
2315 5368 2328 5391 ,
2357 5336 2677 5396 pmnamque
2714 5318 2822 5373 illic
2866 5313 3097 5370 reddens
3123 5308 3381 5365 leviorem
3407 5346 3422 5370 ,
3470 5312 3556 5359 aut

1955 5424 2114 5479 ctiam
2138 5424 2191 5476 in
2224 5428 2391 5475 totum
2423 5418 2656 5473 liberans
2684 5413 2837 5477 illos,
2868 5418 2921 5464 et
2955 5421 3051 5462 eos
3077 5403 3169 5476 qui
3198 5415 3447 5474 perverse
3474 5399 3551 5451 vi.

1957 5524 2090 5571 vunt
2118 5512 2482 5584 castigatiores
2509 5507 2741 5564 reddens
2780 5503 2881 5557 hac
2910 5498 3184 5572 punitione
3217 5512 3232 5550 :
3261 5494 3395 5548 alios
3421 5505 3549 5546 vero

1956 5622 2167 5663 rursum
2199 5619 2305 5659 non
2333 5601 2524 5671 punit,
2552 5609 2611 5654 ut
2637 5599 2680 5653 si
2712 5594 3088 5666 resipiscentes
3113 5588 3214 5645 sibi
3236 5586 3367 5657 ipsis
3390 5597 3541 5639 caves

1957 5700 2099 5763 rint,
2158 5710 2220 5751 ac
2256 5695 2350 5751 Dei
2396 5691 2781 5764 benignitatem
2819 5684 3037 5743 reveriti
3079 5679 3313 5742 fuerint,
3363 5685 3416 5732 et
3455 5673 3545 5730 hic

1959 5791 2253 5847 liberentur
2296 5801 2326 5842 a
2359 5799 2514 5857 pmua
2553 5792 2609 5840 et
2644 5782 2751 5838 illic
2785 5795 2814 5836 a
2844 5775 3142 5851 supplicio:
3179 5773 3265 5830 sin
3297 5767 3545 5842 perstite-
