3958 6432
466 329 600 384 10ὓῦ

465 447 595 512 rint,
620 443 788 498 nihilo
814 442 1064 499 meliores
1089 441 1211 498 facti
1243 443 1461 499 lenitate
1487 445 1579 500 Dei
1599 446 1686 516 qui
1711 447 1848 500 mala
1875 459 2054 504 nostra

459 537 548 591 diu
573 537 784 601 tolerat,
804 535 1062 605 majorem
1090 537 1386 592 sustineant
1411 537 1700 592 cruciatum
1728 550 1945 609 propter
1972 542 2056 595 in-

457 630 662 698 signem
690 628 922 699 ipsorum
942 637 1323 698 contemptum.
1351 629 1504 697 Quod
1525 629 1570 685 si
1598 633 1715 701 quis
1741 633 1936 688 dixerit
1963 649 2058 688 eos

457 721 548 789 qui
571 719 858 788 puniuntur
871 719 1190 774 detrimento
1211 719 1370 784 affici,
1390 721 1410 790 (
1427 729 1671 790 paterant
1691 724 1830 777 enim
1861 724 2053 793 alioqui

460 811 800 882 resipiscere)
828 810 953 864 illud
985 809 1422 879 respondebimus
1448 829 1462 866 :
1488 811 1534 867 si
1576 812 1717 868 Deus
1758 817 2059 884 prmscisset

460 902 599 967 fore,
640 909 699 956 ut
744 903 1159 971 resipiscerent,
1191 918 1523 973 nequaquam
1557 904 1813 974 punisset.
1845 905 2055 960 Etenim

463 992 509 1046 si
535 1007 670 1061 quos
719 993 860 1048 videt
896 1008 1114 1047 manere
1154 993 1576 1064 incorrigibiles,
1625 996 1858 1061 omittit,
1891 998 2058 1051 multo

466 1083 634 1153 magis
655 1098 787 1153 quos
815 1094 1032 1138 noverat
1057 1100 1120 1138 ex
1154 1085 1318 1154 ipsius
1342 1085 1557 1140 lenitate
1582 1087 1783 1141 laturos
1809 1088 2056 1156 fructum,

461 1190 713 1245 passurus
729 1183 844 1231 erat
872 1176 925 1231 in
945 1178 1193 1246 praesenti
1212 1178 1334 1243 vita,
1368 1189 1424 1232 ut
1445 1189 1898 1250 consequerentur
1927 1189 2060 1236 tem-

471 1267 615 1334 poris
650 1268 878 1336 spatium
904 1267 971 1322 ad
1004 1270 1390 1338 pmnitentiam.
1421 1269 1572 1324 Nunc
1591 1280 1768 1326 autem
1795 1286 1888 1326 eos
1917 1287 2057 1341 prae-

465 1357 684 1427 ripiens,
715 1368 769 1413 et
795 1359 899 1413 illis
920 1360 1172 1414 leviorem
1203 1362 1252 1414 in
1281 1360 1458 1416 futuro
1485 1363 1682 1418 sa‘culo
1709 1378 1916 1432 poenam
1937 1364 2060 1418 red-

463 1449 563 1511 dit,
598 1460 651 1504 ct
672 1450 770 1505 hos
791 1451 1156 1522 castigatiores
1182 1453 1394 1508 illorum
1420 1456 1693 1524 suppliciis
1725 1457 1864 1510 facit.
1888 1457 2056 1523 Quam

467 1540 538 1593 ob
565 1555 676 1594 rem
709 1540 867 1610 igitur
907 1557 1013 1596 non
1044 1541 1180 1597 idem
1210 1543 1311 1598 hoc
1341 1545 1467 1599 facit
1511 1546 1563 1600 in
1593 1547 1746 1601 malis
1771 1547 2060 1602 omnibus?

468 1631 538 1686 Ut
558 1631 592 1684 ii
620 1635 706 1701 qui
735 1639 969 1699 manent,
1003 1649 1096 1702 per
1117 1635 1360 1690 timorem
1388 1636 1613 1691 aliorum
1645 1637 1916 1706 suppliciis
1939 1639 2063 1693 red-

468 1723 664 1778 dantur
705 1727 1070 1795 castigatiorcs
1095 1768 1109 1792 ,
1165 1728 1563 1799 prmdiccntque
1611 1730 1703 1785 Dei
1747 1730 2016 1785 lenitatem
2045 1771 2058 1794 ,

467 1813 688 1882 ejusque
710 1815 1092 1873 humanitatem
1116 1819 1351 1884 reveriti,
1378 1820 1636 1875 desistant
1656 1836 1684 1874 a
1709 1822 1924 1876 malitia.
1950 1821 2058 1878 Sed

469 1905 599 1960 nihil
637 1907 824 1962 horum
854 1908 1095 1977 faciunt,
1123 1911 1310 1980 inquit.
1340 1911 1454 1966 Non
1500 1913 1657 1982 igitur
1696 1914 1834 1968 Deus
1864 1915 1973 1982 jam
2005 1915 2058 1968 in

471 2012 633 2052 causa
663 2008 778 2068 est,
823 2000 917 2055 sed
959 2002 1167 2056 illorum
1198 2002 1438 2058 socordia
1460 2045 1475 2069 ,
1513 2004 1601 2074 qui
1634 2005 1916 2060 noluerunt
1950 2014 2057 2061 tam

474 2088 654 2144 multis
683 2091 931 2146 remediis
971 2093 1036 2146 ad
1085 2094 1351 2162 propriam
1383 2096 1466 2148 uti
1505 2096 1750 2150 salutem.
1793 2099 1966 2168 Atque
2005 2109 2062 2154 ut

475 2175 766 2249 cognoscas
809 2183 949 2252 quod
991 2183 1112 2239 ideo
1156 2185 1257 2240 hoc
1304 2187 1508 2254 fecerit,
1551 2188 1766 2243 attende
1808 2207 1822 2244 :
1856 2190 2064 2246 Miscuit

478 2271 604 2325 olim
643 2274 954 2342 sanguinem
987 2274 1326 2330 Galilaeorum
1361 2277 1560 2335 Pilatus
1598 2293 1717 2334 cmn
1754 2281 2059 2347 sacrificiis,

477 2369 532 2414 et
556 2361 870 2416 accedentes
910 2361 1008 2418 hoc
1039 2365 1208 2434 ipsum
1245 2368 1682 2422 renuntiaverunt
1713 2368 1872 2437 .lcsu,
1905 2380 2062 2441 atque

477 2451 563 2506 ille
588 2452 734 2519 dicit,
766 2453 902 2518 Quid
924 2456 1132 2524 putatis,
1153 2457 1290 2526 quod
1314 2459 1392 2512 illi
1419 2456 1626 2514 Galiltei
1649 2459 1747 2514 soli
1773 2472 2064 2532 peccatores

477 2543 721 2611 fuerunt?
757 2541 892 2610 Non,
932 2544 1048 2598 dico
1087 2546 1224 2600 vobis
1251 2561 1270 2600 :
1299 2548 1396 2602 nisi
1427 2550 1765 2619 paenitentiam
1795 2553 1993 2621 egeritis
2015 2563 2062 2606 et

476 2650 563 2687 vos
592 2633 825 2690 similiter
862 2636 1084 2704 peribitis
1115 2637 1266 2709 (Luc.
1301 2641 1388 2695 15.
1416 2640 1495 2711 2).
1524 2641 1756 2696 Rursum
1795 2644 1880 2697 alii
1910 2654 2062 2698 octo-

477 2724 648 2778 decim
677 2725 853 2779 obruti
879 2738 1004 2782 sunt
1030 2728 1180 2782 ruina
1209 2730 1483 2796 cujusdam
1514 2735 1695 2800 turris,
1725 2732 1792 2788 de
1821 2734 1903 2789 bis
1933 2750 2067 2805 quo.

481 2829 586 2884 que
612 2816 798 2870 eadem
831 2817 975 2872 dicit.
1008 2818 1140 2873 Nam
1173 2820 1314 2890 quod
1342 2822 1436 2888 ait,
1464 2823 1601 2890 Quid
1620 2826 1805 2894 putatis
1825 2827 1961 2896 quod
1989 2827 2066 2882 illi

481 2917 764 2977 peccatores
792 2919 936 2963 erant
960 2913 1098 2966 soli?
1117 2928 1239 2978 non,
1268 2915 1382 2968 dico
1411 2916 1567 2978 vobis,
1596 2915 1833 2971 declarat
1851 2918 1990 2988 quod
2014 2928 2067 2974 et

481 2999 722 3054 viventes
755 2999 942 3056 iisdem
976 3013 1128 3058 erant
1152 3004 1389 3059 obnoxii.
1419 3006 1574 3074 Quod
1604 3017 1779 3064 autem
1806 3011 1879 3064 ait
1908 3027 1921 3063 :
1949 3009 2065 3064 Nisi

482 3092 825 3158 paenitentiam
849 3094 1065 3162 egeritis,
1097 3104 1143 3149 et
1182 3112 1268 3149 vos
1303 3097 1534 3152 similiter
1558 3099 1802 3170 peribitis,
1833 3100 2069 3157 declarat

482 3183 624 3252 quod
664 3192 718 3238 et
757 3184 875 3240 illos
899 3188 1144 3256 permisit
1181 3189 1282 3243 hac
1310 3189 1378 3245 de
1415 3206 1576 3246 causa
1615 3192 1701 3246 illa
1730 3194 1857 3262 pati,
1892 3202 1950 3248 ut
1986 3195 2068 3249 vi-

485 3283 669 3330 ventes
694 3291 760 3330 cx
779 3277 842 3331 iis
863 3294 981 3348 quae
1001 3281 1212 3335 ecetcris
1235 3283 1540 3338 acciderant
1558 3293 1766 3341 terrore
1785 3297 2066 3356 concepto,

487 3367 877 3436 resipiscerent,
916 3379 969 3424 et
998 3371 1149 3441 regni
1185 3372 1416 3430 heredes
1453 3376 1658 3430 fierent.
1696 3376 1835 3444 Quid
1875 3379 2071 3448 igitur?

485 3454 551 3509 Ut
577 3473 695 3528 ego,
724 3459 913 3528 inquit,
940 3460 1060 3516 liam
1085 3463 1295 3530 melior,
1325 3466 1414 3521 ille
1436 3469 1691 3537 punitur?
1714 3469 1828 3524 Non
1856 3481 2072 3541 propter

488 3547 609 3617 hoc,
641 3551 733 3606 sed
764 3562 982 3621 propter
1005 3569 1159 3609 suum
1189 3556 1356 3624 ipsius
1383 3570 1661 3629 peccatum
1693 3563 1928 3632 punitur.
1957 3564 2072 3618 Cte-

489 3649 660 3694 terum
694 3642 902 3696 illorum
943 3643 1189 3701 interitus
1217 3651 1439 3704 attentis
1465 3665 1531 3705 ex
1557 3652 1846 3708 abundanti
1888 3657 1946 3708 lit
1982 3670 2074 3710 oc-

487 3733 633 3788 casio
668 3735 874 3799 salutis,
907 3735 1031 3790 dum
1067 3748 1209 3793 metu
1249 3756 1312 3795 ex
1355 3742 1420 3796 iis
1459 3757 1577 3812 quae
1614 3745 1732 3800 aliis
1765 3745 2074 3800 acciderunt

412 3831 417 3836 '
487 3836 768 3894 concepto,
800 3827 1097 3884 redduntur
1124 3831 1418 3900 probiores.
1457 3833 1639 3889 Itidem
1677 3846 1732 3890 et
1757 3836 1958 3891 domini
1987 3835 2072 3890 fa-

489 3915 639 3969 ciunt
683 3934 696 3971 :
739 3932 845 3971 uno
889 3933 1032 3986 smpe
1079 3919 1279 3977 famulo
1322 3923 1607 3994 ﬂagellato,
1653 3926 1890 3996 reliquos
1930 3937 2073 3982 metu

489 4008 721 4064 reddunt
740 4012 1152 4069 emendatiores.
1182 4012 1316 4070 Cum
1349 4017 1506 4087 igitur
1535 4019 1731 4074 videris
1755 4021 1964 4091 aliquos
1991 4023 2071 4076 vel

489 4097 542 4151 in
575 4099 900 4170 naufragium
939 4103 1205 4170 incidisse,
1239 4107 1323 4161 vel
1359 4107 1552 4162 aedium
1593 4109 1744 4165 ruina
1783 4125 2072 4181 oppressos

491 4205 632 4259 esse,
657 4191 736 4245 vel
769 4193 1014 4249 incendio
1041 4197 1284 4266 periisse,
1307 4200 1444 4254 vela
1465 4199 1640 4256 ﬂuviis
1661 4203 1912 4274 abreptos
1932 4221 2071 4273 esse,

491 4290 582 4336 aut
607 4283 713 4338 alio
739 4287 984 4355 qu0piam
1012 4288 1171 4343 modo
1197 4289 1432 4346 violento
1453 4291 1615 4346 vitam
1639 4293 1819 4349 finisse
1849 4313 1861 4350 :
1884 4295 2076 4351 deinde

494 4375 648 4439 alios,
693 4377 783 4446 qui
827 4379 1013 4435 eadem
1059 4396 1180 4436 cum
1227 4383 1333 4438 illis
1377 4393 1433 4439 et
1478 4386 1721 4455 graviora
1765 4397 2072 4458 peccarunt,

495 4465 626 4519 nihil
671 4468 774 4522 tale
804 4483 1008 4538 passos,
1042 4488 1109 4528 nc
1134 4475 1468 4530 conturberis
1495 4475 1680 4532 dicens
1699 4519 1714 4542 ,
1743 4494 1839 4534 cur
1863 4481 2074 4536 tandem

494 4560 582 4629 qui
611 4561 794 4616 eadem
825 4577 1130 4632 peccarunt,
1166 4584 1271 4623 non
1297 4568 1483 4624 eadem
1517 4572 1656 4640 passi
1689 4573 1850 4627 sunt?
1881 4574 2075 4629 Verum

497 4651 626 4706 illud
668 4664 880 4722 reputa,
919 4656 1064 4725 quod
1102 4658 1244 4714 Deus
1282 4660 1432 4714 illum
1469 4661 1681 4731 quidem
1721 4678 1908 4732 passus
1943 4672 2080 4720 este

497 4743 674 4798 medio
706 4745 816 4799 tolli
859 4749 1261 4820 praefocarique,
1303 4752 1568 4807 mitiorem
1599 4754 1646 4809 ei
1678 4769 1984 4824 prteparans
2025 4755 2078 4810 in

497 4836 674 4892 futuro
715 4839 913 4895 saeculo
962 4843 1290 4908 cruciatum,
1320 4854 1412 4898 aut
1459 4846 1618 4900 etiam
1669 4847 1720 4901 in
1766 4855 1934 4902 totum
1955 4863 2078 4903 eum

496 4929 734 4986 liberans
769 4949 782 4986 :
815 4932 954 4986 hunc
980 4947 1107 4987 vero
1146 4933 1280 4988 nihil
1317 4935 1419 4990 tale
1465 4949 1654 5005 passus
1683 4946 1763 4991 est
1789 4938 2076 5006 sustinere,

489 5035 550 5082 ut
598 5023 818 5079 alterius
866 5024 1128 5094 supplicio
1189 5026 1496 5096 castigatior
1539 5029 1746 5092 factus,
1786 5027 2079 5083 modestior

491 5115 850 5171 redderetur:
884 5115 1024 5185 quod
1063 5116 1106 5170 si
1152 5118 1578 5186 perseveraverit
1619 5117 1673 5172 in
1707 5117 1927 5184 iisdem,
1956 5134 2081 5173 cru-

493 5201 822 5262 delissimam
875 5209 974 5263 sibi
1005 5209 1102 5279 ipsi
1134 5225 1202 5265 ex
1240 5226 1335 5266 sua
1384 5211 1625 5266 socordia
1678 5220 1956 5265 coacervat
2002 5212 2084 5266 ul-

500 5310 698 5353 tionem
721 5340 734 5364 ,
774 5315 871 5355 nec
907 5300 1046 5355 Deus
1072 5300 1230 5356 fuerit
1253 5316 1412 5356 causa
1439 5301 1790 5357 intolerabilis
1813 5301 2080 5371 supplicii.

501 5393 732 5446 Rursum
774 5392 817 5446 si
871 5392 1066 5447 videris
1123 5392 1325 5463 justum
1364 5385 1524 5462 aﬂligi
1551 5433 1565 5459 ,
1607 5401 1696 5446 aut
1746 5392 1922 5446 omnia
1966 5407 2084 5462 qua:

502 5479 640 5535 dicta
692 5491 814 5536 sunt
863 5483 1280 5552 perpetientem,
1340 5499 1407 5539 ne
1461 5483 1822 5538 consterneris
1883 5483 2080 5538 animo.

505 5571 634 5625 Nam
680 5588 734 5628 et
805 5573 881 5628 illi
949 5589 1036 5629 res
1088 5577 1334 5642 acerbae,
1390 5575 1785 5646 splendidiores
1857 5576 2086 5632 reddunt

506 5674 732 5716 coronas
763 5683 776 5717 :
808 5681 860 5720 et
904 5665 1121 5722 omnino
1161 5667 1361 5737 quazvis
1408 5681 1562 5736 paena
1587 5708 1602 5734 ,
1660 5667 1918 5736 siquidem
1957 5681 2081 5735 pec—

510 5751 776 5808 caloribus
794 5753 1316 5827 inﬂigatur,detrabit
1342 5756 1537 5828 aliquid
1559 5756 1804 5812 vitiorum
1823 5757 2039 5828 ponderi
2069 5775 2080 5810 :

1179 328 1235 383 S.
1277 327 1554 385 JOANNIS
1591 330 2069 392 CIIRYSOSTOMI
2112 331 2424 393 ARCHIEP.
2464 334 3001 394 CONSTANTINOP.

3595 341 3704 402 will

2168 449 2248 504 sin
2261 447 2419 518 justis
2438 449 3140 520 inﬂigatur,splendidiorem
3157 452 3334 509 reddit
3355 453 3458 510 illis
3482 456 3706 529 animum,

2164 539 2242 593 sic
2261 548 2316 592 ut
2339 539 2576 610 utrisque
2603 543 2865 597 maximus
2889 559 2954 598 ex
2981 542 3267 600 afflictione
3294 545 3493 601 fruetus
3509 551 3706 622 eveniat,

2164 626 2365 684 tantum
2387 629 2430 684 si
2454 640 2602 699 grate
2618 633 3030 689 toleremus:hoc
3045 636 3182 689 enim
3209 647 3292 691 est
3308 636 3448 706 quod
3467 641 3713 707 quaeritur,

2235 719 2290 773 9.
2318 719 2542 789 Propter
2567 720 2669 773 hoc
2706 737 2828 775 cum
2859 724 2965 777 sint
3016 725 3276 793 ejusmodi
3315 728 3554 788 exempla
3580 729 3711 786 inuu-

2164 811 2464 878 merabilia,
2513 821 2772 864 sacrarum
2785 806 3167 878 Scripturarum
3180 809 3412 866 historia
3429 817 3512 872 bis
3542 820 3718 888 repleta

2164 909 2279 966 est,
2297 899 2473 970 justas
2505 916 2566 955 ac
2605 902 2829 972 injustos
2863 904 3015 958 malis
3037 904 3260 960 afﬂictos
3288 905 3445 962 nobis
3463 909 3715 975 exhibens,

2167 1000 2222 1044 ut
2241 991 2354 1045 sive
2371 991 2545 1061 justus
2562 992 2655 1058 sis,
2681 994 2792 1048 sive
2809 1003 3074 1063 peccator,
3101 997 3352 1066 quoniam
3375 997 3535 1054 habes
3561 1016 3715 1057 exem-

2166 1080 2248 1149 pla
2275 1121 2290 1145 ,
2327 1080 2464 1136 feras
2518 1084 2740 1138 fortiter.
2770 1083 2886 1140 Non
2931 1087 3100 1141 solum
3151 1098 3330 1142 autem
3362 1091 3586 1145 ostendit
3636 1093 3713 1149 tibi

2167 1172 2438 1241 improbos
2463 1174 2617 1228 malis
2644 1174 2868 1231 afﬂictos
2893 1219 2907 1242 ,
2938 1193 3121 1233 verum
3143 1180 3303 1234 etiam
3337 1181 3558 1237 feliciter
3577 1199 3716 1254 agen-

2169 1271 2284 1331 tes,
2309 1278 2376 1319 ne
2413 1265 2626 1319 illorum
2658 1266 2908 1322 felicitate
2951 1269 3287 1324 conturberis
3313 1311 3329 1335 ,
3361 1272 3600 1326 nimirum
3638 1273 3717 1327 do-

2167 1360 2287 1408 ctus
2315 1369 2379 1409 ex
2431 1355 2496 1410 iis
2521 1371 2639 1425 quae
2665 1357 2813 1412 diviti
2858 1360 3210 1440 acciderunte
3275 1355 3580 1429 cuiusmodi
3620 1364 3717 1420 illos

2167 1452 2287 1512 post
2356 1442 2495 1500 hanc
2551 1445 2710 1501 vitam
2764 1457 2977 1502 maneat
3028 1450 3375 1516 incendium,
3434 1453 3530 1506 nisi
3579 1453 3714 1507 vitam

2165 1548 2282 1589 eam
2336 1535 2666 1604 reliquerint.
2727 1537 2842 1592 Non
2895 1554 3218 1608 possumus,
3269 1541 3475 1612 inquit,
3537 1552 3586 1598 et
3650 1543 3718 1598 hic

2165 1634 2220 1680 et
2241 1626 2348 1681 illic
2372 1628 2553 1697 requie
2579 1626 2680 1682 frui
2709 1644 2724 1682 :
2754 1644 2858 1684 non
2892 1645 3172 1700 possumus
3201 1673 3217 1700 ,
3249 1632 3488 1703 inquam.

2239 1718 2547 1774 Sanctorum
2590 1721 2766 1775 veteris
2811 1720 3117 1776 Testamenti
3169 1740 3435 1778 terumnte.
3468 1753 3535 1764 —
3565 1723 3718 1795 quue

2164 1809 2294 1880 justi
2325 1811 2572 1866 vixerunt
2610 1812 2695 1866 hic
2738 1812 2899 1867 vitam
2940 1813 3214 1870 laboribus
3260 1815 3565 1870 obnoxiam.
3607 1815 3716 1884 Quid

2166 1903 2586 1974 igitur,inquis,
2619 1905 2928 1960 Abraham?
2981 1907 3048 1961 Et
3075 1909 3193 1978 quis
3243 1915 3351 1962 tam
3401 1908 3561 1962 multa
3610 1909 3715 1962 dura

2169 2010 2450 2066 perpessus
2478 1996 2598 2052 est?
2625 1997 2812 2052 Nonne
2837 2013 2865 2051 a
2897 2008 3118 2068 paterno
3143 1999 3428 2054 exsultavit
3454 1999 3594 2054 solo?
3611 1997 3718 2052 Non

2171 2103 2239 2142 ne
2284 2103 2313 2141 a
2345 2088 2457 2142 suis
2499 2089 2746 2144 omnibus
2770 2087 3012 2144 divulsus
3038 2091 3152 2144 est?
3176 2089 3366 2145 Nonne
3396 2092 3446 2144 in
3478 2090 3717 2160 peregrina

2167 2178 2384 2250 regione
2432 2179 2624 2235 famem
2675 2181 2963 2236 sustinuit?
3009 2181 3197 2237 Nonne
3239 2182 3389 2236 velut
3436 2196 3554 2237 erro
3601 2181 3720 2249 quis-

2168 2271 2308 2340 piam
2339 2311 2354 2336 ,
2386 2270 2612 2326 subinde
2667 2274 2832 2327 vertit
2859 2273 3031 2327 solum
3059 2314 3073 2338 ,
3105 2289 3136 2327 a
3166 2273 3444 2344 Babylone
3490 2272 3537 2325 in
3579 2269 3718 2324 Meso-

2169 2361 2497 2430 potamiam,
2552 2363 2676 2418 inde
2726 2362 2779 2418 in
2826 2363 3200 2431 Palaestinam,
3250 2379 3436 2419 rursus
3489 2364 3619 2418 illinc
3674 2363 3715 2416 in

2170 2454 2462 2525 Egj'ptum
2487 2453 2636 2526 (Gen.
2664 2455 2750 2509 19..
2779 2465 2825 2509 et
2846 2455 2979 2527 sqq.)
3003 2455 3026 2510 ?
3055 2457 3181 2524 Quis
3206 2458 3410 2512 referre
3431 2457 3584 2527 possit
3605 2454 3715 2508 bella

2170 2560 2291 2613 quae
2327 2561 2423 2615 pro
2483 2560 2648 2600 uxore
2679 2586 2694 2612 ,
2741 2563 2860 2616 qu:e
2912 2562 3034 2601 cum
3081 2547 3328 2602 barbaris
3387 2547 3578 2617 gessit?
3622 2545 3718 2614 quis

2171 2637 2408 2707 strages?
2433 2638 2550 2707 quis
2597 2650 2837 2708 cognatae
2863 2638 3075 2695 familiae
3125 2639 3538 2710 captivitatem?
3582 2637 3716 2706 Hujus

2171 2730 2382 2798 generis
2410 2729 2512 2783 alia
2541 2739 2666 2784 sunt
2716 2731 3138 2785 innumerabilia.
3185 2731 3324 2786 Cum
3365 2731 3521 2784 filium
3565 2742 3717 2783 susce-

2177 2822 2373 2891 pisset,
2403 2836 2581 2876 nonne
2607 2823 2749 2892 quod
2798 2831 2879 2876 est
2905 2824 3140 2877 omnium
3171 2823 3405 2878 maxime
3428 2818 3716 2876 intolerabile

2175 2929 2458 2984 perpessus
2500 2922 2620 2981 est,
2670 2928 2792 2969 eum
2851 2915 2962 2968 suis
3019 2914 3185 2984 ipsius
3229 2915 3475 2969 manibus
3521 2919 3717 2965 mactare

2173 3006 2355 3077 jussus
2383 3045 2399 3074 ,
2429 3022 2586 3076 quem
2616 3005 2895 3061 adamabat
2920 3047 2936 3071 ,
2968 3021 3089 3061 eum
3128 3021 3295 3076 quem
3323 3005 3545 3061 habebat
3581 3002 3716 3056 caris-

2175 3099 2367 3153 simum
2413 3095 2575 3167 (Ibid.
2607 3096 2698 3167 22)
2720 3095 2743 3149 ?
2768 3095 2904 3162 Quin
2943 3107 2996 3152 et
3027 3096 3138 3166 ipse
3165 3095 3516 3151 immolandos
3559 3092 3708 3155 Isaac,

2179 3205 2357 3246 nonne
2389 3190 2537 3244 omni
2565 3204 2633 3244 ex
2681 3201 2832 3259 parte
2861 3203 3073 3258 semper
3117 3203 3148 3241 a
3175 3187 3416 3242 finitimis
3452 3183 3715 3246 vexabatur,

2176 3282 2311 3338 adeo
2376 3290 2434 3336 ut
2481 3289 2538 3338 et
2581 3297 2750 3336 uxore
2795 3280 3054 3350 spoliatus
3104 3278 3267 3335 fuerit
3314 3273 3716 3350 quemadmodum

2177 3385 2366 3446 pater,
2411 3381 2468 3429 et
2495 3381 2644 3427 tanto
2671 3382 2910 3442 tempore
2958 3373 3074 3426 sine
3102 3371 3288 3426 liberis
3327 3367 3590 3425 manserit?
3612 3360 3716 3432 Quid

2178 3482 2341 3538 porro
2366 3465 2531 3522 Jacob
2577 3466 2628 3520 in
2653 3465 2838 3535 patriis
2883 3463 3086 3518 tedibus
3115 3463 3375 3519 educatus
3395 3503 3410 3528 ,
3443 3473 3605 3514 nonne
3626 3468 3716 3524 gra-

2176 3559 2322 3614 viora
2345 3572 2502 3628 quam
2535 3570 2668 3611 avus
2695 3570 2979 3626 perpessus
2998 3554 3120 3609 est?
3150 3555 3227 3608 Ac
3254 3570 3324 3608 nc
3340 3551 3548 3623 singulis
3569 3559 3716 3602 recen-

2179 3649 2368 3705 sendis
2419 3640 2760 3719 prolixiorem
2791 3646 3074 3701 reddamus
3121 3646 3419 3700 orationem
3444 3686 3458 3707 ,
3484 3639 3596 3695 audi
3619 3632 3716 3706 quid

2178 3743 2245 3797 de
2291 3751 2396 3796 tota
2441 3742 2546 3795 vita
2573 3755 2667 3796 sua
2695 3739 2835 3795 dicat
2861 3755 2875 3791 :
2900 3737 3065 3792 Pauci
3109 3747 3154 3791 et
3196 3739 3324 3791 mali
3363 3737 3467 3790 dies
3511 3731 3718 3792 meimei:

2185 3835 2494 3905 pertigerunt
2548 3834 2616 3886 ad
2668 3833 2775 3886 dies
2827 3841 3028 3902 patrunt
3073 3847 3298 3884 meorum
3351 3827 3507 3900 (Ibid.
3535 3825 3613 3878 47.
3657 3819 3716 3887 9).

2185 3927 2471 3982 Enimvero
2509 3927 2553 3980 si
2585 3925 2703 3995 quis
2730 3924 2896 3978 lilium
2926 3923 3260 3992 conspiceret
3303 3923 3355 3978 in
3386 3919 3528 3990 regio
3563 3916 3719 3968 throno

2180 4018 2450 4073 sedentem
2482 4057 2498 4084 ,
2543 4024 2600 4071 et
2643 4025 2785 4070 tanta
2813 4014 3074 4069 fruentem
3113 4015 3283 4084 gloria
3324 4027 3494 4068 annon
3533 4011 3716 4078 prazter-

2186 4111 2378 4165 itarum
2447 4107 2810 4164 calamitatum
2877 4104 3359 4163 oblivisceretur?
3437 4110 3595 4156 tamen
3653 4091 3720 4145 ille

2182 4202 2236 4256 in
2295 4210 2499 4255 tantum
2553 4209 2670 4256 erat
2713 4199 2869 4253 malis
2918 4191 3219 4253 maceratus
3250 4237 3266 4264 ,
3317 4205 3376 4252 ut
3423 4208 3486 4249 ne
3534 4190 3582 4244 in
3607 4190 3718 4240 tanta

2180 4291 2394 4362 quidem
2457 4290 2809 4362 prosperitate
2886 4289 3118 4360 potuerit
3193 4296 3549 4344 anteaetorum
3623 4286 3713 4330 ma'

2182 4383 2356 4438 lorum
2408 4381 2671 4438 oblivisci.
2705 4380 2842 4450 Quid
2891 4391 3071 4435 autem
3115 4379 3331 4434 David?
3360 4378 3520 4446 Quam
3563 4365 3718 4423 mullas

2187 4473 2440 4529 sustinuit
2482 4472 2814 4541 tragoedias?
2855 4472 3046 4528 Annon
3073 4470 3260 4526 eadem
3281 4470 3410 4526 dicit
3435 4479 3545 4536 qua:
3568 4454 3717 4516 Iacob.

2184 4568 2324 4622 hunc
2350 4567 2403 4621 in
2459 4566 2676 4622 modum
2726 4565 2982 4635 loquens?
3011 4562 3136 4618 Dies
3187 4577 3435 4617 annorum
3480 4559 3717 4611 nostrorum

2183 4659 2236 4712 in
2260 4658 2383 4729 ipsis
2411 4659 2733 4728 septuaginta
2782 4657 2901 4711 anni
2950 4657 3041 4710 :si
3081 4665 3251 4709 autem
3297 4656 3350 4709 in
3397 4640 3716 4729 potentatibttso

2189 4726 2444 4819 octoginta
2468 4726 2627 4813 anni,
2657 4758 2705 4802 et
2733 4748 2868 4819 quod
2894 4748 3114 4818 amplius
3134 4748 3340 4801 illorum
3367 4744 3504 4800 labor
3527 4726 3717 4831 eodem

2187 4838 2359 4910 (Psal.
2396 4840 2485 4895 89.
2530 4839 2643 4908 lO).
2673 4840 2810 4907 Quid
2857 4855 2985 4894 vero
3053 4838 3355 4893 Jeremias?
3394 4833 3565 4890 Nonne
3604 4822 3715 4877 diem

2185 4944 2298 4986 suae
2325 4931 2616 4985 nativitatis
2641 4941 2970 4997 exsecratur,
2997 4929 3067 4985 ob
3091 4929 3245 4984 malis
3284 4916 3600 4983 succcdentia
3632 4921 3712 4963 ωτι·

2187 5016 2394 5091 la(ler.
2443 5023 2532 5078 20.
2561 5022 2702 5093 ΗΠ
2750 5021 2888 5088 Quid
2931 5029 3107 5076 autem
3161 5021 3332 5076 Moses
3375 5012 3524 5088 ipse?
3563 5004 3714 5061 Νοηηθ

2185 5120 2419 5172 animum
2446 5118 2781 5187 despondens
2832 5119 2948 5182 ait,
2983 5117 3167 5172 Occide
3216 5135 3296 5172 me
3320 5159 3335 5180 ,
3382 5115 3425 5169 si
3469 5109 3536 5164 sic
3560 5109 3714 5200 ηιεξίιηξ

2183 5218 2389 5263 acturus
2435 5218 2505 5263 est
2544 5207 2735 5278 (Num.
2767 5211 2852 5264 11.
2889 5211 3013 5279 l5)?
3041 5209 3219 5264 Helias
3246 5223 3391 5274 vero,
3421 5201 3558 5270 cujus
3583 5199 3711 5246 animi

2192 5299 2492 5359 sublimitas
2524 5299 2590 5353 ad
2618 5299 2809 5356 caelum
2838 5315 3006 5370 usque
3036 5299 3363 5369 pertingebat
3383 5334 3401 5362 ,
3443 5289 3522 5362 (illi
3560 5279 3710 5379 “31.9"?

2189 5391 2428 5458 clausit,
2474 5407 2648 5446 annon
2705 5399 2824 5460 post
2877 5392 3038 5445 multa
3092 5390 3233 5445 edita
3285 5385 3509 5460 prodigia
3553 5377 3711 5444 iugiter

2191 5488 2515 5543 lamentatur
2543 5485 2614 5539 ita
2662 5485 2888 5554 loquens
2919 5485 3064 5538 Deo:
3099 5482 3241 5536 Tolle
3288 5482 3493 5536 animam
3531 5475 3669 5580 πεαῇ
3684 5468 3709 5580 ς

2191 5595 2270 5632 me
2292 5593 2311 5631 :
2333 5593 2432 5630 non
2457 5592 2568 5631 sum
2621 5549 2798 5630 melior
2823 5574 3053 5645 patribus
3087 5575 3212 5628 meis
3260 5575 3334 5643 (5.
3379 5569 3496 5636 Reg.

2195 5667 2297 5723 Sed
2325 5681 2577 5737 quorsum
2629 5643 2944 5721 attinet-ista
2971 5665 3276 5735 singulatim
3322 5643 3704 5734 persequi?l’att-

2198 5765 2278 5814 Ius
2308 5773 2492 5814 omnes
2521 5758 2677 5812 simul
2719 5756 3029 5828 complexus
3057 5758 3130 5812 sic
3158 5756 3286 5810 dicit
3319 5773 3329 5808 :
3359 5741 3633 5808 Circum!!!“
3667 5737 3703 5776 "'
