3958 6364
245 298 366 354 1005

248 414 350 471 ἀπὸ
375 406 485 483 τῆς
517 409 870 479 ἀνεξικακίας
893 410 1265 489 ὠφελούμενοι
1293 417 1388 473 τοῦ
1418 418 1579 487 Θεοῦ,
1612 419 1833 493 μείζονα

258 494 521 552 ὐποστῶσι
548 495 649 565 τὴν
689 498 960 569 τιμωρίαν
1004 499 1095 554 διὰ
1132 502 1233 571 τὴν
1265 501 1406 571 ἀγαν
1437 503 1618 557 αὐτῶν
1661 521 1833 559 κατα-

257 579 524 651 φρόνησιν.
552 578 617 632 Εἰ
663 579 721 632 δὲ
752 579 899 648 λέγοι
928 599 1013 646 τις
1045 582 1157 638 τῶν
1199 579 1259 638 εὖ
1294 585 1516 639 εἰδότων
1549 588 1633 641 ὅτι
1663 588 1712 641 οἰ
1743 604 1835 641 κο-

254 660 532 732 λαζόμενοι
572 662 969 733 ὲπηρεάζονται
998 666 1279 736 (ήδύναντο
1309 667 1420 739 γάρ
1449 670 1830 741 μετανοῆσαι),

252 748 421 801 ἐκεῖνο
466 744 533 799 ἂν
584 746 854 819 εἴποιμεν,
886 749 968 803 ὅτι
1024 752 1076 804 εἰ
1118 752 1340 823 προῄδει
1397 753 1832 824 μετανοήσοντας

251 829 440 891 αὐτοὺς
481 830 510 882 6
549 828 702 893 Θεὸς,
733 832 835 885 οὐκ
878 831 944 886 ἂν
977 833 1252 887 ἐκόλασεν.
1283 834 1348 887 Εἰ
1394 834 1504 907 γάρ
1542 834 1634 900 οὓς
1688 832 1831 891 οἶδεν

249 910 603 983 ἀδιορθὼτους
648 912 930 984 μένοντας,
968 916 1118 986 ὅμως
1162 918 1375 987 ἀφίησι,
1416 918 1596 991 πολλῷ
1629 920 1831 991 μᾶλλον

248 996 337 1062 οὓς
371 996 485 1068 ⁴ᾔδει.
532 997 927 1069 κερδανοῦντας
972 1000 1079 1054 ἀπὸ
1114 1000 1214 1071 τῆς
1247 1002 1413 1055 αὐτοῦ
1450 1003 1833 1076 μακροθυμίας

247 1082 424 1135 είασεν
468 1079 539 1134 ἂν
566 1082 624 1135 ἐν
672 1084 737 1154 τῇ
774 1083 1023 1157 παρούσῃ
1051 1084 1187 1156 ζωῇ,
1213 1084 1354 1140 ῶστε
1385 1086 1695 1142 ἀπολαῦσαι
1731 1090 1832 1160 τῆς

249 1163 584 1235 προθεσμίας
624 1166 705 1229 εἰς
740 1167 1053 1238 μετάνοιαν.
1092 1169 1233 1223 Νυνὶ
1270 1169 1327 1222 δὲ
1386 1170 1829 1244 προαναρπάζων

245 1248 458 1312 αὐτοὺς,
489 1248 765 1313 κάκείνοις
820 1250 1160 1323 κουφοτέραν
1200 1251 1300 1323 τὴν
1341 1254 1459 1307 ἐκεῖ
1489 1254 1645 1326 δίκην
1692 1254 1829 1309 καθ-

247 1332 450 1403 ίστησι,
487 1334 583 1387 καὶ
636 1332 860 1397 τούτους
913 1336 1394 1408 σωφρονεστέρους
1442 1340 1562 1403 ταῖς
1603 1338 1829 1392 ἐκείνων

242 1416 532 1489 τιμωρίαις
576 1418 998 1491 κατεργάζεται.
1043 1421 1156 1474 Kal
1197 1420 1343 1485 τίνος
1384 1421 1571 1476 ἕνεκεν
1600 1422 1700 1475 οὐκ
1734 1424 1828 1476 ἐπὶ

242 1502 457 1556 πάντων
507 1502 667 1557 τοῦτο
704 1506 849 1557 ποιεί
897 1504 1008 1559 τῶν
1065 1505 1360 1576 πονηρῶν;
1401 1505 1521 1559 Ἵνα
1556 1505 1636 1577 τῷ
1676 1505 1827 1579 φόϐῳ

241 1587 333 1640 καὶ
362 1588 483 1650 ταῖς
527 1586 728 1656 ἐτέρων
759 1586 1054 1658 τιμωρίαις
1101 1588 1357 1659 μένοντες
1398 1589 1826 1663 σωφρονέστεροι

239 1669 527 1740 γένωνται.
564 1672 658 1725 καί
706 1671 805 1743 τὴν
855 1671 1242 1744 μακροθυμίαν
1295 1673 1685 1739 ἐπαινέσαντες
1730 1673 1826 1728 τοῦ

239 1753 369 1807 Θεοῦ
409 1754 508 1807 καὶ
546 1756 646 1824 τὴν
680 1755 984 1809 ἐπιείκειαν
1024 1755 1385 1822 αἰδεσθέντες,
1417 1758 1520 1828 τῆς
1557 1758 1828 1829 πονηρίας

238 1838 568 1892 ἀποστῶσιν.
604 1838 745 1892 Ἀλλ’
769 1839 922 1894 οὐδὲν
949 1838 1157 1893 τούτων
1186 1838 1420 1906 ποιοῦσι,
1456 1840 1640 1912 φησίν.
1683 1840 1823 1893 Ἀλλ’

236 1922 330 1993 οὐχ
365 1924 393 1976 6
419 1922 556 1986 Θεὸς
598 1924 773 1987 αῐτιος
818 1922 1027 1989 λοιπὸν,
1070 1922 1187 1977 ἀλλ’
1233 1924 1267 1996 ή
1310 1924 1534 1979 ἐκείνων
1580 1923 1825 1997 ῥᾳθυμία

239 2006 311 2078 μή
338 2007 708 2078 βουληθέντων
735 2008 1011 2072 τοσούτοις
1039 2008 1354 2080 φαρμάκοις
1378 2010 1459 2073 εἰς
1488 2007 1586 2079 τὴν
1617 2009 1826 2064 οἰκείαν

238 2090 652 2162 ἀποχρήσασθαι
674 2091 972 2163 σωτηρίαν.
1004 2090 1110 2145 Kal
1139 2092 1228 2146 ἵνα
1245 2090 1437 2163 ’μάθῃς
1452 2091 1536 2144 ὃτι
1558 2090 1647 2144 διὰ
1667 2092 1826 2146 τοῦτο

235 2173 388 2227 τοῦτο
416 2178 586 2237 ποιεῖ,
611 2175 850 2246 πρόσεχε
873 2182 918 2229 ⁸.
952 2173 1146 2246 Ἔμιξέ
1169 2192 1301 2229 ποτε
1332 2175 1394 2228 τὸ
1418 2169 1559 2246 αἷμα
1582 2174 1692 2229 τῶν
1718 2175 1824 2229 Γα-

236 2255 450 2312 λιλαίων
491 2259 520 2311 6
555 2258 787 2322 Πιλᾶτος
820 2257 961 2329 μετά
986 2258 1096 2312 τῶν
1122 2257 1349 2323 θυσιῶν,
1383 2258 1478 2334 καὶ
1501 2258 1828 2331 προσελθόν-

234 2359 320 2407 τες
351 2343 501 2407 τινὲς
526 2343 872 2414 ἀπήγγειλαν
889 2342 967 2414 τῷ
986 2342 1210 2416 Χριστῷ
1234 2342 1367 2397 αὐτὸ
1387 2342 1546 2397 τοῦτο
1566 2361 1578 2374 ·
1613 2344 1708 2398 καὶ
1738 2344 1826 2397 λέ-

233 2443 341 2495 γειο
378 2428 440 2482 Τί
467 2427 703 2482 δοκεῖτε
719 2427 808 2481 ὅτι
833 2426 1054 2481 ἐκεῖνοι
1079 2431 1132 2482 οἱ
1148 2427 1467 2482 Γαλιλαῖοι
1486 2428 1825 2498 ἁμαρτωλοί

228 2512 393 2580 μόνοι
422 2507 595 2583 ἦσαν
611 2528 632 2576 ;
656 2511 825 2580 Οὐχί,
859 2510 1015 2582 λέγω
1053 2511 1198 2581 ὑμῖν
1218 2528 1231 2543 ·
1268 2512 1411 2567 ἀλλ’
1430 2550 1445 2575 ,
1474 2512 1584 2566 ἐὰν
1606 2511 1693 2582 μὴ
1718 2530 1825 2582 με·

234 2595 591 2665 τανοήσητε,
617 2596 717 2650 καί
747 2595 918 2666 ὑμεῖς
949 2596 1166 2667 ὁμοίως
1193 2595 1545 2652 ἀπολεῖσθε.
1595 2596 1766 2652 Πάλιν
1794 2598 1823 2640 1³

231 2677 399 2751 ἕτεροι
420 2680 563 2734 δέκα
593 2681 685 2733 καὶ
718 2678 865 2733 ὀκτὼ
903 2678 1332 2751 κατεχώσθησαν
1359 2680 1465 2733 ὐπὸ
1505 2680 1720 2753 πύργου
1743 2700 1825 2736 τι·

230 2763 313 2827 νὸς
334 2780 347 2793 ο
379 2763 483 2818 καὶ
531 2764 662 2835 περί
710 2763 938 2817 ἐκείνων
977 2763 1046 2817 τὰ
1088 2762 1231 2816 αὐτά
1260 2759 1382 2817 εἷπε
1406 2779 1421 2793 ο
1482 2762 1561 2834 τῷ
1591 2766 1689 2836 μὲν
1716 2766 1825 2839 γὰρ

231 2848 415 2912 εἰπεῖν,
444 2846 524 2901 Τί
551 2846 780 2901 δοκεῖτε
804 2846 894 2900 ὅτι
920 2846 1140 2900 ἐκεῖνοι
1166 2846 1506 2916 ἁμαρτωλοί
1533 2847 1701 2917 ἦσαν
1723 2850 1825 2918 μό-

228 2926 553 3001 νον;οὺχὶ,
608 2930 765 3001 λέγω
807 2931 983 3001 ὑμῖν·
1027 2932 1232 2999 ἔδειξεν
1289 2933 1371 2986 ὅτι
1400 2933 1495 2986 καί¹
1536 2934 1586 2986 οἱ
1621 2932 1824 2998 ζῶντες

226 3014 328 3068 τῶν
359 3015 550 3069 αὐτῶν
577 3010 719 3086 ἦσαν
747 3014 1069 3070 ὑπεύθυνοι⁸
1101 3015 1181 3086 τῷ
1208 3016 1267 3069 δέ
1299 3017 1474 3070 εἰπεῖν
1500 3056 1514 3079 ,
1551 3016 1635 3068 ὅτι
1680 3016 1823 3070 Ἐὰν

225 3098 302 3168 μὴ
317 3099 767 3170 μετανοήσητε,
799 3100 898 3154 καί
936 3098 1109 3170 ὑμεῖς
1139 3099 1426 3165 ὡσαύτως
1468 3098 1818 3167 ἀπολεῖσθε,

225 3183 418 3249 ἔδειξεν
451 3185 546 3238 ὅτι
573 3184 849 3247 κάκείνοις
888 3182 1235 3255 συνεχώρησε
1265 3183 1355 3237 διὰ
1379 3182 1541 3237 τοῦτο
1588 3182 1818 3246 παθεῖν.

227 3265 309 3321 ἵνα
333 3270 380 3321 οἰ
406 3267 625 3335 ζῶντες
657 3270 724 3321 ἐκ
750 3267 856 3321 τῶν
877 3267 1088 3340 ἐτέροις
1126 3266 1452 3337 συμϐάντων
1487 3266 1822 3337 φοϐηθέντες

225 3351 313 3404 καὶ
346 3352 826 3423 μετανοήσαντες,
857 3349 1133 3421 βασιλείας
1165 3348 1495 3421 κληρονόμοι
1532 3348 1817 3417 γένωνται.

225 3433 285 3487 Τί
312 3432 400 3491 οὖν
422 3479 436 3492 .
488 3435 576 3490 ἴνα
603 3436 851 3506 γένωμαι
875 3435 987 3505 ἐγὼ
1010 3434 1237 3506 βελτίων
1269 3437 1480 3498 ἐκεῖνος
1514 3431 1820 3498 κολάζεταις

225 3520 381 3589 φησίν
404 3538 419 3587 ;
476 3520 549 3573 Οὐ
572 3518 662 3572 διὰ
684 3518 863 3586 τοῦτο,
894 3518 1031 3572 ἀλλά
1055 3517 1348 3581 κολάζεται
1382 3516 1483 3588 μὲν
1506 3515 1596 3569 διὰ
1618 3516 1717 3587 τὴν
1738 3517 1820 3570 οἰ-

224 3604 367 3658 κείαν
397 3603 722 3675 ἁμαρτίανο
752 3603 964 3673 γίνεται
992 3602 1050 3657 δὲ
1078 3602 1143 3656 ἐκ
1164 3600 1483 3672 περιουσίας
1505 3602 1618 3664 τοῖς
1646 3618 1819 3673 προσ-

230 3688 405 3758 έχουσι
437 3686 721 3760 σωτηρίας
745 3687 1003 3751 ὑπόθεσις
1022 3727 1037 3751 ,
1066 3686 1143 3758 τῷ
1183 3686 1334 3757 φόϐῳ
1368 3684 1478 3739 τῶν
1503 3684 1651 3755 αὐτῷ
1679 3701 1820 3755 συμ-

233 3770 435 3826 ϐάντων
466 3771 927 3843 σπουδαιοτέρους
953 3769 1152 3834 αὐτοὺς
1192 3769 1387 3823 ποιῶν.
1434 3768 1590 3822 Οὕτω
1617 3768 1713 3821 καί⁸
1734 3768 1820 3820 δε-

234 3856 423 3910 σπόται
450 3855 703 3910 ποιοῦσιν
722 3873 736 3887 ·
769 3856 867 3909 ἕνα
898 3853 1160 3918 πολλάκις
1203 3851 1652 3924 μαστιγώσαντες
1674 3851 1822 3905 οἰκέ-

231 3953 343 4010 την,
373 3941 501 4004 τοὺς
516 3940 740 4003 λοιποὺς
760 3938 1237 4011 σωφρονεστέρους
1264 3937 1531 4007 ἐποίησαν
1547 3935 1625 4007 τῷ
1648 3936 1818 4005 φόϐῳ.

234 4022 395 4078 Ὅταν
421 4020 520 4079 οὖν
542 4023 658 4096 ῐδῃς
677 4023 831 4085 τινάς
858 4023 893 4094 ἢ
920 4023 1170 4093 ναυαγίῳ
1200 4021 1624 4093 περιπεσόντας,
1654 4020 1686 4090 ἢ
1718 4020 1823 4072 ὐπὸ

229 4106 404 4173 οἰκίας
437 4106 927 4178 καταχωσθέντας,
957 4106 989 4178 ἢ
1024 4106 1129 4159 ὐπὸ
1150 4104 1490 4177 ἐμπρησμοῦ
1537 4103 1823 4175 παραπολ-

228 4188 514 4263 λυμένους,
538 4191 573 4264 ἢ
598 4191 703 4245 ὐπὸ
730 4189 995 4259 ποταμῶν
1017 4205 1240 4260 παρασυ
1250 4189 1462 4260 ρέντας,
1486 4187 1520 4259 ἢ
1544 4187 1689 4259 ἀλλῳ
1712 4188 1822 4241 τινὶ

228 4276 411 4349 τρόπῳ
430 4276 664 4347 τοιούτῳ
693 4274 856 4346 βιαίῳ
882 4275 981 4345 τὴν
1025 4272 1172 4344 ζωὴν
1218 4269 1655 4334 καταλύσαντας,
1700 4266 1821 4324 εἶτα

228 4359 445 4432 ἐτέρους
465 4359 539 4414 τά
562 4358 704 4414 αὐτά
740 4360 923 4422 αὐτοῖς
951 4357 985 4430 ἢ
1017 4357 1112 4410 καὶ
1137 4355 1206 4409 τά
1236 4356 1455 4427 χείρονα
1479 4354 1821 4427 άμαρτάνονυ

225 4460 342 4510 τας,
368 4446 466 4499 καὶ
498 4444 667 4516 μηδὲν
691 4442 966 4506 παθόντας
993 4439 1261 4506 τοιοῦτον,
1301 4439 1376 4511 μή
1407 4437 1715 4511 θορυϐηθῇς
1738 4436 1823 4491 λέ-

225 4542 358 4596 γων·
384 4528 451 4582 Τί
502 4527 707 4599 δήποτε
737 4527 805 4581 τά
830 4526 971 4580 αὐτά
1018 4523 1452 4597 ἁμαρτάνοντες,
1479 4522 1541 4575 οὐ
1575 4522 1643 4576 τὰ
1682 4521 1822 4575 αὐτά

226 4613 603 4680 πεπόνθασιν;
634 4611 770 4666 ἀλλά
797 4611 955 4665 τοῦτο
983 4608 1226 4679 λογίζου,
1265 4609 1349 4661 ὅτι
1383 4606 1477 4662 τὸν
1509 4606 1609 4678 μὲν
1636 4605 1820 4661 είασεν

227 4694 580 4770 ἀναιρεθῆναι
602 4697 698 4751 καὶ
720 4693 1115 4765 ἀποπνιγῆναι,
1140 4690 1502 4764 ἡμερωτέραν
1537 4688 1687 4761 αὐτῷ
1712 4706 1819 4743 πα-

229 4782 582 4851 ρασκευάζων
608 4791 631 4819 θ
658 4780 758 4852 τὴν
781 4781 900 4833 ἐκεῖ
921 4777 1219 4849 τιμωρίαν,
1248 4775 1282 4847 ἢ
1309 4774 1406 4829 καὶ
1435 4773 1622 4827 τέλεον
1652 4774 1816 4828 αὐτὸν

227 4865 613 4922 ἀπαλλάττωνο
642 4862 831 4918 τοῦτον
860 4863 917 4917 δὲ
947 4861 1099 4917 οὐδὲν
1124 4859 1304 4931 ἀφῆκε
1323 4856 1564 4912 τοιοῦτον
1600 4857 1813 4926 παθεῖν,

224 4952 311 5002 ἵνα
346 4952 411 5022 τῇ
439 4948 633 5003 τούτου
661 4947 906 5019 τιμωρίᾳ
946 4942 1337 5017 σωφρονισθείς
1356 4982 1371 5008 ,
1414 4941 1818 5013 ἐπιεικέστερος

230 5032 453 5105 γένηται
472 5051 486 5065 ’
519 5033 585 5088 ἂν
611 5031 671 5086 δὲ
699 5030 939 5103 ἐπιμένῃ
960 5030 1074 5091 τοῖς
1108 5029 1293 5090 αὐτοῖς
1318 5068 1334 5094 ,
1376 5024 1820 5097 ἀπαραμύθητον

224 5117 404 5189 ἐαυτῷ
436 5118 593 5190 παρά
643 5119 758 5179 τοῖς
785 5114 983 5169 ἐαυτοῦ
1024 5110 1177 5185 [749]
1227 5111 1504 5183 ῥᾳθυμίας
1552 5109 1819 5179 σωρεύσει

229 5199 321 5271 τήν
348 5202 624 5273 τιμωρίαν
643 5216 658 5229 ·
687 5199 785 5254 καὶ
833 5199 863 5250 6
894 5196 1026 5260 Θεὸς
1058 5195 1160 5248 οὐκ
1188 5195 1360 5258 αἴτιος
1408 5194 1509 5265 τῆς
1538 5193 1817 5265 ἀφορήτου

227 5282 523 5347 κολάσεως.
580 5283 748 5338 Πάλιν
805 5281 872 5336 ἂν
904 5279 1020 5352 ἴδῃς
1066 5279 1277 5333 δίκαιον
1315 5278 1654 5349 θλιϐόμενον,
1686 5276 1719 5347 ἦ
1754 5276 1821 5331 τά

226 5369 604 5440 προειρημένα
627 5367 846 5422 ἅπαντα
876 5364 1179 5434 πάσχοντα,
1211 5361 1286 5434 μὴ
1327 5360 1649 5433 καταπέσῃς
1670 5376 1684 5390 ·
1724 5358 1819 5413 καὶ

223 5453 332 5522 γάρ
356 5453 600 5525 κάκείνῳ
630 5449 1051 5524 λαμπροτέρους
1079 5449 1209 5511 τούς
1252 5446 1551 5518 στεφάνους
1588 5446 1819 5517 ἐργάζε-

285 5618 312 5648 ⁶
334 5621 380 5667 Π
421 5619 436 5631 ’
475 5620 712 5699 εχεόεεει
732 5617 780 5669 in
802 5618 998 5669 duobus
1016 5631 1133 5668 mss.

285 5678 312 5721 δ
335 5636 539 5732 Amant.
555 5683 688 5732 ὑμεῖς
703 5683 763 5731 τὰ
782 5682 903 5731 αὐτά
922 5680 1268 5732 ὑποστήσεσθε,
1289 5679 1350 5727 πά

280 5678 312 5721 δ
335 5678 437 5746 Alli
453 5678 539 5732 κὰὶ
555 5683 688 5746 ὑμεῖς
703 5683 763 5746 τὰ
782 5682 903 5731 αὐτά
922 5680 1268 5746 ὑποστήσεσθε,
1289 5679 1443 5728 πάλιν.

284 5746 309 5812 ῗ
332 5743 432 5812 Mi.
450 5749 509 5812 ει
529 5742 676 5812 54v"-
701 5745 755 5812 ἔτι
776 5758 928 5812 μητε-
954 5742 1341 5812 κετασξιευάξευν·
1374 5803 1384 5812 .

285 5804 309 5844 δ
342 5808 377 5854 Δ
402 5807 435 5856 1i
458 5806 609 5856 δεινά·
638 5808 717 5855 καὶ
738 5808 825 5864 γὰρ
850 5804 1051 5866 τιμωρία
1071 5810 1222 5864 πᾶσα,
1247 5805 1303 5851 ἀν
1328 5804 1426 5865 μέν.

1446 303 1535 363 DE
1575 306 1854 364 ιΑῑΑιιο
1896 306 2148 367 CONCIO
2187 308 2276 367 111.

3392 311 3530 371 16οι

1939 441 2030 479 ται
2061 424 2131 479 τὰ
2157 422 2327 478 δεινά.
2351 424 2463 478 Καὶ
2493 424 2683 491 ἁπλῶς
2707 428 2859 483 πᾶσα
2881 428 3124 493 κόλασις,
3153 429 3221 485 ἂν
3249 430 3348 501 μὲν
3366 429 3394 469 ἀ
3431 433 3526 489 ἐπι

1940 508 2282 580 ἁμαρτωλῶν
2304 508 2546 579 γίνηται,
2597 510 2964 583 ὑποτέμνεται
3014 514 3077 568 τὸ
3100 514 3202 585 τῆς
3251 516 3528 587 ἁμαρτίας

1937 591 2157 661 φορτίον
2176 609 2189 623 ο
2213 590 2280 646 ἂν
2301 592 2358 645 δὲ
2381 593 2474 646 ἐπὶ
2499 594 2746 659 δικαίων,
2773 596 3139 668 φαιδροτέραν
3157 598 3338 651 αὐτῶν
3360 600 3499 669 ἐργά
3513 631 3534 646 -

1936 674 2090 740 ζεται
2118 676 2219 747 τὴν
2251 674 2451 747 ψυχὴν,
2483 677 2579 731 καὶ
2615 677 2871 749 μέγιστον
2922 680 3211 751 ἑκατέροις
3246 680 3308 734 τὸ
3335 680 3529 752 κέρδος

1935 759 2044 813 ἀπὸ
2066 759 2167 828 τῆς
2218 758 2452 829 θλίψεως
2511 761 2821 830 συμϐαίνει,
2873 762 3037 834 μόνον
3061 764 3159 817 ἐὰν
3187 763 3528 835 εὐχαρίστως

1935 842 2226 914 φέρωμενο
2257 841 2415 897 τοῦτο
2446 843 2557 916 γάρ
2585 846 2702 898 ἐστι
2722 844 2783 898 τὸ
2816 844 3174 917 ζητούμενον.

2006 973 2071 1031 θ’.
2094 976 2193 1029 Διά
2222 975 2379 1029 τοῦτο
2405 977 2613 1049 μυρίων
2644 977 2902 1033 τοιούτων
2931 982 3399 1053 παραδειγμάτων
3422 986 3525 1055 τῆς

1934 1053 2087 1120 θείας
2113 1058 2339 1129 Γραφῆς
2364 1061 2396 1131 ή
2431 1060 2642 1132 ἱστορία
2679 1073 2703 1101 θ
2726 1062 3137 1135 ἐμπέπλησται,
3158 1067 3252 1120 καὶ
3280 1053 3526 1133 δικαίους

1933 1140 2026 1193 καί
2050 1142 2319 1213 πονηροὺς
2356 1142 2544 1207 κακῶς
2588 1144 2898 1217 πάσχοντας
2947 1148 3082 1216 ἡμῖν
3121 1147 3521 1211 ὑποδείκνυσιν,

1933 1223 2023 1278 ἵνα
2050 1222 2114 1278 ἄν
2138 1242 2197 1278 τε
2223 1223 2428 1289 δίκαιος
2514 1243 2619 1290 τις,
2646 1226 2711 1280 ἄν
2744 1245 2804 1280 τε
2864 1228 3213 1301 ἁμαρτωλὸς,
3269 1232 3410 1304 ἔχων
3455 1234 3523 1288 τά

1932 1308 2331 1378 ὑποδείγματα,
2366 1308 2509 1382 φέρῃ
2548 1310 2831 1378 γενναίως.
2863 1313 2936 1365 Οὐ
2974 1313 3282 1385 πάσχοντας
3320 1316 3377 1369 δὲ
3418 1335 3526 1382 κατ

1931 1390 2045 1454 κῶς
2073 1390 2254 1462 μόνον,
2283 1390 2422 1445 ἀλλά
2450 1392 2545 1446 καὶ
2579 1392 2995 1463 εὐπραγοῦντάς
3026 1413 3108 1450 σοι
3145 1398 3382 1452 δείκνυσι
3425 1417 3524 1453 πο-

1929 1476 2150 1546 νηροὺς,
2178 1474 2264 1527 ἵνα
2298 1474 2373 1547 μὴ
2399 1477 2521 1539 ταῖς
2564 1477 2787 1530 ἐκείνων
2814 1477 3145 1550 εὐπραγίαις
3192 1481 3520 1555 θορυϐηθῇς,

1934 1556 2121 1628 μαθὼν
2159 1558 2268 1612 ἀπὸ
2298 1558 2406 1612 τῶν
2446 1558 2524 1630 τῷ
2562 1560 2802 1630 πλουσίῳ
2840 1562 3017 1632 τούτῳ
3068 1564 3522 1635 συμϐεϐηκότων,

1930 1635 2040 1693 οἷον
2066 1642 2267 1707 αὐτοὺς
2303 1642 2442 1712 μετά
2481 1642 2655 1697 ταῦτα
2689 1644 2841 1713 μένει
2873 1645 2934 1698 τὸ
2978 1645 3111 1719 πῦρ,
3143 1647 3192 1699 εἰ
3241 1648 3317 1719 μὴ
3354 1665 3522 1719 μετα-

1931 1722 2183 1795 ϐληθεῖεν
2222 1724 2241 1764 ἲ
2255 1766 2267 1776 .
2297 1726 2407 1779 Kal
2431 1726 2533 1780 οὐκ
2553 1725 2689 1788 ἐστι,
2724 1726 2880 1798 φησί,
2908 1727 3004 1781 καὶ
3027 1729 3265 1785 ἐνταῦθα
3292 1733 3388 1785 καὶ
3408 1733 3525 1787 ἐκεῖ

1932 1806 2170 1873 ἀνέσεως
2199 1808 2496 1864 ἀπολαύειν
2520 1827 2537 1877 ;
2575 1811 2689 1864 Οὐκ
2711 1810 2848 1867 ἐστι.

1999 1947 2102 2002 Διά
2131 1947 2293 2003 τοῦτο
2317 1948 2555 2005 ἐνταῦθα
2577 1951 2627 2003 οἰ
2646 1950 2845 2004 δίκαιοι
2874 1951 2966 2005 τὸν
2995 1952 3255 2005 ἐπίπονον
3286 1953 3526 2009 ἐϐίωσαν

1936 2030 2070 2101 βίον.
2109 2032 2175 2085 Τί
2205 2027 2331 2097 οὖν’,
2386 2034 2571 2104 φησὶν,
2608 2036 2636 2087 ὁ
2675 2034 2961 2106 Ἀϐραάμ;
3006 2037 3115 2089 Kal
3152 2036 3238 2100 τίς
3285 2037 3526 2091 τοσαῦτα

1928 2116 2100 2170 ἔπαθε
2128 2116 2310 2184 δεινά;
2334 2118 2455 2189 οὐχὶ
2487 2119 2586 2189 τῆς
2611 2120 2871 2190 πατρίδος
2908 2120 3204 2187 ἐξέπεσενς
3250 2122 3374 2193 οὐχὶ⁵
3413 2122 3527 2176 τῶν

1928 2199 2148 2254 οἰκείων
2179 2200 2452 2273 ἐχωρίσθη
2477 2202 2730 2267 πάντωνς
2764 2203 2865 2256 οὐκ
2895 2204 2952 2256 ἐν
2978 2203 3235 2275 ἀλλοτρίᾳ
3264 2207 3333 2276 γῇ
3367 2205 3528 2276 λιμὸν

1928 2283 2254 2355 ὐπέμεινεν;
2284 2284 2426 2354 οὐχὶ,
2465 2284 2720 2357 καθάπερ
2772 2285 3000 2358 ἀλήτης,
3039 2287 3279 2359 συνεχῶς
3325 2305 3524 2359 μετανο

1930 2367 2117 2422 ίστατο
2137 2410 2151 2433 ,
2182 2368 2292 2422 ἀπὸ
2332 2368 2649 2433 Βαϐυλῶνος
2680 2371 2760 2433 εἰς
2786 2371 3239 2444 Μεσοποταμίαν,
3270 2373 3526 2427 κάκεῖθεν

1926 2452 2007 2519 εἰς
2036 2452 2426 2522 Παλαιστίνην,
2461 2449 2581 2506 εἶτα
2602 2452 2855 2505 ἐντεῦθεν
2880 2455 2962 2517 εἰς
3000 2454 3315 2523 Αἴγυπτον;
3352 2455 3418 2508 Τί
3459 2457 3527 2511 ἄν

1924 2551 2009 2599 τις
2042 2536 2187 2589 εἴποι
2215 2536 2343 2598 τοὺς
2365 2536 2467 2606 τῆς
2488 2534 2772 2604 γυναικὸς,
2796 2536 2924 2598 τούς
2951 2536 3061 2590 τῶν
3094 2536 3387 2610 βαρϐάρων
3423 2555 3524 2591 πο-

1926 2616 2126 2688 λέμους
2157 2617 2252 2671 καὶ
2284 2619 2500 2688 σφαγάς
2520 2634 2534 2681 ;
2552 2618 2650 2689 τὴν
2672 2617 3053 2688 αἰχμαλωσίαν
3079 2620 3179 2691 τῆς
3200 2618 3295 2673 τοῦ
3326 2637 3525 2689 συγγεο

1927 2699 2051 2764 νοῦς
2089 2700 2294 2766 abduc;
2328 2702 2499 2771 μυρία
2524 2700 2689 2773 ’ἑτερα
2719 2700 2983 2768 τοιαῦτα;
3017 2703 3147 2756 Ὅτε
3186 2702 3243 2755 δὲ
3285 2705 3381 2757 καὶ
3430 2703 3526 2757 τὸν

1927 2784 2042 2837 υἰὸν
2074 2783 2288 2849 ἐλαϐεν,
2317 2785 2380 2838 οὐ
2416 2784 2483 2838 τὰ
2520 2785 2737 2839 πάντων
2784 2785 3063 2855 ἀνήκεστα
3107 2785 3394 2857 ὑπέμεινε,
3430 2786 3525 2840 τὸν

1925 2866 2077 2937 αὐτῷ
2108 2866 2359 2922 ποθεινὸν
2374 2868 2468 2921 καί¹
2489 2868 2794 2939 ἐπέραστον
2816 2870 2939 2931 ταῖς
2955 2868 3123 2922 αὐτοῦ
3147 2869 3346 2938 σφάξαι
3366 2886 3425 2941 χε
3436 2871 3525 2941 pol

1924 2950 2312 3022 κελευόμενος;
2342 2951 2407 3005 Τί
2438 2951 2496 3005 δὲ
2524 2952 2733 3016 αὐτὸςό
2756 2952 3118 3021 σφαγιασθεὶς
3154 2953 3375 3019 Ἰσαάκ;
3402 2955 3524 3025 οὐχὶ

1926 3034 2196 3088 πάντοθεν
2226 3034 2490 3103 ἡλαύνετο
2521 3036 2672 3108 παρά
2704 3034 2815 3089 τῶν
2855 3037 3073 3107 ὁμόρων
3114 3038 3379 3108 συνεχῶς,
3428 3039 3525 3092 καὶ

1923 3118 2024 3190 τὴν
2054 3121 2289 3187 γυναῖκα
2315 3118 2590 3190 ἀφῃρέθη,
2625 3118 2879 3191 καθάπερ
2910 3120 3051 3173 καὶὸ
3077 3119 3282 3193 πατὴρ,
3327 3120 3423 3175 καὶ
3462 3123 3524 3174 ἐν

1924 3201 2158 3273 ἀπαιδίᾳ
2186 3202 2443 3257 τοσοῦτον
2470 3202 2710 3275 διέμεινε
2741 3204 2935 3276 χρόνον
2956 3220 2971 3270 ;
2995 3204 3060 3256 Τί
3084 3204 3141 3257 δὲ
3167 3206 3196 3257 6
3233 3203 3452 3268 Ἰακὼϐ,
3490 3204 3523 3258 6

1922 3286 1981 3338 ἐν
2002 3284 2151 3356 οἰκίᾳ
2176 3285 2429 3357 τραφεὶς,
2463 3286 2586 3356 οὐχί
2622 3286 2718 3340 τοῦ
2752 3287 2980 3340 πάππου
3017 3284 3376 3358 χαλεπώτερα
3417 3287 3524 3340 ὐπ-

1924 3366 2107 3439 έμεινε
2123 3384 2138 3434 ;
2152 3367 2258 3421 Kal
2280 3368 2368 3423 ἵνα
2394 3368 2470 3440 μὴ
2488 3366 2666 3423 πάντα
2685 3368 3087 3438 καταλέγοντες
3114 3369 3329 3441 μακρὸν
3351 3368 3524 3423 ποιῶ-

1927 3468 2026 3523 μεν
2064 3452 2154 3507 τὸν
2201 3452 2381 3523 λόγον,
2442 3453 2674 3508 ἄκουσον
2727 3452 2779 3507 τί
2810 3471 2946 3525 φησι
2995 3454 3124 3525 περὶ
3170 3454 3270 3524 τῆς
3298 3454 3522 3525 ἀπάσης

1922 3535 2090 3590 αὐτοῦ
2122 3535 2300 3608 ζωῆςο
2331 3536 2546 3605 Μικραί
2578 3536 2681 3590 καὶ
2722 3538 2983 3607 πονηραί
3041 3540 3101 3591 αἰ
3136 3537 3352 3606 ἡμέραι
3375 3555 3519 3607 μου,

1922 3619 2022 3673 καί
2046 3621 2158 3675 οὐκ
2208 3621 2501 3690 ἀφίκοντο
2539 3623 2628 3689 εἰς
2656 3622 2765 3687 τὰς
2804 3622 3029 3692 ἡμέρας
3080 3622 3200 3676 τῶν
3244 3621 3523 3691 πατέρων

1916 3721 2059 3774 μου.
2095 3704 2291 3757 Καίτοι
2318 3704 2400 3769 τίς
2430 3702 2552 3757 ἰδὼν
2585 3705 2699 3758 υἱὸν
2728 3706 2823 3758 ἐπὶ
2848 3705 3039 3777 θρόνου
3070 3704 3356 3775 βασιλικοῦ
3385 3704 3521 3758 καθ-

1922 3789 2127 3859 ήμενον
2158 3788 2251 3842 καὶ
2279 3788 2551 3861 τοσαύτης
2586 3790 2929 3844 ἀπολαύοντα
2956 3789 3138 3859 δόξης,
3168 3789 3270 3842 οὐκ
3319 3788 3385 3843 ἂν
3422 3791 3524 3842 ἐπ-

1922 3871 2127 3943 ελήσθη
2141 3871 2251 3925 τῶν
2271 3872 2659 3944 παρελθουσῶν
2682 3892 2743 3927 συ
2754 3873 3009 3945 μφορῶν;
3046 3872 3187 3926 Ἀλλ’
3204 3873 3362 3945 ὅμως
3378 3872 3522 3925 ἐκεῖ·

1922 3942 2013 4019 νος
2037 3942 2210 4019 οῦτως
2239 3950 2309 4027 ἦν
2334 3942 2827 4029 τεταριχευμένος,
2856 3942 2931 4021 ὧς
2976 3958 3110 4028 μηδέ
3151 3960 3209 4011 ἐν
3241 3942 3520 4029 εὐημερίᾳ.

1921 4039 2162 4112 τοσαύτῃ
2184 4038 2539 4095 ἐπιλαθέσθαι
2571 4041 2679 4095 τῶν
2711 4041 3097 4112 γεγενημένων
3116 4040 3327 4095 δεινῶν.
3371 4040 3436 4091 Τί
3462 4038 3518 4090 δέ

1921 4126 1949 4177 ὁ
1988 4126 2190 4187 Δαυῖδ;
2221 4125 2397 4187 πόσας
2425 4126 2685 4196 ὑπέμεινε
2719 4125 3066 4197 τραγῳδίας;
3096 4125 3218 4196 οὐχὶ
3265 4124 3335 4176 τὰ
3377 4121 3519 4175 αὐτά

1922 4206 2072 4279 αὐτῷ
2117 4207 2211 4261 καὶ
2260 4200 2418 4271 οὗτος
2466 4209 2763 4278 φθέγγεται
2812 4208 3018 4276 λέγων·
3046 4211 3118 4263 ΑΙ
3157 4206 3370 4276 ἡμέραι
3400 4204 3520 4259 τῶν

1920 4288 2073 4344 ἐτῶν
2096 4288 2269 4359 ἡμῶν
2298 4290 2368 4344 ἐν
2394 4289 2602 4355 αὐτοῖς
2629 4289 3040 4360 ἐϐδομήκοντα
3067 4291 3173 4358 ἔτη
3192 4307 3205 4320 ⁸
3233 4290 3343 4343 ἐὰν
3361 4288 3430 4341 δὲ
3450 4290 3519 4342 ἐν

1921 4373 2329 4440 δυναστείαις,
2344 4373 2716 4444 ὀγδοήκοντα
2734 4374 2862 4441 ἐτη,
2880 4372 2979 4427 καὶ
2996 4374 3060 4427 τὸ
3084 4373 3297 4427 πλεῖον
3318 4372 3521 4427 αὐτῶν

1920 4457 2111 4523 κόπος
2136 4456 2235 4511 καὶ
2277 4459 2507 4524 adv-oc;
2539 4458 2605 4511 Τί
2632 4456 2691 4511 δέ
2717 4458 2746 4511 6
2775 4457 3078 4529 Ἱερεμίας;
3127 4457 3248 4527 οὐχὶ
3294 4456 3390 4510 καὶ
3417 4456 3519 4527 τὴν

1920 4540 2136 4611 ἡμέραν
2152 4538 2319 4593 αὐτοῦ
2337 4541 2436 4610 τῆς
2452 4541 2764 4612 γεννήσεως
2792 4541 3102 4611 καταρᾶται
3139 4540 3230 4593 διὰ
3249 4538 3320 4592 τά
3344 4538 3519 4592 ἐπάλ-

1920 4622 2061 4695 ληλα
2093 4624 2272 4691 δεινά;
2303 4623 2369 4678 Τί
2394 4625 2454 4678 δέ
2480 4626 2508 4678 6
2536 4626 2779 4695 Μωῦσῆς
2802 4642 2817 4692 ;
2844 4625 2966 4695 οὐχί
2996 4625 3092 4678 καὶ
3123 4624 3287 4688 αὐτὸς
3314 4625 3519 4692 ἀπαγο-

1924 4707 2098 4781 ρεύων
2123 4709 2309 4779 φησὶν,
2355 4709 2744 4764 Ἀπόκτεινόν
2762 4726 2861 4780 με,
2881 4712 2933 4764 εἰ
2960 4709 3116 4763 οὕτω
3139 4727 3245 4778 μοι
3265 4708 3519 4779 μέλλεις

1920 4792 2117 4846 ποιεῖν
2128 4808 2149 4858 ;
2185 4793 2243 4846 '0
2281 4792 2338 4845 δὲ
2382 4791 2590 4857 Ἠλίας,
2620 4794 2655 4865 ή
2679 4794 3069 4865 οὐρανομήκης
3096 4792 3265 4864 ψυχὴ,
3302 4790 3458 4864 [750]
3486 4793 3516 4844 6

1920 4877 2013 4933 τὸν
2045 4876 2277 4949 οὐρανὸν
2308 4876 2663 4942 ἀποκλείσας,
2691 4877 2753 4930 οὐ
2787 4876 2926 4947 μετά
2946 4876 3016 4939 τά
3044 4875 3215 4931 πολλὰ
3258 4875 3514 4945 θαύματα

1922 4960 2139 5034 θρηνῶν
2158 4961 2386 5015 διετέλει
2420 4961 2557 5031 πρὸς
2579 4962 2671 5014 τὸν
2699 4961 2866 5026 Θεὸν,
2917 4961 3097 5030 λέγων
3117 5000 3133 5027 ,
3185 4957 3365 5028 Ἆρον
3399 4957 3514 5027 τὴν

1919 5046 2136 5116 ψυχήν
2148 5063 2269 5116 μου
2287 5047 2390 5100 ἀπ’
2410 5045 2578 5115 ἐμοῦ,
2600 5045 2692 5098 ὅτι
2709 5047 2819 5099 οὑκ
2840 5046 2956 5114 εἰμί
2972 5043 3240 5110 βελτίων
3262 5041 3381 5097 τῶν
3403 5055 3514 5097 πα-
3589 5074 3593 5078 ›

1919 5129 2108 5199 τέρων
2130 5147 2251 5199 μου
2282 5131 2334 5196 ⁸;
2374 5128 2485 5182 Kal
2527 5128 2579 5181 τί
2609 5127 2714 5201 χρὴ
2752 5127 2958 5182 τούτων
2991 5126 3222 5181 ἕκαστον
3265 5125 3511 5192 ἐπιέναις

1922 5214 2138 5276 Πάντας
2160 5212 2271 5285 γάρ
2299 5212 2498 5276 αὐτοὺς
2521 5212 2661 5283 ὁμοῦ
2686 5211 2968 5267 συλλαϐὼν
2998 5213 3027 5265 6
3050 5209 3263 5273 Παῦλος
3290 5208 3512 5275 διέξεισι

1921 5295 2120 5366 λέγων’
2160 5293 2498 5365 Περιῆλθον
2516 5295 2588 5350 ἐν
2609 5294 2939 5365 μηλωταῖς,
2973 5296 3045 5349 ὲν
3094 5293 3344 5365 αἰγείοις
3377 5290 3513 5364 δέρ-

1915 5398 2128 5453 μασιν,
2146 5381 2597 5450 ὑστερούμενοι,
2626 5380 2986 5450 θλιϐόμενοι,
3013 5377 3511 5446 κακουχούμενοι,

1918 5458 2008 5521 ὧν
2029 5466 2143 5520 οὐκ
2169 5460 2252 5535 ἦν
2269 5464 2444 5531 ἄξιος
2472 5467 2505 5519 o’
2533 5465 2784 5533 κόσμος.
2817 5464 2929 5519 Kal
2953 5462 3136 5528 ἁπλῶς
3162 5462 3315 5518 πᾶσα
3343 5460 3512 5531 ἀνάγ-

1990 5681 2012 5742 ?
2034 5675 2130 5730 Alii
2149 5679 2180 5734 ἡ
2203 5677 2299 5725 τῶν
2317 5677 2457 5742 θείων
2469 5679 2659 5742 γραφῶν
2677 5681 2774 5742 ἰστ.

1996 5739 2011 5776 ¹λ
2048 5743 2159 5788 Post
2182 5737 2511 5801 μεταϐληθεῐῶ
2535 5737 2616 5789 alii
2634 5741 2817 5789 addunt
2844 5737 3068 5788 ἐντεῦθεν.

1994 5804 2016 5842 ε
2043 5802 2185 5853 Alius
2208 5801 2403 5865 βελτίων
2426 5804 2542 5854 ὑπὲρ
2566 5804 2674 5857 τούς
2695 5804 2899 5861 πατέρας
2918 5817 3027 5860 μου.
