3958 6358
248 328 391 384 1005

245 449 449 505 metatis
472 487 490 514 ,
534 448 584 498 in
615 443 828 516 pellibus
853 439 1076 512 caprinis
1105 445 1323 510 egentes,
1372 435 1539 506 aﬁlicti
1570 475 1586 500 ,
1617 434 1832 488 calami-

252 543 352 595 tosi
375 583 389 604 ,
419 539 598 609 quibus
631 537 817 606 dignus
859 550 961 588 non
1000 540 1107 586 erat
1151 527 1368 583 mundus
1397 525 1579 597 (Hebr.
1612 528 1698 581 11.
1727 527 1842 598 57).

250 634 479 688 Prorsus
522 631 591 684 ita
616 639 837 684 necesse
865 634 948 681 est
975 638 1119 689 eum,
1147 621 1236 692 qui
1289 620 1500 688 placere
1549 618 1680 672 velit
1702 617 1837 686 Deo,

249 727 341 796 qui
395 723 652 794 probatus
699 735 764 774 ac
828 732 994 788 purus
1049 729 1169 770 esse
1211 713 1376 777 velit,
1431 709 1843 779 haudquaquam

250 815 450 873 sectari
479 815 642 868 vitam
677 810 892 866 mollem
914 849 929 875 ,
972 806 1252 862 remissam
1280 819 1344 858 ac
1369 801 1718 868 dissolutam,
1750 799 1845 854 sed

251 909 576 964 laboriosam
605 948 619 972 ,
651 904 934 971 multisque
956 899 1240 954 sudoribus
1266 898 1495 967 plenam.
1520 892 1656 947 Audi
1673 893 1846 961 ipsum

254 1003 528 1057 dicentem
546 1017 558 1052 :
576 998 766 1052 Nullus
791 1002 1082 1060 coronatur,
1105 992 1204 1045 nisi
1231 991 1314 1061 qui
1347 988 1562 1059 legitime
1588 985 1848 1039 certaverit

258 1092 337 1167 (Ξ.
375 1092 506 1146 Tim.
555 1089 610 1144 2.
643 1090 723 1157 5).
773 1087 840 1141 Et
879 1085 1004 1140 alibi
1033 1103 1045 1138 τ
1074 1081 1310 1152 Quisquis
1353 1089 1518 1133 autent
1565 1085 1762 1142 certat,
1793 1076 1847 1128 in
1881 1067 1884 1071 λ

252 1185 487 1240 omnibus
507 1184 770 1238 continens
799 1191 869 1234 est
895 1222 909 1246 ,
940 1188 986 1232 et
1015 1179 1069 1231 in
1092 1177 1252 1231 verbis
1277 1216 1291 1242 ,
1325 1184 1372 1227 et
1421 1173 1473 1226 in
1503 1180 1712 1242 aspectu
1739 1211 1754 1236 ,
1801 1177 1848 1223 et

249 1279 305 1331 in
349 1293 466 1331 voce
493 1317 509 1343 ,
542 1286 589 1330 et
618 1292 650 1328 ιι
699 1273 936 1327 conviciis
987 1279 1313 1340 temperans,
1361 1275 1408 1319 et
1454 1282 1486 1318 a
1536 1262 1850 1334 blasphemia

247 1380 301 1426 et
350 1389 383 1425 a
412 1369 722 1441 turpiloquio
748 1366 824 1440 (1.
860 1365 980 1421 Cor.
1011 1363 1063 1418 9.
1091 1362 1204 1433 ‘25).
1237 1361 1370 1416 Hinc
1403 1357 1712 1422 ediscimus,
1741 1353 1843 1411 etsi

250 1463 479 1519 tentatio
501 1477 604 1516 non
641 1459 771 1514 foris
801 1457 1047 1522 infestet,
1074 1457 1282 1524 seipsos
1311 1466 1566 1508 exercere
1595 1459 1848 1520 Oportere

250 1553 578 1624 quotidianis
601 1550 842 1622 jejuniis,
873 1561 1170 1618 asperaque
1198 1545 1302 1600 vita
1334 1585 1350 1613 ,
1401 1543 1491 1597 vili
1520 1543 1639 1597 cibo
1665 1583 1680 1608 ,
1705 1541 1847 1596 tenui

249 1662 475 1711 mensa,
517 1645 713 1714 ubique
754 1643 989 1697 vitantes
1019 1649 1265 1710 sumptus
1315 1636 1646 1706 magnificos.
1679 1634 1849 1688 Aliter

252 1756 364 1796 non
404 1747 580 1808 potest
604 1738 722 1807 quis
750 1736 962 1806 placere
994 1736 1126 1789 Deo.
1158 1732 1342 1802 Neque
1373 1731 1514 1785 enim
1563 1729 1693 1782 mihi
1741 1727 1811 1782 fri
1831 1761 1846 1770 -

257 1833 445 1904 gidum
500 1830 632 1885 illud
687 1829 887 1884 dictum
932 1825 1190 1897 obiecerit
1225 1823 1518 1895 quispiam,
1566 1820 1706 1890 quod
1765 1819 1849 1874 hic

253 1935 350 1980 aut
395 1924 487 1978 ille
537 1921 697 1976 simul
747 1920 942 1975 habeat
980 1927 1035 1973 et
1086 1916 1247 1985 hujus
1277 1914 1400 1968 vita:
1445 1920 1502 1968 et
1539 1911 1681 1966 illius
1710 1925 1853 1965 com-

255 2015 438 2070 moda.
491 2013 606 2068 Iloc
649 2013 701 2066 in
729 2011 1020 2075 divitibus,
1072 2023 1136 2063 ac
1174 2006 1377 2062 deliciis
1417 2003 1716 2058 fruentibus
1775 2001 1849 2056 si-

257 2109 476 2176 mulque
543 2103 886 2174 peccantibus
939 2100 1183 2156 accidere
1236 2111 1571 2169 nequaquam
1623 2102 1848 2165 potest:

256 2214 446 2253 verum
493 2198 539 2251 si
571 2196 712 2250 istud
739 2193 1023 2250 dicendum
1051 2199 1163 2257 est,
1191 2190 1260 2245 de
1287 2189 1352 2244 iis
1381 2189 1471 2259 qui
1502 2188 1588 2242 hic
1614 2186 1857 2256 affligun-

259 2297 352 2343 tur
395 2288 499 2343 dici
566 2294 786 2357 potest,
851 2285 942 2356 qui
992 2287 1180 2338 vivunt
1228 2281 1283 2336 in
1322 2279 1652 2350 angoribus,
1705 2277 1852 2332 vitle-

259 2380 388 2435 licet
430 2377 571 2448 quod
627 2377 716 2432 hic
739 2384 793 2432 et
821 2375 938 2431 haec
963 2386 1017 2429 et
1058 2374 1151 2428 illa
1200 2371 1456 2427 habeant.
1501 2370 1613 2424 lllic
1660 2368 1857 2423 habent

262 2470 471 2542 przemii
500 2471 728 2524 fructum
759 2471 776 2522 ε’
802 2468 890 2522 hic
917 2466 1153 2533 habent,
1177 2463 1320 2535 quod
1343 2463 1556 2517 illorum
1583 2475 1680 2530 spe
1705 2460 1856 2514 alan-

263 2574 396 2630 tur,
429 2578 530 2618 uec
566 2563 799 2618 sentiant
853 2560 992 2616 mala
1047 2556 1377 2629 praesentia,
1429 2554 1499 2609 ob
1555 2552 1858 2607 futurorum

261 2658 532 2714 bonorum
575 2653 1054 2725 exspectationem.
1101 2648 1208 2705 Sed
1259 2647 1538 2702 audiamus
1575 2655 1629 2700 et
1652 2642 1860 2713 reliqua

261 2767 386 2821 qua:
415 2757 714 2820 sequuntur
741 2763 754 2799 ε
788 2747 961 2816 Super
1005 2748 1115 2798 [nec
1144 2741 1316 2797 omnia
1352 2755 1468 2794 vero
1497 2739 1652 2792 chaos
1683 2737 1861 2807 ingens

262 2841 598 2908 conﬁrmatus
653 2849 726 2893 est
781 2839 913 2892 inter
968 2852 1060 2889 nos
1109 2843 1158 2888 et
1209 2849 1296 2886 vos
1350 2829 1531 2904 (Luc.
1585 2829 1669 2884 16.
1723 2828 1859 2898 26).

263 2935 436 2991 [lecte
466 2933 646 3002 itaque
689 2930 826 2984 dixit
873 2926 1037 2982 David
1062 2966 1078 2993 ,
1130 2923 1318 2978 Frater
1365 2938 1468 2975 non
1509 2920 1729 2985 redimit,
1760 2933 1864 2972 non

262 3026 408 3080 dabit
433 3024 541 3079 Deo
563 3022 901 3094 placationem
926 3033 1072 3074 suam
1100 3015 1272 3089 (Psal.
1316 3013 1403 3068 48.
1434 3013 1516 3083 8).

342 3115 623 3171 Parentum
668 3111 891 3184 probitas
938 3125 1042 3164 non
1088 3108 1292 3177 prodest
1333 3103 1577 3176 improbae
1622 3100 1866 3172 proli.—

262 3209 388 3266 Non
430 3208 575 3263 enim
622 3204 738 3260 fieri
785 3211 980 3274 potest,
1027 3200 1128 3256 etsi
1171 3199 1356 3265 frater,
1399 3197 1500 3252 etsi
1547 3205 1716 3266 pater,
1763 3193 1864 3248 etsi

265 3302 416 3357 filius
443 3299 622 3354 fuerit.
651 3297 788 3353 Vide
818 3308 1047 3365 namque
1077 3291 1384 3348 :Abraham
1414 3287 1699 3357 appellavit
1725 3285 1867 3338 divi-

267 3404 382 3449 tem
411 3392 576 3446 lilium
599 3433 614 3456 ,
645 3403 745 3444 nec
776 3397 954 3442 tamen
982 3385 1054 3440 illi
1081 3391 1339 3454 praestare
1370 3380 1560 3451 potuit,
1593 3393 1714 3449 quae
1743 3387 1868 3430 sunt

267 3483 462 3556 patris.
511 3482 670 3536 Dives
697 3489 905 3550 patrem
935 3476 1224 3548 appellavit
1250 3473 1520 3528 Abraham
1546 3513 1561 3539 ,
1611 3478 1666 3525 et
1707 3483 1866 3538 quam

215 3583 696 3632 ‘consentaneum
737 3581 854 3627 erat
891 3570 1041 3624 illum
1086 3570 1374 3638 impetrare
1416 3563 1864 3625 benevOleutiam,

268 3682 434 3738 quam
467 3676 644 3737 patres
672 3671 866 3735 gerunt
895 3663 946 3716 in
978 3661 1139 3728 filios,
1175 3674 1280 3714 non
1311 3657 1483 3730 potuit
1516 3673 1530 3710 :
1564 3657 1637 3709 uti
1668 3669 1870 3724 cogno-

271 3773 398 3814 scas
443 3757 584 3828 quod
617 3771 790 3826 neque
837 3753 1123 3823 cognatio,
1165 3766 1340 3820 neque
1380 3747 1612 3802 amicitia
1636 3788 1652 3815 ,
1698 3760 1872 3814 neque

271 3851 498 3905 allectus
524 3890 537 3911 .
581 3862 754 3917 neque
796 3847 900 3900 alia
932 3859 1018 3900 res
1057 3843 1159 3897 ulla
1191 3857 1260 3897 ex
1293 3840 1545 3896 omnibus
1575 3854 1694 3909 quae
1723 3846 1868 3904 sunt,

267 3943 463 4014 juvare
484 3949 658 4010 potest
681 3953 826 4004 eum,
858 3937 946 4007 qui
989 3952 1019 3990 a
1061 3951 1157 3990 sua
1184 3935 1351 4004 ipsius
1373 3933 1478 3988 vita
1505 3931 1742 4001 proditus
1765 3939 1870 3984 est.

354 4034 439 4088 10.
484 4033 610 4086 Haec
652 4041 832 4085 autem
862 4045 928 4084 eo
972 4028 1093 4084 dico
1117 4071 1132 4096 ,
1165 4027 1308 4098 quod
1349 4027 1650 4096 complures
1673 4065 1688 4088 ,
1721 4023 1875 4078 nobis

273 4127 592 4195 frequenter
621 4122 1034 4177 admonentibus
1057 4129 1116 4174 ut
1144 4120 1244 4174 sibi
1275 4126 1506 4174 caveant
1529 4117 1874 4187 vigilemque,

274 4218 557 4288 negligant
587 4226 641 4271 et
674 4213 1094 4270 admonitionem
1123 4218 1337 4265 vertunt
1367 4209 1420 4263 in
1451 4207 1638 4262 risum.
1665 4207 1747 4260 Tu
1774 4205 1879 4259 mi-

276 4311 362 4376 hi,
392 4311 636 4380 inquiunt
661 4352 676 4377 ,
725 4308 868 4363 adsis
894 4307 948 4361 in
994 4306 1086 4360 illo
1115 4304 1220 4370 die,
1262 4312 1315 4358 et
1341 4304 1485 4358 bono
1529 4315 1646 4357 sum
1675 4299 1875 4367 animo,

277 4419 460 4473 neque
486 4402 774 4472 quidquam
806 4408 1007 4454 metuo.
1053 4397 1287 4451 Rursum
1319 4395 1454 4449 alius
1483 4411 1496 4448 :
1528 4401 1760 4464 patrem,
1794 4390 1879 4444 in-

277 4495 424 4567 quit,
451 4495 620 4549 habeo
641 4503 951 4564 martyrem.
982 4491 1048 4544 Et
1075 4489 1212 4542 alius
1237 4505 1251 4542 :
1280 4502 1458 4552 avum,
1487 4484 1680 4556 inquit,
1710 4483 1882 4537 hach

1461 317 1549 374 DE
1603 316 1882 376 LAZARO
1919 318 2168 377 CONCIO
2196 319 2286 376 IV.

3405 332 3545 388 1006

1947 435 2275 506 episcopum.
2330 435 2433 491 Alii
2461 451 2570 492 suae
2602 435 2817 493 familia:
2845 438 2980 494 alios
3009 441 3296 511 objiciunt.
3320 441 3538 514 Frigida

1952 536 2077 580 sunt
2121 528 2219 581 ista
2248 528 2433 593 verba,
2466 527 2598 583 nihil
2645 528 2800 584 nobis
2828 529 3055 585 aliorum
3087 530 3253 585 virtus
3282 537 3550 606 prodesse

1951 618 2170 673 valebit.
2225 619 2496 674 Memento
2543 620 2806 691 virginum
2852 621 3098 687 illarum,
3146 636 3264 692 quae
3307 622 3546 692 quinque

1949 709 2242 778 virginibus
2291 726 2397 764 non
2445 713 2909 766 communicarunt
2953 711 3171 777 oleum,
3203 712 3298 766 sed
3340 715 3422 767 ha:
3455 713 3541 766 in-

1949 816 2146 870 gressa:
2172 811 2294 856 sunt
2324 802 2375 856 in
2407 804 2587 871 sponsi
2619 803 2910 857 thalamum
2938 845 2954 871 ,
3006 804 3112 857 illa:
3141 813 3266 857 sunt
3307 804 3544 858 exclusae

1952 890 2165 964 (Matth.
2194 892 2312 964 25).
2345 892 2538 963 Ingens
2571 893 2766 948 bonum
2792 935 2806 957 ,
2838 895 2890 948 in
2925 894 3026 948 tuis
3058 894 3224 963 ipsius
3250 894 3544 950 benefactis

1950 983 2218 1040 collocare
2262 999 2411 1054 spem
2461 984 2666 1039 salutis.
2721 985 2833 1040 Illic
2879 987 3022 1039 enim
3072 986 3246 1039 nullus
3289 1001 3542 1056 umquam

1950 1075 2154 1128 amicus
2182 1075 2286 1128 erit
2331 1074 2551 1130 auxilio.
2586 1074 2716 1129 Nam
2748 1076 2794 1129 si
2827 1075 2912 1130 hic
2941 1075 3076 1130 dixit
3103 1076 3358 1130 Dominus
3385 1077 3542 1132 Jere-

1953 1166 2072 1220 mite
2104 1184 2118 1220 :
2153 1165 2236 1220 Ne
2261 1183 2404 1236 roges
2447 1185 2538 1239 pro
2567 1169 2757 1238 populo
2783 1170 2876 1221 hoc
2903 1167 3048 1241 (Jer.
3081 1170 3134 1224 7.
3165 1169 3231 1224 16
3255 1165 3418 1241 ),hic.
3463 1171 3540 1223 in-

1952 1273 2146 1328 quam,
2195 1259 2283 1313 ubi
2333 1259 2385 1312 in
2438 1267 2702 1328 potestate
2750 1267 2932 1314 nostra
2980 1268 3064 1315 est
3105 1261 3266 1314 vitam
3313 1271 3539 1326 mutare,

1951 1360 2152 1422 quanto
2187 1352 2357 1420 magis
2401 1351 2542 1406 idem
2573 1351 2782 1406 dicetur
2826 1351 2980 1406 illic?
3010 1351 3146 1420 Quid
3175 1353 3299 1406 ais?
3330 1352 3541 1406 Patrem

1954 1443 2118 1499 habes
2149 1442 2488 1516 martyrem?
2536 1442 2680 1497 Istud
2708 1443 2881 1513 ipsum
2908 1444 3084 1513 potius
3126 1442 3283 1498 faciet
3309 1442 3374 1497 ad
3417 1458 3544 1513 gra-

1953 1536 2157 1590 viorem
2205 1535 2279 1589 tui
2324 1534 2867 1603 condemnationem,
2913 1535 3034 1606 qui,
3081 1550 3203 1589 cum
3236 1535 3433 1589 habeas
3478 1535 3547 1590 ad

1954 1627 2205 1682 virtutem
2234 1627 2486 1697 exempla
2514 1627 2806 1682 domestica
2832 1668 2848 1692 ,
2883 1637 3058 1680 tamen
3104 1634 3156 1681 te
3203 1629 3375 1696 ipsum
3406 1626 3545 1680 indi-

1953 1737 2119 1791 gnum
2167 1721 2430 1790 majorum
2473 1729 2682 1774 tuorum
2727 1721 2922 1775 virtute
2965 1719 3301 1790 prmstiteris.
3347 1717 3545 1774 Verum

1957 1814 2123 1870 habes
2155 1815 2384 1869 amicum
2415 1815 2686 1884 egregium
2716 1812 3219 1883 admirandumque.
3254 1814 3320 1867 At
3349 1828 3417 1867 ne
3448 1813 3549 1867 iste

1954 1908 2171 1976 quidem
2198 1915 2325 1960 tunc
2349 1906 2442 1961 tibi
2470 1915 2552 1960 est
2573 1905 2874 1959 adfuturus.
2903 1904 3184 1973 Quomodo
3209 1902 3368 1974 igitur
3390 1903 3544 1958 dicit:

1958 1998 2136 2053 Facite
2165 1998 2302 2053 vobis
2328 1998 2518 2051 amicos
2546 2013 2610 2050 ex
2646 2011 2884 2049 mamona
2934 1995 3250 2065 iniquitatis,
3301 2003 3390 2058 ut,
3432 2009 3548 2046 cum

1959 2092 2275 2166 defeceritis,
2322 2091 2572 2162 recipiant
2598 2106 2684 2144 vos
2727 2089 2781 2142 in
2828 2098 3019 2142 azterna
3060 2087 3349 2141 habitacula
3377 2086 3397 2159 (
3425 2085 3550 2141 Luc.

1959 2187 2048 2240 16.
2077 2184 2136 2256 9)
2161 2184 2184 2239 7
2209 2183 2325 2238 Non
2353 2182 2442 2236 hic
2468 2190 2550 2236 est
2579 2180 2815 2236 amicitia
2846 2180 3175 2250 opitulatrix,
3203 2178 3297 2234 sed
3324 2179 3553 2232 eleemo—

1959 2291 2111 2348 syna.
2142 2275 2354 2329 Etenim
2381 2274 2426 2328 si
2453 2274 2567 2328 sola
2599 2272 2948 2326 auxiliaretur
2971 2269 3200 2324 amicitia
3221 2311 3236 2336 ,
3266 2267 3552 2323 dicendum

1961 2380 2165 2425 tantum
2193 2377 2328 2433 erat,
2362 2367 2520 2422 facite
2546 2367 2698 2421 vobis
2726 2365 2930 2419 amicos
2961 2381 2975 2419 :
3004 2377 3143 2417 nunc
3171 2369 3348 2416 autem
3375 2369 3555 2415 osten-

1961 2462 2094 2516 dens
2124 2459 2266 2531 quod
2295 2474 2402 2513 non
2443 2458 2560 2512 sola
2591 2455 2873 2511 subveniat
2917 2453 3149 2508 amicitia
3175 2494 3190 2519 ,
3223 2451 3462 2514 addidit,
3493 2467 3556 2505 ea:

1962 2567 2198 2606 ntamona
2249 2548 2550 2617 iniquitatis.
2577 2548 2655 2600 Ac
2681 2546 2907 2600 fortasse
2953 2543 3150 2598 dixerit
3177 2541 3367 2612 aliquis
3393 2559 3406 2594 :
3431 2555 3556 2610 pos-

1963 2662 2082 2704 sum
2127 2654 2181 2701 et
2223 2643 2424 2714 absque
2458 2645 2706 2696 mamon'a
2761 2637 3049 2693 conciliare
3097 2636 3370 2701 amicum,
3399 2649 3555 2688 eum-

1965 2755 2069 2811 que
2100 2737 2380 2794 meliorem
2429 2750 2589 2805 quam
2618 2749 2685 2788 ex
2736 2745 3010 2786 mamona.
3044 2729 3240 2784 Verum
3271 2727 3347 2782 uti
3391 2728 3557 2782 scires

1965 2829 2108 2903 quod
2152 2829 2496 2900 eleemosyna
2544 2832 2662 2888 est,
2711 2838 2830 2894 quae
2873 2820 3275 2892 patrocinatur,
3319 2833 3559 2888 opusque

1969 2933 2116 2977 tuum
2147 2939 2160 2974 :
2193 2935 2297 2974 non
2324 2915 2642 2987 simpliciter
2668 2913 2720 2969 in
2747 2921 3054 2968 sanctorum
3083 2911 3354 2976 amicitiis,
3385 2910 3476 2964 sed
3508 2911 3559 2964 in

1967 3013 2216 3068 amicitiis
2255 3027 2348 3080 per
2401 3023 2706 3063 mamonam
2752 3007 2918 3076 partis
2960 3005 3118 3074 jussit
3161 3012 3214 3058 te
3265 3001 3555 3062 conlidere.

1967 3105 2093 3162 Haec
2119 3105 2278 3175 igitur
2301 3102 2480 3158 omnia
2511 3115 2632 3155 cum
2661 3097 2916 3160 sciamus,
2947 3094 3209 3150 carissimi
3235 3135 3250 3160 ,
3282 3095 3426 3148 omni
3457 3095 3564 3147 sol-

1971 3197 2245 3254 licitudine
2267 3193 2660 3266 prospiciarnus
2682 3191 2836 3245 nobis
2863 3189 3012 3259 ipsis,
3037 3197 3091 3242 et
3111 3188 3224 3241 sive
3245 3187 3564 3256 corripiatur

1967 3290 2168 3360 gratias
2194 3301 2415 3358 agamus
2440 3327 2454 3351 ,
2501 3285 2614 3339 sive
2661 3281 3014 3352 prosperitate
3056 3278 3282 3333 fruimur
3305 3320 3318 3344 ,
3352 3279 3564 3331 munia-

1972 3399 2092 3440 mus
2121 3398 2217 3438 uos
2245 3383 2410 3452 ipsos,
2443 3380 2781 3448 aliorumque
2809 3373 3081 3445 suppliciis
3114 3372 3235 3427 facti
3263 3370 3567 3440 castigatio-

1973 3492 2083 3542 res,
2109 3490 2204 3545 per
2233 3471 2599 3544 paenitentiam
2631 3477 2686 3523 et
2708 3465 3203 3538 compunctionem,
3234 3463 3568 3517 continuam-

1973 3584 2076 3640 que
2102 3565 2494 3622 confessionem
2521 3561 2722 3632 gratias
2751 3573 2970 3627 agamus
2988 3599 3002 3622 ,
3035 3563 3088 3610 et
3113 3555 3156 3608 si
3186 3554 3310 3624 quid
3337 3552 3568 3622 deliqui-

1974 3675 2094 3714 mus
2147 3658 2199 3711 in
2254 3656 2354 3710 hac
2401 3657 2508 3709 vita
2539 3694 2554 3720 ,
2605 3651 2975 3720 deponentes,
3027 3660 3345 3716 summoque
3393 3643 3569 3699 studio

1975 3749 2200 3805 maculis
2252 3746 2501 3801 omnibus
2550 3743 2848 3797 animarum
2920 3746 3225 3793 nostrarum
3278 3735 3568 3801 abstersis,

1977 3841 2324 3897 Obsecremus
2383 3836 2591 3900 Deum,
2640 3843 2698 3887 ut
2763 3829 3013 3886 omnibus
3082 3827 3210 3881 hinc
3259 3824 3570 3895 emigranti-

1979 3935 2077 3990 bus
2126 3934 2198 3988 ita
2237 3931 2501 3988 concedat
2549 3927 2674 3982 illuc
2715 3924 3016 3997 pervenire,
3058 3929 3118 3976 ut
3162 3936 3270 3974 non
3298 3920 3571 3974 veniamus

1981 4027 2034 4081 in
2084 4033 2284 4080 sortem
2332 4021 2534 4084 divitis,
2577 4017 2670 4072 sed
2715 4031 2837 4069 cum
2887 4014 3090 4068 Lazaro
3139 4010 3404 4080 potiamur
3449 4007 3563 4060 sinu

1981 4115 2339 4186 patriarchzc,
2384 4112 2548 4180 inque
2593 4106 2749 4162 bonis
2801 4101 3190 4158 immortalibus
3237 4098 3568 4153 deliciemur.

1981 4208 2111 4275 Qua:
2143 4205 2296 4260 nobis
2327 4202 2577 4256 omnibus
2604 4197 2813 4266 assequi
2843 4194 3118 4261 contingat
3137 4232 3151 4255 ,
3195 4189 3363 4260 gratia
3391 4203 3456 4242 ac
3482 4187 3572 4242 be-

1982 4296 2242 4367 nignitate
2270 4287 2482 4346 Domini
2514 4286 2678 4341 nostri
2709 4285 2834 4340 Jcsu
2864 4280 3062 4338 Christi
3089 4321 3103 4346 ,
3141 4293 3264 4332 cum
3293 4291 3399 4345 quo
3430 4275 3574 4330 Patri

1984 4397 2038 4442 et
2085 4383 2304 4455 Spiritui
2356 4389 2542 4437 sancto
2591 4377 2801 4448 gloria,
2858 4375 2909 4427 in
2963 4371 3160 4426 smcula
3213 4368 3573 4434 saeculorum,

1987 4483 2176 4537 Amen.

279 4617 3555 4672 ___________________________________.___.____———————

371 4749 455 4792 DE
500 4747 716 4791 DIVITE
761 4747 840 4788 ET
884 4741 1126 4788 LAZARO
1169 4738 1394 4786 CONCIO
1437 4737 1714 4791 QUARTA,
1761 4733 2060 4787 QUODQUE
2103 4724 2514 4772 CONSCIENTIA
2556 4720 2752 4766 SOLET
2784 4716 2900 4761 NOS
2941 4709 3501 4758 COMMONEFACEBB

1255 4839 1558 4914 VETEBUM
1600 4835 2037 4890 DELICTORUM,
2069 4831 2226 4874 ITEM
2271 4829 2353 4869 DE
2386 4823 2640 4868 JOSEPH.

1633 4963 2250 5042 «Efﬁs‘ﬁw

370 5130 423 5183 1.
465 5126 617 5196 Quod
657 5130 904 5193 superest
946 5119 1014 5173 de
1052 5117 1240 5172 Lazari
1280 5114 1529 5184 parabola
1555 5154 1570 5180 ,
1614 5125 1894 5166 necessum

291 5230 402 5284 est,
432 5229 491 5273 ut
521 5217 898 5288 persolvamus
925 5210 1104 5265 hodie.
1135 5207 1267 5262 Nam
1294 5222 1390 5261 vos
1427 5205 1651 5261 fortasse
1675 5201 1894 5258 creditis

292 5322 472 5367 totum
504 5310 659 5364 nobis
704 5305 1007 5361 absolutum
1034 5315 1178 5355 esse.
1209 5297 1369 5367 Atqui
1400 5312 1500 5367 ego
1549 5310 1652 5350 non
1681 5303 1799 5348 utar
1827 5291 1894 5346 ad

295 5404 526 5462 fallacia:
555 5401 892 5456 occasionem
925 5402 1099 5449 vestra
1150 5389 1446 5461 ignorantia
1477 5431 1491 5456 ,
1525 5401 1702 5457 neque
1749 5385 1896 5455 prius
1927 5415 1932 5418 -

293 5495 559 5554 desistam
585 5533 602 5559 ,
635 5507 793 5561 quam
827 5497 994 5544 totum
1021 5484 1163 5555 quod
1208 5482 1338 5535 mihi
1369 5481 1539 5535 visum
1570 5489 1652 5534 est
1696 5487 1896 5532 tracta-

295 5602 456 5653 vero,
485 5585 662 5656 itaque
709 5583 1030 5638 discessero.
1060 5575 1285 5646 Quando
1326 5573 1540 5644 quidem
1583 5580 1637 5626 et
1668 5569 1896 5638 agricola

300 5689 657 5753 posteaquam
690 5675 852 5731 totius
877 5673 1048 5726 vinea:
1078 5666 1401 5723 vindemiam
1431 5661 1742 5737 peregerit,
1792 5676 1898 5712 non

302 5752 457 5844 prius
486 5769 726 5835 desistit,
771 5780 928 5838 quam
971 5761 1207 5834 singulos
1249 5759 1408 5815 etiam
1440 5755 1672 5810 minutos
1715 5752 1896 5807 acinos

1991 5099 2340 5172 decerpserit.
2390 5095 2524 5152 Cum
2575 5093 2736 5164 igitur
2763 5104 2906 5144 nunc
2936 5099 3148 5158 quoque
3178 5081 3386 5138 videam
3417 5075 3587 5132 veluti

1999 5195 2098 5250 sub
2128 5192 2266 5248 foliis
2294 5191 2466 5245 latere
2510 5200 2700 5242 sensus
2743 5180 3004 5242 occultos,
3036 5191 3132 5247 age
3171 5183 3225 5230 et
3265 5173 3363 5227 bos
3397 5183 3584 5224 rursus

1998 5289 2284 5358 diligenter
2325 5283 2675 5350 decerpemus
2699 5318 2712 5340 ,
2745 5289 2845 5346 pro
2893 5271 3028 5326 falce
3072 5280 3324 5324 sermone
3352 5271 3583 5317 utentes.

1999 5381 2274 5452 Siquidem
2304 5377 2457 5432 vinea
2509 5381 2628 5441 post
2673 5369 2879 5424 fructus
2924 5363 3088 5420 semel
3133 5377 3162 5416 a
3200 5358 3589 5415 vindemiatore

2001 5444 2245 5528 dessetos
2271 5477 2375 5522 stat
2403 5465 2542 5520 nuda
2574 5465 2766 5526 fructu,
2800 5457 2928 5512 nihil
2957 5455 3159 5509 habens
3205 5461 3401 5520 praeter
3429 5444 3594 5505 folia:

2003 5577 2190 5620 verum
2220 5557 2511 5630 spiritualis
2554 5553 2851 5609 divinarum
2875 5547 3274 5615 Seriplurarum
3296 5537 3453 5627 vinea
3479 5545 3589 5583 non

2006 5657 2154 5717 item,
2198 5617 2291 5707 send
2323 5647 2565 5720 quamvis
2593 5641 2848 5715 quidquid
2876 5637 3159 5692 videbatur
3187 5617 3600 5684 διιδιιιιυΐίιυυεο

2007 5757 2183 5805 tamen
2242 5743 2415 5800 adhuc
2478 5738 2706 5810 amplius
2757 5740 3000 5803 superest
3061 5728 3382 5786 tollendum.
3414 5724 3599 5792 Itaque
