3958 6408
465 329 605 384 1007

464 448 769 519 complures
797 451 921 501 ante
943 456 1041 499 nos
1068 442 1438 497 disseruerunt
1466 438 1519 492 in
1547 436 1685 491 hanc
1718 432 2046 504 parabolam,

466 539 770 608 complures
798 534 1041 591 fortassis
1067 540 1122 588 et
1144 540 1262 601 post
1288 543 1385 583 nos
1410 525 1686 583 disserturi
1709 533 1833 579 sunt
1855 540 1869 553 ο
1894 536 2052 577 nemo

469 640 648 686 tamen
676 625 871 698 poterit
905 633 1044 679 totas
1074 635 1204 691 opes
1232 634 1443 674 eruere.
1470 615 1604 672 Nam
1635 629 1698 671 ea
1723 623 1806 669 est
1831 611 2058 682 opulen-

471 723 559 776 tite
585 729 771 774 natura
806 736 819 771 :
856 730 962 787 quo
992 712 1186 768 foderis
1223 710 1402 776 altius,
1435 709 1538 762 hoc
1576 706 1744 776 magis
1781 702 2056 761 exundant

469 811 634 868 divini
661 822 853 864 sensus
877 826 889 861 :
921 805 1039 860 fons
1061 803 1204 858 enim
1231 809 1313 855 est
1340 812 1628 868 numquam
1654 795 1931 850 deficiens.

542 902 605 954 S.
644 899 855 970 Babylo;
889 907 934 952 et
971 905 1251 964 martyrum
1289 890 1476 945 habita:
1523 888 1778 954 orationes
1824 899 2055 955 panegy-

467 997 606 1048 rtca.
635 1022 706 1034 --
729 989 1021 1060 Oportebat
1046 985 1259 1056 quidem
1287 981 1567 1053 superiore
1592 988 1864 1035 conventu
1899 974 2055 1030 debi-

470 1093 584 1138 tum
611 1082 715 1137 hoc
743 1079 1072 1135 dissolvisse.
1099 1076 1301 1141 Verum
1342 1088 1448 1129 non
1488 1069 1912 1127 existimavimus
1937 1080 2057 1122 esse

473 1184 643 1231 tutum
687 1172 828 1228 beati
868 1169 1084 1241 Babylas
1125 1176 1181 1224 et
1223 1166 1360 1236 biga:
1387 1173 1694 1219 sanctorum
1739 1168 2053 1231 martyrum,

472 1268 560 1336 qui
586 1273 706 1336 post
734 1264 881 1318 illum
903 1266 1271 1323 occurrerunt,
1293 1256 1549 1326 prmclara
1575 1262 1722 1325 gesta
1743 1249 2053 1323 praeterire:

471 1371 642 1427 coque
670 1354 975 1410 distulimus
1004 1351 1326 1406 solutionem
1348 1388 1364 1414 ,
1398 1345 1708 1401 differentes
1734 1345 1786 1398 in
1819 1356 2058 1413 prmsen-

475 1458 581 1503 tem
604 1445 769 1509 diem,
798 1454 854 1499 ut
887 1451 1056 1497 totum
1080 1440 1317 1496 debitum
1340 1437 1715 1492 disselvamus.
1740 1436 1852 1504 Age
1876 1433 2056 1503 igitur,

472 1539 725 1608 quoniam
756 1544 811 1591 ct
838 1533 1079 1605 patribus
1105 1546 1229 1586 suas
1259 1527 1444 1584 laudes
1474 1526 1846 1596 persolvimus,
1872 1538 1978 1578 non
2005 1531 2059 1576 ut

475 1629 549 1683 illi
579 1626 1045 1699 promerebanlur,
1093 1621 1186 1676 scd
1228 1635 1324 1690 pro
1350 1617 1550 1671 viribus
1580 1615 1780 1670 nostris
1802 1656 1817 1681 ,
1852 1613 2061 1683 persol-

476 1736 666 1776 vamus
691 1730 745 1774 et
775 1717 926 1773 vobis
968 1715 1127 1786 hujus
1157 1710 1505 1784 expositionis
1547 1707 1816 1778 reliquias.
1862 1704 2061 1760 Verum

476 1831 544 1870 ne
573 1829 669 1869 vos
713 1807 1054 1867 delassemini
1077 1847 1095 1873 ,
1138 1805 1446 1876 priusquam
1473 1800 1539 1857 ad
1566 1802 1725 1856 finem
1754 1798 2061 1870 perveneri-

478 1922 617 1971 mus,
662 1904 810 1960 illinc
855 1906 1160 1970 repetemus
1203 1908 1507 1951 sermonem
1533 1932 1548 1957 ,
1582 1891 1670 1947 ubi
1716 1890 1863 1944 illum
1895 1902 2064 1956 nuper

478 1998 766 2054 finivimus.
787 1992 1016 2049 Ubinam
1040 1989 1186 2044 illum
1212 1985 1514 2041 finivimus?
1542 1983 1598 2037 ln
1619 1981 1754 2038 chao
1776 1980 2063 2035 dirimente

472 2091 646 2160 justos
671 2102 701 2141 a
728 2081 1122 2156 peccatoribus.
1148 2078 1283 2134 Cum
1310 2077 1451 2131 enim
1480 2074 1705 2131 dixisset
1722 2072 1899 2138 dives,
1926 2072 2065 2124 mitte

481 2182 734 2236 Lazarum
753 2223 769 2248 ,
811 2180 887 2235 illi
930 2177 1207 2248 respondit
1230 2173 1498 2229 Abraham
1530 2189 1543 2225 :
1571 2169 1738 2226 Chaos
1766 2169 1941 2239 ingens
1968 2166 2065 2234 ﬁr-

477 2282 671 2327 matum
696 2281 767 2326 est
790 2272 923 2324 inter
950 2286 1042 2324 nos
1067 2277 1115 2323 et
1140 2283 1247 2334 vos,
1272 2275 1327 2319 ut
1352 2264 1439 2335 qui
1463 2263 1617 2319 velint
1644 2260 1831 2316 ist/tim:
1853 2259 2067 2313 transire

478 2365 545 2416 ad
573 2379 665 2417 nos
692 2377 793 2416 non
822 2361 1038 2431 possint,
1084 2374 1242 2430 neque
1271 2356 1388 2410 hinc
1415 2355 1581 2410 istlmc
1606 2359 1864 2407 transeunt
1895 2348 2061 2424 (Luc.

480 2455 566 2510 16.
614 2453 732 2526 Si).
773 2452 1059 2524 Multisque
1107 2451 1288 2506 verbis
1335 2446 1861 2512 demonstravimus,
1917 2440 2060 2513 quod

477 2555 821 2618 posteaquam
846 2545 989 2601 Deus
1011 2543 1230 2600 multam
1272 2538 1658 2596 humanitatem
1685 2551 1811 2608 erga
1838 2549 1938 2590 nos
1967 2549 2065 2589 ex-

476 2637 669 2705 hibuit,
714 2645 959 2708 oporteat
1001 2635 1053 2690 in
1080 2633 1313 2704 propriis
1352 2629 1647 2688 benefactis
1689 2642 1840 2699 spem
1879 2624 2068 2680 salutis

475 2729 762 2792 collocare,
797 2741 901 2781 non
933 2735 1115 2796 patres
1136 2765 1151 2791 ,
1196 2736 1348 2788 avos,
1395 2735 1459 2776 ac
1503 2733 1732 2791 proavos
1759 2730 2062 2779 recensere,

478 2833 655 2889 neque
680 2826 960 2887 cognatos,
987 2815 1208 2878 amicos,
1238 2811 1564 2867 domesticos
1592 2824 1656 2864 ac
1678 2808 1904 2863 vicinos.
1933 2805 2070 2860 Fra-

478 2920 553 2963 ter
577 2909 720 2963 enim
749 2923 851 2961 non
879 2904 1084 2960 redimit
1116 2919 1134 2958 :
1157 2903 1368 2958 redimet
1414 2901 1564 2956 homo
1592 2899 1764 2971 (Psat.
1813 2898 1903 2954 48.
1950 2895 2020 2970 8)
2043 2897 2067 2952 ?

478 2997 586 3053 Sed
613 2995 869 3067 quidquid
895 2992 1168 3065 deprecati
1216 2990 1416 3047 fuerint
1443 2989 1897 3061 supplicarintque
1917 3028 1934 3055 ,
1978 2988 2069 3059 qui

480 3091 604 3147 hinc
629 3104 750 3145 cum
776 3087 1010 3159 peccatis
1054 3084 1357 3157 migrarint,
1389 3082 1657 3138 incassum
1684 3081 1798 3152 jam
1839 3079 2069 3136 frustra-

477 3200 580 3255 que
607 3185 912 3255 loquentur.
945 3182 1153 3238 Etenim
1181 3178 1414 3251 virgines
1457 3177 1562 3233 illte
1591 3175 1829 3247 quinque
1870 3173 2068 3244 implo-

480 3276 670 3332 rabant
692 3274 760 3330 ab
788 3273 1085 3345 aequalibus
1108 3271 1310 3337 oleum,
1342 3284 1444 3326 nec
1471 3269 1827 3338 impetrarunt
1853 3262 2066 3339 (Matth.

478 3368 570 3438 25)
596 3385 610 3422 :
636 3374 693 3421 et
733 3366 777 3420 is
815 3364 905 3434 qui
935 3363 1189 3419 talentum
1218 3362 1271 3417 in
1302 3369 1442 3416 terra
1466 3358 1765 3423 defoderat,
1789 3370 1908 3411 cum
1934 3354 2073 3410 mu!-

483 3468 589 3512 tam
634 3455 1032 3511 excusationem
1080 3451 1374 3517 attulisset,
1422 3447 1640 3504 tandem
1684 3447 2070 3505 condemnatus

480 3557 582 3604 est.
621 3547 750 3602 Item
793 3546 882 3617 qui
925 3546 1099 3615 ipsum
1128 3542 1451 3599 esurientem
1483 3556 1589 3595 non
1634 3546 1926 3609 paverent,
1971 3552 2071 3592 nec

481 3640 679 3697 sitienti
708 3648 889 3708 potum
915 3635 1175 3692 dederant
1209 3652 1223 3690 :
1252 3648 1373 3688 cum
1414 3640 1471 3688 et
1512 3631 1613 3702 ipsi
1643 3629 1927 3686 crederent
1950 3642 2071 3684 sese

481 3732 549 3789 ad
579 3728 892 3803 ignorantia:
936 3724 1288 3797 patrocinium
1320 3737 1478 3796 posse
1504 3721 1811 3793 confugere,
1842 3735 1941 3776 nec
1970 3734 2070 3775 ve-

482 3824 666 3889 niam,
717 3834 818 3874 nec
856 3816 1256 3873 excusationem
1297 3820 1618 3885 repererunt
1660 3811 1893 3883 (Matth.
1935 3809 2068 3882 22).

485 3913 678 3971 Caeteri
705 3927 832 3968 vero
858 3926 959 3966 nec
981 3909 1123 3981 quod
1155 3909 1427 3964 hiscerent
1471 3905 1778 3974 habebant,
1806 3905 1954 3960 velut
1982 3903 2073 3958 ille

484 4005 715 4063 sordidis
759 4003 975 4060 indutus
1015 4002 1277 4058 vestibus.
1326 3999 1458 4056 Nam
1507 4007 1788 4055 accusatus
1826 3998 2070 4054 obticuit.

450 4098 597 4157 .Non
626 4106 802 4152 autem
835 4095 921 4150 hic
948 4093 1130 4161 modo,
1162 4107 1345 4148 verum
1370 4101 1424 4147 et
1466 4091 1601 4146 alius
1642 4089 1731 4144 ille
1752 4129 1768 4154 ,
1814 4089 1902 4161 qui
1928 4087 2073 4159 quod

484 4191 741 4246 adversus
771 4186 1072 4258 proximum
1106 4184 1497 4255 praeteritarum
1524 4181 1847 4238 offensarum
1878 4180 2072 4235 memi-

487 4281 676 4346 nisset,
720 4287 1042 4348 centumque
1069 4275 1320 4331 denarios
1359 4273 1428 4328 ah
1453 4289 1519 4329 eo
1546 4273 1869 4345 postulasset
1889 4312 1905 4335 .
1952 4280 2073 4341 post

486 4388 650 4443 super
673 4371 756 4426 bis
782 4370 912 4440 ipsis
931 4384 961 4424 a
983 4368 1200 4424 domino
1229 4365 1589 4436 reprehensus
1614 4364 1681 4419 ob
1703 4362 2071 4418 crudelitatem

490 4473 544 4519 et
585 4461 1062 4523 inhumanitatem,
1110 4457 1243 4512 nihil
1292 4456 1476 4511 habuit
1530 4454 1672 4525 quod
1722 4453 2075 4524 responderet

488 4551 734 4628 (16.18).
762 4550 916 4607 Unde
942 4550 1282 4620 perspicuum
1307 4557 1407 4614 est,
1431 4546 1573 4616 quod
1600 4561 1773 4616 neque
1798 4560 1897 4600 nos
1919 4545 2075 4616 quid-

488 4659 647 4717 quam
669 4643 781 4699 illic
799 4641 1120 4705 sublevabit,
1136 4641 1189 4695 si
1214 4655 1318 4694 non
1339 4639 1681 4694 habuerimus
1709 4638 1847 4693 bona
1872 4652 2067 4706 opera:

488 4750 674 4791 verum
701 4735 812 4790 sive
852 4731 1122 4802 supplices
1162 4731 1421 4786 fuerimus
1445 4729 1924 4798 obsecremusque,
1958 4728 2073 4783 sive

491 4825 856 4891 tacuerimus,
904 4836 1057 4892 aeque
1101 4835 1263 4892 super
1304 4836 1404 4876 nos
1432 4821 1610 4876 veniet
1653 4819 1973 4889 supplicium
2010 4833 2075 4874 ac

492 4916 747 4973 vindicta.
775 4913 1027 4969 Ausculta
1060 4911 1221 4981 igitur
1260 4911 1529 4982 quomodo
1566 4910 1654 4966 hic
1694 4925 1814 4964 cum
1842 4908 1950 4964 duo
1980 4924 2075 4980 po-

492 5010 718 5064 stularet
744 5005 812 5061 ab
835 5004 1124 5067 Abraham,
1148 5012 1376 5073 utroque
1402 5001 1689 5057 frustratus
1717 5002 1806 5056 sit.
1836 5001 2072 5055 Primum

491 5100 633 5155 enim
662 5113 758 5168 pro
784 5096 960 5165 seipse
988 5095 1308 5164 deprecatus
1332 5101 1446 5159 est,
1471 5092 1635 5160 Mitte,
1667 5093 1935 5162 inquiens,
1967 5091 2074 5146 La-

490 5204 666 5244 zarum
688 5203 707 5242 :
733 5202 857 5242 mox
886 5201 994 5240 non
1038 5200 1134 5254 pro
1158 5186 1356 5256 seipso,
1385 5183 1481 5239 sed
1526 5198 1623 5255 pro
1652 5182 1904 5240 fratribus
1935 5202 1948 5239 :
1980 5199 2075 5239 ve-

493 5295 612 5334 rum
657 5276 790 5332 nihil
840 5276 1227 5346 postulatorum
1280 5273 1531 5329 obtinuit.
1585 5272 1858 5343 Siquidem
1908 5272 2075 5328 altera

497 5367 803 5439 postulatio,
848 5380 1040 5435 nempe
1068 5366 1216 5437 prior
1244 5407 1259 5431 ,
1291 5364 1411 5419 talis
1439 5373 1576 5431 erat,
1608 5375 1664 5419 ut
1690 5363 1830 5434 quod
1861 5366 2079 5433 peteba-

497 5470 582 5515 tur
608 5458 723 5514 fieri
767 5472 873 5512 non
918 5465 1099 5527 posset
1127 5472 1141 5508 :
1173 5455 1340 5510 altera
1366 5471 1496 5511 vero
1521 5498 1535 5522 ,
1565 5456 1814 5512 videlicet
1842 5470 1938 5525 pro
1964 5455 2075 5511 fra-

499 5550 689 5614 tribus,
715 5557 832 5604 erat
865 5552 1213 5618 supervacua.
1239 5546 1376 5614 Quin
1407 5547 1604 5616 potius,
1633 5547 1676 5601 si
1707 5547 1935 5613 videtur,
1964 5547 2077 5616 ipsa

500 5642 661 5697 verba
700 5641 866 5696 multo
910 5655 1030 5694 cum
1077 5640 1252 5694 studio
1283 5639 1579 5693 audiamus.
1632 5638 1839 5694 Etenim
1881 5639 1925 5693 si
1955 5653 2076 5693 cum

496 5733 848 5805 magistratus
880 5733 931 5787 in
974 5732 1148 5788 medio
1177 5731 1293 5787 foro
1322 5747 1472 5787 reum
1517 5730 1754 5799 adducit,
1801 5731 2076 5788 carnifices

1169 325 1226 381 S.
1263 319 1542 380 JOANNIS
1571 313 2044 375 CHRYSOSTOMI
2082 310 2396 367 ARCHIEP.
2436 309 2969 368 CONSTANTINOP.

3590 319 3700 376 mos

2157 429 2396 497 adhibet,
2436 439 2849 501 accusatumque
2887 430 3090 497 laniat,
3120 445 3313 488 omnes
3342 447 3527 505 magno
3549 439 3701 494 studio

2156 528 2503 587 concurrunt,
2547 520 2827 591 cupientes
2851 520 3039 577 audire
3077 520 3201 592 quid
3228 522 3521 595 interroget
3541 524 3699 596 iudex,

2156 611 2285 683 quid
2327 626 2454 666 reus
2495 611 2820 681 respondeat
2862 612 3077 667 :multo
3107 612 3288 683 magis
3331 613 3420 669 hic
3456 614 3704 686 diligenter

2157 701 2561 757 auscultandum
2610 710 2714 768 est,
2759 702 2886 772 quid
2933 717 3098 769 reus,
3142 703 3397 759 nimirum
3441 703 3524 760 hic
3559 706 3701 774 dives,

2158 794 2432 865 postulet;
2477 793 2604 865 quid
2645 802 2830 849 contra
2867 795 3045 864 justus
3080 794 3240 864 judex
3283 797 3591 867 respondeat
3626 814 3705 867 per

2158 885 2449 941 Abraham.
2496 886 2613 940 Non
2642 886 2785 941 enim
2813 888 3112 956 patriarcha
3153 896 3272 943 erat
3315 889 3408 958 qui
3445 889 3702 960 judicabat,

2157 992 2480 1047 quamquam
2522 978 2569 1033 is
2611 979 3032 1048 pronuntiabat:
3064 994 3247 1034 verum
3290 981 3705 1049 quemadmodum

2160 1069 2213 1123 in
2240 1069 2524 1124 mundanis
2563 1069 2678 1125 istis
2711 1069 2926 1139 judieiis
2964 1071 3175 1140 quoties
3213 1068 3418 1125 fuerint
3451 1072 3600 1144 aliqui
3623 1075 3704 1138 rei,

2160 1169 2287 1231 puta
2311 1160 2569 1225 latrones,
2599 1171 2690 1217 aut
2716 1161 3017 1230 homicida),
3048 1162 3149 1218 hos
3173 1163 3322 1234 leges
3348 1167 3530 1234 procul
3554 1183 3582 1221 a
3600 1183 3706 1223 con-

2160 1261 2346 1322 spectu
2385 1252 2581 1322 judicis
2606 1262 2951 1324 segregantes
2978 1262 3032 1308 et
3068 1263 3339 1320 arcentes,
3384 1270 3487 1310 non
3512 1258 3707 1326 permit-

2163 1349 2280 1397 tunt
2304 1350 2361 1398 ut
2384 1343 2603 1398 audiant
2628 1358 2810 1399 vocem
2835 1344 3049 1415 judicis,
3074 1345 3215 1413 quod
3241 1346 3321 1401 illi
3345 1355 3400 1401 et
3427 1347 3525 1403 hoc
3544 1357 3594 1402 et
3610 1349 3707 1404 aliis

2164 1431 2458 1488 honoribus
2478 1433 2786 1503 judicentur
2837 1433 3080 1505 indigni;
3124 1435 3217 1491 sed
3245 1435 3454 1492 medius
3480 1439 3706 1507 quispiam

2163 1523 2451 1595 interpres,
2492 1535 2546 1581 et
2579 1526 2773 1596 judicia
2813 1526 3274 1597 interrogationes,
3315 1536 3372 1583 et
3408 1529 3484 1583 rei
3520 1543 3706 1598 respon-

2163 1616 2344 1671 siones
2370 1616 2609 1687 perfert:
2644 1618 2744 1673 hoc
2781 1632 2912 1673 sane
2951 1625 3104 1688 pacto
3138 1626 3194 1674 et
3232 1625 3364 1673 tunc
3399 1617 3583 1673 factum
3620 1628 3705 1674 est.

2163 1705 2280 1761 Non
2306 1706 2474 1762 Deum
2519 1707 2621 1779 ipsi
2659 1708 2965 1777 loquentem
2996 1707 3196 1762 audivit
3225 1722 3374 1775 reus,
3415 1708 3504 1763 sed
3536 1707 3706 1763 medius

2165 1809 2283 1856 erat
2321 1799 2587 1857 Abraham
2611 1841 2627 1868 ,
2670 1800 2757 1873 qui
2793 1799 2988 1871 judicis
3009 1815 3194 1854 vocem
3218 1800 3268 1855 ei
3298 1800 3387 1871 qui
3417 1799 3707 1869 indicabatur

2166 1892 2370 1948 retulit.
2408 1891 2523 1949 Non
2545 1892 2688 1948 enim
2730 1906 2796 1948 ex
2836 1906 2958 1947 sese
2996 1890 3208 1946 dicebat
3233 1906 3355 1961 qua:
3382 1890 3598 1957 dicebat,
3629 1892 3705 1947 sed

2167 1982 2372 2038 divinas
2410 1982 2560 2038 diviti
2590 1982 2735 2053 leges
2778 1980 3068 2047 recitabat,
3101 1995 3329 2051 qumque
3354 1979 3552 2035 caelitus
3587 1978 3703 2035 fere-

2166 2073 2381 2138 bantur,
2413 2076 2708 2130 sententias
2737 2072 3081 2147 proferebat;
3128 2072 3251 2127 ideo
3280 2086 3381 2127 nec
3407 2070 3617 2128 habebat
3638 2069 3706 2125 hic

2166 2168 2307 2237 quod
2335 2167 2746 2222 contradiceret.

2237 2258 2292 2314 2.
2321 2258 2690 2314 Auseultemus
2715 2258 2890 2329 itaque
2913 2258 3194 2330 diligenter
3215 2255 3306 2312 bis
3328 2270 3444 2327 quae
3469 2254 3699 2312 dicuntur.

2170 2350 2303 2406 Nam
2326 2351 2378 2407 in
2403 2351 2502 2406 hac
2522 2352 2772 2421 parabola
2790 2352 2912 2409 data
2932 2372 3093 2430 opera
3108 2360 3387 2427 immoror,
3408 2370 3502 2413 nec
3518 2349 3703 2417 desisto.

2171 2442 2381 2497 tametsi
2408 2451 2654 2513 quartum
2678 2443 2787 2513 jam
2828 2443 2972 2504 diem
3020 2450 3073 2504 in
3101 2451 3202 2505 hac
3225 2465 3443 2516 versor,
3472 2459 3704 2521 propterea

2168 2533 2310 2605 quod
2334 2550 2399 2589 ex
2431 2534 2532 2591 hac
2554 2536 2893 2592 enarratione
2913 2540 3191 2611 plurimum
3214 2541 3418 2597 fructus
3435 2542 3567 2597 nasci
3583 2540 3706 2597 video

2173 2635 2281 2679 tum
2321 2625 2570 2680 divitibus
2590 2668 2606 2693 ,
2658 2634 2767 2681 tum
2800 2631 3156 2700 pauperibus,
3189 2640 3304 2689 tum
3333 2633 3399 2688 iis
3423 2633 3506 2702 qui
3534 2640 3706 2702 propter

2171 2717 2529 2787 improborum
2554 2716 2875 2789 felicitatem,
2896 2731 3053 2792 atque
3074 2723 3234 2778 etiam
3258 2732 3469 2794 propter
3488 2723 3704 2792 justortun

2172 2808 2404 2879 inopiam
2445 2819 2502 2865 et
2545 2809 2889 2869 afflictionem
2934 2814 3343 2871 conturbantur.
3386 2815 3557 2885 Neque
3590 2814 3701 2868 enim

2173 2901 2277 2957 ulla
2313 2917 2398 2957 res
2440 2900 2661 2972 perinde
2701 2902 2841 2959 solet
2884 2904 3156 2960 hominum
3183 2907 3375 2978 vulgus
3401 2903 3638 2962 offendere
3657 2916 3707 2957 ac

2174 2994 2484 3065 perturbare
2506 3034 2523 3062 ,
2572 3003 2631 3049 ut
2673 2994 2815 3065 quod
2866 2997 3058 3055 divites
3099 3013 3267 3068 prave
3314 2999 3540 3055 viventes
3574 2995 3703 3052 multa

2174 3085 2415 3143 fruantur
2440 3087 2790 3158 prosperitate
2808 3104 2827 3145 :
2846 3100 3051 3157 contra,
3075 3090 3204 3160 justi
3232 3106 3355 3147 cum
3382 3091 3562 3146 virtute
3576 3089 3704 3141 vitam

2172 3186 2411 3249 agentes,
2437 3177 2505 3233 ad
2543 3187 2844 3235 extremam
2886 3181 3193 3253 redigantur
3236 3181 3499 3252 inopiam,
3541 3179 3705 3246 aliaquo

2177 3272 2542 3342 perpetiantur
2570 3270 2847 3326 innumera
2877 3280 3188 3344 paupertate
3214 3272 3331 3343 ipsa
3356 3271 3595 3343 graviora.

2246 3360 2372 3428 Quis
2416 3364 2611 3433 [ructus
2656 3377 2719 3416 ea:
2755 3361 2851 3416 hac
2896 3363 3141 3434 parabola
3176 3360 3702 3436 colligatur.-—Verum

2174 3454 2291 3509 haec
2329 3454 2578 3525 parabola
2609 3453 2808 3510 sufficit
2842 3455 2906 3511 ad
2927 3457 3243 3526 .prrestanda
3283 3452 3704 3513 remedia:divites

2173 3545 2388 3614 quidem
2433 3544 2678 3615 redigens
2718 3545 2787 3600 ad
2834 3546 3148 3602 modestiam
3174 3589 3190 3615 ,
3239 3559 3494 3618 pauperes
3528 3555 3635 3598 vero
3663 3539 3701 3592 in

2176 3635 2525 3704 praesentibus
2558 3635 2712 3691 malis
2750 3636 3031 3691 consolans
3054 3654 3069 3691 :
3091 3645 3145 3692 et
3188 3637 3313 3693 illos
3340 3635 3536 3708 quidem
3553 3630 3702 3686 acim

2175 3742 2330 3794 nens,
2357 3742 2426 3782 ne
2454 3726 2770 3792 efferantur,
2813 3728 3021 3798 quoties
3051 3728 3108 3795 ii,
3155 3729 3248 3799 qui
3276 3727 3506 3800 improbe
3529 3724 3702 3783 vivunt.

2175 3818 2262 3874 hic
2290 3834 2476 3890 pmnas
2503 3834 2612 3875 non
2656 3819 2819 3887 dant,
2862 3822 3057 3891 quippe
3095 3836 3215 3877 cum
3263 3837 3358 3877 eos
3398 3824 3586 3874 maneat
3622 3812 3702 3866 illic

2174 3909 2519 3980 gravissimus
2556 3909 2855 3976 cruciatus;
2897 3910 2995 3966 bos
3023 3926 3151 3965 vero
3178 3910 3487 3974 consolans,
3512 3921 3571 3960 ne
3593 3901 3698 3956 alio-

2176 4018 2294 4056 rum
2313 4000 2562 4057 felicitate
2584 4004 2976 4072 perturbentur,
2999 4018 3172 4073 neque
3190 4011 3380 4074 putent
3398 4016 3478 4058 res
3492 4000 3700 4054 humanas

2175 4094 2378 4164 absque
2417 4092 2510 4148 Dei
2543 4093 2871 4164 providentia
2913 4094 3059 4162 ferri,
3099 4109 3222 4150 cum
3271 4095 3360 4150 hic
3393 4094 3551 4163 justus
3582 4082 3701 4141 malis

2175 4185 2445 4256 affligitur,
2475 4186 2749 4265 improbus
2767 4195 2951 4242 contra
2980 4202 3042 4243 ac
3066 4186 3358 4243 sceleratus
3377 4185 3524 4240 homo
3549 4187 3699 4248 νεῖμ’

2177 4286 2265 4333 tua
2287 4276 2480 4333 fruitur
2505 4278 2878 4348 prosperitate.
2902 4279 3072 4334 Ambo
3096 4279 3358 4349 siquidem
3379 4290 3469 4348 pro
3492 4268 3700 4341 dignitate

2177 4368 2437 4438 recipient
2463 4367 2589 4433 illic,
2623 4367 2711 4422 hic
2735 4368 2949 4437 quidem
2974 4383 3200 4423 coronas
3225 4367 3482 4439 patientiae
3510 4360 3698 4416 toleran-

2179 4457 2404 4526 tiaeque,
2448 4457 2533 4511 ille
2575 4472 2702 4511 vero
2746 4458 3004 4527 supplicia
3053 4473 3342 4530 pretiasque
3382 4444 3697 4525 improbitatis.

2182 4547 2325 4601 lianc
2343 4547 2647 4617 parabolam
2670 4547 2942 4603 inscribite
2959 4548 3151 4605 divites
3171 4551 3367 4619 pariter
3384 4562 3442 4601 ac
3462 4548 3694 4614 pauperes:

2177 4639 2367 4693 divites
2396 4634 2609 4711 quidem
2640 4639 2692 4693 in
2722 4639 3014 4709 parietibus
3041 4639 3232 4696 domus
3257 4649 3459 4702 vestrm,
3485 4638 3699 4705 pauperes

2177 4739 2353 4784 autem
2384 4729 2436 4783 in
2466 4730 2756 4799 parietibus
2776 4730 2939 4785 animi
2970 4731 3133 4786 vestri
3156 4749 3172 4786 :
3195 4740 3250 4787 et
3274 4733 3319 4786 si
3346 4724 3541 4801 quando
3561 4717 3696 4774 deleta

2179 4820 2343 4877 fuerit
2383 4821 2569 4876 oborta
2599 4821 2864 4877 oblivione
2883 4864 2899 4889 ,
2930 4822 3121 4878 illinite
3146 4822 3357 4889 denuo,
3388 4820 3452 4875 ab
3477 4813 3606 4872 initio
3631 4819 3697 4860 re-

2181 4914 2546 4969 miniscentes.
2579 4913 2690 4968 lmo
2720 4928 2851 4970 vero
2877 4916 3036 4969 etiam
3082 4913 3274 4972 divites
3298 4914 3438 4986 prius
3473 4909 3520 4963 in
3558 4903 3697 4959 mente

2180 5020 2339 5076 quam
2360 5004 2413 5059 in
2442 5004 2646 5060 aedibus
2677 5003 2813 5060 hanc
2841 5004 3128 5061 describite
3146 5048 3162 5073 ,
3194 5014 3494 5077 semperque
3513 4996 3696 5050 circum-

2182 5095 2335 5161 ferte,
2379 5102 2434 5150 et
2474 5094 2577 5149 erit
2603 5093 2756 5149 vobis
2797 5094 3176 5151 documentum
3198 5139 3216 5163 ,
3246 5092 3551 5158 materiaque
3574 5078 3696 5136 totius

2181 5184 2554 5255 Philosophiae.
2592 5184 2726 5240 Nam
2752 5185 2797 5239 si
2828 5184 2965 5240 hanc
2995 5185 3194 5255 jugiter
3238 5183 3526 5252 inscriptam
3558 5167 3696 5226 animo

2184 5287 2477 5343 teneamus,
2498 5291 2669 5344 neque
2691 5276 2853 5347 hujus
2872 5277 2992 5332 vitae
3013 5277 3132 5331 laeta
3159 5285 3401 5348 poterunt
3418 5284 3506 5328 nos
3531 5260 3692 5319 inflare.

2184 5384 2359 5438 neque
2388 5368 2555 5423 tristia
2582 5369 2816 5439 dejicere
2847 5379 3321 5440 prosternereque;
3358 5364 3442 5422 sed
3466 5372 3557 5416 non
3578 5349 3696 5440 aliter

2184 5474 2342 5529 quam
2370 5458 2631 5515 afficimur
2654 5438 2889 5530 picturis
2931 5462 2985 5515 in
3028 5438 3231 5530 pariete
3256 5457 3455 5518 additis,
3483 5458 3587 5515 ετεε·
3609 5438 3695 5490 hac

2186 5557 2406 5618 utraque
2419 5551 2477 5602 af
2475 5549 2730 5605 ficiemur.
2745 5548 3201 5618 Quemadmodum
3219 5551 3356 5606 enim
3372 5532 3695 5618 conspiciente!

2190 5640 2240 5694 in
2271 5616 2475 5708 pariete
2500 5642 2698 5712 pictum
2738 5616 2953 5722 divitem
2998 5658 3061 5698 ac
3086 5658 3402 5713 pauperem,
3439 5644 3526 5689 nec
3550 5620 3609 5722 illi
3633 5616 3693 5668 in—

2189 5730 2463 5797 videmus,
2502 5710 2609 5788 nec
2647 5713 2940 5809 pauperem
2982 5710 3338 5804 despicimus,
3382 5740 3440 5785 c0
3464 5710 3583 5792 ειυοά
3602 5716 3694 5782 ‘1"3
