3958 6414
322 370 460 429 ιιιοτ

314 499 427 552 λιν.
460 494 653 550 Πολλοὶ
684 498 815 567 γοῦν
850 498 949 571 μὲν
980 500 1074 555 καὶ.
1102 501 1211 575 πρὸ
1236 502 1393 575 ήμῶν
1422 504 1503 570 είς
1522 506 1726 577 ταύτην
1751 504 1903 576 εἰρή-

319 596 451 635 κασι
477 579 579 650 τήν
604 581 880 647 ὑπόθεσιν,
914 584 1099 638 πολλοὶ
1143 588 1239 640 καὶ
1264 588 1385 653 μεθ’
1415 590 1564 660 ἡμᾶς
1590 589 1721 648 ἴσως
1748 587 1905 659 ἐροῦ-

315 681 429 719 cur
449 664 566 720 ἀλλ’
593 665 767 731 οὐδεὶς
784 667 877 721 τὸν
912 668 1128 723 ἄπαντα
1157 670 1384 725 πλοῦτον
1414 672 1651 727 κενῶσαι
1681 672 1907 741 δυνήσε-

312 764 432 804 ται.
467 748 704 822 Τοιαύτη
751 751 861 821 γάρ
903 752 1005 822 τῆς
1047 754 1366 825 περιουσίας
1402 755 1606 829 ταύτης
1644 757 1678 827 ή
1718 755 1901 826 φύσις’

313 832 538 904 ὅσῳπερ
568 832 635 888 ἂν
675 833 980 909 διασκάψῃς
1025 839 1082 890 ἐν
1125 837 1202 910 τῷ
1242 838 1417 909 βάθει,
1453 841 1692 910 τοσούτῳ
1744 840 1907 894 πλέον

313 912 612 966 ἀναϐλύσει
633 914 702 968 τά
732 914 849 968 θεῖα
875 917 969 988 νοή
977 935 1141 995 ματα·
1176 918 1329 992 πηγὴ
1344 920 1453 992 γάρ
1475 922 1623 975 ἐστιν
1646 920 1905 974 οὐδέποτε

315 995 695 1051 ἐπιλείπουσα.

391 1078 501 1134 Καὶ
530 1079 635 1133 ἔδει
660 1080 760 1152 μὲν
783 1083 848 1154 τῇ
882 1084 1127 1161 προτέρα
1162 1085 1381 1154 συνάξει
1408 1085 1569 1140 τοῦτο
1597 1086 1727 1159 ὐμῖν
1767 1087 1906 1141 ἀπο-

316 1163 503 1217 δοῦναι
528 1164 588 1217 τὸ
615 1165 797 1235 χρέος,
838 1166 951 1219 ἀλλ’
982 1169 1085 1221 οὐκ
1108 1168 1351 1239 ἀσφαλὲς
1380 1165 1521 1225 εἶναι
1553 1172 1906 1242 ἐνομίσαμεν,

316 1245 416 1300 τοῦ
450 1248 723 1321 μακαρίου
759 1249 980 1305 Βαϐύλα
1014 1251 1107 1305 καὶ
1138 1253 1239 1322 τῆς
1270 1252 1563 1325 ξυνωρίδος
1592 1255 1700 1307 τῶν
1736 1254 1907 1323 ἁγίων

288 1330 619 1405 ’μαρτύρων
658 1332 766 1386 τῶν
808 1334 927 1403 μετ’
956 1335 1162 1389 ἐκεῖνον
1199 1336 1488 1409 παρελθεῖν
1522 1338 1592 1392 τά
1624 1336 1900 1410 κατορθώ-

321 1432 491 1487 ματα.
547 1415 640 1470 Διὸ
677 1417 778 1487 τὴν
815 1417 1122 1491 καταϐολὴν
1162 1420 1563 1492 ὑπερεθέμεθα,
1610 1421 1907 1494 τηροῦντες

315 1500 403 1563 εἰς
445 1499 544 1570 τὴν
570 1500 852 1572 παροῦσαν
885 1503 1016 1572 ὑμῖν
1043 1504 1258 1576 ἡμέραν
1300 1504 1597 1576 ὁλόκληρον
1636 1506 1736 1578 τὴν
1762 1506 1908 1560 ἐκτι-

317 1599 428 1637 σιν,
457 1584 594 1655 Φέρε
620 1580 737 1650 οὖν,
768 1586 955 1659 ἐπειδὴ
979 1587 1071 1641 καὶ
1099 1589 1214 1652 τοῖς
1237 1588 1480 1661 πατράσι
1507 1589 1608 1654 τάς
1632 1590 1906 1661 εὐφημίας

316 1666 765 1738 ἀποδεδώκαμεν,
794 1671 855 1724 οὐ
887 1670 987 1734 τάς
1019 1672 1142 1726 κατ’
1172 1671 1332 1737 ἀξίαν
1362 1672 1460 1744 τὴν
1486 1674 1735 1739 ἐκείνων,
1771 1673 1908 1727 ἀλλά

314 1751 421 1814 τάς
443 1751 586 1806 κατὰ
616 1753 847 1824 δύναμιν
872 1755 972 1826 τὴν
1004 1756 1299 1828 ἡμετέραν,
1328 1758 1620 1829 ἀποδῶμεν
1652 1760 1747 1813 καὶ
1776 1760 1907 1829 ὑμῖν

315 1835 416 1890 τοῦ
445 1836 784 1909 διηγήματος
821 1839 1011 1893 τούτου
1049 1841 1111 1894 τὸ
1141 1841 1416 1912 λείψανον.
1455 1842 1618 1897 Ἀλλά
1653 1844 1728 1917 μὴ
1767 1845 1908 1898 ἀπο-

316 1921 557 1992 κάμητε,
589 1921 696 1986 ἐως
735 1922 802 1977 ἂν
833 1924 973 1995 πρὸς
1020 1923 1083 1978 τὸ
1121 1925 1274 1990 τέλος
1303 1924 1652 1998 ἀφικώμεθα,
1698 1928 1909 1982 ἐκεῖθεν

317 2007 686 2070 ἀναλαϐόντες
743 2007 835 2063 τὸν
897 2007 1086 2079 λόγον,
1138 2010 1267 2064 ἔνθα
1320 2012 1485 2066 αὐτὸν
1543 2013 1908 2085 κατελίπομεν

318 2090 536 2163 πρώην.
572 2091 683 2146 Ποῦ
719 2093 777 2147 δὲ
799 2093 961 2147 αὐτὸν
990 2095 1388 2167 κατελίπομεν;
1427 2098 1516 2152 Ἐν
1551 2098 1629 2170 τῷ
1666 2099 1909 2171 χάσματι

316 2173 401 2246 τῷ
420 2175 708 2248 διείργοντι
733 2179 861 2243 τοὺς
884 2178 1129 2243 δικαίους
1157 2180 1265 2234 ἀπὸ
1289 2181 1398 2235 τῶν
1427 2182 1789 2253 ἁμαρτωλῶν.
1818 2185 1911 2237 Εἰ-

315 2258 516 2323 πόντος
556 2259 667 2330 γάρ
701 2261 797 2315 τοῦ
841 2261 1120 2328 πλουσίου,
1173 2262 1425 2334 Πέμψον
1452 2263 1739 2335 Λάζαρον,
1785 2263 1908 2322 εἷπε

317 2341 462 2414 πρὸς
508 2343 671 2397 αὐτὸν
701 2346 731 2398 6
778 2345 1050 2417 Ἀϐραάμ*
1099 2345 1257 2415 Χάος
1296 2360 1322 2388 α
1362 2348 1519 2419 μέγα
1563 2347 1910 2419 ἐστήρικται

309 2427 549 2499 μεταξὺ
582 2426 753 2499 ήμῶν
780 2429 880 2484 καὶ
912 2429 1099 2500 ὑμῶν,
1126 2431 1287 2499 ὅπως
1313 2436 1367 2486 οἱ
1389 2433 1672 2501 θέλοντες
1702 2432 1910 2504 διαϐῆ-

314 2529 421 2566 ναι
445 2511 675 2566 ἐκεῖθεν
701 2514 851 2581 πρὸς
884 2513 1063 2583 ἡμᾶς,
1091 2513 1178 2584 μὴ
1202 2515 1516 2583 δύνωνται,
1542 2517 1699 2586 μηδέ
1727 2521 1782 2572 οἱ
1813 2519 1910 2572 ἐν-

314 2596 535 2652 τεῦθεν
555 2595 681 2650 ἐκεῖ
709 2595 1055 2664 διαπερῶσι.
1092 2598 1203 2650 Καὶ
1229 2598 1544 2671 ἐδείκνυμεν
1585 2600 1674 2655 διὰ
1698 2601 1908 2656 πολλῶν

313 2681 431 2733 τῶν
460 2679 785 2752 εἰρημένων,
815 2680 893 2744 ὡς
917 2680 1000 2734 ὅτι
1036 2680 1177 2751 μετὰ
1198 2682 1298 2753 τὴν
1333 2682 1428 2736 τοῦ
1453 2682 1586 2738 Θεοῦ
1614 2683 1912 2757 φιλανθρω-

315 2762 478 2827 πίαν,
519 2765 578 2817 ἐν
615 2765 729 2827 τοῖς
755 2763 977 2827 οἰκείοις
1014 2764 1405 2837 κατορθώμασι
1433 2766 1532 2830 τάς
1554 2767 1775 2833 ἐλπίδας
1808 2770 1911 2841 τῆς

317 2848 602 2919 σωτηρίας
633 2846 779 2918 ἔχειν
811 2847 943 2918 χρὴ,
985 2848 1060 2919 μὴ
1109 2848 1352 2921 πατέρας
1393 2851 1488 2905 καὶ
1524 2851 1784 2917 πάππους
1816 2855 1910 2907 καὶ

315 2931 678 2996 ἐπιπάππους
703 2930 1093 3004 ἀριθμοῦντας,
1126 2932 1262 3003 μηδὲ
1293 2936 1575 3002 συγγενεῖς
1598 2936 1693 2989 καὶ
1723 2936 1911 3006 φίλους

315 3015 422 3070 καὶ
467 3015 700 3078 οἰκείους
742 3014 838 3069 καὶ⁵
876 3015 1143 3084 γείτονας·
1200 3015 1482 3086 Ἀδελφὸς
1534 3018 1643 3090 γάρ
1689 3022 1761 3075 οὐ
1803 3025 1912 3075 λυ-

313 3097 587 3168 τροῦταιο
643 3097 1014 3166 λυτρώσεται
1072 3097 1421 3169 ἄνθρωπος;
1487 3101 1627 3155 Ἀλλ’
1690 3103 1792 3157 ὅσα
1845 3102 1911 3158 ἂν

317 3181 750 3253 παρακαλέσωσι
785 3183 880 3237 καλ⁵
905 3183 1366 3239 καθικετεύσωσιν
1400 3187 1449 3238 οί
1495 3185 1631 3256 μετά
1664 3188 1912 3260 ἀμαρτη-

319 3267 515 3338 μάτων
554 3265 808 3321 ἐντεῦθεν
852 3266 1201 3334 ἀπελθόντες,
1238 3269 1416 3322 πάντα
1444 3270 1566 3340 είκῆ
1609 3271 1705 3325 καὶ
1734 3270 1913 3343 μάτην

314 3351 510 3407 λοιπὸν
543 3350 748 3424 ἐροῦσι.
795 3350 907 3404 Καὶ
944 3350 1054 3422 γάρ
1087 3353 1142 3404 αί
1185 3352 1447 3425 παρθένοι
1483 3354 1540 3405 αἱ
1572 3354 1734 3408 πέντε
1774 3373 1914 3428 παρ-

316 3434 594 3490 εκάλεσαν
623 3433 725 3499 τὰς
754 3433 1023 3505 ὁμήλικας
1053 3434 1194 3505 ὑπὲρ
1229 3434 1433 3496 ἐλαίου,
1464 3435 1562 3490 καὶ
1591 3436 1692 3490 οὐκ
1718 3438 1915 3493 ἐπέτυ-

316 3535 441 3592 χον·
473 3518 567 3573 καὶ
590 3516 620 3570 ὁ
644 3515 705 3570 τὸ
726 3516 988 3573 τάλαντον
1016 3517 1374 3589 κατακρύψας
1396 3518 1457 3573 τὺ
1484 3520 1542 3573 ἐν
1574 3524 1641 3592 τῇ
1667 3524 1759 3594 γῇ,
1785 3522 1917 3577 πολ.

238 3592 261 3607 “
316 3602 396 3657 λά
424 3600 924 3673 ἀπολογησάμενος,
956 3601 1253 3673 κατεκρίθη
1284 3602 1463 3656 πάλιν·
1488 3605 1583 3659 καὶ
1607 3605 1657 3659 οἰ
1789 3606 1917 3678 θρέ-

315 3687 529 3759 ψαντες
575 3685 735 3739 αὐτὸν
779 3684 1075 3750 πεινῶντα,
1120 3685 1255 3756 μηδὲ
1302 3686 1624 3752 ποτίσαντες
1653 3688 1913 3759 διψῶντα,

316 3772 426 3829 καὶ
467 3772 625 3826 αὐτοὶ
661 3769 947 3835 δοκοῦντες
996 3772 1077 3833 εἰς
1122 3770 1347 3839 ἄγνοιαν
1390 3772 1780 3842 καταφεύγειν,
1805 3775 1914 3830 οὐδ’

318 3865 528 3919 ἐκεῖνοι
563 3860 894 3934 συγγνώμης
919 3862 1015 3916 καὶ
1040 3860 1339 3931 ἀπολογίας
1366 3861 1577 3936 ἔτυχον.
1607 3864 1827 3936 ’Έτεροι
1858 3867 1917 3919 δὲ

318 3947 450 4001 οὐδὲ
482 3948 654 4000 εἰπεῖν
686 3964 739 4000 τι
781 3947 1027 4016 ίσχυσαν,
1064 3944 1254 4018 ὥσπερ
1287 3947 1495 4012 ἐκεῖνος
1528 3949 1557 4001 6
1592 3946 1664 4001 τά
1695 3948 1919 4021 ῥυπαρά

319 4028 681 4101 ἐνδεδυμένος
717 4030 929 4102 ἱμάτια·
975 4028 1379 4101 ἐγκαλούμενος
1418 4031 1528 4102 γάρ
1569 4031 1751 4101 ἐσίγα.
1805 4032 1918 4104 Οὐχ

319 4110 484 4179 οὗτος
511 4114 569 4168 δὲ
592 4114 774 4185 μόνον,
798 4113 935 4169 ἀλλά
971 4115 1066 4168 καὶ
1096 4114 1254 4180 ἀλλος
1279 4115 1356 4186 τῷ
1392 4115 1619 4186 πλησίον
1655 4134 1920 4188 μνησικα-

319 4199 531 4267 κήσας,
580 4199 675 4251 καὶ
727 4197 924 4252 ἑκατὸν
965 4198 1277 4269 ἀπαιτήσας
1320 4199 1573 4270 δηνάρια,
1627 4196 1744 4252 εἶτα
1777 4201 1919 4272 ὑπὲρ

319 4281 536 4338 τούτων
574 4280 754 4337 αὐτῶν
789 4280 943 4352 παρὰ
970 4280 1065 4334 τοῦ
1102 4280 1363 4335 δεσπότου
1392 4282 1797 4354 ἐγκαλούμενος
1824 4283 1919 4336 ἐπὶ

319 4367 577 4438 ὠμότητι
606 4368 700 4420 καὶ
731 4365 1114 4438 ἀπανθρωπίᾳ,
1140 4366 1294 4420 οὐδὲν
1329 4366 1489 4438 ἔσχεν
1520 4368 1713 4422 εἰπεῖν.
1755 4368 1919 4422 Ὅθεν

320 4452 514 4523 δῆλον,
546 4452 631 4505 ὅτι
675 4450 827 4505 οὐδὲν
873 4449 1034 4521 ἡμῶν
1076 4451 1194 4503 ἐκεῖ
1220 4452 1609 4522 προστήσεται,
1638 4450 1733 4506 ἐὰν
1781 4450 1919 4523 ἔργα

328 4536 415 4610 μὴ
456 4536 667 4607 ἔχωμεν
715 4533 919 4603 ἀγαθά·
975 4532 1091 4587 ἀλλ’
1121 4532 1188 4587 ἀν
1232 4549 1292 4586 τε
1333 4533 1777 4606 καθικετεύωμεν
1826 4535 1921 4588 καὶ

326 4619 767 4695 παρακαλῶμεν,
792 4619 858 4674 ἄν
890 4635 949 4671 τε
975 4618 1239 4689 σιγῶμεν,
1270 4617 1471 4689 ὁμοίως
1499 4620 1585 4689 ἐφ’
1620 4621 1769 4690 ἡμᾶς
1799 4618 1920 4690 ἥξει

322 4708 404 4762 τά
441 4707 541 4779 τῆς
574 4705 850 4768 κολάσεως
892 4704 986 4758 καὶ
1027 4703 1130 4774 τῆς
1162 4702 1454 4773 τιμωρίας.
1485 4704 1754 4757 Ἀκουσον
1789 4703 1920 4772 γοῦν

328 4791 456 4855 πῶς
502 4790 596 4844 καὶ
623 4784 779 4852 οὗτος
813 4788 1044 4858 αἰτήσας
1086 4787 1333 4859 αἰτήσεις
1375 4784 1470 4840 δύο
1512 4786 1604 4840 τὸν
1645 4785 1918 4858 Ἀϐραὰμ,

325 4876 665 4949 ἀμφοτέρων
693 4873 952 4943 ἀπέτυχε.
985 4871 1256 4943 Πρότερον
1281 4871 1379 4942 μὲν
1406 4869 1516 4943 γὰρ
1549 4871 1689 4944 ὑπὲρ
1726 4872 1920 4927 ἐαυτοῦ

324 4960 435 5032 τὴν
463 4958 746 5031 ἱκετηρίαν
799 4957 1034 5010 ἐποιεῖτο
1080 4954 1277 5024 λέγων,
1325 4954 1578 5024 Πέμψον
1630 4953 1918 5025 Λάζαρον*

328 5043 567 5116 ὕστερον
616 5043 674 5096 δὲ
727 5042 830 5095 οὐκ
872 5040 953 5094 ἐτι
993 5041 1136 5110 ὑπὲρ
1188 5038 1406 5104 ἐαυτοῦ,
1454 5039 1594 5093 ἀλλά
1640 5040 1783 5113 ὑπὲρ
1815 5040 1924 5096 τῶν

332 5129 607 5198 ἀδελφῶν·
631 5126 770 5182 ἀλλὰ
802 5125 1062 5197 οὐδεμίαν
1086 5126 1284 5197 ἤνυσεν
1312 5124 1551 5195 αἴτησιν.
1596 5125 1660 5178 Ἦ
1689 5124 1790 5196 μὲν
1815 5125 1925 5194 γὰρ

329 5211 407 5286 ἦν
430 5211 694 5276 ἀδύνατος
725 5211 761 5281 ὴ
801 5209 1064 5281 προτέρα,
1096 5208 1247 5281 [755]
1276 5211 1310 5280 ἡ
1335 5209 1563 5281 δευτέρα
1599 5208 1657 5262 δέ
1696 5210 1923 5281 περιττὴ

332 5298 375 5368 ἡ
409 5295 550 5367 ὐπέρ
579 5294 687 5350 τῶν
717 5291 980 5363 ἀδελφῶν.
1012 5291 1159 5362 Πλὴν
1180 5291 1338 5357 ἀλλά,
1362 5293 1412 5346 εἰ
1440 5292 1606 5355 δοκεῖ,
1629 5292 1726 5345 καὶ
1744 5291 1926 5347 αὐτῶν

333 5379 667 5450 ἀκούσωμεν
721 5377 832 5430 τῶν
881 5375 1141 5446 ῥημάτων
1181 5373 1321 5444 μετά
1369 5373 1571 5444 πολλῆς
1619 5375 1721 5445 τῆς
1761 5392 1925 5429 σπου-

333 5464 441 5536 δῆς
476 5462 527 5519 δ.
576 5463 642 5517 Εἰ
691 5459 801 5531 γάρ
846 5460 1106 5532 ἄρχοντος
1143 5460 1201 5512 ἐν
1244 5459 1419 5530 ἀγορᾷ
1460 5458 1603 5533 μέσῃ
1633 5459 1926 5514 κατάδικον

337 5547 667 5618 ἀγαγόντος,
693 5544 789 5597 καὶ
815 5541 1043 5614 δημίους
1066 5545 1519 5613 περιστήσαντος,
1545 5542 1641 5597 καὶ
1674 5542 1928 5609 καταξαί-

335 5647 525 5693 νοντος
562 5628 654 5682 τὸν
689 5626 1012 5690 ὑπεύθυνον,
1059 5624 1199 5697 μετὰ
1231 5624 1433 5697 πολλῆς
1470 5625 1573 5697 τῆς
1616 5626 1927 5699 προθυμίας

342 5712 731 5785 συντρέχουσιν
768 5709 1008 5775 ἅπαντες
1051 5707 1281 5765 ἀκοῦσαι
1313 5709 1646 5783 βουλόμενοι,
1671 5711 1725 5768 τί
1768 5714 1866 5786 μὲν
1899 5715 1928 5767 6

404 5809 438 5911 ἲ
460 5806 558 5877 Alii.
582 5805 765 5916 χάσὲαο

459 5870 560 5916 Alli
581 5875 665 5916 τῆς
713 5881 765 5916 xc

408 5868 438 5911 Ι)
458 5864 560 5922 Alii
581 5864 665 5929 τῆς
683 5864 938 5932 ἀκριϐείας.

1526 379 1612 439 DE
1651 380 1931 441 LAZABO
1968 382 2226 443 CONCIO
2268 385 2359 443 IV.

3472 393 3491 446 ί
3502 393 3609 450 008

2012 503 2273 578 δικαστὴς
2306 509 2510 581 ἐρωτᾷ,
2535 506 2587 562 τί
2615 507 2673 562 δέ
2694 508 2723 561 6
2751 506 3043 571 κατάδικος
3077 505 3451 577 ἀποκρίνεταιο
3485 511 3611 564 πολ-

2013 590 2090 661 λῷ
2126 592 2326 662 μᾶλλον
2356 592 2591 647 ἐνταῦθα
2632 592 2771 663 μετά
2806 592 3094 663 ἀκριϐείας
3129 591 3353 646 ἀκούειν
3391 592 3518 664 χρὴ,
3553 594 3610 647 τί

2016 676 2117 748 μὲν
2152 678 2180 729 ὁ
2208 676 2500 741 κατάδικος
2529 668 2708 740 οὗτος.
2735 678 2763 730 6
2790 675 3046 739 πλούσιος
3075 675 3243 745 λέγω,
3278 675 3439 743 ἀξιοῖ,
3470 676 3525 729 τί
3552 676 3611 731 δέ

2012 762 2042 814 6
2070 761 2276 827 δίκαιος
2307 760 2566 832 δικαστὴς
2592 760 2947 831 ἀποκρίνεται
2970 759 3060 812 διὰ
3092 761 3187 813 τοῦ
3221 759 3493 832 Ἀϐραάμ.
3530 761 3608 813 Οὐ

2013 844 2124 915 γάρ
2154 847 2183 898 6
2214 846 2561 916 πατριάρχης
2589 840 2659 913 ἦν
2679 845 2707 897 6
2737 842 2996 907 δικάζων,
3020 844 3070 896 εἰ
3097 844 3193 897 καὶ
3223 843 3390 907 αὐτὸς
3410 843 3611 913 ἐφθέγ-

2013 943 2160 995 γετο·
2199 927 2314 981 ἀλλ’
2348 921 2538 997 ῶσπερ
2570 929 2664 980 ἐπὶ
2690 926 2800 979 τῶν
2837 926 3038 990 ἔξωθεν
3081 926 3453 997 δικαστηρίων
3481 926 3611 981 τού-

2013 1029 2142 1078 των,
2167 1013 2295 1065 ὅταν
2340 1005 2441 1064 ῶσί
2480 1027 2627 1074 τινες
2658 1009 2951 1064 ὑπεύθυνοι
2986 1009 3181 1083 λῃσταὶ
3229 1011 3325 1064 καὶ
3351 1010 3612 1083 ἀνδροφό-

2014 1112 2118 1158 νοι,
2157 1095 2349 1167 πόρρω
2376 1095 2476 1164 τῆς
2503 1092 2680 1163 ὅψεως
2716 1094 2808 1147 τοῦ
2845 1092 3160 1157 δικάζοντος
3197 1093 3610 1163 ἀποστήσαντες

2014 1176 2235 1242 τούτους
2263 1179 2311 1231 οἰ
2333 1176 2510 1247 νόμοι,
2539 1176 2639 1246 τῆς
2662 1175 2758 1230 τοῦ
2789 1175 3068 1248 κρίνοντος
3092 1178 3194 1229 οὐκ
3220 1177 3610 1248 ἐπιτρέπουσιν

2014 1260 2247 1315 ἀκοῦσαι
2286 1260 2490 1330 φωνῆς,
2522 1258 2626 1314 κᾶν
2670 1258 2847 1329 τούτῳ
2890 1258 3029 1329 μετά
3057 1259 3166 1312 τῶν
3195 1259 3372 1313 ἀλλων
3410 1261 3610 1323 αὐτοὺς

2016 1342 2396 1414 ἀτιμάζοντες,
2433 1341 2569 1396 ἀλλά
2591 1341 2757 1412 μέσος
2779 1359 2864 1405 τις
2888 1342 3129 1396 διακονεῖ
3153 1346 3276 1406 ταῖς
3304 1344 3608 1415 ἐρωτήσεσι

2014 1426 2107 1480 τοῦ
2136 1423 2471 1490 δικάζοντος,
2511 1425 2602 1478 καὶ
2643 1426 2765 1488 ταῖς
2807 1424 3135 1496 ἀποκρίσεσι
3175 1425 3284 1479 τῶν
3323 1424 3611 1496 δικαζομέ-

2014 1527 2120 1564 νων
2144 1521 2192 1549 ο⁸
2223 1508 2367 1564 οὕτω
2401 1509 2465 1581 δὴ
2493 1509 2590 1562 καὶ
2614 1508 2737 1562 τότε
2767 1507 2996 1576 ἐγίνετο.
3035 1508 3112 1562 Οὐ
3137 1508 3233 1562 τοῦ
3260 1508 3396 1563 Θεοῦ
3435 1509 3607 1579 φθεγ-

2015 1592 2249 1665 γομένου
2278 1593 2418 1664 πρὸς
2449 1592 2613 1645 αὐτὸν
2637 1592 2836 1663 ήκουεν
2869 1593 2897 1645 6
2935 1592 3247 1659 κατάδικος,
3278 1594 3414 1649 ἀλλά
3446 1595 3610 1665 μέσος

2014 1671 2082 1746 ἦν
2110 1678 2138 1728 6
2174 1675 2445 1747 Ἀϐραὰμ,
2470 1674 2538 1728 τὰ
2561 1673 2715 1746 παρὰ
2739 1674 2835 1727 τοῦ
2856 1675 3174 1740 δικάζοντος
3191 1677 3610 1749 διακονούμενος

2014 1760 2093 1831 τῷ
2130 1760 2490 1832 δικαζομένῳ.
2519 1759 2594 1811 Οὐ
2621 1757 2732 1830 γάρ
2766 1758 2978 1814 οἴκοθεν
3007 1760 3193 1830 ἔλεγεν
3221 1761 3365 1832 άπερ
3399 1762 3608 1830 ἔλεγεν,

2016 1843 2153 1898 ἀλλά
2175 1844 2352 1908 θείους
2377 1842 2710 1913 ἀνεγίνωσκε
2734 1841 2932 1913 νόμους
2961 1844 3132 1915 αὐτῷ,
3160 1846 3256 1898 καὶ
3280 1846 3377 1908 τάς
3403 1845 3611 1901 ἀνωθεν

2017 1927 2323 2000 φερομένας
2352 1926 2535 1997 ἔλεγεν
2557 1924 2884 1995 ἀποφάσεις.
2911 1926 3110 1999 Διόπερ
3135 1921 3291 1992 οὗτος
3317 1928 3438 1982 οὐδέ
3461 1929 3610 1982 ἀντι-

2018 2011 2201 2080 λέγειν
2232 2007 2367 2082 εῐχε.
3043 2054 3048 2059 .

2090 2095 2155 2166 β’.
2173 2095 2541 2167 Προσέχωμεν
2558 2094 2741 2149 τοίνυν
2772 2098 2911 2171 μετὰ
2925 2095 3212 2167 ἀκριϐείας
3236 2098 3350 2159 τοῖς
3375 2094 3611 2167 λεγομέ-

2016 2195 2149 2242 νοις.
2185 2178 2296 2232 Καὶ
2322 2177 2434 2250 γὰρ
2467 2177 2723 2251 ἐπίτηδες
2754 2179 3077 2252 ἐνδιατρίϐω
3121 2179 3295 2254 ταύτῃ
3325 2181 3391 2250 τῇ
3428 2196 3610 2251 παρα-

2017 2262 2168 2333 ϐολῇ,
2235 2263 2328 2316 καὶ
2394 2263 2663 2335 τετάρτην
2731 2264 2948 2337 ἡμέραν
3009 2262 3172 2335 έχων,
3240 2262 3447 2334 ταύτης
3508 2263 3612 2316 οὐκ

2017 2345 2346 2416 ἀφίσταμαι,
2394 2345 2584 2417 ἐπειδὴ
2632 2347 2727 2401 καὶ
2761 2346 2898 2400 πολὺ
2941 2345 3002 2400 τὸ
3054 2344 3245 2417 κέρδος
3296 2347 3362 2399 ἐκ
3419 2344 3610 2398 τούτου

2015 2428 2109 2482 τοῦ
2136 2428 2475 2499 διηγήματος
2496 2428 2608 2500 ὁρῶ
2634 2429 2921 2500 γινόμενον
2952 2430 3048 2483 καὶ
3076 2428 3359 2492 πλουσίοις
3391 2427 3487 2481 καὶ
3515 2427 3612 2479 πέ-

2016 2530 2163 2587 νησι,
2197 2514 2291 2569 καὶ
2321 2516 2433 2576 τοῖς
2465 2512 2605 2584 ὑπὲρ
2635 2513 2731 2583 τῆς
2760 2513 2870 2567 τῶν
2898 2511 3151 2583 πονηρῶν
3184 2511 3490 2583 εὐπραγίας
3506 2511 3613 2577 ,καὶ

2015 2598 2115 2668 τῆς
2158 2597 2267 2651 τῶν
2298 2596 2523 2651 δικαίων
2554 2597 2746 2660 πενίας
2786 2597 2881 2651 καὶ
2907 2595 3140 2665 θλίψεως
3167 2594 3608 2667 θορυϐουμένοις.

2017 2680 2130 2734 Καὶ
2149 2678 2259 2751 γὰρ
2287 2679 2439 2733 οὐδὲν
2468 2677 2613 2732 οὕτω
2641 2679 2769 2743 τοὺς
2793 2678 3024 2743 πολλοὺς
3050 2678 3427 2743 σκανδαλίζειν
3453 2677 3611 2731 είωθε

2019 2763 2115 2818 καὶ
2146 2764 2456 2836 ταράττειν,
2495 2762 2572 2826 ώς
2607 2762 2670 2816 τὸ
2704 2762 2995 2826 πλουσίους
3036 2763 3095 2817 ἐν
3130 2762 3368 2834 πονηρίᾳ
3400 2760 3612 2826 ζῶντας

2018 2848 2322 2919 εὐημερίας
2351 2845 2647 2901 ἀπολαύειν
2673 2846 2895 2919 πολλῆς,
2925 2847 3021 2900 καί⁵
3053 2847 3296 2909 δικαίους
3320 2844 3458 2917 μετά
3481 2847 3613 2917 ἀρε-

2018 2932 2118 3002 τῆς
2136 2930 2346 2995 ζῶντας
2366 2928 2505 3001 πρὸς
2519 2931 2756 3001 ἐσχάτην
2770 2929 3092 2984 ἐλαύνεσθαι
3112 2929 3323 2993 πενίαν,
3342 2929 3434 2983 καὶ
3447 2929 3613 3001 ἕτερα

2021 3014 2191 3087 μυρία
2220 3014 2319 3085 τῆς
2343 3012 2536 3076 πενίας
2570 3014 2866 3085 ὑπομένειν
2888 3012 3246 3086 χαλεπώτερα
3277 3013 3610 3084 πράγματα.

2104 3095 2265 3149 Ἀλλὰ
2297 3094 2439 3167 αὕτη
2470 3096 2628 3167 ἱκανὴ
2656 3099 2689 3167 ή
2721 3098 3007 3169 παραϐολὴ
3039 3098 3342 3168 παρασχεῖν
3370 3095 3441 3149 τά
3469 3097 3614 3167 φάρ-

2023 3196 2197 3250 μακα,
2229 3179 2355 3242 τοὺς
2384 3178 2484 3250 μὲν
2519 3179 2887 3244 πλουτοῦντας
2932 3178 3365 3252 σωφρονίζουσα,
3393 3180 3522 3242 τοὺς
3554 3179 3613 3231 δὲ

2022 3263 2263 3334 πένητας
2312 3263 2802 3334 παραμυθουμένηο
2848 3266 3094 3328 ἐκείνους
3145 3265 3244 3335 μὲν
3281 3262 3613 3318 παιδεύουσα

2025 3347 2101 3419 μὴ
2134 3347 2276 3419 μέγα
2315 3348 2555 3418 φρονεῖν,
2599 3348 2727 3411 τοὺς
2764 3347 2820 3401 δὲ
2860 3348 3099 3420 πένητας
3139 3347 3610 3419 παραμυθουμένη

2021 3430 2116 3484 ἐπὶ
2172 3432 2285 3492 τοῖς
2326 3429 2585 3502 παροῦσι·
2638 3430 2927 3495 κάκείνους
2977 3431 3076 3501 μὲν
3115 3430 3190 3501 μὴ
3246 3429 3611 3501 μεγαλαυχεῖν

2023 3513 2286 3568 πείθουσα
2305 3511 2356 3577 δ,
2402 3514 2530 3567 ὅταν
2570 3514 3000 3586 πονηρευόμενοι
3046 3514 3122 3585 μὴ
3166 3512 3328 3567 δῶσιν
3379 3512 3614 3566 ἐνταῦθα

2023 3599 2200 3671 δίκην,
2239 3599 2315 3662 ὡς
2344 3597 2738 3671 χαλεπωτάτης
2777 3598 3237 3670 ἀπαντησομένης
3283 3598 3467 3660 αὐτοῖς
3497 3599 3617 3650 ἐκεῖ

2023 3681 2127 3753 τῆς
2153 3682 2445 3755 τιμωρίαςο
2472 3681 2697 3745 τούτους
2716 3682 2774 3736 δὲ
2801 3681 3217 3754 παρακαλοῦσα,
3247 3682 3321 3754 μὴ
3357 3683 3478 3745 ταῖς
3498 3681 3615 3734 ἐτέ-

2029 3783 2138 3838 ρων
2180 3765 2510 3838 εὐπραγίαις
2559 3764 2927 3838 θορυϐεῖσθαι,
2985 3765 3120 3838 μηδὲ
3162 3764 3407 3836 νομίζειν
3448 3765 3617 3837 ἀπρο-

2024 3850 2193 3921 νόητα
2222 3844 2361 3904 εἶναι
2393 3849 2462 3904 τά
2485 3849 2611 3904 καθ’
2642 3851 2812 3921 ἡμᾶς,
2846 3851 2974 3905 ὅταν
3012 3851 3222 3914 δίκαιος
3255 3851 3353 3922 μὲν
3379 3849 3616 3904 ἐνταῦθα

2026 3933 2213 4004 πάσχῃ
2270 3931 2477 3995 κακῶς,
2531 3933 2768 4005 πονηρὸς
2808 3933 2865 3986 δέ
2912 3934 3006 3988 καὶ
3069 3933 3263 4006 μιαρὸς
3328 3933 3616 4006 ἄνθρωπος

2026 4016 2330 4089 εὐημερίας
2382 4014 2633 4089 ἀπολαύῃ
2677 4016 2980 4087 διηνεκοῦς.
3032 4017 3358 4089 Ἀμφότεροι
3406 4017 3515 4089 γάρ
3554 4018 3616 4072 τὸ

2028 4103 2150 4156 κατ“
2195 4102 2352 4168 ἀξίαν
2385 4100 2760 4171 ἀπολήψονται
2802 4101 2941 4166 ἐκεῖ,
2980 4104 3009 4155 6
3038 4102 3136 4172 μὲν
3165 4103 3293 4165 τοὺς
3319 4102 3618 4170 στεφάνους

2025 4186 2128 4256 τῆς
2156 4184 2436 4255 ὑπομονῆς
2472 4184 2569 4237 καὶ
2604 4183 2706 4254 τῆς
2738 4183 3058 4255 καρτερίας,
3094 4187 3122 4237 6
3153 4184 3209 4236 δέ
3236 4185 3333 4248 τὰς
3363 4184 3617 4248 κολάσεις

2027 4270 2123 4323 καὶ⁵
2154 4266 2255 4331 τάς
2290 4266 2563 4337 τιμωρίας
2602 4266 2704 4336 τῆς
2741 4267 3026 4338 πονηρίας.
3057 4265 3280 4339 Ταύτην
3308 4267 3407 4339 τὴν
3435 4284 3617 4340 παραυ

2028 4350 2190 4421 ϐολήν
2209 4349 2524 4420 ὲγγράψατε
2560 4348 2655 4402 καὶ
2682 4347 2924 4402 πλούσιοι
2959 4349 3056 4403 καὶ
3078 4350 3334 4423 πένητες*
3369 4350 3619 4405 πλούσιοι

2028 4437 2085 4488 ἐν
2132 4436 2242 4498 τοῖς
2284 4432 2484 4501 τοίχοις
2527 4432 2628 4503 τῆς
2662 4433 2930 4506 ὑμετέρας
2973 4434 3175 4499 οἰκίας,
3215 4435 3448 4507 πένητες
3476 4436 3618 4490 δὲέν

2026 4521 2140 4582 τοῖς
2168 4517 2367 4589 τοίχοις
2403 4516 2505 4587 τῆς
2532 4516 2793 4579 διανοίαςο
2825 4515 2928 4570 κᾶν
2955 4516 3249 4590 ἐξαλειφθῇ
3287 4536 3421 4572 ποτε
3447 4518 3620 4591 λήθης
3728 4566 3743 4590 ,

2029 4600 2410 4673 ἐγγινομένης,
2464 4599 2786 4672 ἐπιχρίσατε
2851 4600 3016 4654 πάλιν
3071 4601 3161 4655 διά
3227 4602 3330 4673 τῆς
3396 4604 3620 4674 μνήμης

2029 4685 2256 4740 ἄνωθεν.
2292 4683 2511 4739 Μᾶλλον
2541 4685 2598 4737 δὲ
2625 4686 2718 4738 καὶ
2743 4686 2793 4738 οἰ
2818 4685 3066 4740 πλούσιοι
3096 4687 3204 4758 πρὸ
3226 4686 3327 4758 τῆς
3352 4687 3531 4752 οἰκίας
3561 4689 3620 4739 ἐν

2030 4773 2097 4842 τῇ
2131 4769 2339 4840 διανοίᾳ
2362 4768 2723 4844 διαγράψατε,
2757 4769 2852 4823 καί⁵
2881 4769 3122 4841 συνεχῶς
3149 4770 3500 4842 περιφέρετε,
3527 4771 3621 4823 καὶ

2031 4855 2186 4907 ἔσται
2231 4852 2605 4907 διδασκαλεῖον
2666 4853 2797 4923 ὐμῖν
2852 4852 2948 4907 καὶ
2992 4853 3251 4918 ὑπόθεσις
3297 4853 3621 4925 φιλοσοφίας

2032 4939 2271 5009 ἀπάσης.
2336 4935 2463 4990 Ἐάν
2525 4935 2637 5008 γὰρ
2694 4935 2900 5007 ταύτην
2949 4935 3212 5008 διηνεκῶς
3256 4934 3409 5009 [754]
3458 4940 3622 5006 ἐγγε-

2031 5020 2359 5095 γραμμένην
2393 5019 2606 5091 ἔχωμεν
2643 5021 2701 5072 ἐν
2730 5022 2796 5091 τῇ
2824 5018 3052 5090 διανοίᾳ,
3089 5017 3212 5072 οὐτε
3249 5019 3318 5073 τὰ
3343 5020 3619 5092 περιχαρῆ

2032 5105 2125 5160 τοῦ
2158 5103 2429 5176 παρόντος
2455 5103 2572 5175 βίου
2600 5104 2749 5175 ἡμᾶς
2782 5104 3025 5172 φυσῆσαι
3054 5103 3367 5174 δυνήσεται,
3391 5103 3514 5158 οὐτε
3551 5106 3621 5159 τά

2031 5187 2254 5261 λυπηρά
2278 5186 2618 5241 ταπεινῶσαι
2651 5188 2744 5240 καὶ
2778 5185 3051 5239 καθελεῖν
3084 5184 3221 5240 ἀλλά
3249 5185 3325 5250 ὡς
3356 5187 3495 5257 πρὸς
3522 5187 3621 5252 τάς

2034 5271 2355 5343 ζωγραφίας
2387 5271 2485 5335 τάς
2508 5273 2531 5302 °
2560 5273 2618 5326 ἐν
2639 5273 2753 5335 τοῖς
2781 5269 3005 5340 τοίχοις,
3038 5267 3181 5322 οὕτω
3210 5269 3348 5339 πρὸς
3380 5269 3622 5341 ἑκάτερα

2032 5358 2210 5413 ταῦτα
2246 5355 2656 5426 διακεισόμεθα.
2694 5353 2962 5424 Καθάπερ
3008 5352 3119 5425 γάρ
3162 5356 3221 5408 ἐν
3263 5357 3379 5418 τοῖς
3419 5357 3621 5427 τοίχοις

2033 5439 2421 5514 γεγραμμένον
2466 5438 2702 5511 ὁρῶντες
2756 5437 3008 5491 πλούσιον
3068 5436 3165 5491 καὶ
3203 5436 3433 5510 πένητα,
3493 5437 3619 5495 οὐτε

2034 5524 2229 5596 ἐκείνῳ
2283 5522 2609 5592 φθονοῦμεν,
2660 5518 2785 5574 οὔτε
2831 5518 2925 5574 τοῦ
2975 5520 3210 5593 πένητος
3259 5525 3618 5601 ὑπερορῶμεν

2034 5609 2120 5664 διὰ
2156 5610 2219 5663 τὸ
2247 5606 2405 5662 σκιὰν
2436 5604 2575 5660 ἀλλά
2609 5604 2687 5677 μὴ
2717 5604 3059 5677 πραγμάτων
3087 5605 3347 5678 ἀλήθειαν
3384 5601 3524 5662 εἶναι
3549 5607 3616 5662 τὰ

2099 5748 2123 5777 ⁸⁵
2151 5742 2251 5795 Alii
2277 5741 2364 5792 τοῦ
2384 5741 2709 5804 δικαζομένου.

2098 5806 2127 5848 ὁ
2158 5807 2397 5857 Πείθουσα
2416 5799 2562 5853 deest
2584 5806 2632 5852 in
2655 5799 2848 5850 duobus
2868 5813 2986 5849 mss.

2106 5873 2128 5901 °
2151 5870 2249 5923 Alii
2273 5867 2376 5917 611’
2400 5866 2560 5930 ὥσπερ
2578 5865 2679 5919 ταῖς
2703 5862 2983 5928 ζωγραφίαις
3005 5862 3122 5921 ταῖς.
