3958 6422
343 410 478 466 1009

339 524 616 589 videmus,
647 523 832 578 umbra
864 536 1038 576 rerum
1065 520 1192 587 sint,
1223 535 1328 575 non
1355 523 1547 575 vet-itas
1572 539 1586 576 :
1609 521 1686 575 sic
1711 531 1763 576 et
1791 519 1927 574 divi-

342 615 542 669 tiarum
568 623 620 668 et
651 613 999 683 paupertatis,
1030 612 1213 682 gloriae
1239 621 1292 665 et
1313 611 1640 682 ignominiae,
1671 612 1926 665 aliarum-

335 721 448 776 qne
472 720 652 760 rerum
681 706 917 759 omnium
960 705 1072 758 sive
1112 704 1342 758 tristium
1368 703 1480 758 sive
1505 703 1746 758 laetarum
1777 711 1928 758 natu-

335 812 455 850 ram
483 799 525 850 si
557 797 882 862 noverimus,
931 794 1273 849 liberabimur
1301 809 1329 847 a
1360 792 1678 860 turbatione,
1710 809 1829 865 qute
1858 809 1924 847 cx

336 890 531 940 harum
572 902 886 956 unaquaque
930 887 980 939 in
1029 885 1182 940 nobis
1224 885 1365 956 gigni
1411 886 1564 940 solet.
1615 885 1738 940 Hmc
1780 886 1923 940 enim

333 977 519 1031 omnia
552 978 737 1046 quavis
759 977 944 1031 umbra
970 976 1241 1031 fallaciora
1265 985 1422 1042 sunt;
1453 977 1653 1031 homini
1679 994 1803 1032 vero
1820 978 1923 1032 alta

332 1078 519 1123 mente
551 1070 777 1139 praulito
805 1078 962 1140 atque
997 1085 1261 1138 generoso
1302 1070 1463 1125 nullae
1489 1086 1577 1125 res
1604 1071 1838 1125 illustres
1861 1087 1924 1126 ac

330 1160 632 1227 splendida:
674 1162 941 1229 attollere,
981 1162 1140 1216 nullae
1180 1162 1406 1218 humiles
1435 1161 1763 1232 abjectaaque
1793 1177 1920 1216 con-

335 1251 556 1306 trahere
591 1253 827 1308 animum
869 1262 1113 1323 possunt.
1154 1254 1350 1308 Verum
1394 1253 1503 1324 jam
1533 1264 1742 1324 tempus
1770 1256 1923 1310 nobis

329 1356 440 1410 est,
473 1353 528 1398 ut
553 1344 733 1400 divitis
767 1346 930 1401 verba
956 1347 1272 1401 audiamus:
1303 1346 1493 1413 Orate,
1523 1347 1711 1418 inquit,
1741 1357 1917 1418 pater,

333 1436 441 1491 hoc
469 1448 548 1491 est
571 1440 797 1493 obsecro
823 1455 1077 1510 rogoque,
1107 1449 1158 1493 ut
1181 1441 1346 1494 mittas
1363 1437 1616 1493 Lazarum
1641 1441 1692 1493 in
1718 1441 1922 1494 domum

332 1531 497 1597 patris
526 1531 657 1596 mei;
688 1541 806 1584 sunt
845 1533 977 1584 enim
1009 1533 1132 1585 milii
1158 1532 1375 1602 quinque
1399 1535 1612 1603 fratres;
1641 1541 1695 1585 ut
1741 1533 1920 1602 testiﬁ-

329 1631 477 1674 cetur
515 1622 653 1690 illis,
706 1640 769 1676 ne
811 1625 1013 1678 veniant
1059 1625 1111 1677 in
1153 1626 1286 1679 hunc
1328 1625 1493 1679 locum
1540 1634 1917 1679 tormentorum.

334 1712 626 1783 Postquam
674 1729 771 1784 pro
810 1730 870 1769 se
922 1730 1028 1770 non
1077 1715 1488 1784 impetraverat,
1530 1732 1626 1786 pro
1651 1716 1766 1771 aliis
1799 1717 1920 1772 facit

328 1806 802 1874 supplicationem.
848 1808 978 1863 Vide
1015 1825 1174 1878 quam
1223 1809 1532 1874 humanum,
1578 1824 1735 1880 quam
1763 1826 1918 1865 man-

325 1908 539 1953 suetum
579 1915 734 1969 poena
779 1900 1070 1956 reddiderit
1099 1917 1242 1956 eum.
1271 1901 1370 1968 Qui
1401 1917 1631 1971 namque
1655 1900 1915 1956 Lazarum

329 2001 654 2061 praesentem
689 1992 1034 2062 destiieiebat,
1069 1993 1294 2048 aliorum
1325 1993 1625 2049 absentium
1656 2011 1796 2049 nunc
1819 2011 1915 2050 cu-

325 2099 445 2137 ram
495 2083 655 2139 habet
689 2103 702 2138 :
736 2086 824 2156 qui
868 2096 994 2141 ante
1043 2087 1225 2141 oculos
1262 2086 1529 2156 jacentem
1574 2087 1914 2158 prmteribat,

325 2175 574 2228 meminit
619 2190 806 2230 eorum
851 2193 986 2246 quos
1035 2193 1138 2232 non
1195 2176 1358 2242 videt,
1417 2179 1692 2249 multoque
1740 2179 1916 2233 studio

329 2267 608 2332 postulat,
657 2278 711 2322 ut
740 2269 916 2338 aliquo
947 2269 1106 2325 modo
1134 2271 1237 2327 illis
1283 2271 1639 2341 prospiciatur
1661 2271 1916 2330 adversus

324 2357 657 2413 imminentia
687 2361 820 2413 mala
848 2379 860 2414 :
884 2361 1233 2432 obsecratque
1258 2371 1314 2416 ut
1340 2362 1575 2418 Lazarus
1607 2363 1658 2417 in
1686 2363 1907 2419 domum

326 2449 498 2517 patris
520 2449 780 2518 mittatur,
808 2453 894 2506 ubi
922 2452 1020 2521 ipsi
1051 2452 1224 2508 fuerat
1252 2470 1412 2509 arena
1440 2455 1775 2528 studiumque
1798 2458 1912 2512 vir-

322 2543 454 2595 tutis
482 2552 745 2612 apertnm.
777 2543 853 2597 llli
898 2545 1110 2599 videant
1153 2545 1298 2600 illum
1329 2547 1618 2613 coronari,
1653 2550 1739 2617 qui
1766 2548 1914 2604 vide-

323 2641 455 2688 runt
485 2643 781 2690 certantem
812 2655 824 2690 :
849 2637 935 2705 qui
965 2647 1128 2692 testes
1154 2638 1362 2692 fuerunt
1392 2639 1467 2692 illi
1497 2641 1820 2708 paupertatis
1850 2655 1913 2696 ac

321 2723 515 2788 famis,
565 2727 897 2797 aliorumque
936 2728 1197 2783 malorum
1246 2728 1735 2802 innumerabilium,
1784 2732 1913 2787 ﬁant

323 2823 494 2869 testes
518 2815 737 2871 honoris
767 2826 822 2872 et
846 2819 1148 2888 ignominia:
1188 2821 1241 2874 in
1271 2836 1484 2876 omnem
1516 2822 1739 2892 gloriam
1767 2839 1911 2878 com-

316 2918 543 2962 mutata:
575 2926 588 2962 :
620 2918 676 2963 ut
719 2909 970 2980 utrinque
1019 2912 1260 2981 castigati
1299 2912 1584 2984 doctique,
1636 2915 1777 2984 quod
1823 2930 1910 2970 res

316 3009 522 3054 nostrae
565 3016 895 3070 nequaquam
939 3003 1217 3072 prmsentis
1260 3003 1384 3058 vita:
1419 3002 1648 3059 termino
1675 3005 1907 3061 circum-

313 3089 643 3156 scribantur,
675 3091 886 3146 tandem
934 3102 1235 3163 prseparent
1261 3108 1401 3159 sese,
1443 3103 1502 3149 ut
1529 3095 1663 3150 hanc
1695 3112 1906 3167 paruam

312 3183 721 3254 cruciatumque
741 3185 945 3254 possint
973 3184 1226 3255 effugere.
1249 3185 1386 3254 Quid
1410 3186 1568 3257 igitur
1591 3188 1907 3244 Abraham?

317 3271 544 3340 Habent,
594 3274 782 3344 inquit,
835 3273 1064 3346 Moysen:
1107 3285 1153 3330 et
1182 3276 1474 3346 prophetas,
1522 3277 1733 3332 audiant
1766 3279 1902 3332 illos.

312 3366 434 3420 Non
477 3382 629 3436 mque
660 3377 716 3421 tu
743 3382 899 3422 curas
929 3368 1120 3423 fratres
1163 3378 1280 3424 tuos
1305 3379 1462 3438 atque
1493 3369 1634 3424 Deus
1664 3372 1751 3440 qui
1785 3371 1904 3427 illos

309 3457 589 3512 condidit:
613 3464 922 3514 innumeros
966 3460 1070 3513 illis
1096 3459 1337 3514 adhibuit
1367 3461 1648 3529 magistros
1672 3503 1685 3526 ,
1723 3461 1906 3518 admo-

314 3551 546 3614 nitores,
596 3551 948 3615 consultores,
993 3549 1380 3605 adhortatorcs.
1438 3551 1574 3618 Quid
1614 3550 1771 3621 igitur
1814 3553 1903 3608 ille

309 3641 627 3710 reSpondit?
657 3640 800 3706 Non,
824 3642 1011 3710 inquit,
1033 3652 1175 3710 pater
1202 3641 1480 3708 Abraham,
1509 3641 1598 3695 sed
1625 3644 1671 3697 si
1697 3645 1807 3712 quis
1839 3659 1902 3698 ex

308 3732 526 3785 mortuis
552 3732 741 3796 redeat,
770 3731 847 3784 illi
876 3732 1094 3784 credent.
1120 3731 1246 3786 Haec
1270 3740 1392 3785 sunt
1421 3732 1562 3802 vulgi
1595 3733 1776 3788 verba.
1797 3733 1900 3788 Ubi

309 3837 463 3877 nunc
491 3831 614 3876 sunt
641 3825 725 3892 qui
755 3821 972 3888 dicunt,
1021 3822 1167 3877 illinc
1195 3822 1384 3878 rediit?
1412 3823 1538 3890 Quis
1567 3838 1633 3878 ex
1675 3825 1900 3880 mortuis

306 3914 584 3968 surrexit?
613 3914 740 3981 Quis
763 3916 997 3968 narravit
1022 3931 1138 3984 quae
1165 3925 1290 3969 sunt
1309 3915 1446 3985 apud
1471 3915 1704 3972 inferos?
1728 3915 1898 3983 Quam

307 4004 482 4059 multa
509 4005 608 4059 alia
637 4016 885 4075 tantaque
916 4005 1124 4060 dicebat
1152 4005 1290 4074 apud
1330 4007 1563 4076 seipsum
1600 4008 1748 4064 dives
1773 4009 1890 4077 ille,

303 4112 433 4151 cum
473 4111 774 4151 versaretur
812 4099 862 4150 in
894 4096 1339 4169 deliciis?Neque
1379 4099 1520 4154 enim
1563 4109 1764 4156 temere
1803 4119 1898 4174 po-

303 4188 560 4253 stulabat,
598 4197 654 4242 ut
680 4189 868 4259 aliquis
898 4197 1142 4258 surgeret
1169 4205 1233 4244 ex
1264 4191 1510 4245 mortuis.
1543 4191 1736 4246 Verum
1764 4209 1896 4264 quo-

303 4279 455 4334 niam
479 4280 589 4348 ipse
615 4281 836 4335 audiens
852 4280 1153 4350 Scripturas
1178 4289 1588 4351 contempserat,
1612 4283 1892 4351 deriserat,

303 4371 515 4426 fabulas
562 4387 682 4427 esse
729 4389 846 4442 qua:
895 4372 1204 4428 dicebantur
1244 4373 1732 4444 crediderat:erga
1782 4377 1895 4432 luec

296 4464 447 4516 sicut
479 4464 590 4532 ipse
611 4462 784 4518 fuerat
808 4463 1048 4532 affectus,
1082 4463 1151 4518 ita
1175 4463 1398 4518 habebat
1421 4466 1721 4534 opinionem
1749 4466 1894 4521 etde

298 4556 562 4612 fratribus
611 4560 741 4612 suis.
790 4557 902 4626 llli,
951 4557 1154 4628 inquit,
1199 4557 1277 4613 sic
1315 4558 1635 4627 opinantur:
1666 4558 1806 4628 quod
1849 4559 1890 4614 si

297 4647 426 4716 quis
451 4661 514 4700 ex
545 4649 773 4702 mortuis
803 4649 1016 4703 redierit
1042 4691 1056 4715 ,
1088 4663 1191 4703 non
1223 4647 1554 4719 deregabuut
1587 4649 1744 4703 ﬁdem
1773 4649 1888 4715 illi,

299 4753 482 4808 neque
511 4738 862 4808 dcridebunt,
903 4740 996 4807 sed
1035 4742 1209 4811 potius
1237 4741 1611 4797 auscultabunt
1649 4742 1744 4808 iis,
1774 4756 1891 4811 qua:

298 4831 569 4886 dicentur.
600 4832 735 4899 Quid
770 4833 929 4903 igitur
957 4833 1260 4888 Abraham?
1285 4833 1347 4888 Si
1379 4832 1572 4888 Mosem
1604 4843 1651 4888 et
1675 4835 1893 4906 prephe-
1972 4879 1977 4886 .

297 4935 386 4975 ms
410 4925 753 4989 nonaudiunt,
772 4941 862 4978 nec
885 4925 930 4978 si
940 4925 1052 4994 quis
1068 4941 1100 4977 a
1119 4925 1329 4978 mortuis
1349 4926 1642 4991 surrexerit,
1666 4926 1885 4980 credent.

300 5013 470 5084 quue
495 5030 677 5070 verum
707 5031 827 5071 esse
851 5058 865 5081 ,
897 5016 1038 5085 quod
1087 5017 1177 5086 qui
1220 5032 1325 5071 non
1368 5015 1514 5070 audit
1548 5016 1848 5084 Scripturas
1870 5058 1886 5083 ,

302 5121 480 5176 neque
510 5124 576 5163 ex
606 5109 830 5164 mortuis
854 5111 1108 5164 excitatos
1137 5110 1411 5164 auditurus
1432 5109 1520 5172 sit,
1554 5109 1890 5166 declararunt

299 5199 475 5254 Judaei
503 5199 624 5270 :qui
654 5201 903 5269 quoniam
933 5200 1131 5255 Mosem
1164 5215 1225 5254 ac
1254 5199 1543 5269 prepltetas
1571 5215 1676 5256 non
1707 5200 1889 5256 audie-

295 5298 428 5344 rant
448 5331 462 5355 ,
497 5307 671 5360 neque
708 5306 829 5346 cum
862 5300 1100 5345 mortuos
1125 5290 1382 5346 vidissent
1406 5291 1684 5358 excitatos,
1717 5291 1887 5345 credi-

292 5385 496 5439 derunt
521 5397 736 5440 :verum
759 5399 901 5439 nunc
929 5383 1143 5455 quidem
1171 5382 1426 5437 Lazarum
1455 5383 1702 5438 occidere
1728 5397 1887 5437 cona-

294 5479 518 5544 bantur,
547 5493 691 5533 nuuc
718 5492 902 5533 rursus
924 5477 977 5532 in
1007 5475 1290 5546 Apostolus
1315 5477 1572 5546 impetum
1599 5475 1884 5540 faciebant,

289 5570 544 5640 quamvis
596 5569 745 5624 multi
791 5569 904 5639 jam
953 5583 1019 5624 ex
1070 5569 1294 5624 mortuis
1344 5576 1725 5637 surrexerant,
1781 5583 1886 5639 quo

297 5673 542 5730 tempore
571 5677 700 5716 crux
729 5659 1140 5731 praedicabatur.

372 5755 424 5808 5.
458 5753 527 5809 Ut
569 5769 695 5807 vero
725 5763 778 5808 et
820 5751 1033 5807 aliunde
1074 5765 1364 5821 cognoscas
1393 5749 1531 5822 quod
1575 5751 1787 5821 gravior
1814 5751 1882 5805 sit

294 5845 694 5914 Scripturarum
723 5859 783 5898 ac
810 5843 1183 5914 prophetarum
1209 5841 1469 5908 doctrina,
1487 5858 1644 5914 quam
1672 5844 1714 5897 si
1736 5845 1824 5915 qui
1851 5859 1879 5898 a

1585 407 1670 463 DE
1710 405 1984 462 LAZARO
2023 405 2265 464 CONCIO
2304 411 2391 466 IV.

3484 423 3621 481 (ομ)

2041 523 2264 577 mortuis
2307 523 2606 580 resuscitati
2633 527 2935 581 renuntient
2966 544 2981 583 :
3013 528 3137 584 illud
3179 533 3452 589 considera
3478 539 3619 603 (ιιιηά

2031 610 2270 682 quisquis
2296 621 2534 668 mortuus
2564 625 2666 680 est,
2689 629 2876 671 servus
2899 627 3011 672 est:
3031 635 3149 689 qua:
3179 637 3308 677 vero
3329 623 3621 695 Scriptura:

2031 700 2356 772 loquuntur,
2409 705 2654 775 loquutus
2701 717 2784 762 est
2831 709 3104 765 Dominus.
3139 711 3369 768 Proinde
3409 717 3618 774 etiamsi

2028 800 2271 848 mortuus
2296 795 2596 863 reviviscat,
2615 797 2822 852 etiamsi
2847 801 3067 869 angelus
3097 818 3126 855 e
3154 805 3285 859 caelo
3305 805 3616 877 descendat,

2029 883 2260 939 maxime
2287 886 2524 942 omnium
2554 888 2879 944 credendum
2909 901 2991 946 est
3018 892 3326 962 Scripturis.
3357 897 3486 952 Nam
3518 915 3618 955 au-

2027 975 2268 1044 gelorum
2297 978 2554 1034 Dominus
2578 1021 2593 1048 ,
2623 990 2952 1037 mortuorum
2996 986 3193 1053 pariter
3233 1003 3296 1044 ac
3325 990 3615 1047 viventium

2026 1067 2293 1136 dominus,
2323 1070 2435 1140 ipse
2465 1086 2558 1127 eas
2585 1074 2840 1128 condidit.
2867 1075 2950 1129 Ad
2981 1075 3092 1131 htec
3121 1079 3262 1148 quod
3289 1095 3613 1150 supervaca-

2027 1174 2125 1213 nea
2149 1169 2389 1229 qumrant
2416 1163 2503 1232 qui
2531 1163 2838 1220 desiderant
2863 1173 2921 1220 ut
2947 1169 3140 1222 mortui
3181 1171 3324 1224 illinc
3351 1172 3574 1228 redeant
3595 1215 3612 1240 ,

2027 1261 2222 1320 prmtcr
2247 1252 2360 1308 haec
2383 1270 2503 1324 quae
2527 1255 2666 1311 dicta
2685 1266 2828 1324 sunt,
2861 1260 3020 1314 etiam
3046 1262 3112 1314 ab
3139 1261 3295 1331 hujus
3321 1266 3502 1320 mundi
3524 1267 3616 1320 tri-

2028 1343 2311 1400 bunalibus
2355 1349 2724 1404 demonstrare
2766 1350 2908 1406 licet.
2961 1352 3212 1408 Gehenna
3255 1372 3358 1410 non
3401 1359 3616 1414 videtur

2026 1437 2347 1493 incredulis:
2373 1456 2495 1494 nam
2523 1441 2863 1498 credentibus
2893 1453 2975 1498 est
3005 1447 3280 1516 perspicua
3310 1451 3616 1505 manifesta-

2024 1541 2147 1598 que,
2181 1538 2356 1584 tamen
2385 1531 2453 1586 ab
2483 1531 2774 1587 incredulis
2804 1549 2908 1588 non
2935 1536 3271 1605 perspicitur.
3304 1539 3613 1595 Tribunalia

2024 1623 2306 1691 videntur,
2355 1624 2699 1695 quotidieque
2743 1625 2988 1681 audimus
3034 1629 3175 1698 quod
3223 1630 3311 1684 ille
3351 1633 3615 1703 supplicio

2022 1711 2244 1770 aﬂectus
2287 1723 2406 1781 est,
2440 1716 2579 1770 illius
2625 1719 2922 1788 proscripta
2969 1719 3106 1774 bona
3132 1762 3146 1784 ,
3178 1721 3314 1776 alius
3361 1733 3614 1793 operatur

2024 1804 2077 1859 in
2117 1806 2310 1863 fodinis
2333 1850 2348 1876 ,
2380 1809 2514 1864 alius
2558 1819 2780 1866 exustus
2818 1819 2902 1866 est
2943 1812 3087 1882 igni,
3121 1814 3254 1870 alius
3298 1816 3406 1870 alio
3435 1832 3610 1887 pceum

2022 1893 2374 1968 vindictaeque
2400 1915 2595 1969 genere
2621 1901 2776 1969 periit
2795 1917 2809 1954 :
2828 1910 2882 1956 et
2907 1911 3081 1957 tamen
3109 1902 3224 1957 haec
3248 1920 3368 1958 cum
3387 1905 3609 1962 audiunt

2023 1989 2145 2043 mali
2172 2003 2235 2043 ac
2267 1988 2550 2045 facinerosi
2578 1991 2910 2060 maleticlque
2936 2008 3042 2045 non
3070 1993 3440 2049 emendantur.
3470 1994 3608 2062 Quid

2021 2093 2150 2134 vero
2174 2079 2296 2135 dico
2323 2081 2514 2136 mirum
2540 2123 2555 2146 ,
2585 2081 2728 2151 quod
2773 2083 2806 2136 ii
2834 2123 2849 2147 ,
2896 2084 2985 2151 qui
3030 2099 3318 2154 numquam
3349 2086 3400 2140 iu
3430 2102 3492 2140 ea
3523 2087 3609 2141 in-

2017 2168 2266 2234 ciderint,
2298 2185 2402 2225 non
2431 2172 2816 2226 emendantur?
2836 2173 2984 2227 Multi
3011 2173 3319 2244 frequenter
3345 2176 3396 2230 in
3427 2176 3490 2230 iis
3515 2177 3609 2232 dc-

2021 2259 2288 2328 prehensi.
2313 2271 2656 2332 posteaquam
2675 2261 2978 2333 effugerunt
3009 2279 3243 2333 ptenam,
3263 2265 3609 2338 perfossoque

2018 2365 2236 2406 carcere
2278 2352 2443 2420 elapsi
2473 2361 2632 2417 sunt,
2662 2369 2850 2408 rursus
2879 2354 3062 2408 eadem
3093 2355 3471 2424 aggrediuntur
3490 2398 3506 2423 ,
3552 2366 3609 2412 et

2018 2441 2186 2494 multo
2207 2441 2289 2494 his
2312 2441 2648 2496 sceleratiora
2674 2451 3000 2512 perpetrant.

2089 2531 2281 2586 Mortui
2305 2549 2462 2601 quare
2490 2549 2591 2588 non
2617 2545 2916 2605 appareant.
2932 2534 3096 2590 —-Ne
3122 2536 3280 2606 igitur
3303 2553 3606 2608 quaaratnus

2018 2623 2130 2679 haec
2175 2625 2361 2680 audire
2391 2643 2418 2680 a
2449 2628 2675 2682 mortuis
2699 2670 2715 2694 ,
2745 2643 2865 2697 quze
2911 2629 3080 2682 multo
3126 2629 3322 2684 clarius
3368 2631 3606 2700 quotidie

2016 2731 2114 2770 nos
2138 2716 2333 2772 docent
2369 2731 2534 2773 sacrae
2562 2718 2749 2774 literae.
2781 2717 2914 2772 Nam
2942 2719 2986 2773 si
3028 2720 3261 2774 novisset
3289 2720 3390 2774 hoc
3421 2722 3560 2778 Deus
3583 2762 3602 2791 ,

2014 2811 2155 2880 quod
2208 2813 2404 2866 mortui
2450 2813 2664 2867 excitati
2716 2813 3016 2868 viventibus
3069 2823 3251 2870 essent
3297 2817 3600 2885 profuturi,

2013 2918 2345 2973 nequaquam
2388 2905 2693 2972 omisisset,
2743 2922 2915 2976 neque
2959 2915 3162 2962 tantum
3207 2909 3413 2964 lucrum
3460 2926 3601 2981 prm-

2011 2994 2281 3058 teriisset,
2315 2995 2402 3064 qui
2449 3005 2637 3050 cuncta
2669 2996 2822 3050 nobis
2864 2997 3009 3051 utilia
3060 3008 3328 3068 procurat.
3358 3001 3438 3055 Ad
3486 3001 3603 3057 hmo

2012 3086 2057 3141 si
2087 3087 2302 3142 assidue
2329 3097 2483 3142 erant
2505 3081 2769 3142 excitandi
2798 3090 2990 3144 mortui
3015 3130 3032 3156 ,
3064 3091 3324 3160 nobisque
3348 3107 3466 3161 quae
3492 3093 3602 3149 illic

2008 3191 2266 3250 geruntur
2293 3181 2643 3236 renuntiaturi
2671 3222 2686 3247 ,
2717 3189 2771 3235 et
2799 3181 2900 3235 hoc
2928 3182 3102 3250 ipsum
3143 3198 3428 3253 progressu
3458 3193 3596 3240 tem-

2009 3271 2154 3341 poris
2197 3271 2379 3326 fuisset
2407 3280 2766 3341 contemptum
2800 3289 2815 3326 :
2849 3281 3104 3341 prarterea
3137 3288 3384 3342 perversa
3432 3275 3592 3330 etiam

2007 3361 2253 3431 dogmata
2283 3361 2525 3416 diabolus
2559 3363 2884 3428 invexisset,
2918 3363 3074 3432 idque
3099 3363 3385 3419 admodum
3419 3365 3592 3421 facile.

2009 3453 2273 3508 Potuisset
2297 3455 2438 3508 enim
2485 3453 2792 3523 frequenter
2816 3454 3100 3509 ostendere
3139 3455 3420 3509 simulacra
3446 3495 3460 3521 ,
3505 3465 3598 3510 aut

2007 3544 2302 3599 subornare
2319 3545 2405 3614 qtti
2435 3545 2987 3599 simulareutmortem
3013 3560 3076 3599 ac
3101 3547 3448 3616 sepulturam,
3471 3563 3594 3603 mox

2007 3649 2191 3688 rursus
2218 3649 2338 3689 sese
2381 3634 2763 3701 ostenderent,
2794 3636 2944 3706 quasi
2974 3651 3005 3690 e
3032 3637 3254 3690 mortuis
3295 3639 3552 3694 excitatos
3576 3678 3593 3704 ,

2006 3741 2068 3781 ac
2112 3742 2209 3797 per
2255 3727 2374 3780 illos
2414 3741 2764 3796 quzecumque
2806 3727 2966 3780 vellet
3009 3727 3331 3796 persuadere
3371 3728 3593 3783 delusis.

2007 3819 2215 3874 Etenim
2246 3819 2291 3874 si
2323 3835 2462 3874 nunc
2490 3835 2610 3874 cum
2639 3820 2743 3874 tale
2769 3820 2902 3873 nihil
2930 3821 3019 3886 sit,
3050 3819 3255 3873 somnia
3287 3819 3592 3890 frequenter

2002 3908 2389 3964 dormientibus
2417 3910 2528 3963 visa
2547 3910 2707 3965 veluti
2736 3925 2941 3974 eorum,
2959 3910 3048 3980 qui
3079 3909 3202 3966 hinc
3225 3910 3592 3980 decesserunt,

2005 4002 2201 4055 multos
2254 4000 2617 4071 deccperunt,
2671 4001 3017 4070 perdiderunt
3069 4003 3590 4072 subverteruntque,

2005 4092 2171 4148 multo
2215 4093 2384 4161 magis
2432 4092 2482 4144 id
2525 4092 2843 4156 accidisset,
2891 4093 2934 4147 si
2981 4091 3079 4145 hoc
3119 4091 3315 4148 factum
3360 4093 3587 4161 fuisset,

2001 4189 2158 4251 atque
2185 4180 2236 4234 in
2267 4180 2535 4236 mentibus
2560 4180 2833 4234 hominum
2863 4181 3208 4247 obtinuisset;
3227 4181 3370 4251 quod
3397 4199 3590 4253 nempe

1999 4272 2151 4326 multi
2177 4271 2548 4326 defunctorum
2572 4272 2858 4326 rediissent
2883 4273 2937 4326 in
2961 4273 3146 4339 vitam,
3175 4274 3590 4331 innumerabiles

1998 4362 2288 4418 sceleratus
2330 4363 2422 4417 ille
2467 4362 2675 4418 daemon
2720 4362 2870 4417 dolos
2917 4362 3213 4432 texuisset,
3260 4365 3589 4436 multamque

1999 4451 2241 4508 fraudem
2288 4455 2340 4508 in
2369 4453 2532 4507 vitam
2575 4452 2848 4507 hominum
2880 4453 3190 4508 induxisset.
3233 4453 3418 4524 quue
3445 4456 3586 4511 Deus

1998 4545 2224 4600 occlusit
2265 4545 2441 4612 fores,
2493 4560 2592 4599 nec
2633 4544 2892 4614 permittit
2938 4545 3166 4615 aliquem
3211 4546 3584 4603 defunctorum

1999 4638 2103 4694 huc
2129 4653 2404 4694 reversum
2435 4653 2674 4704 narrare,
2705 4637 2832 4708 quid
2862 4638 2970 4693 illic
3000 4639 3108 4704 fiat,
3141 4655 3209 4694 ne
3237 4639 3326 4694 ille
3362 4650 3582 4711 accepta

1996 4730 2278 4788 occasione
2292 4731 2508 4787 tecltnas
2526 4746 2650 4786 suas
2665 4746 2851 4786 omnes
2867 4731 3098 4786 invehat.
3115 4731 3247 4787 Nam
3263 4747 3384 4788 cum
3403 4742 3582 4790 essent

1996 4823 2270 4892 prophetae
2294 4863 2308 4889 ,
2356 4821 2850 4892 pseudopmphetas
2895 4822 3162 4877 excitabat
3193 4840 3208 4878 :
3240 4837 3360 4878 cum
3402 4833 3583 4878 essent

1995 4913 2260 4983 apostoli,
2296 4913 2735 4983 pseudapostolos
2767 4931 2783 4967 :
2814 4928 2932 4968 cum
2971 4913 3216 4969 Christus
3256 4924 3580 4984 appareret,

1997 5005 2430 5077 pseudochristos
2461 5023 2476 5061 :
2507 5020 2630 5061 cum
2659 5006 2907 5076 dogmata
2937 5021 3064 5060 sana
3092 5006 3306 5061 inducta
3334 5007 3583 5074 fuissent,

1993 5107 2246 5168 corrupta
2304 5098 2637 5164 inducebat,
2694 5098 2890 5168 ubique
2944 5097 3298 5153 disseminaus
3353 5098 3581 5154 zizania.

1997 5191 2178 5263 Itaque
2200 5191 2409 5247 etiamsi
2455 5190 2586 5246 illud
2625 5192 2931 5255 evenisset,
2979 5189 3081 5245 hoc
3121 5205 3333 5260 quoque
3357 5199 3581 5246 conatus

1991 5283 2181 5339 fuisset
2222 5282 2420 5354 tingere
2461 5299 2557 5353 per
2599 5297 2694 5338 sua
2741 5297 2937 5353 organa
2961 5322 2977 5349 ,
3024 5297 3132 5338 non
3172 5298 3297 5337 vere
3337 5283 3580 5338 excitatis

1993 5377 2217 5431 mortuis
2241 5417 2256 5443 ,
2285 5375 2382 5432 sed
2413 5375 2687 5431 maleﬁciis
2712 5373 3026 5446 quibusdam
3051 5389 3116 5429 ac
3150 5373 3426 5430 fraudibus
3449 5390 3580 5430 eou-

1994 5469 2252 5523 tuentium
2281 5467 2450 5522 oculis
2479 5467 2716 5536 deceptis
2739 5507 2755 5531 ,
2785 5474 2879 5520 aut
2903 5464 3165 5536 quosdam
3193 5465 3354 5520 etiam
3384 5465 3575 5520 subor-

1991 5575 2126 5616 nans
2146 5601 2160 5626 ,
2191 5559 2638 5630 quemadmodum
2675 5557 2855 5613 dicere
2879 5571 3148 5627 coeperam
3174 5597 3190 5623 ,
3221 5555 3313 5627 qui
3350 5563 3578 5612 mortem

1988 5649 2324 5718 Simularent,
2353 5661 2564 5706 sursum
2589 5650 2844 5705 deorsum
2875 5648 3194 5713 miscuisset,
3223 5645 3578 5702 confudisset-

1989 5762 2094 5818 quc
2117 5744 2316 5800 omnia.
2345 5741 2450 5798 Sed
2481 5741 2620 5796 Deus
2647 5782 2662 5808 ,
2690 5753 2810 5794 cum
2839 5739 2954 5794 haec
2981 5737 3158 5793 omnia
3203 5735 3536 5808 praevidissct
3556 5774 3575 5801 ,

1992 5839 2252 5911 przeclnsit
2283 5837 2355 5891 illi
2385 5836 2521 5888 viam
2554 5833 2618 5888 ad
2652 5833 2747 5887 has
2779 5830 2997 5886 insidias
3021 5871 3035 5895 ,
3068 5830 3324 5899 uobisque
3352 5840 3578 5898 parcens
