  <div class='ocr_page' id='page_1' title='image "/cluster/home/n/w/nwhite01/storage/ocr_20150623/48:no.1:pt.2/coo.31924054869478/489.png"; bbox 0 0 3958 6362; ppageno 0'>
   <div class='ocr_carea' id='block_1_1' title="bbox 491 345 619 400">
    <p class='ocr_par' dir='ltr' id='par_1_1' title="bbox 491 345 619 400">
     <span class='ocr_line' id='line_1_1' title="bbox 491 345 619 400; baseline -0.016 0"><span class='ocrx_word' id='word_1_1' title='bbox 491 345 619 400; x_wconf 84' lang='grc'><strong>1011</strong></span> 
     </span>
    </p>
   </div>
   <div class='ocr_carea' id='block_1_2' title="bbox 491 447 2085 534">
    <p class='ocr_par' dir='ltr' id='par_1_2' title="bbox 491 447 2085 534">
     <span class='ocr_line' id='line_1_2' title="bbox 491 447 2085 534; baseline -0.014 -14"><span class='ocrx_word' id='word_1_2' title='bbox 491 482 597 520; x_wconf 84' lang='lat' dir='ltr'><strong>non</strong></span> <span class='ocrx_word' id='word_1_3' title='bbox 625 462 888 534; x_wconf 87' lang='lat' dir='ltr'><strong>permisit,</strong></span> <span class='ocrx_word' id='word_1_4' title='bbox 907 469 962 516; x_wconf 88' lang='lat' dir='ltr'><strong>ut</strong></span> <span class='ocrx_word' id='word_1_5' title='bbox 979 459 1258 528; x_wconf 79' lang='lat' dir='ltr'><strong>quisquam</strong></span> <span class='ocrx_word' id='word_1_6' title='bbox 1278 467 1528 523; x_wconf 83' lang='lat' dir='ltr'><strong>umquam</strong></span> <span class='ocrx_word' id='word_1_7' title='bbox 1547 449 1691 504; x_wconf 91' lang='lat' dir='ltr'><strong>illinc</strong></span> <span class='ocrx_word' id='word_1_8' title='bbox 1711 447 1816 502; x_wconf 89' lang='lat' dir='ltr'><strong>huc</strong></span> <span class='ocrx_word' id='word_1_9' title='bbox 1832 458 2085 503; x_wconf 72' lang='lat' dir='ltr'><strong>reversus</strong></span> 
     </span>
    </p>
   </div>
   <div class='ocr_carea' id='block_1_3' title="bbox 490 537 2081 625">
    <p class='ocr_par' dir='ltr' id='par_1_3' title="bbox 490 537 2081 625">
     <span class='ocr_line' id='line_1_3' title="bbox 490 537 2081 625; baseline -0.016 -13"><span class='ocrx_word' id='word_1_10' title='bbox 490 557 556 612; x_wconf 85' lang='lat' dir='ltr'><strong>de</strong></span> <span class='ocrx_word' id='word_1_11' title='bbox 583 555 650 611; x_wconf 90' lang='lat' dir='ltr'><strong>iis</strong></span> <span class='ocrx_word' id='word_1_12' title='bbox 694 570 815 625; x_wconf 80' lang='lat' dir='ltr'><strong>qua:</strong></span> <span class='ocrx_word' id='word_1_13' title='bbox 843 552 912 606; x_wconf 85' lang='lat' dir='ltr'><strong>ibi</strong></span> <span class='ocrx_word' id='word_1_14' title='bbox 956 559 1081 604; x_wconf 85' lang='lat' dir='ltr'><strong>sunt</strong></span> <span class='ocrx_word' id='word_1_15' title='bbox 1119 555 1359 601; x_wconf 89' lang='lat' dir='ltr'><strong>narraret</strong></span> <span class='ocrx_word' id='word_1_16' title='bbox 1385 541 1686 598; x_wconf 73' lang='lat' dir='ltr'><strong>viventibus</strong></span> <span class='ocrx_word' id='word_1_17' title='bbox 1729 537 2081 594; x_wconf 88' lang='lat' dir='ltr'><strong>hominibus:</strong></span> 
     </span>
    </p>
   </div>
   <div class='ocr_carea' id='block_1_4' title="bbox 490 628 2084 712">
    <p class='ocr_par' dir='ltr' id='par_1_4' title="bbox 490 628 2084 712">
     <span class='ocr_line' id='line_1_4' title="bbox 490 628 2084 712; baseline -0.016 -6"><span class='ocrx_word' id='word_1_18' title='bbox 490 652 689 706; x_wconf 78' lang='lat' dir='ltr'><strong>docens</strong></span> <span class='ocrx_word' id='word_1_19' title='bbox 717 661 832 708; x_wconf 89' lang='lat' dir='ltr'><strong>nos,</strong></span> <span class='ocrx_word' id='word_1_20' title='bbox 854 655 911 699; x_wconf 94' lang='lat' dir='ltr'><strong>ut</strong></span> <span class='ocrx_word' id='word_1_21' title='bbox 925 640 1215 712; x_wconf 89' lang='lat' dir='ltr'><strong>Scripturis</strong></span> <span class='ocrx_word' id='word_1_22' title='bbox 1244 637 1421 708; x_wconf 95' lang='lat' dir='ltr'><strong>potius</strong></span> <span class='ocrx_word' id='word_1_23' title='bbox 1449 631 1777 691; x_wconf 90' lang='lat' dir='ltr'><strong>credendum</strong></span> <span class='ocrx_word' id='word_1_24' title='bbox 1807 628 2084 686; x_wconf 85' lang='lat' dir='ltr'><strong>existime-</strong></span> 
     </span>
    </p>
   </div>
   <div class='ocr_carea' id='block_1_5' title="bbox 490 718 2087 807">
    <p class='ocr_par' dir='ltr' id='par_1_5' title="bbox 490 718 2087 807">
     <span class='ocr_line' id='line_1_5' title="bbox 490 718 2087 807; baseline -0.014 -14"><span class='ocrx_word' id='word_1_25' title='bbox 490 755 611 794; x_wconf 87' lang='lat' dir='ltr'><strong>mus</strong></span> <span class='ocrx_word' id='word_1_26' title='bbox 636 780 651 804; x_wconf 90' lang='lat'><strong>,</strong></span> <span class='ocrx_word' id='word_1_27' title='bbox 684 751 843 807; x_wconf 90' lang='lat' dir='ltr'><strong>quam</strong></span> <span class='ocrx_word' id='word_1_28' title='bbox 889 730 1098 789; x_wconf 58' lang='lat' dir='ltr'><strong>caeteris</strong></span> <span class='ocrx_word' id='word_1_29' title='bbox 1139 727 1407 783; x_wconf 90' lang='lat' dir='ltr'><strong>omnibus.</strong></span> <span class='ocrx_word' id='word_1_30' title='bbox 1441 725 1729 794; x_wconf 86' lang='lat' dir='ltr'><strong>Propterea</strong></span> <span class='ocrx_word' id='word_1_31' title='bbox 1771 719 1912 792; x_wconf 93' lang='lat' dir='ltr'><strong>quod</strong></span> <span class='ocrx_word' id='word_1_32' title='bbox 1945 718 2087 773; x_wconf 85' lang='lat' dir='ltr'><strong>Deus</strong></span> 
     </span>
    </p>
   </div>
   <div class='ocr_carea' id='block_1_6' title="bbox 488 811 2085 894">
    <p class='ocr_par' dir='ltr' id='par_1_6' title="bbox 488 811 2085 894">
     <span class='ocr_line' id='line_1_6' title="bbox 488 811 2085 894; baseline -0.014 -8"><span class='ocrx_word' id='word_1_33' title='bbox 488 832 663 886; x_wconf 87' lang='lat' dir='ltr'><strong>multo</strong></span> <span class='ocrx_word' id='word_1_34' title='bbox 687 830 944 884; x_wconf 89' lang='lat' dir='ltr'><strong>clariores</strong></span> <span class='ocrx_word' id='word_1_35' title='bbox 974 823 1398 894; x_wconf 88' lang='lat' dir='ltr'><strong>insignioresquc</strong></span> <span class='ocrx_word' id='word_1_36' title='bbox 1424 833 1511 873; x_wconf 87' lang='lat' dir='ltr'><strong>res</strong></span> <span class='ocrx_word' id='word_1_37' title='bbox 1538 826 1716 887; x_wconf 90' lang='lat' dir='ltr'><strong>gestas</strong></span> <span class='ocrx_word' id='word_1_38' title='bbox 1737 854 1756 881; x_wconf 93' lang='lat'><strong>,</strong></span> <span class='ocrx_word' id='word_1_39' title='bbox 1783 827 1942 882; x_wconf 90' lang='lat' dir='ltr'><strong>quam</strong></span> <span class='ocrx_word' id='word_1_40' title='bbox 1974 811 2085 878; x_wconf 85' lang='lat' dir='ltr'><strong>ipsa</strong></span> 
     </span>
    </p>
   </div>
   <div class='ocr_carea' id='block_1_7' title="bbox 491 901 2087 983">
    <p class='ocr_par' dir='ltr' id='par_1_7' title="bbox 491 901 2087 983">
     <span class='ocr_line' id='line_1_7' title="bbox 491 901 2087 983; baseline -0.016 -4"><span class='ocrx_word' id='word_1_41' title='bbox 491 927 560 980; x_wconf 81' lang='lat' dir='ltr'><strong>sit</strong></span> <span class='ocrx_word' id='word_1_42' title='bbox 604 920 968 983; x_wconf 86' lang='lat' dir='ltr'><strong>resurrectio,</strong></span> <span class='ocrx_word' id='word_1_43' title='bbox 1021 915 1172 970; x_wconf 81' lang='lat' dir='ltr'><strong>nobis</strong></span> <span class='ocrx_word' id='word_1_44' title='bbox 1216 909 1678 968; x_wconf 90' lang='lat' dir='ltr'><strong>commonstravit.</strong></span> <span class='ocrx_word' id='word_1_45' title='bbox 1724 904 1920 961; x_wconf 87' lang='lat' dir='ltr'><strong>Orbem</strong></span> <span class='ocrx_word' id='word_1_46' title='bbox 1965 901 2087 956; x_wconf 52' lang='lat' dir='ltr'><strong>uni.</strong></span> 
     </span>
    </p>
   </div>
   <div class='ocr_carea' id='block_1_8' title="bbox 492 991 2084 1070">
    <p class='ocr_par' dir='ltr' id='par_1_8' title="bbox 492 991 2084 1070">
     <span class='ocr_line' id='line_1_8' title="bbox 492 991 2084 1070; baseline -0.015 -2"><span class='ocrx_word' id='word_1_47' title='bbox 492 1027 706 1070; x_wconf 82' lang='lat' dir='ltr'><strong>versum</strong></span> <span class='ocrx_word' id='word_1_48' title='bbox 738 1008 1020 1070; x_wconf 78' lang='lat' dir='ltr'><strong>convertit,</strong></span> <span class='ocrx_word' id='word_1_49' title='bbox 1050 1019 1288 1060; x_wconf 87' lang='lat' dir='ltr'><strong>errorem</strong></span> <span class='ocrx_word' id='word_1_50' title='bbox 1318 1001 1517 1070; x_wconf 90' lang='lat' dir='ltr'><strong>abegit,</strong></span> <span class='ocrx_word' id='word_1_51' title='bbox 1551 998 1828 1053; x_wconf 82' lang='lat' dir='ltr'><strong>veritatem</strong></span> <span class='ocrx_word' id='word_1_52' title='bbox 1860 991 2084 1058; x_wconf 76' lang='lat' dir='ltr'><strong>induxit,</strong></span> 
     </span>
    </p>
   </div>
   <div class='ocr_carea' id='block_1_9' title="bbox 493 1085 2085 1176">
    <p class='ocr_par' dir='ltr' id='par_1_9' title="bbox 493 1085 2085 1176">
     <span class='ocr_line' id='line_1_9' title="bbox 493 1085 2085 1176; baseline -0.016 -16"><span class='ocrx_word' id='word_1_53' title='bbox 493 1121 589 1176; x_wconf 90' lang='lat' dir='ltr'><strong>per</strong></span> <span class='ocrx_word' id='word_1_54' title='bbox 617 1104 860 1158; x_wconf 86' lang='lat' dir='ltr'><strong>homines</strong></span> <span class='ocrx_word' id='word_1_55' title='bbox 889 1099 1186 1170; x_wconf 74' lang='lat' dir='ltr'><strong>piscatores</strong></span> <span class='ocrx_word' id='word_1_56' title='bbox 1211 1110 1276 1150; x_wconf 89' lang='lat' dir='ltr'><strong>ac</strong></span> <span class='ocrx_word' id='word_1_57' title='bbox 1317 1093 1450 1146; x_wconf 80' lang='lat' dir='ltr'><strong>viles</strong></span> <span class='ocrx_word' id='word_1_58' title='bbox 1477 1090 1592 1144; x_wconf 87' lang='lat' dir='ltr'><strong>haec</strong></span> <span class='ocrx_word' id='word_1_59' title='bbox 1617 1087 1795 1143; x_wconf 91' lang='lat' dir='ltr'><strong>omnia</strong></span> <span class='ocrx_word' id='word_1_60' title='bbox 1843 1085 2047 1155; x_wconf 77' lang='lat' dir='ltr'><strong>peregit</strong></span> <span class='ocrx_word' id='word_1_61' title='bbox 2071 1123 2085 1147; x_wconf 94' lang='lat'><strong>,</strong></span> 
     </span>
    </p>
   </div>
   <div class='ocr_carea' id='block_1_10' title="bbox 493 1178 2087 1266">
    <p class='ocr_par' dir='ltr' id='par_1_10' title="bbox 493 1178 2087 1266">
     <span class='ocr_line' id='line_1_10' title="bbox 493 1178 2087 1266; baseline -0.016 -13"><span class='ocrx_word' id='word_1_62' title='bbox 493 1197 720 1266; x_wconf 86' lang='lat' dir='ltr'><strong>denique</strong></span> <span class='ocrx_word' id='word_1_63' title='bbox 769 1191 981 1248; x_wconf 84' lang='lat' dir='ltr'><strong>abunde</strong></span> <span class='ocrx_word' id='word_1_64' title='bbox 1011 1202 1202 1259; x_wconf 89' lang='lat' dir='ltr'><strong>magna</strong></span> <span class='ocrx_word' id='word_1_65' title='bbox 1253 1200 1362 1240; x_wconf 65' lang='lat' dir='ltr'><strong>suae</strong></span> <span class='ocrx_word' id='word_1_66' title='bbox 1392 1180 1740 1255; x_wconf 74' lang='lat' dir='ltr'><strong>providentia:</strong></span> <span class='ocrx_word' id='word_1_67' title='bbox 1768 1178 2087 1233; x_wconf 91' lang='lat' dir='ltr'><strong>documenta</strong></span> 
     </span>
    </p>
   </div>
   <div class='ocr_carea' id='block_1_11' title="bbox 491 1276 2088 1357">
    <p class='ocr_par' dir='ltr' id='par_1_11' title="bbox 491 1276 2088 1357">
     <span class='ocr_line' id='line_1_11' title="bbox 491 1276 2088 1357; baseline -0.014 -14"><span class='ocrx_word' id='word_1_68' title='bbox 491 1289 645 1343; x_wconf 84' lang='lat' dir='ltr'><strong>nobis</strong></span> <span class='ocrx_word' id='word_1_69' title='bbox 670 1287 867 1357; x_wconf 70' lang='lat' dir='ltr'><strong>ultique</strong></span> <span class='ocrx_word' id='word_1_70' title='bbox 898 1281 1143 1354; x_wconf 73' lang='lat' dir='ltr'><strong>prazbuit.</strong></span> <span class='ocrx_word' id='word_1_71' title='bbox 1173 1278 1252 1334; x_wconf 90' lang='lat' dir='ltr'><strong>Ne</strong></span> <span class='ocrx_word' id='word_1_72' title='bbox 1281 1277 1459 1346; x_wconf 86' lang='lat' dir='ltr'><strong>itaque</strong></span> <span class='ocrx_word' id='word_1_73' title='bbox 1483 1282 1731 1345; x_wconf 91' lang='lat' dir='ltr'><strong>putemus</strong></span> <span class='ocrx_word' id='word_1_74' title='bbox 1759 1284 1846 1325; x_wconf 88' lang='lat' dir='ltr'><strong>res</strong></span> <span class='ocrx_word' id='word_1_75' title='bbox 1876 1276 2088 1322; x_wconf 85' lang='lat' dir='ltr'><strong>nostras</strong></span> 
     </span>
    </p>
   </div>
   <div class='ocr_carea' id='block_1_12' title="bbox 403 1360 2090 1449">
    <p class='ocr_par' dir='ltr' id='par_1_12' title="bbox 403 1360 2090 1449">
     <span class='ocr_line' id='line_1_12' title="bbox 403 1360 2090 1449; baseline -0.014 -13"><span class='ocrx_word' id='word_1_76' title='bbox 403 1407 408 1411; x_wconf 89' lang='lat'><strong><em>-</em></strong></span> <span class='ocrx_word' id='word_1_77' title='bbox 490 1380 650 1449; x_wconf 84' lang='lat' dir='ltr'><strong>hujus</strong></span> <span class='ocrx_word' id='word_1_78' title='bbox 680 1379 802 1432; x_wconf 70' lang='lat' dir='ltr'><strong>vita:</strong></span> <span class='ocrx_word' id='word_1_79' title='bbox 831 1375 1061 1430; x_wconf 90' lang='lat' dir='ltr'><strong>termino</strong></span> <span class='ocrx_word' id='word_1_80' title='bbox 1103 1367 1469 1426; x_wconf 90' lang='lat' dir='ltr'><strong>circumscribi</strong></span> <span class='ocrx_word' id='word_1_81' title='bbox 1494 1406 1508 1430; x_wconf 89' lang='lat'><strong>,</strong></span> <span class='ocrx_word' id='word_1_82' title='bbox 1540 1365 1637 1422; x_wconf 88' lang='lat' dir='ltr'><strong>sed</strong></span> <span class='ocrx_word' id='word_1_83' title='bbox 1663 1361 1947 1418; x_wconf 89' lang='lat' dir='ltr'><strong>credamus</strong></span> <span class='ocrx_word' id='word_1_84' title='bbox 1979 1360 2090 1413; x_wconf 86' lang='lat' dir='ltr'><strong>fore</strong></span> 
     </span>
    </p>
   </div>
   <div class='ocr_carea' id='block_1_13' title="bbox 489 1449 2090 1542">
    <p class='ocr_par' dir='ltr' id='par_1_13' title="bbox 489 1449 2090 1542">
     <span class='ocr_line' id='line_1_13' title="bbox 489 1449 2090 1542; baseline -0.013 -17"><span class='ocrx_word' id='word_1_85' title='bbox 489 1469 743 1542; x_wconf 82' lang='lat' dir='ltr'><strong>iudicium</strong></span> <span class='ocrx_word' id='word_1_86' title='bbox 760 1482 824 1522; x_wconf 85' lang='lat' dir='ltr'><strong>ac</strong></span> <span class='ocrx_word' id='word_1_87' title='bbox 846 1462 1330 1526; x_wconf 84' lang='lat' dir='ltr'><strong>remunerationem</strong></span> <span class='ocrx_word' id='word_1_88' title='bbox 1353 1458 1613 1524; x_wconf 90' lang='lat' dir='ltr'><strong>omnium,</strong></span> <span class='ocrx_word' id='word_1_89' title='bbox 1633 1467 1983 1526; x_wconf 60' lang='lat' dir='ltr'><strong>quaecumque</strong></span> <span class='ocrx_word' id='word_1_90' title='bbox 2003 1449 2090 1504; x_wconf 89' lang='lat' dir='ltr'><strong>hic</strong></span> 
     </span>
    </p>
   </div>
   <div class='ocr_carea' id='block_1_14' title="bbox 491 1562 1001 1631">
    <p class='ocr_par' dir='ltr' id='par_1_14' title="bbox 491 1562 1001 1631">
     <span class='ocr_line' id='line_1_14' title="bbox 491 1562 1001 1631; baseline -0.016 -13"><span class='ocrx_word' id='word_1_91' title='bbox 491 1581 520 1618; x_wconf 88' lang='lat' dir='ltr'><strong>a</strong></span> <span class='ocrx_word' id='word_1_92' title='bbox 547 1562 700 1617; x_wconf 75' lang='lat' dir='ltr'><strong>nobis</strong></span> <span class='ocrx_word' id='word_1_93' title='bbox 723 1567 1001 1631; x_wconf 90' lang='lat' dir='ltr'><strong>geruntur.</strong></span> 
     </span>
    </p>
   </div>
   <div class='ocr_carea' id='block_1_15' title="bbox 563 1635 2090 1714">
    <p class='ocr_par' dir='ltr' id='par_1_15' title="bbox 563 1635 2090 1714">
     <span class='ocr_line' id='line_1_15' title="bbox 563 1635 2090 1714; baseline -0.014 -5"><span class='ocrx_word' id='word_1_94' title='bbox 563 1654 803 1714; x_wconf 76' lang='lat' dir='ltr'><strong>Gentiles,</strong></span> <span class='ocrx_word' id='word_1_95' title='bbox 829 1649 1003 1704; x_wconf 75' lang='lat' dir='ltr'><strong>Judan’</strong></span> <span class='ocrx_word' id='word_1_96' title='bbox 1021 1659 1066 1702; x_wconf 85' lang='lat' dir='ltr'><strong>et</strong></span> <span class='ocrx_word' id='word_1_97' title='bbox 1091 1645 1328 1700; x_wconf 62' lang='grc' dir='ltr'><strong>Παπειῑεὶ</strong></span> <span class='ocrx_word' id='word_1_98' title='bbox 1349 1641 1666 1697; x_wconf 75' lang='lat' dir='ltr'><strong>consentiunt</strong></span> <span class='ocrx_word' id='word_1_99' title='bbox 1686 1638 1750 1693; x_wconf 85' lang='lat' dir='ltr'><strong>de</strong></span> <span class='ocrx_word' id='word_1_100' title='bbox 1771 1635 1970 1708; x_wconf 81' lang='lat' dir='ltr'><strong>judicio</strong></span> <span class='ocrx_word' id='word_1_101' title='bbox 2001 1649 2090 1688; x_wconf 73' lang='lat' dir='ltr'><strong>ex-</strong></span> 
     </span>
    </p>
   </div>
   <div class='ocr_carea' id='block_1_16' title="bbox 487 1730 2090 1801">
    <p class='ocr_par' dir='ltr' id='par_1_16' title="bbox 487 1730 2090 1801">
     <span class='ocr_line' id='line_1_16' title="bbox 487 1730 2090 1801; baseline -0.012 0"><span class='ocrx_word' id='word_1_102' title='bbox 487 1742 892 1801; x_wconf 84' lang='lat' dir='ltr'><strong>tremo.—Nam</strong></span> <span class='ocrx_word' id='word_1_103' title='bbox 920 1741 969 1796; x_wconf 91' lang='lat' dir='ltr'><strong>id</strong></span> <span class='ocrx_word' id='word_1_104' title='bbox 997 1748 1080 1795; x_wconf 90' lang='lat' dir='ltr'><strong>est</strong></span> <span class='ocrx_word' id='word_1_105' title='bbox 1108 1738 1243 1793; x_wconf 88' lang='lat' dir='ltr'><strong>adeo</strong></span> <span class='ocrx_word' id='word_1_106' title='bbox 1273 1734 1612 1790; x_wconf 87' lang='lat' dir='ltr'><strong>manifestum</strong></span> <span class='ocrx_word' id='word_1_107' title='bbox 1635 1730 2090 1800; x_wconf 83' lang='lat' dir='ltr'><strong>conSpicuumque</strong></span> 
     </span>
    </p>
   </div>
   <div class='ocr_carea' id='block_1_17' title="bbox 487 1819 2090 1901">
    <p class='ocr_par' dir='ltr' id='par_1_17' title="bbox 487 1819 2090 1901">
     <span class='ocr_line' id='line_1_17' title="bbox 487 1819 2090 1901; baseline -0.012 -9"><span class='ocrx_word' id='word_1_108' title='bbox 487 1836 722 1901; x_wconf 89' lang='lat' dir='ltr'><strong>cunctis,</strong></span> <span class='ocrx_word' id='word_1_109' title='bbox 770 1841 829 1888; x_wconf 94' lang='lat' dir='ltr'><strong>ut</strong></span> <span class='ocrx_word' id='word_1_110' title='bbox 853 1842 907 1888; x_wconf 87' lang='lat' dir='ltr'><strong>et</strong></span> <span class='ocrx_word' id='word_1_111' title='bbox 930 1830 1102 1887; x_wconf 82' lang='lat' dir='ltr'><strong>Judaei</strong></span> <span class='ocrx_word' id='word_1_112' title='bbox 1142 1838 1197 1884; x_wconf 91' lang='lat' dir='ltr'><strong>ct</strong></span> <span class='ocrx_word' id='word_1_113' title='bbox 1233 1827 1436 1893; x_wconf 60' lang='lat' dir='ltr'><strong>Graeci,</strong></span> <span class='ocrx_word' id='word_1_114' title='bbox 1467 1835 1522 1880; x_wconf 92' lang='lat' dir='ltr'><strong>et</strong></span> <span class='ocrx_word' id='word_1_115' title='bbox 1556 1821 1827 1890; x_wconf 69' lang='lat' dir='ltr'><strong>haeretici,</strong></span> <span class='ocrx_word' id='word_1_116' title='bbox 1859 1819 2090 1876; x_wconf 87' lang='lat' dir='ltr'><strong>breviter</strong></span> 
     </span>
    </p>
   </div>
   <div class='ocr_carea' id='block_1_18' title="bbox 487 1912 2090 1997">
    <p class='ocr_par' dir='ltr' id='par_1_18' title="bbox 487 1912 2090 1997">
     <span class='ocr_line' id='line_1_18' title="bbox 487 1912 2090 1997; baseline -0.012 -12"><span class='ocrx_word' id='word_1_117' title='bbox 487 1929 662 1985; x_wconf 91' lang='lat' dir='ltr'><strong>omnis</strong></span> <span class='ocrx_word' id='word_1_118' title='bbox 686 1925 926 1997; x_wconf 88' lang='lat' dir='ltr'><strong>quisquis</strong></span> <span class='ocrx_word' id='word_1_119' title='bbox 952 1934 1035 1979; x_wconf 90' lang='lat' dir='ltr'><strong>est</strong></span> <span class='ocrx_word' id='word_1_120' title='bbox 1065 1923 1226 1976; x_wconf 91' lang='lat' dir='ltr'><strong>homo</strong></span> <span class='ocrx_word' id='word_1_121' title='bbox 1246 1935 1408 1990; x_wconf 90' lang='lat' dir='ltr'><strong>super</strong></span> <span class='ocrx_word' id='word_1_122' title='bbox 1435 1919 1518 1973; x_wconf 89' lang='lat' dir='ltr'><strong>his</strong></span> <span class='ocrx_word' id='word_1_123' title='bbox 1547 1915 1864 1974; x_wconf 90' lang='lat' dir='ltr'><strong>consentiat.</strong></span> <span class='ocrx_word' id='word_1_124' title='bbox 1892 1912 2090 1981; x_wconf 88' lang='lat' dir='ltr'><strong>Quam-</strong></span> 
     </span>
    </p>
   </div>
   <div class='ocr_carea' id='block_1_19' title="bbox 487 2007 2089 2091">
    <p class='ocr_par' dir='ltr' id='par_1_19' title="bbox 487 2007 2089 2091">
     <span class='ocr_line' id='line_1_19' title="bbox 487 2007 2089 2091; baseline -0.011 -16"><span class='ocrx_word' id='word_1_125' title='bbox 487 2035 646 2091; x_wconf 91' lang='lat' dir='ltr'><strong>quam</strong></span> <span class='ocrx_word' id='word_1_126' title='bbox 675 2019 816 2073; x_wconf 91' lang='lat' dir='ltr'><strong>enim</strong></span> <span class='ocrx_word' id='word_1_127' title='bbox 862 2031 968 2070; x_wconf 93' lang='lat' dir='ltr'><strong>non</strong></span> <span class='ocrx_word' id='word_1_128' title='bbox 1009 2011 1458 2084; x_wconf 87' lang='lat' dir='ltr'><strong>quemadmodum</strong></span> <span class='ocrx_word' id='word_1_129' title='bbox 1501 2008 1688 2074; x_wconf 88' lang='lat' dir='ltr'><strong>decet,</strong></span> <span class='ocrx_word' id='word_1_130' title='bbox 1739 2007 1806 2062; x_wconf 88' lang='lat' dir='ltr'><strong>de</strong></span> <span class='ocrx_word' id='word_1_131' title='bbox 1845 2019 2089 2061; x_wconf 84' lang='lat' dir='ltr'><strong>resnrre-</strong></span> 
     </span>
    </p>
   </div>
   <div class='ocr_carea' id='block_1_20' title="bbox 487 2095 2086 2177">
    <p class='ocr_par' dir='ltr' id='par_1_20' title="bbox 487 2095 2086 2177">
     <span class='ocr_line' id='line_1_20' title="bbox 487 2095 2086 2177; baseline -0.011 -12"><span class='ocrx_word' id='word_1_132' title='bbox 487 2111 666 2166; x_wconf 90' lang='lat' dir='ltr'><strong>ctione</strong></span> <span class='ocrx_word' id='word_1_133' title='bbox 705 2106 1148 2177; x_wconf 84' lang='lat' dir='ltr'><strong>philosophantur</strong></span> <span class='ocrx_word' id='word_1_134' title='bbox 1197 2116 1416 2166; x_wconf 87' lang='lat' dir='ltr'><strong>omnes,</strong></span> <span class='ocrx_word' id='word_1_135' title='bbox 1468 2109 1705 2154; x_wconf 88' lang='lat' dir='ltr'><strong>attamen</strong></span> <span class='ocrx_word' id='word_1_136' title='bbox 1750 2096 1817 2152; x_wconf 92' lang='lat' dir='ltr'><strong>de</strong></span> <span class='ocrx_word' id='word_1_137' title='bbox 1851 2095 2086 2167; x_wconf 89' lang='lat' dir='ltr'><strong>judicio,</strong></span> 
     </span>
    </p>
   </div>
   <div class='ocr_carea' id='block_1_21' title="bbox 488 2190 2090 2274">
    <p class='ocr_par' dir='ltr' id='par_1_21' title="bbox 488 2190 2090 2274">
     <span class='ocr_line' id='line_1_21' title="bbox 488 2190 2090 2274; baseline -0.011 -17"><span class='ocrx_word' id='word_1_138' title='bbox 488 2202 663 2274; x_wconf 88' lang='lat' dir='ltr'><strong>deque</strong></span> <span class='ocrx_word' id='word_1_139' title='bbox 683 2199 878 2268; x_wconf 59' lang='lat' dir='ltr'><strong>poenis,</strong></span> <span class='ocrx_word' id='word_1_140' title='bbox 911 2197 1084 2267; x_wconf 87' lang='lat' dir='ltr'><strong>deque</strong></span> <span class='ocrx_word' id='word_1_141' title='bbox 1101 2192 1451 2249; x_wconf 89' lang='lat' dir='ltr'><strong>tribunalibus</strong></span> <span class='ocrx_word' id='word_1_142' title='bbox 1472 2207 1589 2262; x_wconf 81' lang='lat' dir='ltr'><strong>qua:</strong></span> <span class='ocrx_word' id='word_1_143' title='bbox 1613 2190 1721 2246; x_wconf 91' lang='lat' dir='ltr'><strong>illic</strong></span> <span class='ocrx_word' id='word_1_144' title='bbox 1740 2197 1884 2256; x_wconf 89' lang='lat' dir='ltr'><strong>sunt,</strong></span> <span class='ocrx_word' id='word_1_145' title='bbox 1905 2201 2090 2241; x_wconf 90' lang='lat' dir='ltr'><strong>omnes</strong></span> 
     </span>
    </p>
   </div>
   <div class='ocr_carea' id='block_1_22' title="bbox 488 2281 2090 2356">
    <p class='ocr_par' dir='ltr' id='par_1_22' title="bbox 488 2281 2090 2356">
     <span class='ocr_line' id='line_1_22' title="bbox 488 2281 2090 2356; baseline -0.009 -10"><span class='ocrx_word' id='word_1_146' title='bbox 488 2290 848 2356; x_wconf 91' lang='lat' dir='ltr'><strong>consentiunt,</strong></span> <span class='ocrx_word' id='word_1_147' title='bbox 876 2289 984 2342; x_wconf 88' lang='lat' dir='ltr'><strong>illic</strong></span> <span class='ocrx_word' id='word_1_148' title='bbox 1012 2301 1133 2342; x_wconf 91' lang='lat' dir='ltr'><strong>esse</strong></span> <span class='ocrx_word' id='word_1_149' title='bbox 1153 2287 1383 2355; x_wconf 86' lang='lat' dir='ltr'><strong>aliquam</strong></span> <span class='ocrx_word' id='word_1_150' title='bbox 1411 2298 1596 2339; x_wconf 87' lang='lat' dir='ltr'><strong>eorum</strong></span> <span class='ocrx_word' id='word_1_151' title='bbox 1639 2297 1757 2352; x_wconf 76' lang='lat' dir='ltr'><strong>qua:</strong></span> <span class='ocrx_word' id='word_1_152' title='bbox 1785 2281 1872 2335; x_wconf 92' lang='lat' dir='ltr'><strong>hic</strong></span> <span class='ocrx_word' id='word_1_153' title='bbox 1895 2295 2090 2350; x_wconf 80' lang='lat' dir='ltr'><strong>gerun-</strong></span> 
     </span>
    </p>
   </div>
   <div class='ocr_carea' id='block_1_23' title="bbox 490 2373 2088 2447">
    <p class='ocr_par' dir='ltr' id='par_1_23' title="bbox 490 2373 2088 2447">
     <span class='ocr_line' id='line_1_23' title="bbox 490 2373 2088 2447; baseline -0.006 -12"><span class='ocrx_word' id='word_1_154' title='bbox 490 2389 577 2436; x_wconf 91' lang='lat' dir='ltr'><strong>tur</strong></span> <span class='ocrx_word' id='word_1_155' title='bbox 613 2379 1095 2436; x_wconf 89' lang='lat' dir='ltr'><strong>remunerationem</strong></span> <span class='ocrx_word' id='word_1_156' title='bbox 1129 2393 1147 2433; x_wconf 88' lang='lat'><strong>:</strong></span> <span class='ocrx_word' id='word_1_157' title='bbox 1181 2375 1322 2447; x_wconf 92' lang='lat' dir='ltr'><strong>quod</strong></span> <span class='ocrx_word' id='word_1_158' title='bbox 1365 2377 1417 2430; x_wconf 88' lang='lat' dir='ltr'><strong>ni</strong></span> <span class='ocrx_word' id='word_1_159' title='bbox 1459 2383 1636 2441; x_wconf 88' lang='lat' dir='ltr'><strong>esset,</strong></span> <span class='ocrx_word' id='word_1_160' title='bbox 1681 2389 1784 2445; x_wconf 90' lang='lat' dir='ltr'><strong>qua</strong></span> <span class='ocrx_word' id='word_1_161' title='bbox 1826 2373 1894 2428; x_wconf 93' lang='lat' dir='ltr'><strong>de</strong></span> <span class='ocrx_word' id='word_1_162' title='bbox 1929 2386 2088 2428; x_wconf 88' lang='lat' dir='ltr'><strong>causa</strong></span> 
     </span>
    </p>
   </div>
   <div class='ocr_carea' id='block_1_24' title="bbox 492 2464 2091 2539">
    <p class='ocr_par' dir='ltr' id='par_1_24' title="bbox 492 2464 2091 2539">
     <span class='ocr_line' id='line_1_24' title="bbox 492 2464 2091 2539; baseline -0.008 -12"><span class='ocrx_word' id='word_1_163' title='bbox 492 2473 635 2527; x_wconf 88' lang='lat' dir='ltr'><strong>Deus</strong></span> <span class='ocrx_word' id='word_1_164' title='bbox 653 2471 843 2527; x_wconf 81' lang='lat' dir='ltr'><strong>coelum</strong></span> <span class='ocrx_word' id='word_1_165' title='bbox 863 2479 970 2524; x_wconf 92' lang='lat' dir='ltr'><strong>tam</strong></span> <span class='ocrx_word' id='word_1_166' title='bbox 994 2469 1231 2539; x_wconf 89' lang='lat' dir='ltr'><strong>amplum</strong></span> <span class='ocrx_word' id='word_1_167' title='bbox 1253 2465 1603 2531; x_wconf 76' lang='lat' dir='ltr'><strong>extendisset,</strong></span> <span class='ocrx_word' id='word_1_168' title='bbox 1634 2475 1829 2520; x_wconf 86' lang='lat' dir='ltr'><strong>terram</strong></span> <span class='ocrx_word' id='word_1_169' title='bbox 1851 2464 2091 2519; x_wconf 76' lang='lat' dir='ltr'><strong>suhStra-</strong></span> 
     </span>
    </p>
   </div>
   <div class='ocr_carea' id='block_1_25' title="bbox 489 2557 2088 2629">
    <p class='ocr_par' dir='ltr' id='par_1_25' title="bbox 489 2557 2088 2629">
     <span class='ocr_line' id='line_1_25' title="bbox 489 2557 2088 2629; baseline -0.005 -11"><span class='ocrx_word' id='word_1_170' title='bbox 489 2564 682 2629; x_wconf 75' lang='lat' dir='ltr'><strong>visoet,</strong></span> <span class='ocrx_word' id='word_1_171' title='bbox 729 2578 878 2618; x_wconf 90' lang='lat' dir='ltr'><strong>mare</strong></span> <span class='ocrx_word' id='word_1_172' title='bbox 926 2562 1237 2627; x_wconf 88' lang='lat' dir='ltr'><strong>dilatasset,</strong></span> <span class='ocrx_word' id='word_1_173' title='bbox 1287 2574 1466 2615; x_wconf 89' lang='lat' dir='ltr'><strong>aerem</strong></span> <span class='ocrx_word' id='word_1_174' title='bbox 1519 2557 1850 2624; x_wconf 82' lang='lat' dir='ltr'><strong>diﬂ&#39;udisset,</strong></span> <span class='ocrx_word' id='word_1_175' title='bbox 1890 2565 2088 2612; x_wconf 83' lang='lat' dir='ltr'><strong>tantam</strong></span> 
     </span>
    </p>
   </div>
   <div class='ocr_carea' id='block_1_26' title="bbox 489 2649 2089 2727">
    <p class='ocr_par' dir='ltr' id='par_1_26' title="bbox 489 2649 2089 2727">
     <span class='ocr_line' id='line_1_26' title="bbox 489 2649 2089 2727; baseline -0.004 -16"><span class='ocrx_word' id='word_1_176' title='bbox 489 2655 874 2727; x_wconf 87' lang='lat' dir='ltr'><strong>providentiam</strong></span> <span class='ocrx_word' id='word_1_177' title='bbox 913 2655 1260 2722; x_wconf 84' lang='lat' dir='ltr'><strong>declarasset,</strong></span> <span class='ocrx_word' id='word_1_178' title='bbox 1304 2653 1404 2708; x_wconf 83' lang='lat' dir='ltr'><strong>nisi</strong></span> <span class='ocrx_word' id='word_1_179' title='bbox 1434 2651 1502 2707; x_wconf 88' lang='lat' dir='ltr'><strong>ad</strong></span> <span class='ocrx_word' id='word_1_180' title='bbox 1525 2652 1683 2708; x_wconf 86' lang='lat' dir='ltr'><strong>linem</strong></span> <span class='ocrx_word' id='word_1_181' title='bbox 1716 2665 1885 2722; x_wconf 84' lang='lat' dir='ltr'><strong>usque</strong></span> <span class='ocrx_word' id='word_1_182' title='bbox 1921 2649 2089 2705; x_wconf 89' lang='lat' dir='ltr'><strong>nostri</strong></span> 
     </span>
    </p>
   </div>
   <div class='ocr_carea' id='block_1_27' title="bbox 490 2745 1190 2803">
    <p class='ocr_par' dir='ltr' id='par_1_27' title="bbox 490 2745 1190 2803">
     <span class='ocr_line' id='line_1_27' title="bbox 490 2745 1190 2803; baseline -0.006 0"><span class='ocrx_word' id='word_1_183' title='bbox 490 2763 672 2803; x_wconf 86' lang='lat' dir='ltr'><strong>curam</strong></span> <span class='ocrx_word' id='word_1_184' title='bbox 700 2747 976 2801; x_wconf 87' lang='lat' dir='ltr'><strong>habiturus</strong></span> <span class='ocrx_word' id='word_1_185' title='bbox 1002 2745 1190 2801; x_wconf 79' lang='lat' dir='ltr'><strong>esset?</strong></span> 
     </span>
    </p>
   </div>
   <div class='ocr_carea' id='block_1_28' title="bbox 559 2833 2086 2905">
    <p class='ocr_par' dir='ltr' id='par_1_28' title="bbox 559 2833 2086 2905">
     <span class='ocr_line' id='line_1_28' title="bbox 559 2833 2086 2905; baseline -0.007 -13"><span class='ocrx_word' id='word_1_186' title='bbox 559 2841 613 2892; x_wconf 80' lang='grc'><strong>4.</strong></span> <span class='ocrx_word' id='word_1_187' title='bbox 647 2837 834 2892; x_wconf 87' lang='lat' dir='ltr'><strong>Nonne</strong></span> <span class='ocrx_word' id='word_1_188' title='bbox 863 2835 1010 2891; x_wconf 87' lang='lat' dir='ltr'><strong>vides</strong></span> <span class='ocrx_word' id='word_1_189' title='bbox 1040 2835 1237 2890; x_wconf 88' lang='lat' dir='ltr'><strong>multos</strong></span> <span class='ocrx_word' id='word_1_190' title='bbox 1260 2875 1275 2900; x_wconf 96' lang='lat'><strong>,</strong></span> <span class='ocrx_word' id='word_1_191' title='bbox 1314 2834 1402 2905; x_wconf 90' lang='lat' dir='ltr'><strong>qui</strong></span> <span class='ocrx_word' id='word_1_192' title='bbox 1429 2849 1549 2890; x_wconf 90' lang='lat' dir='ltr'><strong>cum</strong></span> <span class='ocrx_word' id='word_1_193' title='bbox 1597 2833 1790 2888; x_wconf 89' lang='lat' dir='ltr'><strong>virtute</strong></span> <span class='ocrx_word' id='word_1_194' title='bbox 1818 2834 2086 2894; x_wconf 76' lang='lat' dir='ltr'><strong>vixerunt,</strong></span> 
     </span>
    </p>
   </div>
   <div class='ocr_carea' id='block_1_29' title="bbox 491 2923 2088 3000">
    <p class='ocr_par' dir='ltr' id='par_1_29' title="bbox 491 2923 2088 3000">
     <span class='ocr_line' id='line_1_29' title="bbox 491 2923 2088 3000; baseline -0.004 -15"><span class='ocrx_word' id='word_1_195' title='bbox 491 2931 876 3000; x_wconf 89' lang='lat' dir='ltr'><strong>innumeraque</strong></span> <span class='ocrx_word' id='word_1_196' title='bbox 899 2928 1036 2983; x_wconf 83' lang='lat' dir='ltr'><strong>mala</strong></span> <span class='ocrx_word' id='word_1_197' title='bbox 1058 2928 1200 2999; x_wconf 87' lang='lat' dir='ltr'><strong>passi</strong></span> <span class='ocrx_word' id='word_1_198' title='bbox 1220 2937 1366 2992; x_wconf 88' lang='lat' dir='ltr'><strong>sunt,</strong></span> <span class='ocrx_word' id='word_1_199' title='bbox 1389 2926 1687 2982; x_wconf 87' lang='lat' dir='ltr'><strong>decessisse</strong></span> <span class='ocrx_word' id='word_1_200' title='bbox 1713 2923 1852 2979; x_wconf 88' lang='lat' dir='ltr'><strong>nulla</strong></span> <span class='ocrx_word' id='word_1_201' title='bbox 1870 2939 1930 2978; x_wconf 85' lang='lat' dir='ltr'><strong>re</strong></span> <span class='ocrx_word' id='word_1_202' title='bbox 1949 2923 2088 2978; x_wconf 89' lang='lat' dir='ltr'><strong>bona</strong></span> 
     </span>
    </p>
   </div>
   <div class='ocr_carea' id='block_1_30' title="bbox 489 3014 2088 3091">
    <p class='ocr_par' dir='ltr' id='par_1_30' title="bbox 489 3014 2088 3091">
     <span class='ocr_line' id='line_1_30' title="bbox 489 3014 2088 3091; baseline -0.004 -15"><span class='ocrx_word' id='word_1_203' title='bbox 489 3021 781 3091; x_wconf 79' lang='lat' dir='ltr'><strong>percepta?</strong></span> <span class='ocrx_word' id='word_1_204' title='bbox 843 3020 994 3075; x_wconf 85' lang='lat' dir='ltr'><strong>Alios</strong></span> <span class='ocrx_word' id='word_1_205' title='bbox 1046 3029 1270 3087; x_wconf 90' lang='lat' dir='ltr'><strong>contra,</strong></span> <span class='ocrx_word' id='word_1_206' title='bbox 1319 3033 1443 3072; x_wconf 93' lang='lat' dir='ltr'><strong>cum</strong></span> <span class='ocrx_word' id='word_1_207' title='bbox 1505 3017 1724 3071; x_wconf 87' lang='lat' dir='ltr'><strong>multam</strong></span> <span class='ocrx_word' id='word_1_208' title='bbox 1773 3014 2088 3086; x_wconf 88' lang='lat' dir='ltr'><strong>pravitatem</strong></span> 
     </span>
    </p>
   </div>
   <div class='ocr_carea' id='block_1_31' title="bbox 488 3109 2092 3180">
    <p class='ocr_par' dir='ltr' id='par_1_31' title="bbox 488 3109 2092 3180">
     <span class='ocr_line' id='line_1_31' title="bbox 488 3109 2092 3180; baseline -0.002 -12"><span class='ocrx_word' id='word_1_209' title='bbox 488 3113 878 3178; x_wconf 84' lang='lat' dir='ltr'><strong>commiserint,</strong></span> <span class='ocrx_word' id='word_1_210' title='bbox 924 3113 1128 3169; x_wconf 89' lang='lat' dir='ltr'><strong>alienas</strong></span> <span class='ocrx_word' id='word_1_211' title='bbox 1157 3111 1434 3167; x_wconf 79' lang='lat' dir='ltr'><strong>facultates</strong></span> <span class='ocrx_word' id='word_1_212' title='bbox 1467 3109 1777 3180; x_wconf 88' lang='lat' dir='ltr'><strong>rapuerint,</strong></span> <span class='ocrx_word' id='word_1_213' title='bbox 1816 3109 2001 3164; x_wconf 91' lang='lat' dir='ltr'><strong>viduas</strong></span> <span class='ocrx_word' id='word_1_214' title='bbox 2037 3117 2092 3164; x_wconf 90' lang='lat' dir='ltr'><strong>et</strong></span> 
     </span>
    </p>
   </div>
   <div class='ocr_carea' id='block_1_32' title="bbox 487 3199 2090 3275">
    <p class='ocr_par' dir='ltr' id='par_1_32' title="bbox 487 3199 2090 3275">
     <span class='ocr_line' id='line_1_32' title="bbox 487 3199 2090 3275; baseline -0.004 -15"><span class='ocrx_word' id='word_1_215' title='bbox 487 3205 760 3275; x_wconf 86' lang='lat' dir='ltr'><strong>orphanos</strong></span> <span class='ocrx_word' id='word_1_216' title='bbox 799 3205 1170 3274; x_wconf 89' lang='lat' dir='ltr'><strong>spoliaverint,</strong></span> <span class='ocrx_word' id='word_1_217' title='bbox 1199 3201 1696 3273; x_wconf 88' lang='lat' dir='ltr'><strong>oppresserintque,</strong></span> <span class='ocrx_word' id='word_1_218' title='bbox 1727 3199 1916 3271; x_wconf 90' lang='lat' dir='ltr'><strong>opibus</strong></span> <span class='ocrx_word' id='word_1_219' title='bbox 1953 3199 2090 3254; x_wconf 85' lang='lat' dir='ltr'><strong>deli-</strong></span> 
     </span>
    </p>
   </div>
   <div class='ocr_carea' id='block_1_33' title="bbox 487 3289 2089 3368">
    <p class='ocr_par' dir='ltr' id='par_1_33' title="bbox 487 3289 2089 3368">
     <span class='ocr_line' id='line_1_33' title="bbox 487 3289 2089 3368; baseline -0.004 -16"><span class='ocrx_word' id='word_1_220' title='bbox 487 3298 690 3368; x_wconf 89' lang='lat' dir='ltr'><strong>ciisque</strong></span> <span class='ocrx_word' id='word_1_221' title='bbox 714 3305 769 3352; x_wconf 90' lang='lat' dir='ltr'><strong>et</strong></span> <span class='ocrx_word' id='word_1_222' title='bbox 788 3296 1080 3350; x_wconf 86' lang='lat' dir='ltr'><strong>innumeris</strong></span> <span class='ocrx_word' id='word_1_223' title='bbox 1107 3295 1261 3350; x_wconf 85' lang='lat' dir='ltr'><strong>bonis</strong></span> <span class='ocrx_word' id='word_1_224' title='bbox 1291 3293 1433 3347; x_wconf 85' lang='lat' dir='ltr'><strong>fruiti</strong></span> <span class='ocrx_word' id='word_1_225' title='bbox 1459 3292 1673 3356; x_wconf 89' lang='lat' dir='ltr'><strong>fuerint,</strong></span> <span class='ocrx_word' id='word_1_226' title='bbox 1702 3289 2001 3346; x_wconf 86' lang='lat' dir='ltr'><strong>decessisse</strong></span> <span class='ocrx_word' id='word_1_227' title='bbox 2023 3306 2089 3346; x_wconf 88' lang='lat' dir='ltr'><strong>ne</strong></span> 
     </span>
    </p>
   </div>
   <div class='ocr_carea' id='block_1_34' title="bbox 488 3385 1392 3458">
    <p class='ocr_par' dir='ltr' id='par_1_34' title="bbox 488 3385 1392 3458">
     <span class='ocr_line' id='line_1_34' title="bbox 488 3385 1392 3458; baseline -0.006 -15"><span class='ocrx_word' id='word_1_228' title='bbox 488 3389 746 3444; x_wconf 87' lang='lat' dir='ltr'><strong>tantulum</strong></span> <span class='ocrx_word' id='word_1_229' title='bbox 773 3388 986 3458; x_wconf 88' lang='lat' dir='ltr'><strong>quidem</strong></span> <span class='ocrx_word' id='word_1_230' title='bbox 1011 3387 1134 3441; x_wconf 89' lang='lat' dir='ltr'><strong>mali</strong></span> <span class='ocrx_word' id='word_1_231' title='bbox 1165 3385 1392 3456; x_wconf 85' lang='lat' dir='ltr'><strong>passos?</strong></span> 
     </span>
    </p>
   </div>
   <div class='ocr_carea' id='block_1_35' title="bbox 565 3475 2088 3546">
    <p class='ocr_par' dir='ltr' id='par_1_35' title="bbox 565 3475 2088 3546">
     <span class='ocr_line' id='line_1_35' title="bbox 565 3475 2088 3546; baseline -0.004 -10"><span class='ocrx_word' id='word_1_232' title='bbox 565 3481 812 3536; x_wconf 84' lang='lat' dir='ltr'><strong>Probatio</strong></span> <span class='ocrx_word' id='word_1_233' title='bbox 832 3478 1230 3534; x_wconf 71' lang='lat' dir='ltr'><strong>immortalitatis</strong></span> <span class='ocrx_word' id='word_1_234' title='bbox 1252 3479 1454 3532; x_wconf 65' lang='lat' dir='ltr'><strong>animae.</strong></span> <span class='ocrx_word' id='word_1_235' title='bbox 1471 3507 1542 3519; x_wconf 91' lang='lat'><strong>-—</strong></span> <span class='ocrx_word' id='word_1_236' title='bbox 1555 3475 1810 3544; x_wconf 59' lang='lat' dir='ltr'><strong>Quasnam</strong></span> <span class='ocrx_word' id='word_1_237' title='bbox 1832 3475 1992 3546; x_wconf 79' lang='lat' dir='ltr'><strong>igitur</strong></span> <span class='ocrx_word' id='word_1_238' title='bbox 2007 3475 2088 3531; x_wconf 84' lang='lat' dir='ltr'><strong>vel</strong></span> 
     </span>
    </p>
   </div>
   <div class='ocr_carea' id='block_1_36' title="bbox 490 3569 2087 3644">
    <p class='ocr_par' dir='ltr' id='par_1_36' title="bbox 490 3569 2087 3644">
     <span class='ocr_line' id='line_1_36' title="bbox 490 3569 2087 3644; baseline -0.003 -16"><span class='ocrx_word' id='word_1_239' title='bbox 490 3574 568 3629; x_wconf 92' lang='lat' dir='ltr'><strong>illi</strong></span> <span class='ocrx_word' id='word_1_240' title='bbox 599 3573 806 3644; x_wconf 88' lang='lat' dir='ltr'><strong>priores</strong></span> <span class='ocrx_word' id='word_1_241' title='bbox 835 3571 1046 3626; x_wconf 88' lang='lat' dir='ltr'><strong>virtutis</strong></span> <span class='ocrx_word' id='word_1_242' title='bbox 1077 3571 1296 3640; x_wconf 62' lang='lat' dir='ltr'><strong>praemia</strong></span> <span class='ocrx_word' id='word_1_243' title='bbox 1323 3569 1604 3639; x_wconf 90' lang='lat' dir='ltr'><strong>recipient,</strong></span> <span class='ocrx_word' id='word_1_244' title='bbox 1642 3569 1727 3624; x_wconf 90' lang='lat' dir='ltr'><strong>vel</strong></span> <span class='ocrx_word' id='word_1_245' title='bbox 1749 3569 1836 3624; x_wconf 88' lang='lat' dir='ltr'><strong>isti</strong></span> <span class='ocrx_word' id='word_1_246' title='bbox 1855 3569 2087 3638; x_wconf 90' lang='lat' dir='ltr'><strong>pravita-</strong></span> 
     </span>
    </p>
   </div>
   <div class='ocr_carea' id='block_1_37' title="bbox 489 3660 2088 3734">
    <p class='ocr_par' dir='ltr' id='par_1_37' title="bbox 489 3660 2088 3734">
     <span class='ocr_line' id='line_1_37' title="bbox 489 3660 2088 3734; baseline -0.001 -16"><span class='ocrx_word' id='word_1_247' title='bbox 489 3667 558 3720; x_wconf 86' lang='lat' dir='ltr'><strong>tis</strong></span> <span class='ocrx_word' id='word_1_248' title='bbox 583 3664 750 3719; x_wconf 79' lang='lat' dir='ltr'><strong>ferent</strong></span> <span class='ocrx_word' id='word_1_249' title='bbox 774 3663 1051 3734; x_wconf 87' lang='lat' dir='ltr'><strong>supplicia,</strong></span> <span class='ocrx_word' id='word_1_250' title='bbox 1079 3663 1121 3716; x_wconf 91' lang='lat' dir='ltr'><strong>si</strong></span> <span class='ocrx_word' id='word_1_251' title='bbox 1143 3671 1337 3717; x_wconf 65' lang='lat' dir='ltr'><strong>nostrae</strong></span> <span class='ocrx_word' id='word_1_252' title='bbox 1365 3677 1452 3717; x_wconf 90' lang='lat' dir='ltr'><strong>res</strong></span> <span class='ocrx_word' id='word_1_253' title='bbox 1477 3662 1616 3716; x_wconf 90' lang='lat' dir='ltr'><strong>ultra</strong></span> <span class='ocrx_word' id='word_1_254' title='bbox 1641 3661 1801 3715; x_wconf 89' lang='lat' dir='ltr'><strong>vitam</strong></span> <span class='ocrx_word' id='word_1_255' title='bbox 1827 3660 1966 3716; x_wconf 89' lang='lat' dir='ltr'><strong>hanc</strong></span> <span class='ocrx_word' id='word_1_256' title='bbox 1983 3677 2088 3716; x_wconf 92' lang='lat' dir='ltr'><strong>non</strong></span> 
     </span>
    </p>
   </div>
   <div class='ocr_carea' id='block_1_38' title="bbox 482 3753 2087 3832">
    <p class='ocr_par' dir='ltr' id='par_1_38' title="bbox 482 3753 2087 3832">
     <span class='ocr_line' id='line_1_38' title="bbox 482 3753 2087 3832; baseline -0.005 -18"><span class='ocrx_word' id='word_1_257' title='bbox 482 3756 878 3832; x_wconf 72' lang='lat' dir='ltr'><strong>proferuntur?</strong></span> <span class='ocrx_word' id='word_1_258' title='bbox 908 3755 1038 3809; x_wconf 90' lang='lat' dir='ltr'><strong>Nam</strong></span> <span class='ocrx_word' id='word_1_259' title='bbox 1066 3755 1110 3808; x_wconf 91' lang='lat' dir='ltr'><strong>si</strong></span> <span class='ocrx_word' id='word_1_260' title='bbox 1140 3755 1278 3809; x_wconf 90' lang='lat' dir='ltr'><strong>Deus</strong></span> <span class='ocrx_word' id='word_1_261' title='bbox 1303 3763 1404 3818; x_wconf 89' lang='lat' dir='ltr'><strong>est,</strong></span> <span class='ocrx_word' id='word_1_262' title='bbox 1435 3753 1590 3808; x_wconf 89' lang='lat' dir='ltr'><strong>sicuti</strong></span> <span class='ocrx_word' id='word_1_263' title='bbox 1619 3768 1804 3808; x_wconf 88' lang='lat' dir='ltr'><strong>revera</strong></span> <span class='ocrx_word' id='word_1_264' title='bbox 1824 3761 1927 3818; x_wconf 89' lang='lat' dir='ltr'><strong>est,</strong></span> <span class='ocrx_word' id='word_1_265' title='bbox 1964 3767 2087 3808; x_wconf 92' lang='lat' dir='ltr'><strong>eum</strong></span> 
     </span>
    </p>
   </div>
   <div class='ocr_carea' id='block_1_39' title="bbox 488 3845 2086 3917">
    <p class='ocr_par' dir='ltr' id='par_1_39' title="bbox 488 3845 2086 3917">
     <span class='ocr_line' id='line_1_39' title="bbox 488 3845 2086 3917; baseline -0.001 -17"><span class='ocrx_word' id='word_1_266' title='bbox 488 3848 687 3917; x_wconf 83' lang='lat' dir='ltr'><strong>justum</strong></span> <span class='ocrx_word' id='word_1_267' title='bbox 717 3862 838 3902; x_wconf 90' lang='lat' dir='ltr'><strong>esse</strong></span> <span class='ocrx_word' id='word_1_268' title='bbox 876 3862 1035 3902; x_wconf 91' lang='lat' dir='ltr'><strong>nemo</strong></span> <span class='ocrx_word' id='word_1_269' title='bbox 1074 3862 1177 3903; x_wconf 90' lang='lat' dir='ltr'><strong>non</strong></span> <span class='ocrx_word' id='word_1_270' title='bbox 1206 3845 1479 3900; x_wconf 76' lang='lat' dir='ltr'><strong>fatebitur.</strong></span> <span class='ocrx_word' id='word_1_271' title='bbox 1511 3845 1669 3914; x_wconf 82' lang='lat' dir='ltr'><strong>Atqui</strong></span> <span class='ocrx_word' id='word_1_272' title='bbox 1700 3845 1743 3898; x_wconf 90' lang='lat' dir='ltr'><strong>si</strong></span> <span class='ocrx_word' id='word_1_273' title='bbox 1770 3845 1945 3913; x_wconf 84' lang='lat' dir='ltr'><strong>justus</strong></span> <span class='ocrx_word' id='word_1_274' title='bbox 1983 3853 2086 3910; x_wconf 89' lang='lat' dir='ltr'><strong>est,</strong></span> 
     </span>
    </p>
   </div>
   <div class='ocr_carea' id='block_1_40' title="bbox 489 3935 2089 4007">
    <p class='ocr_par' dir='ltr' id='par_1_40' title="bbox 489 3935 2089 4007">
     <span class='ocr_line' id='line_1_40' title="bbox 489 3935 2089 4007; baseline -0.003 -13"><span class='ocrx_word' id='word_1_275' title='bbox 489 3950 545 3994; x_wconf 94' lang='lat' dir='ltr'><strong>et</strong></span> <span class='ocrx_word' id='word_1_276' title='bbox 567 3939 650 3993; x_wconf 89' lang='lat' dir='ltr'><strong>his</strong></span> <span class='ocrx_word' id='word_1_277' title='bbox 679 3949 733 3994; x_wconf 91' lang='lat' dir='ltr'><strong>et</strong></span> <span class='ocrx_word' id='word_1_278' title='bbox 766 3939 871 3992; x_wconf 91' lang='lat' dir='ltr'><strong>illis</strong></span> <span class='ocrx_word' id='word_1_279' title='bbox 901 3936 1088 3992; x_wconf 84' lang='lat' dir='ltr'><strong>reddet</strong></span> <span class='ocrx_word' id='word_1_280' title='bbox 1121 3952 1218 4007; x_wconf 92' lang='lat' dir='ltr'><strong>pro</strong></span> <span class='ocrx_word' id='word_1_281' title='bbox 1256 3936 1495 4001; x_wconf 90' lang='lat' dir='ltr'><strong>meritis,</strong></span> <span class='ocrx_word' id='word_1_282' title='bbox 1539 3947 1594 3990; x_wconf 91' lang='lat' dir='ltr'><strong>et</strong></span> <span class='ocrx_word' id='word_1_283' title='bbox 1621 3935 1723 3990; x_wconf 89' lang='lat' dir='ltr'><strong>hoc</strong></span> <span class='ocrx_word' id='word_1_284' title='bbox 1761 3935 1813 3988; x_wconf 91' lang='lat' dir='ltr'><strong>in</strong></span> <span class='ocrx_word' id='word_1_285' title='bbox 1843 3935 2089 3989; x_wconf 90' lang='lat' dir='ltr'><strong>confesso</strong></span> 
     </span>
    </p>
   </div>
   <div class='ocr_carea' id='block_1_41' title="bbox 489 4025 2090 4096">
    <p class='ocr_par' dir='ltr' id='par_1_41' title="bbox 489 4025 2090 4096">
     <span class='ocr_line' id='line_1_41' title="bbox 489 4025 2090 4096; baseline -0.003 -12"><span class='ocrx_word' id='word_1_286' title='bbox 489 4039 592 4084; x_wconf 89' lang='lat' dir='ltr'><strong>est.</strong></span> <span class='ocrx_word' id='word_1_287' title='bbox 634 4028 788 4096; x_wconf 87' lang='lat' dir='ltr'><strong>Quod</strong></span> <span class='ocrx_word' id='word_1_288' title='bbox 825 4029 870 4084; x_wconf 90' lang='lat' dir='ltr'><strong>si</strong></span> <span class='ocrx_word' id='word_1_289' title='bbox 895 4037 952 4084; x_wconf 93' lang='lat' dir='ltr'><strong>et</strong></span> <span class='ocrx_word' id='word_1_290' title='bbox 981 4028 1064 4082; x_wconf 91' lang='lat' dir='ltr'><strong>his</strong></span> <span class='ocrx_word' id='word_1_291' title='bbox 1091 4036 1146 4083; x_wconf 90' lang='lat' dir='ltr'><strong>et</strong></span> <span class='ocrx_word' id='word_1_292' title='bbox 1177 4027 1282 4082; x_wconf 91' lang='lat' dir='ltr'><strong>illis</strong></span> <span class='ocrx_word' id='word_1_293' title='bbox 1308 4026 1570 4096; x_wconf 88' lang='lat' dir='ltr'><strong>rependet</strong></span> <span class='ocrx_word' id='word_1_294' title='bbox 1603 4040 1699 4096; x_wconf 93' lang='lat' dir='ltr'><strong>pro</strong></span> <span class='ocrx_word' id='word_1_295' title='bbox 1727 4026 1932 4081; x_wconf 88' lang='lat' dir='ltr'><strong>meritis</strong></span> <span class='ocrx_word' id='word_1_296' title='bbox 1954 4066 1968 4091; x_wconf 92' lang='lat'><strong>,</strong></span> <span class='ocrx_word' id='word_1_297' title='bbox 2003 4025 2090 4080; x_wconf 90' lang='lat' dir='ltr'><strong>hic</strong></span> 
     </span>
    </p>
   </div>
   <div class='ocr_carea' id='block_1_42' title="bbox 491 4117 2090 4188">
    <p class='ocr_par' dir='ltr' id='par_1_42' title="bbox 491 4117 2090 4188">
     <span class='ocr_line' id='line_1_42' title="bbox 491 4117 2090 4188; baseline -0.001 -15"><span class='ocrx_word' id='word_1_298' title='bbox 491 4135 618 4176; x_wconf 80' lang='lat' dir='ltr'><strong>vero</strong></span> <span class='ocrx_word' id='word_1_299' title='bbox 663 4120 842 4175; x_wconf 89' lang='lat' dir='ltr'><strong>nullus</strong></span> <span class='ocrx_word' id='word_1_300' title='bbox 883 4135 1068 4175; x_wconf 90' lang='lat' dir='ltr'><strong>eorum</strong></span> <span class='ocrx_word' id='word_1_301' title='bbox 1111 4118 1345 4188; x_wconf 89' lang='lat' dir='ltr'><strong>recepit,</strong></span> <span class='ocrx_word' id='word_1_302' title='bbox 1391 4133 1565 4188; x_wconf 89' lang='lat' dir='ltr'><strong>neque</strong></span> <span class='ocrx_word' id='word_1_303' title='bbox 1602 4117 1692 4173; x_wconf 91' lang='lat' dir='ltr'><strong>ille</strong></span> <span class='ocrx_word' id='word_1_304' title='bbox 1733 4117 2090 4187; x_wconf 88' lang='lat' dir='ltr'><strong>improbitatis</strong></span> 
     </span>
    </p>
   </div>
   <div class='ocr_carea' id='block_1_43' title="bbox 492 4210 2089 4286">
    <p class='ocr_par' dir='ltr' id='par_1_43' title="bbox 492 4210 2089 4286">
     <span class='ocr_line' id='line_1_43' title="bbox 492 4210 2089 4286; baseline -0.003 -18"><span class='ocrx_word' id='word_1_305' title='bbox 492 4229 728 4286; x_wconf 69' lang='lat' dir='ltr'><strong>ptenam,</strong></span> <span class='ocrx_word' id='word_1_306' title='bbox 772 4227 946 4284; x_wconf 88' lang='lat' dir='ltr'><strong>neque</strong></span> <span class='ocrx_word' id='word_1_307' title='bbox 976 4211 1064 4266; x_wconf 89' lang='lat' dir='ltr'><strong>hic</strong></span> <span class='ocrx_word' id='word_1_308' title='bbox 1104 4210 1316 4266; x_wconf 88' lang='lat' dir='ltr'><strong>virtutis</strong></span> <span class='ocrx_word' id='word_1_309' title='bbox 1345 4211 1563 4281; x_wconf 82' lang='lat' dir='ltr'><strong>praemia</strong></span> <span class='ocrx_word' id='word_1_310' title='bbox 1599 4227 1613 4266; x_wconf 89' lang='lat'><strong>:</strong></span> <span class='ocrx_word' id='word_1_311' title='bbox 1643 4210 1980 4280; x_wconf 84' lang='lat' dir='ltr'><strong>perSpieuum</strong></span> <span class='ocrx_word' id='word_1_312' title='bbox 2005 4217 2089 4266; x_wconf 86' lang='lat' dir='ltr'><strong>est</strong></span> 
     </span>
    </p>
   </div>
   <div class='ocr_carea' id='block_1_44' title="bbox 489 4303 2087 4375">
    <p class='ocr_par' dir='ltr' id='par_1_44' title="bbox 489 4303 2087 4375">
     <span class='ocr_line' id='line_1_44' title="bbox 489 4303 2087 4375; baseline -0.002 -14"><span class='ocrx_word' id='word_1_313' title='bbox 489 4315 695 4362; x_wconf 86' lang='lat' dir='ltr'><strong>restare</strong></span> <span class='ocrx_word' id='word_1_314' title='bbox 735 4316 947 4375; x_wconf 86' lang='lat' dir='ltr'><strong>tempus</strong></span> <span class='ocrx_word' id='word_1_315' title='bbox 987 4303 1198 4374; x_wconf 84' lang='lat' dir='ltr'><strong>aliquod</strong></span> <span class='ocrx_word' id='word_1_316' title='bbox 1236 4303 1291 4360; x_wconf 90' lang='lat' dir='ltr'><strong>in</strong></span> <span class='ocrx_word' id='word_1_317' title='bbox 1326 4318 1435 4374; x_wconf 93' lang='lat' dir='ltr'><strong>quo</strong></span> <span class='ocrx_word' id='word_1_318' title='bbox 1476 4317 1778 4374; x_wconf 76' lang='lat' dir='ltr'><strong>congruens</strong></span> <span class='ocrx_word' id='word_1_319' title='bbox 1808 4303 2087 4373; x_wconf 63' lang='lat' dir='ltr'><strong>praemium</strong></span> 
     </span>
    </p>
   </div>
   <div class='ocr_carea' id='block_1_45' title="bbox 490 4395 1126 4466">
    <p class='ocr_par' dir='ltr' id='par_1_45' title="bbox 490 4395 1126 4466">
     <span class='ocr_line' id='line_1_45' title="bbox 490 4395 1126 4466; baseline -0.003 -16"><span class='ocrx_word' id='word_1_320' title='bbox 490 4397 682 4450; x_wconf 91' lang='lat' dir='ltr'><strong>horum</strong></span> <span class='ocrx_word' id='word_1_321' title='bbox 716 4405 940 4466; x_wconf 88' lang='lat' dir='ltr'><strong>uterque</strong></span> <span class='ocrx_word' id='word_1_322' title='bbox 971 4395 1126 4451; x_wconf 84' lang='lat' dir='ltr'><strong>feret.</strong></span> 
     </span>
    </p>
   </div>
   <div class='ocr_carea' id='block_1_46' title="bbox 559 4485 2088 4558">
    <p class='ocr_par' dir='ltr' id='par_1_46' title="bbox 559 4485 2088 4558">
     <span class='ocr_line' id='line_1_46' title="bbox 559 4485 2088 4558; baseline -0.001 -15"><span class='ocrx_word' id='word_1_323' title='bbox 559 4488 894 4544; x_wconf 69' lang='lat' dir='ltr'><strong>Conscientia:</strong></span> <span class='ocrx_word' id='word_1_324' title='bbox 914 4485 1135 4540; x_wconf 79' lang='lat' dir='ltr'><strong>tribunal</strong></span> <span class='ocrx_word' id='word_1_325' title='bbox 1155 4487 1527 4558; x_wconf 84' lang='lat' dir='ltr'><strong>incorruptum.</strong></span> <span class='ocrx_word' id='word_1_326' title='bbox 1543 4516 1617 4526; x_wconf 96' lang='lat'><strong>—</strong></span> <span class='ocrx_word' id='word_1_327' title='bbox 1629 4485 1735 4541; x_wconf 91' lang='lat' dir='ltr'><strong>Sed</strong></span> <span class='ocrx_word' id='word_1_328' title='bbox 1753 4501 1917 4557; x_wconf 90' lang='lat' dir='ltr'><strong>quare</strong></span> <span class='ocrx_word' id='word_1_329' title='bbox 1934 4485 2088 4542; x_wconf 88' lang='lat' dir='ltr'><strong>nobis</strong></span> 
     </span>
    </p>
   </div>
   <div class='ocr_carea' id='block_1_47' title="bbox 484 4578 2089 4651">
    <p class='ocr_par' dir='ltr' id='par_1_47' title="bbox 484 4578 2089 4651">
     <span class='ocr_line' id='line_1_47' title="bbox 484 4578 2089 4651; baseline -0.001 -18"><span class='ocrx_word' id='word_1_330' title='bbox 484 4579 728 4648; x_wconf 85' lang='lat' dir='ltr'><strong>judieem</strong></span> <span class='ocrx_word' id='word_1_331' title='bbox 759 4580 810 4633; x_wconf 91' lang='lat' dir='ltr'><strong>in</strong></span> <span class='ocrx_word' id='word_1_332' title='bbox 841 4579 1020 4634; x_wconf 90' lang='lat' dir='ltr'><strong>animo</strong></span> <span class='ocrx_word' id='word_1_333' title='bbox 1047 4579 1125 4633; x_wconf 91' lang='lat' dir='ltr'><strong>sic</strong></span> <span class='ocrx_word' id='word_1_334' title='bbox 1150 4587 1411 4648; x_wconf 89' lang='lat' dir='ltr'><strong>perpetuo</strong></span> <span class='ocrx_word' id='word_1_335' title='bbox 1437 4578 1774 4651; x_wconf 88' lang='lat' dir='ltr'><strong>vigilantem,</strong></span> <span class='ocrx_word' id='word_1_336' title='bbox 1823 4587 1879 4633; x_wconf 89' lang='lat' dir='ltr'><strong>et</strong></span> <span class='ocrx_word' id='word_1_337' title='bbox 1915 4587 2089 4633; x_wconf 79' lang='lat' dir='ltr'><strong>atten-</strong></span> 
     </span>
    </p>
   </div>
   <div class='ocr_carea' id='block_1_48' title="bbox 489 4668 2086 4738">
    <p class='ocr_par' dir='ltr' id='par_1_48' title="bbox 489 4668 2086 4738">
     <span class='ocr_line' id='line_1_48' title="bbox 489 4668 2086 4738; baseline -0.001 -13"><span class='ocrx_word' id='word_1_338' title='bbox 489 4681 598 4725; x_wconf 92' lang='lat' dir='ltr'><strong>tum</strong></span> <span class='ocrx_word' id='word_1_339' title='bbox 640 4673 784 4726; x_wconf 87' lang='lat' dir='ltr'><strong>Deus</strong></span> <span class='ocrx_word' id='word_1_340' title='bbox 809 4670 1127 4726; x_wconf 84' lang='lat' dir='ltr'><strong>constituit?</strong></span> <span class='ocrx_word' id='word_1_341' title='bbox 1152 4668 1547 4725; x_wconf 89' lang='lat' dir='ltr'><strong>Conscientiam</strong></span> <span class='ocrx_word' id='word_1_342' title='bbox 1576 4670 1786 4738; x_wconf 91' lang='lat' dir='ltr'><strong>loquor.</strong></span> <span class='ocrx_word' id='word_1_343' title='bbox 1812 4668 1925 4724; x_wconf 90' lang='lat' dir='ltr'><strong>Nec</strong></span> <span class='ocrx_word' id='word_1_344' title='bbox 1944 4671 2086 4724; x_wconf 91' lang='lat' dir='ltr'><strong>enim</strong></span> 
     </span>
    </p>
   </div>
   <div class='ocr_carea' id='block_1_49' title="bbox 485 4760 2088 4830">
    <p class='ocr_par' dir='ltr' id='par_1_49' title="bbox 485 4760 2088 4830">
     <span class='ocr_line' id='line_1_49' title="bbox 485 4760 2088 4830; baseline -0.002 -12"><span class='ocrx_word' id='word_1_345' title='bbox 485 4773 568 4818; x_wconf 90' lang='lat' dir='ltr'><strong>est</strong></span> <span class='ocrx_word' id='word_1_346' title='bbox 613 4763 753 4818; x_wconf 89' lang='lat' dir='ltr'><strong>ullus</strong></span> <span class='ocrx_word' id='word_1_347' title='bbox 788 4763 928 4816; x_wconf 87' lang='lat' dir='ltr'><strong>inter</strong></span> <span class='ocrx_word' id='word_1_348' title='bbox 959 4761 1202 4815; x_wconf 90' lang='lat' dir='ltr'><strong>homines</strong></span> <span class='ocrx_word' id='word_1_349' title='bbox 1236 4761 1372 4816; x_wconf 88' lang='lat' dir='ltr'><strong>adeo</strong></span> <span class='ocrx_word' id='word_1_350' title='bbox 1397 4760 1640 4830; x_wconf 87' lang='lat' dir='ltr'><strong>vigilans,</strong></span> <span class='ocrx_word' id='word_1_351' title='bbox 1680 4768 1738 4814; x_wconf 87' lang='lat' dir='ltr'><strong>ut</strong></span> <span class='ocrx_word' id='word_1_352' title='bbox 1780 4768 1864 4814; x_wconf 91' lang='lat' dir='ltr'><strong>est</strong></span> <span class='ocrx_word' id='word_1_353' title='bbox 1905 4769 2088 4815; x_wconf 89' lang='lat' dir='ltr'><strong>nostra</strong></span> 
     </span>
    </p>
   </div>
   <div class='ocr_carea' id='block_1_50' title="bbox 486 4851 2092 4922">
    <p class='ocr_par' dir='ltr' id='par_1_50' title="bbox 486 4851 2092 4922">
     <span class='ocr_line' id='line_1_50' title="bbox 486 4851 2092 4922; baseline -0.002 -11"><span class='ocrx_word' id='word_1_354' title='bbox 486 4853 840 4911; x_wconf 88' lang='lat' dir='ltr'><strong>conscientia.</strong></span> <span class='ocrx_word' id='word_1_355' title='bbox 881 4851 1014 4908; x_wconf 88' lang='lat' dir='ltr'><strong>Nam</strong></span> <span class='ocrx_word' id='word_1_356' title='bbox 1045 4851 1251 4908; x_wconf 81' lang='lat' dir='ltr'><strong>externi</strong></span> <span class='ocrx_word' id='word_1_357' title='bbox 1273 4851 1479 4921; x_wconf 76' lang='lat' dir='ltr'><strong>iudices</strong></span> <span class='ocrx_word' id='word_1_358' title='bbox 1503 4861 1558 4907; x_wconf 91' lang='lat' dir='ltr'><strong>et</strong></span> <span class='ocrx_word' id='word_1_359' title='bbox 1584 4851 1823 4922; x_wconf 90' lang='lat' dir='ltr'><strong>pecuniis</strong></span> <span class='ocrx_word' id='word_1_360' title='bbox 1850 4867 2092 4908; x_wconf 85' lang='lat' dir='ltr'><strong>corrum-</strong></span> 
     </span>
    </p>
   </div>
   <div class='ocr_carea' id='block_1_51' title="bbox 491 4944 2090 5018">
    <p class='ocr_par' dir='ltr' id='par_1_51' title="bbox 491 4944 2090 5018">
     <span class='ocr_line' id='line_1_51' title="bbox 491 4944 2090 5018; baseline -0.002 -16"><span class='ocrx_word' id='word_1_361' title='bbox 491 4957 714 5018; x_wconf 89' lang='lat' dir='ltr'><strong>puntur,</strong></span> <span class='ocrx_word' id='word_1_362' title='bbox 765 4955 820 5002; x_wconf 90' lang='lat' dir='ltr'><strong>et</strong></span> <span class='ocrx_word' id='word_1_363' title='bbox 860 4944 1311 5002; x_wconf 88' lang='lat' dir='ltr'><strong>assentationibus</strong></span> <span class='ocrx_word' id='word_1_364' title='bbox 1348 4944 1700 5010; x_wconf 89' lang='lat' dir='ltr'><strong>deliniuntur,</strong></span> <span class='ocrx_word' id='word_1_365' title='bbox 1744 4953 1799 5000; x_wconf 92' lang='lat' dir='ltr'><strong>et</strong></span> <span class='ocrx_word' id='word_1_366' title='bbox 1831 4953 1978 5000; x_wconf 90' lang='lat' dir='ltr'><strong>metu</strong></span> <span class='ocrx_word' id='word_1_367' title='bbox 2015 4945 2090 5000; x_wconf 91' lang='lat' dir='ltr'><strong>si-</strong></span> 
     </span>
    </p>
   </div>
   <div class='ocr_carea' id='block_1_52' title="bbox 491 5036 2088 5109">
    <p class='ocr_par' dir='ltr' id='par_1_52' title="bbox 491 5036 2088 5109">
     <span class='ocr_line' id='line_1_52' title="bbox 491 5036 2088 5109; baseline -0.003 -15"><span class='ocrx_word' id='word_1_368' title='bbox 491 5041 722 5106; x_wconf 85' lang='lat' dir='ltr'><strong>mulant,</strong></span> <span class='ocrx_word' id='word_1_369' title='bbox 765 5039 996 5109; x_wconf 90' lang='lat' dir='ltr'><strong>denique</strong></span> <span class='ocrx_word' id='word_1_370' title='bbox 1022 5037 1186 5093; x_wconf 92' lang='lat' dir='ltr'><strong>multa</strong></span> <span class='ocrx_word' id='word_1_371' title='bbox 1216 5045 1342 5093; x_wconf 89' lang='lat' dir='ltr'><strong>sunt</strong></span> <span class='ocrx_word' id='word_1_372' title='bbox 1365 5037 1467 5091; x_wconf 88' lang='lat' dir='ltr'><strong>alia</strong></span> <span class='ocrx_word' id='word_1_373' title='bbox 1493 5053 1613 5108; x_wconf 79' lang='lat' dir='ltr'><strong>qua:</strong></span> <span class='ocrx_word' id='word_1_374' title='bbox 1639 5045 1843 5091; x_wconf 90' lang='lat' dir='ltr'><strong>rectum</strong></span> <span class='ocrx_word' id='word_1_375' title='bbox 1877 5036 2088 5091; x_wconf 90' lang='lat' dir='ltr'><strong>illorum</strong></span> 
     </span>
    </p>
   </div>
   <div class='ocr_carea' id='block_1_53' title="bbox 485 5127 2091 5204">
    <p class='ocr_par' dir='ltr' id='par_1_53' title="bbox 485 5127 2091 5204">
     <span class='ocr_line' id='line_1_53' title="bbox 485 5127 2091 5204; baseline -0.004 -16"><span class='ocrx_word' id='word_1_376' title='bbox 485 5133 746 5204; x_wconf 90' lang='lat' dir='ltr'><strong>judicium</strong></span> <span class='ocrx_word' id='word_1_377' title='bbox 767 5131 1064 5202; x_wconf 88' lang='lat' dir='ltr'><strong>depravant</strong></span> <span class='ocrx_word' id='word_1_378' title='bbox 1096 5149 1110 5184; x_wconf 91' lang='lat'><strong>:</strong></span> <span class='ocrx_word' id='word_1_379' title='bbox 1142 5139 1196 5185; x_wconf 93' lang='lat' dir='ltr'><strong>at</strong></span> <span class='ocrx_word' id='word_1_380' title='bbox 1224 5129 1568 5186; x_wconf 78' lang='lat' dir='ltr'><strong>conscientia:</strong></span> <span class='ocrx_word' id='word_1_381' title='bbox 1590 5128 1820 5183; x_wconf 90' lang='lat' dir='ltr'><strong>tribunal</strong></span> <span class='ocrx_word' id='word_1_382' title='bbox 1844 5129 1970 5183; x_wconf 91' lang='lat' dir='ltr'><strong>nulli</strong></span> <span class='ocrx_word' id='word_1_383' title='bbox 1993 5127 2091 5183; x_wconf 86' lang='lat' dir='ltr'><strong>bo-</strong></span> 
     </span>
    </p>
   </div>
   <div class='ocr_carea' id='block_1_54' title="bbox 489 5218 2085 5289">
    <p class='ocr_par' dir='ltr' id='par_1_54' title="bbox 489 5218 2085 5289">
     <span class='ocr_line' id='line_1_54' title="bbox 489 5218 2085 5289; baseline -0.003 -11"><span class='ocrx_word' id='word_1_384' title='bbox 489 5225 696 5279; x_wconf 90' lang='lat' dir='ltr'><strong>minum</strong></span> <span class='ocrx_word' id='word_1_385' title='bbox 731 5224 881 5278; x_wconf 84' lang='lat' dir='ltr'><strong>novit</strong></span> <span class='ocrx_word' id='word_1_386' title='bbox 911 5222 1125 5288; x_wconf 85' lang='lat' dir='ltr'><strong>cedere,</strong></span> <span class='ocrx_word' id='word_1_387' title='bbox 1167 5221 1261 5278; x_wconf 87' lang='lat' dir='ltr'><strong>sed</strong></span> <span class='ocrx_word' id='word_1_388' title='bbox 1287 5220 1529 5287; x_wconf 85' lang='lat' dir='ltr'><strong>quamvis</strong></span> <span class='ocrx_word' id='word_1_389' title='bbox 1553 5218 1767 5275; x_wconf 90' lang='lat' dir='ltr'><strong>dederis</strong></span> <span class='ocrx_word' id='word_1_390' title='bbox 1794 5220 2085 5289; x_wconf 85' lang='lat' dir='ltr'><strong>pecunias,</strong></span> 
     </span>
    </p>
   </div>
   <div class='ocr_carea' id='block_1_55' title="bbox 489 5312 2086 5388">
    <p class='ocr_par' dir='ltr' id='par_1_55' title="bbox 489 5312 2086 5388">
     <span class='ocr_line' id='line_1_55' title="bbox 489 5312 2086 5388; baseline 0 -18"><span class='ocrx_word' id='word_1_391' title='bbox 489 5316 736 5388; x_wconf 88' lang='lat' dir='ltr'><strong>quamvis</strong></span> <span class='ocrx_word' id='word_1_392' title='bbox 763 5316 1008 5382; x_wconf 88' lang='lat' dir='ltr'><strong>mineris,</strong></span> <span class='ocrx_word' id='word_1_393' title='bbox 1040 5315 1286 5386; x_wconf 88' lang='lat' dir='ltr'><strong>quamvis</strong></span> <span class='ocrx_word' id='word_1_394' title='bbox 1307 5312 1450 5368; x_wconf 89' lang='lat' dir='ltr'><strong>aliud</strong></span> <span class='ocrx_word' id='word_1_395' title='bbox 1479 5313 1738 5383; x_wconf 90' lang='lat' dir='ltr'><strong>quidlibet</strong></span> <span class='ocrx_word' id='word_1_396' title='bbox 1759 5312 1970 5380; x_wconf 84' lang='lat' dir='ltr'><strong>feceris,</strong></span> <span class='ocrx_word' id='word_1_397' title='bbox 1994 5313 2086 5383; x_wconf 83' lang='lat' dir='ltr'><strong>ju-</strong></span> 
     </span>
    </p>
   </div>
   <div class='ocr_carea' id='block_1_56' title="bbox 491 5402 2091 5474">
    <p class='ocr_par' dir='ltr' id='par_1_56' title="bbox 491 5402 2091 5474">
     <span class='ocr_line' id='line_1_56' title="bbox 491 5402 2091 5474; baseline -0.001 -14"><span class='ocrx_word' id='word_1_398' title='bbox 491 5417 628 5462; x_wconf 85' lang='lat' dir='ltr'><strong>stam</strong></span> <span class='ocrx_word' id='word_1_399' title='bbox 653 5406 790 5462; x_wconf 87' lang='lat' dir='ltr'><strong>feret</strong></span> <span class='ocrx_word' id='word_1_400' title='bbox 807 5406 1130 5462; x_wconf 82' lang='lat' dir='ltr'><strong>sententiam</strong></span> <span class='ocrx_word' id='word_1_401' title='bbox 1161 5403 1419 5460; x_wconf 87' lang='lat' dir='ltr'><strong>adversus</strong></span> <span class='ocrx_word' id='word_1_402' title='bbox 1449 5412 1787 5472; x_wconf 88' lang='lat' dir='ltr'><strong>peccatorum</strong></span> <span class='ocrx_word' id='word_1_403' title='bbox 1809 5402 2091 5474; x_wconf 84' lang='lat' dir='ltr'><strong>cogitatio-</strong></span> 
     </span>
    </p>
   </div>
   <div class='ocr_carea' id='block_1_57' title="bbox 494 5493 2091 5566">
    <p class='ocr_par' dir='ltr' id='par_1_57' title="bbox 494 5493 2091 5566">
     <span class='ocr_line' id='line_1_57' title="bbox 494 5493 2091 5566; baseline 0.001 -17"><span class='ocrx_word' id='word_1_404' title='bbox 494 5512 611 5562; x_wconf 88' lang='lat' dir='ltr'><strong>nes,</strong></span> <span class='ocrx_word' id='word_1_405' title='bbox 639 5497 777 5553; x_wconf 88' lang='lat' dir='ltr'><strong>adeo</strong></span> <span class='ocrx_word' id='word_1_406' title='bbox 805 5506 859 5552; x_wconf 90' lang='grc' dir='ltr'><strong>ιιι</strong></span> <span class='ocrx_word' id='word_1_407' title='bbox 891 5497 1008 5565; x_wconf 88' lang='lat' dir='ltr'><strong>ipse</strong></span> <span class='ocrx_word' id='word_1_408' title='bbox 1031 5509 1246 5566; x_wconf 82' lang='lat' dir='ltr'><strong>quoque</strong></span> <span class='ocrx_word' id='word_1_409' title='bbox 1274 5495 1364 5564; x_wconf 92' lang='lat' dir='ltr'><strong>qui</strong></span> <span class='ocrx_word' id='word_1_410' title='bbox 1417 5503 1696 5564; x_wconf 87' lang='lat' dir='ltr'><strong>peccatum</strong></span> <span class='ocrx_word' id='word_1_411' title='bbox 1722 5493 1962 5559; x_wconf 87' lang='lat' dir='ltr'><strong>admisit,</strong></span> <span class='ocrx_word' id='word_1_412' title='bbox 2004 5510 2091 5550; x_wconf 89' lang='lat' dir='ltr'><strong>se-</strong></span> 
     </span>
    </p>
   </div>
   <div class='ocr_carea' id='block_1_58' title="bbox 495 5585 2086 5654">
    <p class='ocr_par' dir='ltr' id='par_1_58' title="bbox 495 5585 2086 5654">
     <span class='ocr_line' id='line_1_58' title="bbox 495 5585 2086 5654; baseline 0.001 -15"><span class='ocrx_word' id='word_1_413' title='bbox 495 5585 668 5654; x_wconf 79' lang='lat' dir='ltr'><strong>ipsum</strong></span> <span class='ocrx_word' id='word_1_414' title='bbox 724 5587 1084 5654; x_wconf 85' lang='lat' dir='ltr'><strong>condemnet,</strong></span> <span class='ocrx_word' id='word_1_415' title='bbox 1115 5587 1277 5643; x_wconf 85' lang='lat' dir='ltr'><strong>etiam</strong></span> <span class='ocrx_word' id='word_1_416' title='bbox 1331 5586 1376 5640; x_wconf 89' lang='lat' dir='ltr'><strong>si</strong></span> <span class='ocrx_word' id='word_1_417' title='bbox 1428 5585 1567 5640; x_wconf 88' lang='lat' dir='ltr'><strong>alius</strong></span> <span class='ocrx_word' id='word_1_418' title='bbox 1624 5585 1805 5641; x_wconf 91' lang='lat' dir='ltr'><strong>nullus</strong></span> <span class='ocrx_word' id='word_1_419' title='bbox 1851 5594 2086 5640; x_wconf 88' lang='lat' dir='ltr'><strong>accuset.</strong></span> 
     </span>
    </p>
   </div>
   <div class='ocr_carea' id='block_1_59' title="bbox 493 5671 2090 5748">
    <p class='ocr_par' dir='ltr' id='par_1_59' title="bbox 493 5671 2090 5748">
     <span class='ocr_line' id='line_1_59' title="bbox 493 5671 2090 5748; baseline 0.004 -22"><span class='ocrx_word' id='word_1_420' title='bbox 493 5671 674 5744; x_wconf 83' lang='lat' dir='ltr'><strong>Neque</strong></span> <span class='ocrx_word' id='word_1_421' title='bbox 705 5678 756 5732; x_wconf 90' lang='lat' dir='ltr'><strong>id</strong></span> <span class='ocrx_word' id='word_1_422' title='bbox 784 5677 954 5732; x_wconf 89' lang='lat' dir='ltr'><strong>semel</strong></span> <span class='ocrx_word' id='word_1_423' title='bbox 981 5687 1142 5748; x_wconf 88' lang='lat' dir='ltr'><strong>atque</strong></span> <span class='ocrx_word' id='word_1_424' title='bbox 1177 5678 1392 5739; x_wconf 86' lang='lat' dir='ltr'><strong>iterum,</strong></span> <span class='ocrx_word' id='word_1_425' title='bbox 1440 5675 1534 5732; x_wconf 89' lang='lat' dir='ltr'><strong>sed</strong></span> <span class='ocrx_word' id='word_1_426' title='bbox 1575 5677 1792 5746; x_wconf 61' lang='lat' dir='ltr'><strong>saepius,</strong></span> <span class='ocrx_word' id='word_1_427' title='bbox 1843 5676 1952 5731; x_wconf 90' lang='lat' dir='ltr'><strong>imo</strong></span> <span class='ocrx_word' id='word_1_428' title='bbox 1995 5692 2090 5746; x_wconf 92' lang='lat' dir='ltr'><strong>per</strong></span> 
     </span>
    </p>
   </div>
   <div class='ocr_carea' id='block_1_60' title="bbox 489 5769 2082 5827">
    <p class='ocr_par' dir='ltr' id='par_1_60' title="bbox 489 5769 2082 5827">
     <span class='ocr_line' id='line_1_60' title="bbox 489 5769 2082 5827; baseline 0.001 -5"><span class='ocrx_word' id='word_1_429' title='bbox 489 5782 706 5824; x_wconf 87' lang='lat' dir='ltr'><strong>omnem</strong></span> <span class='ocrx_word' id='word_1_430' title='bbox 749 5770 912 5823; x_wconf 86' lang='lat' dir='ltr'><strong>vitam</strong></span> <span class='ocrx_word' id='word_1_431' title='bbox 958 5769 1058 5824; x_wconf 91' lang='lat' dir='ltr'><strong>hoc</strong></span> <span class='ocrx_word' id='word_1_432' title='bbox 1090 5771 1266 5827; x_wconf 64' lang='lat' dir='ltr'><strong>facere</strong></span> <span class='ocrx_word' id='word_1_433' title='bbox 1315 5782 1420 5823; x_wconf 90' lang='lat' dir='ltr'><strong>non</strong></span> <span class='ocrx_word' id='word_1_434' title='bbox 1455 5769 1652 5825; x_wconf 90' lang='lat' dir='ltr'><strong>desinit</strong></span> <span class='ocrx_word' id='word_1_435' title='bbox 1683 5787 1695 5823; x_wconf 92' lang='lat'>:</span> <span class='ocrx_word' id='word_1_436' title='bbox 1729 5779 1783 5825; x_wconf 90' lang='lat' dir='ltr'><strong>et</strong></span> <span class='ocrx_word' id='word_1_437' title='bbox 1825 5769 1949 5825; x_wconf 90' lang='lat' dir='ltr'><strong>licet</strong></span> <span class='ocrx_word' id='word_1_438' title='bbox 1999 5771 2082 5824; x_wconf 89' lang='lat' dir='ltr'><strong>iu-</strong></span> 
     </span>
    </p>
   </div>
   <div class='ocr_carea' id='block_1_61' title="bbox 1176 319 3001 397">
    <p class='ocr_par' dir='ltr' id='par_1_61' title="bbox 1176 319 3001 397">
     <span class='ocr_line' id='line_1_61' title="bbox 1176 319 3001 397; baseline -0.01 1"><span class='ocrx_word' id='word_1_439' title='bbox 1176 338 1236 397; x_wconf 87' lang='lat' dir='ltr'><strong>s.</strong></span> <span class='ocrx_word' id='word_1_440' title='bbox 1273 333 1555 396; x_wconf 75' lang='grc' dir='ltr'>ιυΑιιιιιε</span> <span class='ocrx_word' id='word_1_441' title='bbox 1583 324 2058 388; x_wconf 73' lang='lat' dir='ltr'><strong>cnnvsosront</strong></span> <span class='ocrx_word' id='word_1_442' title='bbox 2105 322 2420 381; x_wconf 80' lang='lat' dir='ltr'><strong>AltClllEP.</strong></span> <span class='ocrx_word' id='word_1_443' title='bbox 2462 319 3001 382; x_wconf 71' lang='lat' dir='ltr'><strong>CONSTAN’HNOI’.</strong></span> 
     </span>
    </p>
   </div>
   <div class='ocr_carea' id='block_1_62' title="bbox 3610 331 3717 390">
    <p class='ocr_par' dir='ltr' id='par_1_62' title="bbox 3610 331 3717 390">
     <span class='ocr_line' id='line_1_62' title="bbox 3610 331 3717 390; baseline -0.019 0"><span class='ocrx_word' id='word_1_444' title='bbox 3610 331 3717 390; x_wconf 73' lang='grc' dir='ltr'><strong>111ιὶ</strong></span> 
     </span>
    </p>
   </div>
   <div class='ocr_carea' id='block_1_63' title="bbox 2198 438 3720 514">
    <p class='ocr_par' dir='ltr' id='par_1_63' title="bbox 2198 438 3720 514">
     <span class='ocr_line' id='line_1_63' title="bbox 2198 438 3720 514; baseline 0.005 -18"><span class='ocrx_word' id='word_1_445' title='bbox 2198 455 2332 512; x_wconf 82' lang='lat' dir='ltr'><strong>gens</strong></span> <span class='ocrx_word' id='word_1_446' title='bbox 2383 441 2638 510; x_wconf 91' lang='lat' dir='ltr'><strong>temporis</strong></span> <span class='ocrx_word' id='word_1_447' title='bbox 2686 439 3021 495; x_wconf 88' lang='lat' dir='ltr'><strong>intervallum</strong></span> <span class='ocrx_word' id='word_1_448' title='bbox 3065 438 3452 506; x_wconf 84' lang='lat' dir='ltr'><strong>intercesserit,</strong></span> <span class='ocrx_word' id='word_1_449' title='bbox 3489 459 3720 514; x_wconf 77' lang='lat' dir='ltr'><strong>numquam</strong></span> 
     </span>
    </p>
   </div>
   <div class='ocr_carea' id='block_1_64' title="bbox 2197 532 3723 606">
    <p class='ocr_par' dir='ltr' id='par_1_64' title="bbox 2197 532 3723 606">
     <span class='ocr_line' id='line_1_64' title="bbox 2197 532 3723 606; baseline 0.004 -18"><span class='ocrx_word' id='word_1_450' title='bbox 2197 544 2375 588; x_wconf 84' lang='lat' dir='ltr'><strong>tamen</strong></span> <span class='ocrx_word' id='word_1_451' title='bbox 2414 532 2761 588; x_wconf 89' lang='lat' dir='ltr'><strong>obliviscetur</strong></span> <span class='ocrx_word' id='word_1_452' title='bbox 2795 547 2984 587; x_wconf 90' lang='lat' dir='ltr'><strong>eorum</strong></span> <span class='ocrx_word' id='word_1_453' title='bbox 3021 547 3142 604; x_wconf 68' lang='lat' dir='ltr'><strong>qua:</strong></span> <span class='ocrx_word' id='word_1_454' title='bbox 3183 532 3316 588; x_wconf 91' lang='lat' dir='ltr'><strong>facta</strong></span> <span class='ocrx_word' id='word_1_455' title='bbox 3357 545 3487 589; x_wconf 90' lang='lat' dir='ltr'><strong>sunt.</strong></span> <span class='ocrx_word' id='word_1_456' title='bbox 3535 537 3651 606; x_wconf 83' lang='lat' dir='ltr'><strong>Quin</strong></span> <span class='ocrx_word' id='word_1_457' title='bbox 3685 551 3723 597; x_wconf 78' lang='lat' dir='ltr'><strong>et</strong></span> 
     </span>
    </p>
   </div>
   <div class='ocr_carea' id='block_1_65' title="bbox 2195 628 3723 704">
    <p class='ocr_par' dir='ltr' id='par_1_65' title="bbox 2195 628 3723 704">
     <span class='ocr_line' id='line_1_65' title="bbox 2195 628 3723 704; baseline -0.004 -22"><span class='ocrx_word' id='word_1_458' title='bbox 2195 641 2317 682; x_wconf 92' lang='lat' dir='ltr'><strong>cum</strong></span> <span class='ocrx_word' id='word_1_459' title='bbox 2363 634 2701 696; x_wconf 88' lang='lat' dir='ltr'><strong>perpetratur</strong></span> <span class='ocrx_word' id='word_1_460' title='bbox 2755 636 3066 696; x_wconf 87' lang='lat' dir='ltr'><strong>peccatum,</strong></span> <span class='ocrx_word' id='word_1_461' title='bbox 3127 638 3182 682; x_wconf 91' lang='lat' dir='ltr'><strong>et</strong></span> <span class='ocrx_word' id='word_1_462' title='bbox 3242 628 3529 698; x_wconf 91' lang='lat' dir='ltr'><strong>priusquam</strong></span> <span class='ocrx_word' id='word_1_463' title='bbox 3577 647 3723 704; x_wconf 69' lang='grc' dir='ltr'>ρει-με.</span> 
     </span>
    </p>
   </div>
   <div class='ocr_carea' id='block_1_66' title="bbox 2199 717 3728 788">
    <p class='ocr_par' dir='ltr' id='par_1_66' title="bbox 2199 717 3728 788">
     <span class='ocr_line' id='line_1_66' title="bbox 2199 717 3728 788; baseline 0.005 -16"><span class='ocrx_word' id='word_1_464' title='bbox 2199 727 2389 782; x_wconf 88' lang='lat' dir='ltr'><strong>tretur,</strong></span> <span class='ocrx_word' id='word_1_465' title='bbox 2441 727 2496 772; x_wconf 93' lang='lat' dir='ltr'><strong>et</strong></span> <span class='ocrx_word' id='word_1_466' title='bbox 2537 717 2815 788; x_wconf 87' lang='lat' dir='ltr'><strong>postquam</strong></span> <span class='ocrx_word' id='word_1_467' title='bbox 2860 729 2944 774; x_wconf 89' lang='lat' dir='ltr'><strong>est</strong></span> <span class='ocrx_word' id='word_1_468' title='bbox 2983 729 3378 788; x_wconf 88' lang='lat' dir='ltr'><strong>perpetratum,</strong></span> <span class='ocrx_word' id='word_1_469' title='bbox 3427 723 3623 778; x_wconf 88' lang='lat' dir='ltr'><strong>acerbus</strong></span> <span class='ocrx_word' id='word_1_470' title='bbox 3658 741 3728 781; x_wconf 67' lang='lat' dir='ltr'><strong>no.</strong></span> 
     </span>
    </p>
   </div>
   <div class='ocr_carea' id='block_1_67' title="bbox 2194 811 3730 888">
    <p class='ocr_par' dir='ltr' id='par_1_67' title="bbox 2194 811 3730 888">
     <span class='ocr_line' id='line_1_67' title="bbox 2194 811 3730 888; baseline 0.003 -21"><span class='ocrx_word' id='word_1_471' title='bbox 2194 811 2280 867; x_wconf 88' lang='lat' dir='ltr'><strong>bis</strong></span> <span class='ocrx_word' id='word_1_472' title='bbox 2341 811 2584 868; x_wconf 91' lang='lat' dir='ltr'><strong>imminet</strong></span> <span class='ocrx_word' id='word_1_473' title='bbox 2640 821 2944 878; x_wconf 86' lang='lat' dir='ltr'><strong>accusator,</strong></span> <span class='ocrx_word' id='word_1_474' title='bbox 2992 813 3223 868; x_wconf 80' lang='lat' dir='ltr'><strong>maxime</strong></span> <span class='ocrx_word' id='word_1_475' title='bbox 3275 828 3400 868; x_wconf 91' lang='lat' dir='ltr'><strong>vero</strong></span> <span class='ocrx_word' id='word_1_476' title='bbox 3445 827 3730 888; x_wconf 79' lang='lat' dir='ltr'><strong>posteaquam</strong></span> 
     </span>
    </p>
   </div>
   <div class='ocr_carea' id='block_1_68' title="bbox 2198 903 3732 977">
    <p class='ocr_par' dir='ltr' id='par_1_68' title="bbox 2198 903 3732 977">
     <span class='ocr_line' id='line_1_68' title="bbox 2198 903 3732 977; baseline 0.005 -19"><span class='ocrx_word' id='word_1_477' title='bbox 2198 913 2560 974; x_wconf 88' lang='lat' dir='ltr'><strong>perpetratum</strong></span> <span class='ocrx_word' id='word_1_478' title='bbox 2618 904 2795 959; x_wconf 89' lang='lat' dir='ltr'><strong>fuerit.</strong></span> <span class='ocrx_word' id='word_1_479' title='bbox 2862 903 2994 959; x_wconf 92' lang='lat' dir='ltr'><strong>Nam</strong></span> <span class='ocrx_word' id='word_1_480' title='bbox 3059 904 3112 959; x_wconf 90' lang='lat' dir='ltr'><strong>in</strong></span> <span class='ocrx_word' id='word_1_481' title='bbox 3153 907 3498 976; x_wconf 85' lang='lat' dir='ltr'><strong>perpetrando</strong></span> <span class='ocrx_word' id='word_1_482' title='bbox 3545 910 3732 977; x_wconf 76' lang='lat' dir='ltr'><strong>scelere,</strong></span> 
     </span>
    </p>
   </div>
   <div class='ocr_carea' id='block_1_69' title="bbox 2197 993 3716 1065">
    <p class='ocr_par' dir='ltr' id='par_1_69' title="bbox 2197 993 3716 1065">
     <span class='ocr_line' id='line_1_69' title="bbox 2197 993 3716 1065; baseline 0.005 -19"><span class='ocrx_word' id='word_1_483' title='bbox 2197 994 2449 1062; x_wconf 90' lang='lat' dir='ltr'><strong>quoniam</strong></span> <span class='ocrx_word' id='word_1_484' title='bbox 2497 993 2769 1064; x_wconf 89' lang='lat' dir='ltr'><strong>voluptate</strong></span> <span class='ocrx_word' id='word_1_485' title='bbox 2815 1007 3000 1049; x_wconf 88' lang='lat' dir='ltr'><strong>sumus</strong></span> <span class='ocrx_word' id='word_1_486' title='bbox 3039 993 3204 1060; x_wconf 91' lang='lat' dir='ltr'><strong>ebrii,</strong></span> <span class='ocrx_word' id='word_1_487' title='bbox 3258 1012 3362 1050; x_wconf 94' lang='lat' dir='ltr'><strong>non</strong></span> <span class='ocrx_word' id='word_1_488' title='bbox 3408 997 3604 1065; x_wconf 85' lang='lat' dir='ltr'><strong>perinde</strong></span> <span class='ocrx_word' id='word_1_489' title='bbox 3644 1012 3716 1055; x_wconf 79' lang='lat' dir='ltr'><strong>seu</strong></span> 
     </span>
    </p>
   </div>
   <div class='ocr_carea' id='block_1_70' title="bbox 2197 1084 3736 1156">
    <p class='ocr_par' dir='ltr' id='par_1_70' title="bbox 2197 1084 3736 1156">
     <span class='ocr_line' id='line_1_70' title="bbox 2197 1084 3736 1156; baseline 0.006 -18"><span class='ocrx_word' id='word_1_490' title='bbox 2197 1084 2357 1138; x_wconf 90' lang='lat' dir='ltr'><strong>timus</strong></span> <span class='ocrx_word' id='word_1_491' title='bbox 2402 1101 2418 1139; x_wconf 88' lang='lat'><strong>:</strong></span> <span class='ocrx_word' id='word_1_492' title='bbox 2467 1094 2720 1140; x_wconf 63' lang='lat' dir='ltr'><strong>caeterum</strong></span> <span class='ocrx_word' id='word_1_493' title='bbox 2787 1084 2946 1140; x_wconf 89' lang='lat' dir='ltr'><strong>simul</strong></span> <span class='ocrx_word' id='word_1_494' title='bbox 2996 1093 3158 1156; x_wconf 90' lang='lat' dir='ltr'><strong>atque</strong></span> <span class='ocrx_word' id='word_1_495' title='bbox 3219 1087 3547 1144; x_wconf 88' lang='lat' dir='ltr'><strong>commissum</strong></span> <span class='ocrx_word' id='word_1_496' title='bbox 3581 1089 3736 1154; x_wconf 80' lang='lat' dir='ltr'><strong>fuerit,</strong></span> 
     </span>
    </p>
   </div>
   <div class='ocr_carea' id='block_1_71' title="bbox 2196 1177 3731 1253">
    <p class='ocr_par' dir='ltr' id='par_1_71' title="bbox 2196 1177 3731 1253">
     <span class='ocr_line' id='line_1_71' title="bbox 2196 1177 3731 1253; baseline 0.005 -23"><span class='ocrx_word' id='word_1_497' title='bbox 2196 1177 2506 1248; x_wconf 88' lang='lat' dir='ltr'><strong>ceperitque</strong></span> <span class='ocrx_word' id='word_1_498' title='bbox 2548 1177 2728 1245; x_wconf 89' lang='lat' dir='ltr'><strong>linem,</strong></span> <span class='ocrx_word' id='word_1_499' title='bbox 2776 1186 2884 1232; x_wconf 92' lang='lat' dir='ltr'><strong>tum</strong></span> <span class='ocrx_word' id='word_1_500' title='bbox 2925 1177 3142 1235; x_wconf 90' lang='lat' dir='ltr'><strong>demum</strong></span> <span class='ocrx_word' id='word_1_501' title='bbox 3189 1181 3447 1236; x_wconf 78' lang='lat' dir='ltr'><strong>exStincta</strong></span> <span class='ocrx_word' id='word_1_502' title='bbox 3494 1183 3731 1253; x_wconf 81' lang='lat' dir='ltr'><strong>voluptate,</strong></span> 
     </span>
    </p>
   </div>
   <div class='ocr_carea' id='block_1_72' title="bbox 2195 1269 3732 1344">
    <p class='ocr_par' dir='ltr' id='par_1_72' title="bbox 2195 1269 3732 1344">
     <span class='ocr_line' id='line_1_72' title="bbox 2195 1269 3732 1344; baseline 0.005 -23"><span class='ocrx_word' id='word_1_503' title='bbox 2195 1282 2412 1324; x_wconf 91' lang='lat' dir='ltr'><strong>amarus</strong></span> <span class='ocrx_word' id='word_1_504' title='bbox 2461 1269 2790 1338; x_wconf 62' lang='lat' dir='ltr'><strong>poenitentia:</strong></span> <span class='ocrx_word' id='word_1_505' title='bbox 2831 1271 3078 1326; x_wconf 86' lang='lat' dir='ltr'><strong>stimulus</strong></span> <span class='ocrx_word' id='word_1_506' title='bbox 3105 1272 3364 1339; x_wconf 89' lang='lat' dir='ltr'><strong>succedit,</strong></span> <span class='ocrx_word' id='word_1_507' title='bbox 3411 1281 3582 1328; x_wconf 83' lang='lat' dir='ltr'><strong>contra</strong></span> <span class='ocrx_word' id='word_1_508' title='bbox 3611 1290 3732 1344; x_wconf 83' lang='lat' dir='ltr'><strong>quam</strong></span> 
     </span>
    </p>
   </div>
   <div class='ocr_carea' id='block_1_73' title="bbox 2196 1359 3736 1433">
    <p class='ocr_par' dir='ltr' id='par_1_73' title="bbox 2196 1359 3736 1433">
     <span class='ocr_line' id='line_1_73' title="bbox 2196 1359 3736 1433; baseline 0.001 -19"><span class='ocrx_word' id='word_1_509' title='bbox 2196 1359 2440 1414; x_wconf 86' lang='lat' dir='ltr'><strong>accidere</strong></span> <span class='ocrx_word' id='word_1_510' title='bbox 2488 1361 2624 1416; x_wconf 89' lang='lat' dir='ltr'><strong>solet</strong></span> <span class='ocrx_word' id='word_1_511' title='bbox 2676 1361 2989 1418; x_wconf 90' lang='lat' dir='ltr'><strong>mulieribus</strong></span> <span class='ocrx_word' id='word_1_512' title='bbox 3032 1361 3465 1433; x_wconf 89' lang='lat' dir='ltr'><strong>parturientibus.</strong></span> <span class='ocrx_word' id='word_1_513' title='bbox 3514 1363 3628 1418; x_wconf 87' lang='lat' dir='ltr'><strong>Nam</strong></span> <span class='ocrx_word' id='word_1_514' title='bbox 3659 1365 3736 1418; x_wconf 78' lang='lat' dir='ltr'><strong>illis</strong></span> 
     </span>
    </p>
   </div>
   <div class='ocr_carea' id='block_1_74' title="bbox 2196 1451 3736 1525">
    <p class='ocr_par' dir='ltr' id='par_1_74' title="bbox 2196 1451 3736 1525">
     <span class='ocr_line' id='line_1_74' title="bbox 2196 1451 3736 1525; baseline 0.003 -21"><span class='ocrx_word' id='word_1_515' title='bbox 2196 1461 2320 1506; x_wconf 89' lang='lat' dir='ltr'><strong>ante</strong></span> <span class='ocrx_word' id='word_1_516' title='bbox 2346 1461 2556 1522; x_wconf 90' lang='lat' dir='ltr'><strong>partum</strong></span> <span class='ocrx_word' id='word_1_517' title='bbox 2589 1451 2741 1506; x_wconf 88' lang='lat' dir='ltr'><strong>labor</strong></span> <span class='ocrx_word' id='word_1_518' title='bbox 2766 1463 2849 1507; x_wconf 90' lang='lat' dir='ltr'><strong>est</strong></span> <span class='ocrx_word' id='word_1_519' title='bbox 2873 1452 3062 1525; x_wconf 83' lang='lat' dir='ltr'><strong>ingens</strong></span> <span class='ocrx_word' id='word_1_520' title='bbox 3081 1495 3095 1518; x_wconf 95' lang='lat'><strong>,</strong></span> <span class='ocrx_word' id='word_1_521' title='bbox 3133 1470 3422 1525; x_wconf 77' lang='lat' dir='ltr'><strong>gravesque</strong></span> <span class='ocrx_word' id='word_1_522' title='bbox 3450 1456 3588 1510; x_wconf 86' lang='lat' dir='ltr'><strong>nixus</strong></span> <span class='ocrx_word' id='word_1_523' title='bbox 3609 1497 3622 1522; x_wconf 92' lang='lat'><strong>,</strong></span> <span class='ocrx_word' id='word_1_524' title='bbox 3655 1455 3736 1510; x_wconf 88' lang='lat' dir='ltr'><strong>dis-</strong></span> 
     </span>
    </p>
   </div>
   <div class='ocr_carea' id='block_1_75' title="bbox 2196 1543 3736 1616">
    <p class='ocr_par' dir='ltr' id='par_1_75' title="bbox 2196 1543 3736 1616">
     <span class='ocr_line' id='line_1_75' title="bbox 2196 1543 3736 1616; baseline 0.001 -18"><span class='ocrx_word' id='word_1_525' title='bbox 2196 1553 2440 1598; x_wconf 89' lang='lat' dir='ltr'><strong>secantes</strong></span> <span class='ocrx_word' id='word_1_526' title='bbox 2459 1559 2553 1598; x_wconf 87' lang='lat' dir='ltr'><strong>eas</strong></span> <span class='ocrx_word' id='word_1_527' title='bbox 2586 1543 2934 1599; x_wconf 89' lang='lat' dir='ltr'><strong>intolerandis</strong></span> <span class='ocrx_word' id='word_1_528' title='bbox 2955 1545 3232 1602; x_wconf 89' lang='lat' dir='ltr'><strong>doloribus</strong></span> <span class='ocrx_word' id='word_1_529' title='bbox 3258 1562 3272 1599; x_wconf 84' lang='lat'><strong>:</strong></span> <span class='ocrx_word' id='word_1_530' title='bbox 3297 1555 3413 1616; x_wconf 89' lang='lat' dir='ltr'><strong>post</strong></span> <span class='ocrx_word' id='word_1_531' title='bbox 3433 1555 3618 1616; x_wconf 90' lang='lat' dir='ltr'><strong>partum</strong></span> <span class='ocrx_word' id='word_1_532' title='bbox 3641 1562 3736 1602; x_wconf 84' lang='lat' dir='ltr'><strong>vero</strong></span> 
     </span>
    </p>
   </div>
   <div class='ocr_carea' id='block_1_76' title="bbox 2195 1623 3735 1712">
    <p class='ocr_par' dir='ltr' id='par_1_76' title="bbox 2195 1623 3735 1712">
     <span class='ocr_line' id='line_1_76' title="bbox 2195 1623 3735 1712; baseline 0.001 -19"><span class='ocrx_word' id='word_1_533' title='bbox 2195 1638 2472 1705; x_wconf 85' lang='lat' dir='ltr'><strong>relaxatio,</strong></span> <span class='ocrx_word' id='word_1_534' title='bbox 2515 1623 2699 1695; x_wconf 85' lang='lat' dir='ltr'><strong>dolore</strong></span> <span class='ocrx_word' id='word_1_535' title='bbox 2737 1639 2892 1694; x_wconf 90' lang='lat' dir='ltr'><strong>simul</strong></span> <span class='ocrx_word' id='word_1_536' title='bbox 2921 1654 3044 1694; x_wconf 92' lang='lat' dir='ltr'><strong>cum</strong></span> <span class='ocrx_word' id='word_1_537' title='bbox 3073 1639 3273 1695; x_wconf 80' lang='lat' dir='ltr'><strong>infante</strong></span> <span class='ocrx_word' id='word_1_538' title='bbox 3306 1640 3630 1712; x_wconf 86' lang='lat' dir='ltr'><strong>egrediente:</strong></span> <span class='ocrx_word' id='word_1_539' title='bbox 3663 1656 3735 1694; x_wconf 84' lang='lat' dir='ltr'><strong>vc-</strong></span> 
     </span>
    </p>
   </div>
   <div class='ocr_carea' id='block_1_77' title="bbox 2197 1730 3736 1802">
    <p class='ocr_par' dir='ltr' id='par_1_77' title="bbox 2197 1730 3736 1802">
     <span class='ocr_line' id='line_1_77' title="bbox 2197 1730 3736 1802; baseline -0.001 -18"><span class='ocrx_word' id='word_1_540' title='bbox 2197 1746 2314 1785; x_wconf 92' lang='lat' dir='ltr'><strong>rum</strong></span> <span class='ocrx_word' id='word_1_541' title='bbox 2340 1730 2424 1786; x_wconf 91' lang='lat' dir='ltr'><strong>hic</strong></span> <span class='ocrx_word' id='word_1_542' title='bbox 2449 1746 2554 1786; x_wconf 92' lang='lat' dir='ltr'><strong>non</strong></span> <span class='ocrx_word' id='word_1_543' title='bbox 2579 1733 2724 1797; x_wconf 91' lang='lat' dir='ltr'><strong>item,</strong></span> <span class='ocrx_word' id='word_1_544' title='bbox 2753 1732 2848 1787; x_wconf 89' lang='lat' dir='ltr'><strong>sed</strong></span> <span class='ocrx_word' id='word_1_545' title='bbox 2864 1731 2990 1786; x_wconf 91' lang='lat' dir='ltr'><strong>dum</strong></span> <span class='ocrx_word' id='word_1_546' title='bbox 3012 1732 3337 1802; x_wconf 89' lang='lat' dir='ltr'><strong>parturimus</strong></span> <span class='ocrx_word' id='word_1_547' title='bbox 3359 1733 3736 1802; x_wconf 79' lang='lat' dir='ltr'><strong>concipimusque</strong></span> 
     </span>
    </p>
   </div>
   <div class='ocr_carea' id='block_1_78' title="bbox 2195 1821 3736 1895">
    <p class='ocr_par' dir='ltr' id='par_1_78' title="bbox 2195 1821 3736 1895">
     <span class='ocr_line' id='line_1_78' title="bbox 2195 1821 3736 1895; baseline 0 -18"><span class='ocrx_word' id='word_1_548' title='bbox 2195 1832 2476 1892; x_wconf 91' lang='lat' dir='ltr'><strong>corruptos</strong></span> <span class='ocrx_word' id='word_1_549' title='bbox 2501 1821 2723 1879; x_wconf 71' lang='lat' dir='ltr'><strong>affectus</strong></span> <span class='ocrx_word' id='word_1_550' title='bbox 2745 1865 2760 1890; x_wconf 90' lang='lat'><strong>,</strong></span> <span class='ocrx_word' id='word_1_551' title='bbox 2799 1823 3131 1879; x_wconf 84' lang='lat' dir='ltr'><strong>delectamur</strong></span> <span class='ocrx_word' id='word_1_552' title='bbox 3155 1823 3543 1895; x_wconf 89' lang='lat' dir='ltr'><strong>gaudemusque</strong></span> <span class='ocrx_word' id='word_1_553' title='bbox 3574 1842 3588 1878; x_wconf 91' lang='lat'><strong>:</strong></span> <span class='ocrx_word' id='word_1_554' title='bbox 3617 1832 3736 1877; x_wconf 73' lang='lat' dir='ltr'><strong>czete-</strong></span> 
     </span>
    </p>
   </div>
   <div class='ocr_carea' id='block_1_79' title="bbox 2195 1914 3737 1987">
    <p class='ocr_par' dir='ltr' id='par_1_79' title="bbox 2195 1914 3737 1987">
     <span class='ocr_line' id='line_1_79' title="bbox 2195 1914 3737 1987; baseline -0.001 -19"><span class='ocrx_word' id='word_1_555' title='bbox 2195 1929 2313 1968; x_wconf 90' lang='lat' dir='ltr'><strong>rum</strong></span> <span class='ocrx_word' id='word_1_556' title='bbox 2329 1915 2413 1970; x_wconf 92' lang='lat' dir='ltr'><strong>ubi</strong></span> <span class='ocrx_word' id='word_1_557' title='bbox 2431 1914 2688 1970; x_wconf 86' lang='lat' dir='ltr'><strong>fuerimus</strong></span> <span class='ocrx_word' id='word_1_558' title='bbox 2709 1915 2850 1970; x_wconf 80' lang='lat' dir='ltr'><strong>enixi</strong></span> <span class='ocrx_word' id='word_1_559' title='bbox 2871 1915 3068 1971; x_wconf 91' lang='lat' dir='ltr'><strong>malum</strong></span> <span class='ocrx_word' id='word_1_560' title='bbox 3085 1916 3230 1971; x_wconf 91' lang='lat' dir='ltr'><strong>illum</strong></span> <span class='ocrx_word' id='word_1_561' title='bbox 3251 1932 3473 1986; x_wconf 91' lang='lat' dir='ltr'><strong>puerum</strong></span> <span class='ocrx_word' id='word_1_562' title='bbox 3495 1926 3737 1987; x_wconf 90' lang='lat' dir='ltr'><strong>peccatum,</strong></span> 
     </span>
    </p>
   </div>
   <div class='ocr_carea' id='block_1_80' title="bbox 2198 2005 3738 2078">
    <p class='ocr_par' dir='ltr' id='par_1_80' title="bbox 2198 2005 3738 2078">
     <span class='ocr_line' id='line_1_80' title="bbox 2198 2005 3738 2078; baseline 0.001 -20"><span class='ocrx_word' id='word_1_563' title='bbox 2198 2013 2306 2059; x_wconf 92' lang='lat' dir='ltr'><strong>tum</strong></span> <span class='ocrx_word' id='word_1_564' title='bbox 2343 2013 2627 2076; x_wconf 88' lang='lat' dir='ltr'><strong>conspecta</strong></span> <span class='ocrx_word' id='word_1_565' title='bbox 2655 2005 2892 2062; x_wconf 70' lang='lat' dir='ltr'><strong>foeditate</strong></span> <span class='ocrx_word' id='word_1_566' title='bbox 2937 2015 3140 2076; x_wconf 90' lang='lat' dir='ltr'><strong>partus,</strong></span> <span class='ocrx_word' id='word_1_567' title='bbox 3171 2006 3546 2063; x_wconf 90' lang='lat' dir='ltr'><strong>discruciamur</strong></span> <span class='ocrx_word' id='word_1_568' title='bbox 3573 2008 3738 2078; x_wconf 77' lang='lat' dir='ltr'><strong>gravius</strong></span> 
     </span>
    </p>
   </div>
   <div class='ocr_carea' id='block_1_81' title="bbox 2195 2096 3738 2170">
    <p class='ocr_par' dir='ltr' id='par_1_81' title="bbox 2195 2096 3738 2170">
     <span class='ocr_line' id='line_1_81' title="bbox 2195 2096 3738 2170; baseline 0.003 -22"><span class='ocrx_word' id='word_1_569' title='bbox 2195 2110 2354 2165; x_wconf 90' lang='lat' dir='ltr'><strong>quam</strong></span> <span class='ocrx_word' id='word_1_570' title='bbox 2393 2096 2646 2152; x_wconf 85' lang='lat' dir='ltr'><strong>mulieres</strong></span> <span class='ocrx_word' id='word_1_571' title='bbox 2682 2097 3058 2166; x_wconf 87' lang='lat' dir='ltr'><strong>parturientes.</strong></span> <span class='ocrx_word' id='word_1_572' title='bbox 3087 2098 3426 2170; x_wconf 84' lang='lat' dir='ltr'><strong>Quapropter</strong></span> <span class='ocrx_word' id='word_1_573' title='bbox 3447 2115 3538 2166; x_wconf 91' lang='lat' dir='ltr'><strong>ne,</strong></span> <span class='ocrx_word' id='word_1_574' title='bbox 3575 2114 3601 2152; x_wconf 91' lang='lat' dir='ltr'><strong>a</strong></span> <span class='ocrx_word' id='word_1_575' title='bbox 3627 2099 3738 2169; x_wconf 88' lang='lat' dir='ltr'><strong>prin-</strong></span> 
     </span>
    </p>
   </div>
   <div class='ocr_carea' id='block_1_82' title="bbox 2195 2185 3740 2260">
    <p class='ocr_par' dir='ltr' id='par_1_82' title="bbox 2195 2185 3740 2260">
     <span class='ocr_line' id='line_1_82' title="bbox 2195 2185 3740 2260; baseline 0.004 -22"><span class='ocrx_word' id='word_1_576' title='bbox 2195 2185 2336 2254; x_wconf 88' lang='lat' dir='ltr'><strong>cipio</strong></span> <span class='ocrx_word' id='word_1_577' title='bbox 2365 2188 2612 2252; x_wconf 77' lang='lat' dir='ltr'><strong>maxime,</strong></span> <span class='ocrx_word' id='word_1_578' title='bbox 2647 2189 3013 2258; x_wconf 90' lang='lat' dir='ltr'><strong>concipiamus</strong></span> <span class='ocrx_word' id='word_1_579' title='bbox 3036 2189 3085 2242; x_wconf 92' lang='lat' dir='ltr'><strong>in</strong></span> <span class='ocrx_word' id='word_1_580' title='bbox 3106 2189 3290 2244; x_wconf 88' lang='lat' dir='ltr'><strong>animo</strong></span> <span class='ocrx_word' id='word_1_581' title='bbox 3315 2199 3604 2260; x_wconf 85' lang='lat' dir='ltr'><strong>corruptam</strong></span> <span class='ocrx_word' id='word_1_582' title='bbox 3627 2190 3740 2260; x_wconf 87' lang='lat' dir='ltr'><strong>cupi-</strong></span> 
     </span>
    </p>
   </div>
   <div class='ocr_carea' id='block_1_83' title="bbox 2194 2277 3740 2352">
    <p class='ocr_par' dir='ltr' id='par_1_83' title="bbox 2194 2277 3740 2352">
     <span class='ocr_line' id='line_1_83' title="bbox 2194 2277 3740 2352; baseline 0.002 -19"><span class='ocrx_word' id='word_1_583' title='bbox 2194 2277 2412 2333; x_wconf 87' lang='lat' dir='ltr'><strong>ditatem</strong></span> <span class='ocrx_word' id='word_1_584' title='bbox 2444 2297 2457 2333; x_wconf 91' lang='lat'>:</span> <span class='ocrx_word' id='word_1_585' title='bbox 2489 2279 2631 2349; x_wconf 92' lang='lat' dir='ltr'><strong>quod</strong></span> <span class='ocrx_word' id='word_1_586' title='bbox 2662 2281 2703 2334; x_wconf 91' lang='lat' dir='ltr'><strong>si</strong></span> <span class='ocrx_word' id='word_1_587' title='bbox 2734 2281 2948 2350; x_wconf 89' lang='lat' dir='ltr'><strong>quando</strong></span> <span class='ocrx_word' id='word_1_588' title='bbox 2973 2282 3401 2352; x_wconf 87' lang='lat' dir='ltr'><strong>conceperimus,</strong></span> <span class='ocrx_word' id='word_1_589' title='bbox 3427 2291 3587 2338; x_wconf 91' lang='lat' dir='ltr'><strong>tamen</strong></span> <span class='ocrx_word' id='word_1_590' title='bbox 3613 2282 3740 2337; x_wconf 87' lang='lat' dir='ltr'><strong>fetum</strong></span> 
     </span>
    </p>
   </div>
   <div class='ocr_carea' id='block_1_84' title="bbox 2195 2368 3741 2444">
    <p class='ocr_par' dir='ltr' id='par_1_84' title="bbox 2195 2368 3741 2444">
     <span class='ocr_line' id='line_1_84' title="bbox 2195 2368 3741 2444; baseline 0.001 -18"><span class='ocrx_word' id='word_1_591' title='bbox 2195 2371 2337 2426; x_wconf 92' lang='lat' dir='ltr'><strong>intus</strong></span> <span class='ocrx_word' id='word_1_592' title='bbox 2363 2368 2734 2440; x_wconf 66' lang='lat' dir='ltr'><strong>prmfoeetnus.</strong></span> <span class='ocrx_word' id='word_1_593' title='bbox 2777 2371 2981 2426; x_wconf 79' lang='lat' dir='ltr'><strong>Rursus</strong></span> <span class='ocrx_word' id='word_1_594' title='bbox 3014 2373 3058 2426; x_wconf 89' lang='lat' dir='ltr'><strong>si</strong></span> <span class='ocrx_word' id='word_1_595' title='bbox 3087 2371 3190 2429; x_wconf 91' lang='lat' dir='ltr'><strong>bue</strong></span> <span class='ocrx_word' id='word_1_596' title='bbox 3220 2387 3392 2444; x_wconf 87' lang='lat' dir='ltr'><strong>usque</strong></span> <span class='ocrx_word' id='word_1_597' title='bbox 3422 2373 3649 2428; x_wconf 88' lang='lat' dir='ltr'><strong>fuerimus</strong></span> <span class='ocrx_word' id='word_1_598' title='bbox 3670 2387 3741 2427; x_wconf 82' lang='lat' dir='ltr'><strong>ne-</strong></span> 
     </span>
    </p>
   </div>
   <div class='ocr_carea' id='block_1_85' title="bbox 2193 2463 3742 2536">
    <p class='ocr_par' dir='ltr' id='par_1_85' title="bbox 2193 2463 3742 2536">
     <span class='ocr_line' id='line_1_85' title="bbox 2193 2463 3742 2536; baseline 0.002 -19"><span class='ocrx_word' id='word_1_599' title='bbox 2193 2464 2452 2534; x_wconf 87' lang='lat' dir='ltr'><strong>gligentes</strong></span> <span class='ocrx_word' id='word_1_600' title='bbox 2471 2505 2486 2528; x_wconf 95' lang='lat'><strong>,</strong></span> <span class='ocrx_word' id='word_1_601' title='bbox 2515 2463 2846 2533; x_wconf 90' lang='lat' dir='ltr'><strong>iniquitatem</strong></span> <span class='ocrx_word' id='word_1_602' title='bbox 2876 2465 2928 2519; x_wconf 92' lang='lat' dir='ltr'><strong>in</strong></span> <span class='ocrx_word' id='word_1_603' title='bbox 2973 2481 3108 2536; x_wconf 88' lang='lat' dir='ltr'><strong>opus</strong></span> <span class='ocrx_word' id='word_1_604' title='bbox 3137 2481 3473 2536; x_wconf 83' lang='lat' dir='ltr'><strong>progressam</strong></span> <span class='ocrx_word' id='word_1_605' title='bbox 3500 2481 3613 2522; x_wconf 90' lang='lat' dir='ltr'><strong>mox</strong></span> <span class='ocrx_word' id='word_1_606' title='bbox 3634 2467 3742 2520; x_wconf 68' lang='grc' dir='ltr'>θεοῖν</span> 
     </span>
    </p>
   </div>
   <div class='ocr_carea' id='block_1_86' title="bbox 2193 2553 3740 2630">
    <p class='ocr_par' dir='ltr' id='par_1_86' title="bbox 2193 2553 3740 2630">
     <span class='ocr_line' id='line_1_86' title="bbox 2193 2553 3740 2630; baseline 0.001 -21"><span class='ocrx_word' id='word_1_607' title='bbox 2193 2553 2384 2611; x_wconf 90' lang='lat' dir='ltr'><strong>damus</strong></span> <span class='ocrx_word' id='word_1_608' title='bbox 2414 2570 2508 2624; x_wconf 85' lang='lat' dir='ltr'><strong>per</strong></span> <span class='ocrx_word' id='word_1_609' title='bbox 2535 2553 2950 2620; x_wconf 86' lang='lat' dir='ltr'><strong>confessionem,</strong></span> <span class='ocrx_word' id='word_1_610' title='bbox 2993 2573 3087 2627; x_wconf 89' lang='lat' dir='ltr'><strong>per</strong></span> <span class='ocrx_word' id='word_1_611' title='bbox 3111 2558 3398 2630; x_wconf 79' lang='lat' dir='ltr'><strong>laerymas,</strong></span> <span class='ocrx_word' id='word_1_612' title='bbox 3432 2574 3521 2629; x_wconf 90' lang='lat' dir='ltr'><strong>per</strong></span> <span class='ocrx_word' id='word_1_613' title='bbox 3545 2557 3740 2629; x_wconf 84' lang='lat' dir='ltr'><strong>proprio-</strong></span> 
     </span>
    </p>
   </div>
   <div class='ocr_carea' id='block_1_87' title="bbox 2193 2650 3741 2708">
    <p class='ocr_par' dir='ltr' id='par_1_87' title="bbox 2193 2650 3741 2708">
     <span class='ocr_line' id='line_1_87' title="bbox 2193 2650 3741 2708; baseline 0.001 -5"><span class='ocrx_word' id='word_1_614' title='bbox 2193 2665 2312 2704; x_wconf 90' lang='lat' dir='ltr'><strong>rum</strong></span> <span class='ocrx_word' id='word_1_615' title='bbox 2366 2650 2773 2706; x_wconf 90' lang='lat' dir='ltr'><strong>commissorum</strong></span> <span class='ocrx_word' id='word_1_616' title='bbox 2825 2654 3244 2708; x_wconf 88' lang='lat' dir='ltr'><strong>accusationem.</strong></span> <span class='ocrx_word' id='word_1_617' title='bbox 3308 2651 3450 2708; x_wconf 86' lang='lat' dir='ltr'><strong>Nihil</strong></span> <span class='ocrx_word' id='word_1_618' title='bbox 3499 2653 3624 2707; x_wconf 87' lang='lat' dir='ltr'><strong>enim</strong></span> <span class='ocrx_word' id='word_1_619' title='bbox 3663 2661 3741 2705; x_wconf 89' lang='lat' dir='ltr'><strong>tam</strong></span> 
     </span>
    </p>
   </div>
   <div class='ocr_carea' id='block_1_88' title="bbox 2194 2741 3740 2814">
    <p class='ocr_par' dir='ltr' id='par_1_88' title="bbox 2194 2741 3740 2814">
     <span class='ocr_line' id='line_1_88' title="bbox 2194 2741 3740 2814; baseline -0.001 -17"><span class='ocrx_word' id='word_1_620' title='bbox 2194 2741 2410 2798; x_wconf 82' lang='lat' dir='ltr'><strong>exitiale</strong></span> <span class='ocrx_word' id='word_1_621' title='bbox 2453 2750 2692 2813; x_wconf 90' lang='lat' dir='ltr'><strong>peccato,</strong></span> <span class='ocrx_word' id='word_1_622' title='bbox 2721 2758 2879 2814; x_wconf 90' lang='lat' dir='ltr'><strong>quam</strong></span> <span class='ocrx_word' id='word_1_623' title='bbox 2913 2744 3116 2814; x_wconf 88' lang='lat' dir='ltr'><strong>peccati</strong></span> <span class='ocrx_word' id='word_1_624' title='bbox 3159 2745 3432 2800; x_wconf 91' lang='lat' dir='ltr'><strong>accusatio</strong></span> <span class='ocrx_word' id='word_1_625' title='bbox 3471 2743 3740 2800; x_wconf 83' lang='lat' dir='ltr'><strong>condemna-</strong></span> 
     </span>
    </p>
   </div>
   <div class='ocr_carea' id='block_1_89' title="bbox 2195 2834 3740 2908">
    <p class='ocr_par' dir='ltr' id='par_1_89' title="bbox 2195 2834 3740 2908">
     <span class='ocr_line' id='line_1_89' title="bbox 2195 2834 3740 2908; baseline 0 -20"><span class='ocrx_word' id='word_1_626' title='bbox 2195 2834 2396 2904; x_wconf 90' lang='lat' dir='ltr'><strong>tioque,</strong></span> <span class='ocrx_word' id='word_1_627' title='bbox 2419 2848 2540 2890; x_wconf 90' lang='lat' dir='ltr'><strong>cum</strong></span> <span class='ocrx_word' id='word_1_628' title='bbox 2571 2834 2900 2905; x_wconf 63' lang='lat' dir='ltr'><strong>paenitudine</strong></span> <span class='ocrx_word' id='word_1_629' title='bbox 2931 2836 3287 2908; x_wconf 86' lang='lat' dir='ltr'><strong>Iacrymisque</strong></span> <span class='ocrx_word' id='word_1_630' title='bbox 3319 2836 3606 2908; x_wconf 87' lang='lat' dir='ltr'><strong>conjuncta.</strong></span> <span class='ocrx_word' id='word_1_631' title='bbox 3630 2835 3740 2891; x_wconf 91' lang='lat' dir='ltr'><strong>Con-</strong></span> 
     </span>
    </p>
   </div>
   <div class='ocr_carea' id='block_1_90' title="bbox 2193 2925 3742 2999">
    <p class='ocr_par' dir='ltr' id='par_1_90' title="bbox 2193 2925 3742 2999">
     <span class='ocr_line' id='line_1_90' title="bbox 2193 2925 3742 2999; baseline -0.002 -18"><span class='ocrx_word' id='word_1_632' title='bbox 2193 2925 2456 2982; x_wconf 89' lang='lat' dir='ltr'><strong>demnasti</strong></span> <span class='ocrx_word' id='word_1_633' title='bbox 2494 2936 2639 2982; x_wconf 92' lang='lat' dir='ltr'><strong>tuum</strong></span> <span class='ocrx_word' id='word_1_634' title='bbox 2677 2928 2992 2998; x_wconf 85' lang='lat' dir='ltr'><strong>peccatum?</strong></span> <span class='ocrx_word' id='word_1_635' title='bbox 3032 2927 3332 2999; x_wconf 90' lang='lat' dir='ltr'><strong>deposuisti</strong></span> <span class='ocrx_word' id='word_1_636' title='bbox 3360 2929 3620 2984; x_wconf 88' lang='lat' dir='ltr'><strong>sarcinam.</strong></span> <span class='ocrx_word' id='word_1_637' title='bbox 3644 2925 3742 2994; x_wconf 78' lang='lat' dir='ltr'><strong>Quis</strong></span> 
     </span>
    </p>
   </div>
   <div class='ocr_carea' id='block_1_91' title="bbox 2194 3015 3740 3091">
    <p class='ocr_par' dir='ltr' id='par_1_91' title="bbox 2194 3015 3740 3091">
     <span class='ocr_line' id='line_1_91' title="bbox 2194 3015 3740 3091; baseline -0.002 -19"><span class='ocrx_word' id='word_1_638' title='bbox 2194 3015 2312 3074; x_wconf 56' lang='lat' dir='ltr'><strong>haec</strong></span> <span class='ocrx_word' id='word_1_639' title='bbox 2340 3018 2507 3073; x_wconf 79' lang='lat' dir='ltr'><strong>dicit?</strong></span> <span class='ocrx_word' id='word_1_640' title='bbox 2546 3019 2666 3088; x_wconf 84' lang='lat' dir='ltr'><strong>Ipse</strong></span> <span class='ocrx_word' id='word_1_641' title='bbox 2686 3019 2849 3089; x_wconf 81' lang='lat' dir='ltr'><strong>judex</strong></span> <span class='ocrx_word' id='word_1_642' title='bbox 2879 3020 3038 3074; x_wconf 88' lang='lat' dir='ltr'><strong>Deus.</strong></span> <span class='ocrx_word' id='word_1_643' title='bbox 3067 3019 3165 3073; x_wconf 87' lang='lat' dir='ltr'><strong>Dic</strong></span> <span class='ocrx_word' id='word_1_644' title='bbox 3193 3029 3250 3074; x_wconf 82' lang='lat' dir='ltr'><strong>tu</strong></span> <span class='ocrx_word' id='word_1_645' title='bbox 3279 3030 3482 3091; x_wconf 83' lang='lat' dir='ltr'><strong>peccata</strong></span> <span class='ocrx_word' id='word_1_646' title='bbox 3518 3032 3596 3074; x_wconf 86' lang='lat' dir='ltr'><strong>tua</strong></span> <span class='ocrx_word' id='word_1_647' title='bbox 3616 3019 3740 3090; x_wconf 83' lang='lat' dir='ltr'><strong>prior,</strong></span> 
     </span>
    </p>
   </div>
   <div class='ocr_carea' id='block_1_92' title="bbox 2195 3107 3738 3183">
    <p class='ocr_par' dir='ltr' id='par_1_92' title="bbox 2195 3107 3738 3183">
     <span class='ocr_line' id='line_1_92' title="bbox 2195 3107 3738 3183; baseline 0.003 -22"><span class='ocrx_word' id='word_1_648' title='bbox 2195 3118 2247 3161; x_wconf 85' lang='lat' dir='ltr'><strong>ut</strong></span> <span class='ocrx_word' id='word_1_649' title='bbox 2259 3110 2556 3178; x_wconf 76' lang='lat' dir='ltr'><strong>justiﬁceris</strong></span> <span class='ocrx_word' id='word_1_650' title='bbox 2579 3109 2730 3183; x_wconf 80' lang='lat' dir='ltr'><strong>(lsai.</strong></span> <span class='ocrx_word' id='word_1_651' title='bbox 2761 3111 2850 3166; x_wconf 67' lang='grc'><strong>45.</strong></span> <span class='ocrx_word' id='word_1_652' title='bbox 2882 3109 2999 3182; x_wconf 78' lang='grc'><strong>26).</strong></span> <span class='ocrx_word' id='word_1_653' title='bbox 3020 3107 3127 3166; x_wconf 90' lang='lat' dir='ltr'><strong>Cur</strong></span> <span class='ocrx_word' id='word_1_654' title='bbox 3150 3112 3313 3182; x_wconf 86' lang='lat' dir='ltr'><strong>igitur</strong></span> <span class='ocrx_word' id='word_1_655' title='bbox 3341 3120 3394 3168; x_wconf 89' lang='lat' dir='ltr'><strong>te</strong></span> <span class='ocrx_word' id='word_1_656' title='bbox 3413 3154 3427 3179; x_wconf 91' lang='lat'><strong>,</strong></span> <span class='ocrx_word' id='word_1_657' title='bbox 3451 3126 3643 3182; x_wconf 78' lang='lat' dir='ltr'><strong>quaeso,</strong></span> <span class='ocrx_word' id='word_1_658' title='bbox 3667 3123 3738 3178; x_wconf 85' lang='lat' dir='ltr'><strong>pu-</strong></span> 
     </span>
    </p>
   </div>
   <div class='ocr_carea' id='block_1_93' title="bbox 2193 3200 3740 3274">
    <p class='ocr_par' dir='ltr' id='par_1_93' title="bbox 2193 3200 3740 3274">
     <span class='ocr_line' id='line_1_93' title="bbox 2193 3200 3740 3274; baseline -0.003 -16"><span class='ocrx_word' id='word_1_659' title='bbox 2193 3201 2318 3268; x_wconf 89' lang='lat' dir='ltr'><strong>det,</strong></span> <span class='ocrx_word' id='word_1_660' title='bbox 2353 3212 2406 3258; x_wconf 91' lang='lat' dir='ltr'><strong>et</strong></span> <span class='ocrx_word' id='word_1_661' title='bbox 2435 3204 2710 3260; x_wconf 90' lang='lat' dir='ltr'><strong>erubescis</strong></span> <span class='ocrx_word' id='word_1_662' title='bbox 2733 3203 2913 3260; x_wconf 88' lang='lat' dir='ltr'><strong>dicere</strong></span> <span class='ocrx_word' id='word_1_663' title='bbox 2954 3213 3168 3274; x_wconf 89' lang='lat' dir='ltr'><strong>peccata</strong></span> <span class='ocrx_word' id='word_1_664' title='bbox 3197 3205 3331 3260; x_wconf 74' lang='lat' dir='ltr'><strong>tua?</strong></span> <span class='ocrx_word' id='word_1_665' title='bbox 3358 3205 3492 3261; x_wconf 90' lang='lat' dir='ltr'><strong>Num</strong></span> <span class='ocrx_word' id='word_1_666' title='bbox 3525 3204 3648 3260; x_wconf 87' lang='lat' dir='ltr'><strong>enim</strong></span> <span class='ocrx_word' id='word_1_667' title='bbox 3671 3200 3740 3255; x_wconf 67' lang='lat' dir='ltr'><strong>lie</strong></span> 
     </span>
    </p>
   </div>
   <div class='ocr_carea' id='block_1_94' title="bbox 2196 3293 3744 3365">
    <p class='ocr_par' dir='ltr' id='par_1_94' title="bbox 2196 3293 3744 3365">
     <span class='ocr_line' id='line_1_94' title="bbox 2196 3293 3744 3365; baseline -0.003 -17"><span class='ocrx_word' id='word_1_668' title='bbox 2196 3294 2327 3348; x_wconf 90' lang='lat' dir='ltr'><strong>mini</strong></span> <span class='ocrx_word' id='word_1_669' title='bbox 2357 3293 2513 3361; x_wconf 89' lang='lat' dir='ltr'><strong>dicis,</strong></span> <span class='ocrx_word' id='word_1_670' title='bbox 2549 3305 2606 3349; x_wconf 92' lang='lat' dir='ltr'><strong>ut</strong></span> <span class='ocrx_word' id='word_1_671' title='bbox 2636 3304 2687 3350; x_wconf 92' lang='lat' dir='ltr'><strong>te</strong></span> <span class='ocrx_word' id='word_1_672' title='bbox 2710 3294 2907 3365; x_wconf 90' lang='lat' dir='ltr'><strong>probro</strong></span> <span class='ocrx_word' id='word_1_673' title='bbox 2935 3294 3170 3350; x_wconf 79' lang='lat' dir='ltr'><strong>alliciat?</strong></span> <span class='ocrx_word' id='word_1_674' title='bbox 3199 3295 3340 3351; x_wconf 93' lang='lat' dir='ltr'><strong>Num</strong></span> <span class='ocrx_word' id='word_1_675' title='bbox 3369 3297 3507 3352; x_wconf 89' lang='lat' dir='ltr'><strong>enim</strong></span> <span class='ocrx_word' id='word_1_676' title='bbox 3533 3307 3744 3350; x_wconf 88' lang='lat' dir='ltr'><strong>conservo</strong></span> 
     </span>
    </p>
   </div>
   <div class='ocr_carea' id='block_1_95' title="bbox 2193 3380 3743 3456">
    <p class='ocr_par' dir='ltr' id='par_1_95' title="bbox 2193 3380 3743 3456">
     <span class='ocr_line' id='line_1_95' title="bbox 2193 3380 3743 3456; baseline -0.003 -16"><span class='ocrx_word' id='word_1_677' title='bbox 2193 3384 2486 3451; x_wconf 85' lang='lat' dir='ltr'><strong>confiteris,</strong></span> <span class='ocrx_word' id='word_1_678' title='bbox 2528 3395 2587 3441; x_wconf 93' lang='lat' dir='ltr'><strong>ut</strong></span> <span class='ocrx_word' id='word_1_679' title='bbox 2621 3387 2674 3440; x_wconf 91' lang='lat' dir='ltr'><strong>in</strong></span> <span class='ocrx_word' id='word_1_680' title='bbox 2722 3386 2989 3456; x_wconf 86' lang='lat' dir='ltr'><strong>publicum</strong></span> <span class='ocrx_word' id='word_1_681' title='bbox 3024 3387 3306 3456; x_wconf 79' lang='lat' dir='ltr'><strong>proferat?</strong></span> <span class='ocrx_word' id='word_1_682' title='bbox 3350 3388 3461 3444; x_wconf 89' lang='lat' dir='ltr'><strong>lmo</strong></span> <span class='ocrx_word' id='word_1_683' title='bbox 3485 3400 3600 3442; x_wconf 89' lang='lat' dir='ltr'><strong>vero</strong></span> <span class='ocrx_word' id='word_1_684' title='bbox 3617 3384 3658 3440; x_wconf 92' lang='lat' dir='ltr'><strong>ei</strong></span> <span class='ocrx_word' id='word_1_685' title='bbox 3679 3380 3743 3452; x_wconf 85' lang='lat' dir='ltr'><strong>qui</strong></span> 
     </span>
    </p>
   </div>
   <div class='ocr_carea' id='block_1_96' title="bbox 2194 3476 3744 3550">
    <p class='ocr_par' dir='ltr' id='par_1_96' title="bbox 2194 3476 3744 3550">
     <span class='ocr_line' id='line_1_96' title="bbox 2194 3476 3744 3550; baseline -0.003 -18"><span class='ocrx_word' id='word_1_686' title='bbox 2194 3476 2451 3532; x_wconf 90' lang='lat' dir='ltr'><strong>Dominus</strong></span> <span class='ocrx_word' id='word_1_687' title='bbox 2479 3485 2581 3545; x_wconf 90' lang='lat' dir='ltr'><strong>est,</strong></span> <span class='ocrx_word' id='word_1_688' title='bbox 2623 3477 2673 3534; x_wconf 91' lang='lat' dir='ltr'><strong>ei</strong></span> <span class='ocrx_word' id='word_1_689' title='bbox 2698 3477 2788 3549; x_wconf 86' lang='lat' dir='ltr'><strong>qui</strong></span> <span class='ocrx_word' id='word_1_690' title='bbox 2816 3477 2892 3532; x_wconf 92' lang='lat' dir='ltr'><strong>tui</strong></span> <span class='ocrx_word' id='word_1_691' title='bbox 2918 3493 3100 3534; x_wconf 92' lang='lat' dir='ltr'><strong>curam</strong></span> <span class='ocrx_word' id='word_1_692' title='bbox 3131 3479 3293 3549; x_wconf 89' lang='lat' dir='ltr'><strong>gerit,</strong></span> <span class='ocrx_word' id='word_1_693' title='bbox 3336 3480 3386 3535; x_wconf 90' lang='lat' dir='ltr'><strong>ei</strong></span> <span class='ocrx_word' id='word_1_694' title='bbox 3409 3479 3496 3550; x_wconf 90' lang='lat' dir='ltr'><strong>qui</strong></span> <span class='ocrx_word' id='word_1_695' title='bbox 3530 3477 3744 3532; x_wconf 87' lang='lat' dir='ltr'><strong>humanus</strong></span> 
     </span>
    </p>
   </div>
   <div class='ocr_carea' id='block_1_97' title="bbox 2193 3567 3424 3638">
    <p class='ocr_par' dir='ltr' id='par_1_97' title="bbox 2193 3567 3424 3638">
     <span class='ocr_line' id='line_1_97' title="bbox 2193 3567 3424 3638; baseline 0 -15"><span class='ocrx_word' id='word_1_696' title='bbox 2193 3575 2296 3634; x_wconf 89' lang='lat' dir='ltr'><strong>est,</strong></span> <span class='ocrx_word' id='word_1_697' title='bbox 2328 3568 2378 3624; x_wconf 91' lang='lat' dir='ltr'><strong>ei</strong></span> <span class='ocrx_word' id='word_1_698' title='bbox 2406 3568 2497 3638; x_wconf 91' lang='lat' dir='ltr'><strong>qui</strong></span> <span class='ocrx_word' id='word_1_699' title='bbox 2528 3567 2766 3624; x_wconf 90' lang='lat' dir='ltr'><strong>medicus</strong></span> <span class='ocrx_word' id='word_1_700' title='bbox 2791 3579 2894 3636; x_wconf 91' lang='lat' dir='ltr'><strong>est,</strong></span> <span class='ocrx_word' id='word_1_701' title='bbox 2922 3569 3159 3625; x_wconf 89' lang='lat' dir='ltr'><strong>ostendis</strong></span> <span class='ocrx_word' id='word_1_702' title='bbox 3182 3569 3424 3625; x_wconf 89' lang='lat' dir='ltr'><strong>vulnera.</strong></span> 
     </span>
    </p>
   </div>
   <div class='ocr_carea' id='block_1_98' title="bbox 2269 3657 3746 3730">
    <p class='ocr_par' dir='ltr' id='par_1_98' title="bbox 2269 3657 3746 3730">
     <span class='ocr_line' id='line_1_98' title="bbox 2269 3657 3746 3730; baseline -0.001 -19"><span class='ocrx_word' id='word_1_703' title='bbox 2269 3659 2439 3726; x_wconf 81' lang='lat' dir='ltr'><strong>Quare</strong></span> <span class='ocrx_word' id='word_1_704' title='bbox 2466 3661 2514 3714; x_wconf 85' lang='lat' dir='ltr'><strong>ei</strong></span> <span class='ocrx_word' id='word_1_705' title='bbox 2549 3661 2890 3730; x_wconf 81' lang='lat' dir='ltr'><strong>conﬁtendum</strong></span> <span class='ocrx_word' id='word_1_706' title='bbox 2917 3661 3002 3729; x_wconf 85' lang='lat' dir='ltr'><strong>qui</strong></span> <span class='ocrx_word' id='word_1_707' title='bbox 3020 3662 3112 3715; x_wconf 78' lang='lat' dir='ltr'><strong>scit</strong></span> <span class='ocrx_word' id='word_1_708' title='bbox 3139 3663 3332 3715; x_wconf 87' lang='lat' dir='ltr'><strong>omnia.</strong></span> <span class='ocrx_word' id='word_1_709' title='bbox 3357 3661 3614 3730; x_wconf 89' lang='lat' dir='ltr'><strong>—Neque</strong></span> <span class='ocrx_word' id='word_1_710' title='bbox 3635 3657 3746 3712; x_wconf 88' lang='lat' dir='ltr'><strong>enim</strong></span> 
     </span>
    </p>
   </div>
   <div class='ocr_carea' id='block_1_99' title="bbox 2195 3751 3748 3823">
    <p class='ocr_par' dir='ltr' id='par_1_99' title="bbox 2195 3751 3748 3823">
     <span class='ocr_line' id='line_1_99' title="bbox 2195 3751 3748 3823; baseline -0.001 -18"><span class='ocrx_word' id='word_1_711' title='bbox 2195 3751 2422 3820; x_wconf 84' lang='lat' dir='ltr'><strong>ignorat,</strong></span> <span class='ocrx_word' id='word_1_712' title='bbox 2453 3752 2660 3806; x_wconf 90' lang='lat' dir='ltr'><strong>etiamsi</strong></span> <span class='ocrx_word' id='word_1_713' title='bbox 2692 3761 2748 3807; x_wconf 92' lang='lat' dir='ltr'><strong>tu</strong></span> <span class='ocrx_word' id='word_1_714' title='bbox 2775 3767 2882 3808; x_wconf 92' lang='lat' dir='ltr'><strong>non</strong></span> <span class='ocrx_word' id='word_1_715' title='bbox 2911 3752 3132 3819; x_wconf 79' lang='lat' dir='ltr'><strong>dixeris,</strong></span> <span class='ocrx_word' id='word_1_716' title='bbox 3169 3755 3258 3823; x_wconf 93' lang='lat' dir='ltr'><strong>qui</strong></span> <span class='ocrx_word' id='word_1_717' title='bbox 3287 3755 3492 3810; x_wconf 89' lang='lat' dir='ltr'><strong>sciebat</strong></span> <span class='ocrx_word' id='word_1_718' title='bbox 3516 3754 3656 3809; x_wconf 90' lang='lat' dir='ltr'><strong>etiam</strong></span> <span class='ocrx_word' id='word_1_719' title='bbox 3676 3766 3748 3805; x_wconf 81' lang='lat' dir='ltr'><strong>an-</strong></span> 
     </span>
    </p>
   </div>
   <div class='ocr_carea' id='block_1_100' title="bbox 2199 3845 3748 3917">
    <p class='ocr_par' dir='ltr' id='par_1_100' title="bbox 2199 3845 3748 3917">
     <span class='ocr_line' id='line_1_100' title="bbox 2199 3845 3748 3917; baseline -0.001 -21"><span class='ocrx_word' id='word_1_720' title='bbox 2199 3853 2412 3912; x_wconf 88' lang='lat' dir='ltr'><strong>tequam</strong></span> <span class='ocrx_word' id='word_1_721' title='bbox 2438 3853 2797 3913; x_wconf 89' lang='lat' dir='ltr'><strong>perpetrarcs.</strong></span> <span class='ocrx_word' id='word_1_722' title='bbox 2823 3845 2959 3914; x_wconf 87' lang='lat' dir='ltr'><strong>Quid</strong></span> <span class='ocrx_word' id='word_1_723' title='bbox 2987 3846 3146 3916; x_wconf 80' lang='lat' dir='ltr'><strong>igitur</strong></span> <span class='ocrx_word' id='word_1_724' title='bbox 3165 3855 3249 3902; x_wconf 90' lang='lat' dir='ltr'><strong>est</strong></span> <span class='ocrx_word' id='word_1_725' title='bbox 3279 3863 3475 3912; x_wconf 66' lang='lat' dir='ltr'><strong>causae,</strong></span> <span class='ocrx_word' id='word_1_726' title='bbox 3495 3861 3591 3917; x_wconf 93' lang='lat' dir='ltr'><strong>quo</strong></span> <span class='ocrx_word' id='word_1_727' title='bbox 3608 3845 3748 3899; x_wconf 89' lang='lat' dir='ltr'><strong>minus</strong></span> 
     </span>
    </p>
   </div>
   <div class='ocr_carea' id='block_1_101' title="bbox 2193 3935 3750 4011">
    <p class='ocr_par' dir='ltr' id='par_1_101' title="bbox 2193 3935 3750 4011">
     <span class='ocr_line' id='line_1_101' title="bbox 2193 3935 3750 4011; baseline -0.001 -21"><span class='ocrx_word' id='word_1_728' title='bbox 2193 3935 2380 3991; x_wconf 87' lang='lat' dir='ltr'><strong>dicas?</strong></span> <span class='ocrx_word' id='word_1_729' title='bbox 2406 3936 2524 3992; x_wconf 92' lang='lat' dir='ltr'><strong>Non</strong></span> <span class='ocrx_word' id='word_1_730' title='bbox 2547 3938 2688 3992; x_wconf 90' lang='lat' dir='ltr'><strong>enim</strong></span> <span class='ocrx_word' id='word_1_731' title='bbox 2719 3953 2784 3994; x_wconf 83' lang='lat' dir='ltr'><strong>ex</strong></span> <span class='ocrx_word' id='word_1_732' title='bbox 2811 3939 3151 3994; x_wconf 84' lang='lat' dir='ltr'><strong>accusatione</strong></span> <span class='ocrx_word' id='word_1_733' title='bbox 3177 3947 3266 3994; x_wconf 90' lang='lat' dir='ltr'><strong>tua</strong></span> <span class='ocrx_word' id='word_1_734' title='bbox 3299 3939 3355 3994; x_wconf 83' lang='lat' dir='ltr'><strong>fit</strong></span> <span class='ocrx_word' id='word_1_735' title='bbox 3381 3941 3584 4011; x_wconf 85' lang='lat' dir='ltr'><strong>gravius</strong></span> <span class='ocrx_word' id='word_1_736' title='bbox 3601 3949 3750 4006; x_wconf 83' lang='lat' dir='ltr'><strong>pecca-</strong></span> 
     </span>
    </p>
   </div>
   <div class='ocr_carea' id='block_1_102' title="bbox 2195 4029 3749 4098">
    <p class='ocr_par' dir='ltr' id='par_1_102' title="bbox 2195 4029 3749 4098">
     <span class='ocr_line' id='line_1_102' title="bbox 2195 4029 3749 4098; baseline 0 -16"><span class='ocrx_word' id='word_1_737' title='bbox 2195 4036 2350 4084; x_wconf 89' lang='lat' dir='ltr'><strong>tum:</strong></span> <span class='ocrx_word' id='word_1_738' title='bbox 2395 4030 2505 4085; x_wconf 89' lang='lat' dir='ltr'><strong>imo</strong></span> <span class='ocrx_word' id='word_1_739' title='bbox 2546 4045 2674 4085; x_wconf 90' lang='lat' dir='ltr'><strong>vero</strong></span> <span class='ocrx_word' id='word_1_740' title='bbox 2714 4032 2894 4086; x_wconf 90' lang='lat' dir='ltr'><strong>mitius</strong></span> <span class='ocrx_word' id='word_1_741' title='bbox 2935 4046 2998 4085; x_wconf 90' lang='lat' dir='ltr'><strong>ac</strong></span> <span class='ocrx_word' id='word_1_742' title='bbox 3033 4031 3223 4086; x_wconf 90' lang='lat' dir='ltr'><strong>levius.</strong></span> <span class='ocrx_word' id='word_1_743' title='bbox 3274 4033 3342 4088; x_wconf 89' lang='lat' dir='ltr'><strong>Et</strong></span> <span class='ocrx_word' id='word_1_744' title='bbox 3382 4033 3450 4087; x_wconf 92' lang='lat' dir='ltr'><strong>ob</strong></span> <span class='ocrx_word' id='word_1_745' title='bbox 3490 4032 3583 4086; x_wconf 90' lang='lat' dir='ltr'><strong>hoc</strong></span> <span class='ocrx_word' id='word_1_746' title='bbox 3615 4029 3749 4098; x_wconf 89' lang='lat' dir='ltr'><strong>ipsum</strong></span> 
     </span>
    </p>
   </div>
   <div class='ocr_carea' id='block_1_103' title="bbox 2194 4120 3750 4193">
    <p class='ocr_par' dir='ltr' id='par_1_103' title="bbox 2194 4120 3750 4193">
     <span class='ocr_line' id='line_1_103' title="bbox 2194 4120 3750 4193; baseline -0.003 -17"><span class='ocrx_word' id='word_1_747' title='bbox 2194 4121 2338 4176; x_wconf 89' lang='lat' dir='ltr'><strong>Deus</strong></span> <span class='ocrx_word' id='word_1_748' title='bbox 2365 4121 2478 4176; x_wconf 88' lang='lat' dir='ltr'><strong>vult</strong></span> <span class='ocrx_word' id='word_1_749' title='bbox 2521 4130 2573 4176; x_wconf 90' lang='lat' dir='ltr'><strong>te</strong></span> <span class='ocrx_word' id='word_1_750' title='bbox 2601 4121 2782 4177; x_wconf 85' lang='lat' dir='ltr'><strong>dicere</strong></span> <span class='ocrx_word' id='word_1_751' title='bbox 2809 4139 2823 4177; x_wconf 89' lang='lat'><strong>:</strong></span> <span class='ocrx_word' id='word_1_752' title='bbox 2857 4138 2961 4177; x_wconf 92' lang='lat' dir='ltr'><strong>non</strong></span> <span class='ocrx_word' id='word_1_753' title='bbox 2999 4132 3057 4177; x_wconf 94' lang='lat' dir='ltr'><strong>ut</strong></span> <span class='ocrx_word' id='word_1_754' title='bbox 3088 4123 3348 4193; x_wconf 90' lang='lat' dir='ltr'><strong>puniaris,</strong></span> <span class='ocrx_word' id='word_1_755' title='bbox 3378 4122 3473 4178; x_wconf 89' lang='lat' dir='ltr'><strong>sed</strong></span> <span class='ocrx_word' id='word_1_756' title='bbox 3503 4132 3556 4177; x_wconf 93' lang='lat' dir='ltr'><strong>ut</strong></span> <span class='ocrx_word' id='word_1_757' title='bbox 3581 4120 3750 4176; x_wconf 82' lang='lat' dir='ltr'><strong>relaxe-</strong></span> 
     </span>
    </p>
   </div>
   <div class='ocr_carea' id='block_1_104' title="bbox 2194 4210 3749 4282">
    <p class='ocr_par' dir='ltr' id='par_1_104' title="bbox 2194 4210 3749 4282">
     <span class='ocr_line' id='line_1_104' title="bbox 2194 4210 3749 4282; baseline -0.003 -16"><span class='ocrx_word' id='word_1_758' title='bbox 2194 4212 2302 4266; x_wconf 90' lang='lat' dir='ltr'><strong>ris:</strong></span> <span class='ocrx_word' id='word_1_759' title='bbox 2334 4227 2439 4266; x_wconf 90' lang='lat' dir='ltr'><strong>non</strong></span> <span class='ocrx_word' id='word_1_760' title='bbox 2469 4221 2527 4265; x_wconf 92' lang='lat' dir='ltr'><strong>ut</strong></span> <span class='ocrx_word' id='word_1_761' title='bbox 2552 4212 2665 4282; x_wconf 92' lang='lat' dir='ltr'><strong>ipse</strong></span> <span class='ocrx_word' id='word_1_762' title='bbox 2693 4214 2826 4267; x_wconf 88' lang='lat' dir='ltr'><strong>sciat</strong></span> <span class='ocrx_word' id='word_1_763' title='bbox 2844 4223 3154 4282; x_wconf 88' lang='lat' dir='ltr'><strong>peccatum:</strong></span> <span class='ocrx_word' id='word_1_764' title='bbox 3186 4229 3282 4268; x_wconf 90' lang='lat' dir='ltr'><strong>cur</strong></span> <span class='ocrx_word' id='word_1_765' title='bbox 3302 4216 3446 4269; x_wconf 91' lang='lat' dir='ltr'><strong>enim</strong></span> <span class='ocrx_word' id='word_1_766' title='bbox 3476 4214 3522 4268; x_wconf 88' lang='lat' dir='ltr'><strong>id</strong></span> <span class='ocrx_word' id='word_1_767' title='bbox 3541 4210 3749 4282; x_wconf 88' lang='lat' dir='ltr'><strong>postulet,</strong></span> 
     </span>
    </p>
   </div>
   <div class='ocr_carea' id='block_1_105' title="bbox 2193 4300 3752 4374">
    <p class='ocr_par' dir='ltr' id='par_1_105' title="bbox 2193 4300 3752 4374">
     <span class='ocr_line' id='line_1_105' title="bbox 2193 4300 3752 4374; baseline -0.003 -19"><span class='ocrx_word' id='word_1_768' title='bbox 2193 4316 2313 4356; x_wconf 92' lang='lat' dir='ltr'><strong>cum</strong></span> <span class='ocrx_word' id='word_1_769' title='bbox 2356 4303 2464 4372; x_wconf 87' lang='lat' dir='ltr'><strong>jam</strong></span> <span class='ocrx_word' id='word_1_770' title='bbox 2499 4303 2669 4356; x_wconf 88' lang='lat' dir='ltr'><strong>sciat?</strong></span> <span class='ocrx_word' id='word_1_771' title='bbox 2711 4303 2804 4358; x_wconf 86' lang='lat' dir='ltr'><strong>sed</strong></span> <span class='ocrx_word' id='word_1_772' title='bbox 2836 4313 2894 4358; x_wconf 90' lang='lat' dir='ltr'><strong>ut</strong></span> <span class='ocrx_word' id='word_1_773' title='bbox 2920 4304 3078 4370; x_wconf 86' lang='lat' dir='ltr'><strong>scias,</strong></span> <span class='ocrx_word' id='word_1_774' title='bbox 3119 4315 3378 4374; x_wconf 88' lang='lat' dir='ltr'><strong>quantum</strong></span> <span class='ocrx_word' id='word_1_775' title='bbox 3427 4305 3515 4358; x_wconf 88' lang='lat' dir='ltr'><strong>tibi</strong></span> <span class='ocrx_word' id='word_1_776' title='bbox 3559 4300 3752 4358; x_wconf 84' lang='lat' dir='ltr'><strong>debitum</strong></span> 
     </span>
    </p>
   </div>
   <div class='ocr_carea' id='block_1_106' title="bbox 2193 4390 3751 4463">
    <p class='ocr_par' dir='ltr' id='par_1_106' title="bbox 2193 4390 3751 4463">
     <span class='ocr_line' id='line_1_106' title="bbox 2193 4390 3751 4463; baseline -0.005 -15"><span class='ocrx_word' id='word_1_777' title='bbox 2193 4393 2515 4448; x_wconf 88' lang='lat' dir='ltr'><strong>remittatur.</strong></span> <span class='ocrx_word' id='word_1_778' title='bbox 2563 4393 2689 4450; x_wconf 83' lang='lat' dir='ltr'><strong>ideo</strong></span> <span class='ocrx_word' id='word_1_779' title='bbox 2715 4411 2843 4450; x_wconf 91' lang='lat' dir='ltr'><strong>vero</strong></span> <span class='ocrx_word' id='word_1_780' title='bbox 2872 4395 2984 4449; x_wconf 87' lang='lat' dir='ltr'><strong>vult</strong></span> <span class='ocrx_word' id='word_1_781' title='bbox 3023 4405 3072 4449; x_wconf 90' lang='lat' dir='ltr'><strong>te</strong></span> <span class='ocrx_word' id='word_1_782' title='bbox 3096 4397 3234 4450; x_wconf 88' lang='lat' dir='ltr'><strong>seire</strong></span> <span class='ocrx_word' id='word_1_783' title='bbox 3257 4395 3506 4451; x_wconf 85' lang='lat' dir='ltr'><strong>beneficii</strong></span> <span class='ocrx_word' id='word_1_784' title='bbox 3531 4390 3751 4463; x_wconf 78' lang='lat' dir='ltr'><strong>magnitu-</strong></span> 
     </span>
    </p>
   </div>
   <div class='ocr_carea' id='block_1_107' title="bbox 2195 4478 3751 4560">
    <p class='ocr_par' dir='ltr' id='par_1_107' title="bbox 2195 4478 3751 4560">
     <span class='ocr_line' id='line_1_107' title="bbox 2195 4478 3751 4560; baseline -0.005 -20"><span class='ocrx_word' id='word_1_785' title='bbox 2195 4485 2396 4552; x_wconf 90' lang='lat' dir='ltr'><strong>dinem,</strong></span> <span class='ocrx_word' id='word_1_786' title='bbox 2447 4495 2506 4541; x_wconf 94' lang='lat' dir='ltr'><strong>ut</strong></span> <span class='ocrx_word' id='word_1_787' title='bbox 2539 4497 2798 4557; x_wconf 89' lang='lat' dir='ltr'><strong>perpetuo</strong></span> <span class='ocrx_word' id='word_1_788' title='bbox 2825 4487 3025 4558; x_wconf 90' lang='lat' dir='ltr'><strong>gratias</strong></span> <span class='ocrx_word' id='word_1_789' title='bbox 3069 4502 3216 4559; x_wconf 86' lang='lat' dir='ltr'><strong>agas,</strong></span> <span class='ocrx_word' id='word_1_790' title='bbox 3253 4499 3310 4543; x_wconf 93' lang='lat' dir='ltr'><strong>ut</strong></span> <span class='ocrx_word' id='word_1_791' title='bbox 3355 4488 3568 4560; x_wconf 88' lang='lat' dir='ltr'><strong>segnior</strong></span> <span class='ocrx_word' id='word_1_792' title='bbox 3607 4489 3686 4538; x_wconf 90' lang='lat' dir='ltr'><strong>tias</strong></span> <span class='ocrx_word' id='word_1_793' title='bbox 3704 4478 3751 4534; x_wconf 88' lang='lat' dir='ltr'><strong>ad</strong></span> 
     </span>
    </p>
   </div>
   <div class='ocr_carea' id='block_1_108' title="bbox 2196 4571 3765 4649">
    <p class='ocr_par' dir='ltr' id='par_1_108' title="bbox 2196 4571 3765 4649">
     <span class='ocr_line' id='line_1_108' title="bbox 2196 4571 3765 4649; baseline -0.004 -19"><span class='ocrx_word' id='word_1_794' title='bbox 2196 4575 2522 4645; x_wconf 88' lang='lat' dir='ltr'><strong>peccandum</strong></span> <span class='ocrx_word' id='word_1_795' title='bbox 2545 4617 2558 4641; x_wconf 92' lang='lat'><strong>,</strong></span> <span class='ocrx_word' id='word_1_796' title='bbox 2615 4585 2672 4631; x_wconf 92' lang='lat' dir='ltr'><strong>ut</strong></span> <span class='ocrx_word' id='word_1_797' title='bbox 2703 4577 2770 4632; x_wconf 89' lang='lat' dir='ltr'><strong>ad</strong></span> <span class='ocrx_word' id='word_1_798' title='bbox 2800 4578 3047 4632; x_wconf 88' lang='lat' dir='ltr'><strong>virtutem</strong></span> <span class='ocrx_word' id='word_1_799' title='bbox 3089 4579 3412 4649; x_wconf 90' lang='lat' dir='ltr'><strong>promptior.</strong></span> <span class='ocrx_word' id='word_1_800' title='bbox 3459 4577 3568 4633; x_wconf 89' lang='lat' dir='ltr'><strong>Nisi</strong></span> <span class='ocrx_word' id='word_1_801' title='bbox 3597 4571 3765 4629; x_wconf 76' lang='lat' dir='ltr'><strong>dixeris</strong></span> 
     </span>
    </p>
   </div>
   <div class='ocr_carea' id='block_1_109' title="bbox 2195 4664 3753 4742">
    <p class='ocr_par' dir='ltr' id='par_1_109' title="bbox 2195 4664 3753 4742">
     <span class='ocr_line' id='line_1_109' title="bbox 2195 4664 3753 4742; baseline -0.002 -23"><span class='ocrx_word' id='word_1_802' title='bbox 2195 4664 2360 4720; x_wconf 87' lang='lat' dir='ltr'><strong>debiti</strong></span> <span class='ocrx_word' id='word_1_803' title='bbox 2377 4667 2814 4738; x_wconf 88' lang='lat' dir='ltr'><strong>magnitudinem,</strong></span> <span class='ocrx_word' id='word_1_804' title='bbox 2838 4685 2944 4723; x_wconf 93' lang='lat' dir='ltr'><strong>non</strong></span> <span class='ocrx_word' id='word_1_805' title='bbox 2965 4685 3222 4739; x_wconf 88' lang='lat' dir='ltr'><strong>agnosces</strong></span> <span class='ocrx_word' id='word_1_806' title='bbox 3233 4671 3419 4742; x_wconf 72' lang='lat' dir='ltr'><strong>gratia:</strong></span> <span class='ocrx_word' id='word_1_807' title='bbox 3436 4666 3753 4726; x_wconf 84' lang='lat' dir='ltr'><strong>eminentiam.</strong></span> 
     </span>
    </p>
   </div>
   <div class='ocr_carea' id='block_1_110' title="bbox 2195 4756 3765 4830">
    <p class='ocr_par' dir='ltr' id='par_1_110' title="bbox 2195 4756 3765 4830">
     <span class='ocr_line' id='line_1_110' title="bbox 2195 4756 3765 4830; baseline 0.001 -19"><span class='ocrx_word' id='word_1_808' title='bbox 2195 4756 2333 4823; x_wconf 91' lang='lat' dir='ltr'><strong>Non,</strong></span> <span class='ocrx_word' id='word_1_809' title='bbox 2365 4758 2553 4828; x_wconf 90' lang='lat' dir='ltr'><strong>inquit,</strong></span> <span class='ocrx_word' id='word_1_810' title='bbox 2593 4774 2727 4830; x_wconf 86' lang='lat' dir='ltr'><strong>cogo</strong></span> <span class='ocrx_word' id='word_1_811' title='bbox 2755 4769 2806 4814; x_wconf 91' lang='lat' dir='ltr'><strong>te</strong></span> <span class='ocrx_word' id='word_1_812' title='bbox 2828 4761 2880 4814; x_wconf 90' lang='lat' dir='ltr'><strong>in</strong></span> <span class='ocrx_word' id='word_1_813' title='bbox 2913 4760 3146 4816; x_wconf 91' lang='lat' dir='ltr'><strong>medium</strong></span> <span class='ocrx_word' id='word_1_814' title='bbox 3170 4761 3388 4830; x_wconf 90' lang='lat' dir='ltr'><strong>prodire</strong></span> <span class='ocrx_word' id='word_1_815' title='bbox 3417 4761 3686 4821; x_wconf 89' lang='lat' dir='ltr'><strong>theatrum,</strong></span> <span class='ocrx_word' id='word_1_816' title='bbox 3713 4768 3765 4807; x_wconf 71' lang='lat' dir='ltr'><strong>ac</strong></span> 
     </span>
    </p>
   </div>
   <div class='ocr_carea' id='block_1_111' title="bbox 2196 4845 3757 4924">
    <p class='ocr_par' dir='ltr' id='par_1_111' title="bbox 2196 4845 3757 4924">
     <span class='ocr_line' id='line_1_111' title="bbox 2196 4845 3757 4924; baseline 0 -19"><span class='ocrx_word' id='word_1_817' title='bbox 2196 4852 2394 4906; x_wconf 87' lang='lat' dir='ltr'><strong>multos</strong></span> <span class='ocrx_word' id='word_1_818' title='bbox 2422 4852 2680 4908; x_wconf 88' lang='lat' dir='ltr'><strong>adhibere</strong></span> <span class='ocrx_word' id='word_1_819' title='bbox 2708 4861 2873 4909; x_wconf 86' lang='lat' dir='ltr'><strong>testes</strong></span> <span class='ocrx_word' id='word_1_820' title='bbox 2904 4869 2918 4906; x_wconf 90' lang='lat'>:</span> <span class='ocrx_word' id='word_1_821' title='bbox 2967 4854 3099 4908; x_wconf 88' lang='lat' dir='ltr'><strong>mihi</strong></span> <span class='ocrx_word' id='word_1_822' title='bbox 3138 4854 3238 4909; x_wconf 91' lang='lat' dir='ltr'><strong>soli</strong></span> <span class='ocrx_word' id='word_1_823' title='bbox 3275 4854 3363 4909; x_wconf 92' lang='lat' dir='ltr'><strong>dic</strong></span> <span class='ocrx_word' id='word_1_824' title='bbox 3387 4861 3651 4924; x_wconf 84' lang='lat' dir='ltr'><strong>peccatum</strong></span> <span class='ocrx_word' id='word_1_825' title='bbox 3675 4845 3757 4917; x_wconf 74' lang='lat' dir='ltr'><strong>pri-</strong></span> 
     </span>
    </p>
   </div>
   <div class='ocr_carea' id='block_1_112' title="bbox 2196 4939 3758 5016">
    <p class='ocr_par' dir='ltr' id='par_1_112' title="bbox 2196 4939 3758 5016">
     <span class='ocr_line' id='line_1_112' title="bbox 2196 4939 3758 5016; baseline -0.004 -20"><span class='ocrx_word' id='word_1_826' title='bbox 2196 4943 2357 4997; x_wconf 90' lang='lat' dir='ltr'><strong>vatim</strong></span> <span class='ocrx_word' id='word_1_827' title='bbox 2378 4985 2392 5008; x_wconf 89' lang='lat'><strong>,</strong></span> <span class='ocrx_word' id='word_1_828' title='bbox 2424 4952 2482 4998; x_wconf 93' lang='lat' dir='ltr'><strong>ut</strong></span> <span class='ocrx_word' id='word_1_829' title='bbox 2516 4959 2700 4999; x_wconf 91' lang='lat' dir='ltr'><strong>sanem</strong></span> <span class='ocrx_word' id='word_1_830' title='bbox 2745 4945 2898 5000; x_wconf 92' lang='lat' dir='ltr'><strong>ulcus</strong></span> <span class='ocrx_word' id='word_1_831' title='bbox 2919 4986 2935 5011; x_wconf 90' lang='lat'><strong>,</strong></span> <span class='ocrx_word' id='word_1_832' title='bbox 2973 4954 3134 5016; x_wconf 89' lang='lat' dir='ltr'><strong>teque</strong></span> <span class='ocrx_word' id='word_1_833' title='bbox 3167 4946 3355 5002; x_wconf 88' lang='lat' dir='ltr'><strong>dolore</strong></span> <span class='ocrx_word' id='word_1_834' title='bbox 3386 4947 3623 5001; x_wconf 90' lang='lat' dir='ltr'><strong>liberem.</strong></span> <span class='ocrx_word' id='word_1_835' title='bbox 3662 4939 3758 4994; x_wconf 84' lang='lat' dir='ltr'><strong>Ideo</strong></span> 
     </span>
    </p>
   </div>
   <div class='ocr_carea' id='block_1_113' title="bbox 2195 5036 3754 5110">
    <p class='ocr_par' dir='ltr' id='par_1_113' title="bbox 2195 5036 3754 5110">
     <span class='ocr_line' id='line_1_113' title="bbox 2195 5036 3754 5110; baseline -0.006 -20"><span class='ocrx_word' id='word_1_836' title='bbox 2195 5036 2352 5091; x_wconf 89' lang='lat' dir='ltr'><strong>nobis</strong></span> <span class='ocrx_word' id='word_1_837' title='bbox 2377 5037 2564 5092; x_wconf 87' lang='lat' dir='ltr'><strong>indidit</strong></span> <span class='ocrx_word' id='word_1_838' title='bbox 2586 5037 2990 5102; x_wconf 87' lang='lat' dir='ltr'><strong>conscientiam,</strong></span> <span class='ocrx_word' id='word_1_839' title='bbox 3030 5039 3190 5110; x_wconf 91' lang='lat' dir='ltr'><strong>idque</strong></span> <span class='ocrx_word' id='word_1_840' title='bbox 3215 5040 3404 5110; x_wconf 91' lang='lat' dir='ltr'><strong>quovis</strong></span> <span class='ocrx_word' id='word_1_841' title='bbox 3435 5048 3581 5108; x_wconf 88' lang='lat' dir='ltr'><strong>patre</strong></span> <span class='ocrx_word' id='word_1_842' title='bbox 3603 5046 3754 5087; x_wconf 56' lang='lat' dir='ltr'><strong>amati.</strong></span> 
     </span>
    </p>
   </div>
   <div class='ocr_carea' id='block_1_114' title="bbox 2197 5127 3756 5197">
    <p class='ocr_par' dir='ltr' id='par_1_114' title="bbox 2197 5127 3756 5197">
     <span class='ocr_line' id='line_1_114' title="bbox 2197 5127 3756 5197; baseline -0.004 -15"><span class='ocrx_word' id='word_1_843' title='bbox 2197 5129 2323 5184; x_wconf 91' lang='lat' dir='ltr'><strong>tius.</strong></span> <span class='ocrx_word' id='word_1_844' title='bbox 2355 5127 2488 5183; x_wconf 88' lang='lat' dir='ltr'><strong>Nam</strong></span> <span class='ocrx_word' id='word_1_845' title='bbox 2514 5136 2662 5197; x_wconf 89' lang='lat' dir='ltr'><strong>pater</strong></span> <span class='ocrx_word' id='word_1_846' title='bbox 2680 5128 2766 5183; x_wconf 91' lang='lat' dir='ltr'><strong>ubi</strong></span> <span class='ocrx_word' id='word_1_847' title='bbox 2794 5130 2983 5195; x_wconf 90' lang='lat' dir='ltr'><strong>semel,</strong></span> <span class='ocrx_word' id='word_1_848' title='bbox 3013 5130 3225 5194; x_wconf 88' lang='lat' dir='ltr'><strong>iterum,</strong></span> <span class='ocrx_word' id='word_1_849' title='bbox 3248 5146 3308 5185; x_wconf 89' lang='lat' dir='ltr'><strong>ac</strong></span> <span class='ocrx_word' id='word_1_850' title='bbox 3341 5130 3522 5195; x_wconf 90' lang='lat' dir='ltr'><strong>tertio,</strong></span> <span class='ocrx_word' id='word_1_851' title='bbox 3551 5127 3756 5182; x_wconf 83' lang='lat' dir='ltr'><strong>deciesve</strong></span> 
     </span>
    </p>
   </div>
   <div class='ocr_carea' id='block_1_115' title="bbox 2199 5219 3754 5291">
    <p class='ocr_par' dir='ltr' id='par_1_115' title="bbox 2199 5219 3754 5291">
     <span class='ocr_line' id='line_1_115' title="bbox 2199 5219 3754 5291; baseline -0.001 -18"><span class='ocrx_word' id='word_1_852' title='bbox 2199 5219 2361 5275; x_wconf 87' lang='lat' dir='ltr'><strong>filium</strong></span> <span class='ocrx_word' id='word_1_853' title='bbox 2391 5219 2746 5287; x_wconf 87' lang='lat' dir='ltr'><strong>increpaverit</strong></span> <span class='ocrx_word' id='word_1_854' title='bbox 2774 5238 2788 5274; x_wconf 88' lang='lat'><strong>:</strong></span> <span class='ocrx_word' id='word_1_855' title='bbox 2819 5221 2862 5274; x_wconf 91' lang='lat' dir='ltr'><strong>si</strong></span> <span class='ocrx_word' id='word_1_856' title='bbox 2894 5220 3087 5274; x_wconf 88' lang='lat' dir='ltr'><strong>viderit</strong></span> <span class='ocrx_word' id='word_1_857' title='bbox 3107 5221 3526 5291; x_wconf 85' lang='lat' dir='ltr'><strong>incorrigibilem</strong></span> <span class='ocrx_word' id='word_1_858' title='bbox 3552 5227 3754 5272; x_wconf 77' lang='lat' dir='ltr'><strong>manere.</strong></span> 
     </span>
    </p>
   </div>
   <div class='ocr_carea' id='block_1_116' title="bbox 2194 5308 3756 5382">
    <p class='ocr_par' dir='ltr' id='par_1_116' title="bbox 2194 5308 3756 5382">
     <span class='ocr_line' id='line_1_116' title="bbox 2194 5308 3756 5382; baseline -0.001 -15"><span class='ocrx_word' id='word_1_859' title='bbox 2194 5310 2486 5382; x_wconf 89' lang='lat' dir='ltr'><strong>desperans</strong></span> <span class='ocrx_word' id='word_1_860' title='bbox 2535 5309 2765 5378; x_wconf 89' lang='lat' dir='ltr'><strong>abdicat,</strong></span> <span class='ocrx_word' id='word_1_861' title='bbox 2817 5312 3038 5381; x_wconf 80' lang='lat' dir='ltr'><strong>expellit</strong></span> <span class='ocrx_word' id='word_1_862' title='bbox 3068 5328 3100 5366; x_wconf 92' lang='lat' dir='ltr'><strong>e</strong></span> <span class='ocrx_word' id='word_1_863' title='bbox 3135 5310 3332 5367; x_wconf 91' lang='lat' dir='ltr'><strong>familia</strong></span> <span class='ocrx_word' id='word_1_864' title='bbox 3353 5354 3368 5377; x_wconf 95' lang='lat'><strong>,</strong></span> <span class='ocrx_word' id='word_1_865' title='bbox 3418 5327 3450 5366; x_wconf 89' lang='lat' dir='ltr'><strong>a</strong></span> <span class='ocrx_word' id='word_1_866' title='bbox 3479 5308 3756 5380; x_wconf 77' lang='lat' dir='ltr'><strong>cognatione</strong></span> 
     </span>
    </p>
   </div>
   <div class='ocr_carea' id='block_1_117' title="bbox 2197 5396 3753 5468">
    <p class='ocr_par' dir='ltr' id='par_1_117' title="bbox 2197 5396 3753 5468">
     <span class='ocr_line' id='line_1_117' title="bbox 2197 5396 3753 5468; baseline -0.005 -10"><span class='ocrx_word' id='word_1_867' title='bbox 2197 5412 2422 5460; x_wconf 88' lang='lat' dir='ltr'><strong>resecat.</strong></span> <span class='ocrx_word' id='word_1_868' title='bbox 2461 5405 2530 5457; x_wconf 83' lang='lat' dir='ltr'><strong>At</strong></span> <span class='ocrx_word' id='word_1_869' title='bbox 2571 5417 2677 5458; x_wconf 88' lang='lat' dir='ltr'><strong>non</strong></span> <span class='ocrx_word' id='word_1_870' title='bbox 2712 5403 2901 5458; x_wconf 89' lang='lat' dir='ltr'><strong>eodem</strong></span> <span class='ocrx_word' id='word_1_871' title='bbox 2945 5403 3107 5458; x_wconf 91' lang='lat' dir='ltr'><strong>modo</strong></span> <span class='ocrx_word' id='word_1_872' title='bbox 3131 5403 3490 5468; x_wconf 89' lang='lat' dir='ltr'><strong>conscientia,</strong></span> <span class='ocrx_word' id='word_1_873' title='bbox 3534 5398 3620 5455; x_wconf 92' lang='lat' dir='ltr'><strong>sed</strong></span> <span class='ocrx_word' id='word_1_874' title='bbox 3657 5396 3753 5449; x_wconf 71' lang='lat' dir='ltr'><strong>licet</strong></span> 
     </span>
    </p>
   </div>
   <div class='ocr_carea' id='block_1_118' title="bbox 2197 5483 3750 5561">
    <p class='ocr_par' dir='ltr' id='par_1_118' title="bbox 2197 5483 3750 5561">
     <span class='ocr_line' id='line_1_118' title="bbox 2197 5483 3750 5561; baseline -0.003 -13"><span class='ocrx_word' id='word_1_875' title='bbox 2197 5497 2382 5561; x_wconf 88' lang='lat' dir='ltr'><strong>semel,</strong></span> <span class='ocrx_word' id='word_1_876' title='bbox 2415 5494 2537 5549; x_wconf 88' lang='lat' dir='ltr'><strong>licet</strong></span> <span class='ocrx_word' id='word_1_877' title='bbox 2562 5496 2770 5560; x_wconf 89' lang='lat' dir='ltr'><strong>iterum,</strong></span> <span class='ocrx_word' id='word_1_878' title='bbox 2796 5494 2918 5550; x_wconf 90' lang='lat' dir='ltr'><strong>licet</strong></span> <span class='ocrx_word' id='word_1_879' title='bbox 2938 5504 3034 5560; x_wconf 89' lang='lat' dir='ltr'><strong>ter,</strong></span> <span class='ocrx_word' id='word_1_880' title='bbox 3067 5495 3194 5550; x_wconf 89' lang='lat' dir='ltr'><strong>licet</strong></span> <span class='ocrx_word' id='word_1_881' title='bbox 3215 5494 3410 5548; x_wconf 91' lang='lat' dir='ltr'><strong>millies</strong></span> <span class='ocrx_word' id='word_1_882' title='bbox 3433 5483 3750 5548; x_wconf 69' lang='lat' dir='ltr'><strong>admonuerit.</strong></span> 
     </span>
    </p>
   </div>
   <div class='ocr_carea' id='block_1_119' title="bbox 2198 5576 3752 5655">
    <p class='ocr_par' dir='ltr' id='par_1_119' title="bbox 2198 5576 3752 5655">
     <span class='ocr_line' id='line_1_119' title="bbox 2198 5576 3752 5655; baseline -0.007 -15"><span class='ocrx_word' id='word_1_883' title='bbox 2198 5595 2358 5655; x_wconf 91' lang='lat' dir='ltr'><strong>tuque</strong></span> <span class='ocrx_word' id='word_1_884' title='bbox 2391 5601 2497 5640; x_wconf 90' lang='lat' dir='ltr'><strong>non</strong></span> <span class='ocrx_word' id='word_1_885' title='bbox 2531 5585 2892 5655; x_wconf 89' lang='lat' dir='ltr'><strong>obtemperes,</strong></span> <span class='ocrx_word' id='word_1_886' title='bbox 2921 5585 3160 5641; x_wconf 91' lang='lat' dir='ltr'><strong>monebit</strong></span> <span class='ocrx_word' id='word_1_887' title='bbox 3200 5587 3414 5651; x_wconf 87' lang='lat' dir='ltr'><strong>iterum,</strong></span> <span class='ocrx_word' id='word_1_888' title='bbox 3443 5598 3539 5638; x_wconf 87' lang='lat' dir='ltr'><strong>nec</strong></span> <span class='ocrx_word' id='word_1_889' title='bbox 3567 5576 3752 5635; x_wconf 75' lang='lat' dir='ltr'><strong>desiSI&#39;cl</strong></span> 
     </span>
    </p>
   </div>
   <div class='ocr_carea' id='block_1_120' title="bbox 2198 5669 3748 5749">
    <p class='ocr_par' dir='ltr' id='par_1_120' title="bbox 2198 5669 3748 5749">
     <span class='ocr_line' id='line_1_120' title="bbox 2198 5669 3748 5749; baseline -0.003 -16"><span class='ocrx_word' id='word_1_890' title='bbox 2198 5694 2364 5748; x_wconf 91' lang='lat' dir='ltr'><strong>usque</strong></span> <span class='ocrx_word' id='word_1_891' title='bbox 2389 5679 2454 5733; x_wconf 87' lang='lat' dir='ltr'><strong>ad</strong></span> <span class='ocrx_word' id='word_1_892' title='bbox 2476 5694 2783 5749; x_wconf 89' lang='lat' dir='ltr'><strong>supremum</strong></span> <span class='ocrx_word' id='word_1_893' title='bbox 2815 5679 3035 5734; x_wconf 90' lang='lat' dir='ltr'><strong>halitum</strong></span> <span class='ocrx_word' id='word_1_894' title='bbox 3065 5681 3176 5736; x_wconf 90' lang='lat' dir='ltr'><strong>sive</strong></span> <span class='ocrx_word' id='word_1_895' title='bbox 3197 5680 3357 5742; x_wconf 90' lang='lat' dir='ltr'><strong>domi,</strong></span> <span class='ocrx_word' id='word_1_896' title='bbox 3386 5679 3498 5733; x_wconf 88' lang='lat' dir='ltr'><strong>sive</strong></span> <span class='ocrx_word' id='word_1_897' title='bbox 3529 5677 3577 5730; x_wconf 90' lang='lat' dir='ltr'><strong>in</strong></span> <span class='ocrx_word' id='word_1_898' title='bbox 3606 5669 3748 5728; x_wconf 76' lang='lat' dir='ltr'><strong>biviis.</strong></span> 
     </span>
    </p>
   </div>
   <div class='ocr_carea' id='block_1_121' title="bbox 2201 5765 3746 5840">
    <p class='ocr_par' dir='ltr' id='par_1_121' title="bbox 2201 5765 3746 5840">
     <span class='ocr_line' id='line_1_121' title="bbox 2201 5765 3746 5840; baseline -0.005 -15"><span class='ocrx_word' id='word_1_899' title='bbox 2201 5773 2311 5826; x_wconf 89' lang='lat' dir='ltr'><strong>sive</strong></span> <span class='ocrx_word' id='word_1_900' title='bbox 2347 5772 2397 5826; x_wconf 87' lang='lat' dir='ltr'><strong>in</strong></span> <span class='ocrx_word' id='word_1_901' title='bbox 2427 5786 2632 5840; x_wconf 90' lang='lat' dir='ltr'><strong>mensa,</strong></span> <span class='ocrx_word' id='word_1_902' title='bbox 2663 5772 2774 5826; x_wconf 89' lang='lat' dir='ltr'><strong>sive</strong></span> <span class='ocrx_word' id='word_1_903' title='bbox 2801 5771 2852 5826; x_wconf 91' lang='lat' dir='ltr'><strong>in</strong></span> <span class='ocrx_word' id='word_1_904' title='bbox 2886 5771 3022 5839; x_wconf 74' lang='lat' dir='ltr'><strong>foro,</strong></span> <span class='ocrx_word' id='word_1_905' title='bbox 3053 5771 3162 5828; x_wconf 90' lang='lat' dir='ltr'><strong>sive</strong></span> <span class='ocrx_word' id='word_1_906' title='bbox 3186 5773 3236 5826; x_wconf 90' lang='lat' dir='ltr'><strong>in</strong></span> <span class='ocrx_word' id='word_1_907' title='bbox 3267 5772 3452 5826; x_wconf 87' lang='lat' dir='ltr'><strong>itinere</strong></span> <span class='ocrx_word' id='word_1_908' title='bbox 3487 5787 3498 5821; x_wconf 90' lang='lat'><strong>:</strong></span> <span class='ocrx_word' id='word_1_909' title='bbox 3538 5765 3746 5832; x_wconf 69' lang='lat' dir='ltr'><strong>freqm‘tl&#39;</strong></span> 
     </span>
    </p>
   </div>
  </div>
