3958 6390
175 345 314 405 1015

176 468 260 514 ter
291 467 348 517 et
393 459 446 514 in
489 455 712 513 somniis
751 453 880 526 ipsis
921 463 1258 526 peccatorum
1297 450 1451 506 nobis
1491 447 1772 504 simulacra

175 559 496 623 spectraque
517 555 867 619 reprtesentat

245 646 301 701 5.
337 643 673 700 Conscientia:
695 641 931 698 stimulus
949 681 964 706 ,
993 655 1150 709 quare
1173 653 1273 691 non
1298 645 1371 691 est
1397 644 1684 706 perpetuus.
1708 661 1776 672 —

177 739 311 794 Vide
369 745 550 792 autem
598 735 691 790 Dei
743 733 1080 804 sapientiam.
1125 730 1242 786 Non
1293 728 1419 785 fecit
1464 735 1774 798 perpetuam

175 830 523 886 conscientiae
548 827 970 890 accusationem,
995 840 1170 896 neque
1195 825 1336 880 enim
1369 822 1470 876 hoc
1495 833 1631 876 onus
1657 833 1772 890 per-

179 922 319 979 lerre
349 931 674 992 poteramus,
705 919 750 974 si
781 918 980 989 jugiter
1004 923 1308 971 accusasset
1336 930 1349 967 :
1387 926 1560 982 neque
1592 921 1777 964 rursus

207 1016 311 1070 deo
341 1015 512 1070 levem
548 1022 603 1069 et
638 1013 978 1078 imbecillem,
1011 1019 1069 1064 ut
1099 1018 1216 1079 post
1246 1021 1404 1061 unam
1439 1013 1532 1059 aut
1554 1003 1777 1057 alteram

177 1105 598 1160 admonitionem
636 1104 966 1175 desperaret.
1009 1102 1142 1156 Nam
1179 1100 1223 1155 si
1262 1098 1484 1170 singulis
1507 1097 1695 1152 diebus
1725 1102 1780 1148 et

180 1201 326 1255 horis
344 1200 530 1255 fuisset
549 1214 646 1254 nos
662 1199 1012 1262 Stimulatura,
1031 1211 1261 1252 mmrore
1284 1193 1524 1266 profecto
1547 1192 1777 1248 ειιῐῐορειο

176 1305 362 1345 remur
391 1307 405 1344 :
429 1305 614 1346 rursus
635 1291 680 1345 si
707 1299 826 1361 post
848 1305 1004 1344 unam
1035 1297 1193 1359 atque
1213 1288 1436 1343 alteram
1460 1285 1781 1355 increpatio-

181 1398 300 1438 nem
346 1382 649 1448 desisteret,
675 1380 820 1436 haud
859 1381 1083 1436 multum
1122 1379 1323 1436 fructus
1363 1377 1516 1434 nobis
1541 1376 1774 1431 afferret.

175 1455 364 1543 .quue
412 1473 535 1528 fecit
574 1473 996 1543 obiurgationem
1041 1481 1376 1542 perpetuam,
1423 1479 1479 1524 at
1522 1483 1629 1523 non
1669 1467 1778 1522 fre-

180 1575 430 1632 quentem
464 1581 477 1616 :
509 1573 818 1636 perpetuam
858 1565 1095 1635 quidem,
1128 1579 1195 1620 ne
1234 1564 1286 1619 in
1313 1562 1610 1618 socordiam
1650 1559 1782 1615 inci-

179 1652 452 1720 deremus,
501 1655 596 1710 sed
627 1670 841 1725 semper
877 1663 932 1709 et
962 1671 1130 1726 usque
1168 1655 1234 1710 ad
1265 1663 1491 1709 mortem
1520 1653 1778 1708 admoniti

183 1745 553 1815 vigilaremus;
595 1761 702 1800 non
744 1745 1077 1816 frequentem
1113 1759 1242 1800 vero
1266 1760 1328 1800 ac
1355 1745 1549 1814 sacpius
1579 1745 1776 1814 repeti-

183 1843 307 1901 tam,
339 1853 408 1892 ne
434 1838 614 1892 animo
651 1838 1079 1903 concideremus,
1108 1837 1203 1892 sed
1231 1847 1286 1892 ut
1314 1836 1538 1892 subinde
1569 1837 1779 1890 relaxa-

185 1927 323 1982 tione
369 1929 669 1998 solatioque
728 1932 978 2000 quopiam
1040 1940 1294 2000 accepto,
1369 1929 1775 1998 respiraremus.

183 2018 646 2086 Quemadmodum
683 2021 826 2075 enim
852 2021 1073 2076 omnino
1102 2036 1206 2075 non
1235 2021 1418 2076 dolere
1454 2020 1520 2074 de
1549 2018 1779 2090 peccatis

183 2110 392 2166 exitiale
428 2121 534 2176 est,
567 2121 724 2182 atque
764 2114 923 2167 etiam
963 2113 1084 2167 mali
1123 2127 1336 2167 sensum
1375 2111 1529 2166 nobis
1559 2125 1778 2180 prorsus

183 2200 410 2255 adimit:
459 2202 539 2256 sic
589 2210 644 2256 et
685 2201 884 2273 jngiter
929 2217 1200 2274 supraque
1237 2202 1455 2258 modum
1503 2202 1554 2256 id
1603 2201 1778 2256 facere

187 2293 393 2346 noxium
411 2302 521 2346 est.

251 2382 411 2437 Dolor
454 2384 759 2440 immodicus
786 2385 996 2440 adducit
1024 2386 1296 2440 insaniam.
1322 2415 1395 2426 -—
1424 2384 1607 2442 Potest
1633 2385 1776 2440 enim

188 2485 236 2530 et
272 2475 474 2532 doloris
507 2477 789 2532 immodica
827 2479 1134 2550 magnitudo
1169 2478 1475 2549 frequenter
1503 2478 1775 2534 hominem

188 2583 213 2620 a
239 2571 568 2624 naturalibus
592 2572 868 2626 excutiens
889 2572 1154 2637 sensibus,
1185 2573 1420 2626 animum
1442 2571 1775 2643 demergere,

189 2669 238 2712 et
263 2659 324 2712 ad
365 2660 595 2715 honesta
625 2662 803 2716 omnia
829 2662 1068 2717 inutilem
1096 2662 1342 2718 reddere.
1401 2662 1699 2733 Eaproptcr
1725 2671 1780 2718 et

190 2749 303 2804 i'lud
362 2751 627 2820 providit,
690 2761 747 2806 ut
797 2768 863 2807 ex
919 2753 1211 2808 intervallis
1270 2753 1425 2809 nobis
1474 2753 1782 2809 immineret

189 2844 524 2897 conscientize
549 2843 870 2914 redargutio,
900 2855 1185 2915 pr0pterea
1212 2846 1353 2916 quod
1381 2855 1464 2900 est
1489 2844 1776 2900 admodum

192 2947 399 3000 severa,
442 2943 504 2989 et
550 2935 741 3003 quovis
784 2935 1002 2990 stimulo
1043 2937 1218 2992 acrius
1243 2951 1476 3007 pungere
1503 2937 1780 2992 consuevit

191 3033 540 3093 peccatorem.
583 3023 699 3078 Non
724 3025 866 3078 enim
899 3035 1022 3081 tunc
1043 3027 1215 3081 solum
1237 3065 1252 3094 ,
1293 3041 1414 3082 cum
1455 3027 1553 3097 ipsi
1587 3041 1779 3098 pecca-

191 3131 319 3183 mus,
345 3117 699 3170 verumetiam
727 3131 849 3171 cum
879 3117 968 3172 alii
997 3118 1337 3173 committunt
1359 3119 1547 3174 eadem
1568 3160 1584 3185 ,
1608 3120 1774 3176 vehe-

191 3216 386 3261 menter
406 3207 669 3276 insurgit,
712 3222 1009 3280 magnaque
1046 3211 1387 3266 contentione
1416 3210 1570 3266 nobis
1599 3211 1776 3267 occla-

192 3309 310 3353 mat.
339 3299 472 3355 Nam
511 3310 794 3368 scortator,
827 3301 1054 3370 adulter,
1083 3312 1174 3358 aut
1209 3303 1294 3358 fur
1328 3319 1433 3360 non
1463 3305 1622 3360 modo
1655 3320 1776 3361 cum

194 3403 459 3448 accusatur
505 3394 639 3463 ipse,
680 3397 1030 3451 verumetiam
1070 3411 1192 3452 cum
1235 3397 1384 3452 audit
1424 3398 1555 3452 alios
1589 3398 1777 3453 eadem

195 3497 338 3540 ansos
373 3488 645 3554 accusari,
675 3487 791 3557 ipse
824 3489 922 3543 sibi
952 3491 1157 3544 videtur
1181 3489 1358 3561 ﬂagris
1386 3491 1518 3546 caedi
1546 3491 1670 3546 dum
1699 3492 1780 3546 in-

195 3589 465 3646 crepantur
498 3581 624 3646 alii,
665 3595 882 3636 suorum
928 3583 1282 3640 admissorum
1317 3584 1685 3653 reminiscens,
1725 3594 1780 3640 et

196 3671 316 3726 alius
343 3675 562 3744 quidem
589 3687 810 3729 vocatur
840 3677 890 3729 in
917 3675 1006 3745 jus
1027 3717 1040 3743 ,
1073 3676 1158 3731 hic
1185 3691 1316 3731 vero
1345 3676 1660 3747 ﬂagellatur,
1691 3677 1779 3732 cui

197 3764 386 3818 nullum
435 3769 644 3821 crimen
693 3767 1003 3834 intenditur,
1051 3769 1097 3823 si
1144 3769 1302 3824 fuerit
1351 3771 1536 3825 eadem
1594 3785 1774 3824 ausus.

197 3855 644 3922 Quemadmodum
672 3859 723 3913 in
754 3860 980 3915 aliorum
1010 3869 1156 3916 recte
1182 3862 1332 3916 lactis
1349 3861 1474 3916 dum
1498 3861 1781 3916 laudantur

199 3956 245 4000 et
270 3959 613 4017 coronantur,
659 3951 751 4021 qui
782 3954 969 4006 eadem
1016 3966 1139 4006 cum
1170 3952 1298 4022 ipsis
1327 3963 1473 4009 recte
1499 3953 1632 4008 facta
1658 3969 1780 4024 ges-

198 4049 387 4106 serunt,
431 4043 670 4112 gaudent
713 4043 1114 4112 exsultantque,
1157 4045 1307 4114 quasi
1357 4059 1464 4099 non
1508 4046 1582 4099 illi
1613 4045 1782 4115 magis

199 4145 344 4198 quam
371 4134 464 4202 ipsi
496 4133 856 4189 laudarentur.
886 4134 1025 4200 Quid
1051 4134 1210 4205 igitur
1229 4151 1348 4190 esse
1374 4137 1540 4204 possit
1565 4137 1780 4192 homine

200 4234 466 4288 peccatore
501 4227 744 4282 miserius
767 4269 780 4292 ,
809 4228 898 4298 qui
924 4228 1134 4297 quoties
1161 4237 1480 4283 accusantur
1514 4229 1602 4282 alii
1624 4270 1637 4292 ,
1670 4229 1781 4297 ipse

201 4317 564 4371 exanimatur?
593 4318 784 4372 Contra
805 4359 819 4385 ,
864 4318 990 4388 quid
1015 4334 1082 4373 eo
1112 4319 1319 4374 beatius
1338 4359 1354 4384 ,
1393 4320 1482 4390 qui
1527 4336 1649 4374 cum
1677 4322 1783 4374 vir-

201 4412 303 4461 tute
332 4410 478 4474 vivit,
512 4412 598 4478 qui
620 4410 743 4464 dum
775 4411 1059 4466 laudantur
1086 4411 1197 4477 alii,
1227 4411 1340 4480 ipse
1354 4411 1546 4482 gaudet
1577 4412 1782 4466 laetitia-

203 4513 297 4564 que
323 4501 532 4566 difllnit,
569 4518 631 4556 ex
665 4503 888 4556 aliorum
915 4503 1159 4558 laudibus
1185 4518 1403 4558 suorum
1437 4514 1581 4560 recte
1611 4504 1780 4559 facto-

205 4604 312 4645 rmn
339 4595 647 4649 memoriam
675 4597 976 4665 recipiens?
1006 4596 1130 4651 llrcc
1155 4605 1277 4650 sunt
1295 4596 1487 4651 divina:
1509 4597 1782 4666 sapientia:

205 4696 376 4751 opera,
433 4687 546 4742 haec
596 4689 832 4742 maxima
871 4689 1010 4744 illius
1054 4689 1403 4760 providentia:
1447 4701 1572 4745 sunt
1621 4707 1781 4762 argu-

207 4785 370 4830 menta
397 4795 410 4832 :
433 4780 776 4834 conscientia:
801 4781 1091 4850 increpatio
1117 4797 1265 4836 sacra
1293 4791 1376 4837 est
1400 4798 1596 4837 ancora
1617 4825 1631 4849 ,
1677 4800 1781 4837 non

207 4867 374 4922 sinens
395 4886 490 4924 nos
516 4872 727 4926 tandem
746 4873 798 4926 in
823 4881 1162 4940 peccatorum
1182 4874 1417 4946 demergi
1439 4875 1780 4944 profundum.

207 4951 377 5026 Neque
411 4963 552 5016 enim
582 4978 675 5032 per
705 4962 754 5016 id
792 4973 997 5033 tempus
1028 4973 1231 5018 tantum
1259 4982 1365 5035 quo
1389 4977 1600 5037 peccata
1638 4983 1785 5022 com-

209 5047 475 5119 mittimus,
499 5071 682 5110 verum
702 5056 860 5109 etiam
889 5065 1009 5125 post
1032 5057 1225 5112 multos
1244 5073 1502 5113 annorum
1533 5060 1786 5116 circuitus

211 5144 342 5197 novit
379 5163 472 5201 nos
509 5163 650 5219 smpe
680 5149 873 5204 veteris
916 5149 1205 5205 admonere
1240 5154 1442 5220 peccati
1473 5171 1485 5207 :
1535 5153 1692 5224 idque
1719 5169 1782 5208 ex

212 5230 328 5299 ipsis
353 5240 622 5297 evidenter
645 5243 1006 5313 comprobabo
1027 5243 1334 5313 Scripturis.

273 5321 483 5384 Invidia:
511 5333 600 5386 vis.
621 5363 688 5372 -
707 5333 1073 5390 Vendiderunt
1098 5336 1226 5390 olim
1256 5336 1446 5394 fratres
1467 5338 1780 5408 Josephum,

212 5414 331 5471 nihil
356 5423 565 5489 quidem
603 5425 860 5482 habentes
887 5427 1026 5498 quod
1057 5429 1382 5498 incusarent,
1412 5431 1784 5503 sedquoniam

212 5508 404 5566 viderat
429 5518 632 5572 somnia
672 5520 769 5589 ipsi
815 5521 1036 5590 gloriam
1063 5530 1342 5576 venturam
1389 5525 1779 5593 portendentia.

222 5594 482 5673 Videbam,
529 5609 735 5677 inquit,
783 5613 1068 5682 manipulos
1096 5624 1280 5668 vestros
1307 5615 1574 5670 adorantes
1617 5617 1782 5670 mani-

215 5695 372 5752 pulum
403 5713 561 5752 meum
588 5700 741 5771 (Gen.
772 5703 860 5757 57.
893 5703 970 5773 7).
1010 5704 1342 5774 Quamquam
1371 5705 1440 5760 ob
1468 5705 1583 5761 haec
1607 5706 1786 5762 decuit

213 5777 348 5838 illum
393 5802 600 5849 servare
647 5794 822 5862 potius
847 5836 860 5861 ,
893 5797 1034 5865 quod
1083 5796 1244 5852 totius
1293 5796 1508 5854 familiae
1536 5813 1735 5856 corona
1759 5839 1776 5869 ,

1403 330 1490 389 or.
1531 285 1801 388 Lazano
1839 327 2084 386 CONCIU
2121 319 2206 386 t‘v.

3343 329 3478 397 illi!

1883 446 2152 516 totiusque
2194 449 2403 517 generis
2436 449 2599 504 decus
2646 459 2761 505 erat
2803 451 3031 507 futurus.
3062 451 3167 508 Sed
3211 455 3478 522 ejusmodi

1880 552 1967 591 res
2010 546 2096 594 cst
2135 536 2329 594 invidia
2363 556 2377 592 :
2414 550 2609 610 pugnat
2635 541 2891 598 adversus
2917 543 3210 600 domestica
3238 546 3434 602 decora
3463 584 3478 608 .

1881 630 2188 702 mavultque
2232 631 2443 687 invidus
2497 636 2776 689 innumera
2822 635 3028 706 perpeti
3078 637 3260 705 mala,
3319 654 3480 710 qnam

1881 719 2063 776 videre
2106 723 2406 791 proximum
2442 724 2492 778 in
2526 726 2697 794 pretio
2726 726 2963 782 habitum
2989 769 3003 791 ,
3039 727 3248 784 etiamsi
3293 731 3479 800 glorise

1882 825 2006 879 pars
2033 812 2100 867 ad
2126 813 2300 883 ipsum
2341 814 2412 869 sit
2441 828 2817 884 permanatura
2851 836 2864 872 :
2897 834 3003 889 quo
3029 834 3162 875 sane
3188 822 3316 892 quid
3359 837 3481 879 esse

1881 903 2051 973 possit
2094 906 2384 960 miserius?
2409 908 2561 975 Quod
2588 918 2643 963 et
2687 910 2787 965 illis
2813 925 2914 966 usu
2943 912 3089 968 venit
3121 937 3136 975 ;
3170 929 3292 970 cum
3333 917 3478 972 enim

1883 996 2137 1051 vidissent
2193 999 2339 1054 illum
2391 1002 2576 1070 procul
2631 1004 2970 1070 venientem,
3019 1006 3254 1079 ipsisque
3299 1011 3478 1066 cibum

1883 1086 2232 1156 aﬂ‘erentem,
2279 1093 2417 1148 inter
2459 1109 2518 1148 se
2556 1093 2805 1151 dicebant
2856 1115 2869 1150 :
2927 1097 3140 1167 Venite,
3187 1106 3478 1158 occidanias

1881 1193 2017 1246 eum,
2051 1197 2110 1234 ac
2138 1181 2395 1237 videamus
2424 1185 2546 1254 quid
2576 1189 2749 1257 futura
2777 1189 2876 1242 sint
2905 1188 3044 1244 illius
3069 1194 3265 1246 somnia
3320 1193 3474 1261 (Gen.

1883 1270 1970 1324 57.
2002 1271 2073 1328 20
2095 1272 2136 1342 ).-
2173 1273 2238 1329 Ut
2269 1273 2485 1330 fratrem
2517 1293 2621 1332 non
2665 1280 2960 1336 reverearis
2983 1322 2998 1349 ,
3030 1297 3202 1352 neque
3233 1290 3477 1339 naturam

1882 1377 2139 1435 agnoscas
2164 1405 2178 1432 ,
2207 1374 2354 1422 certe
2379 1382 2620 1424 mensam
2648 1370 2816 1440 ipsam
2841 1373 3191 1428 conveniebat
3215 1376 3476 1442 revereri,

1883 1454 2165 1526 ipsumque
2193 1457 2474 1514 ministerii
2504 1459 2761 1528 officium,
2792 1461 3226 1534 quandoquidem
3254 1465 3479 1520 aliturus

1884 1556 1937 1604 te
1981 1550 2244 1607 veniebat.
2274 1552 2382 1608 Sed
2423 1553 2545 1609 vide
2588 1555 2860 1625 quomodo
2889 1565 2942 1612 et
2987 1557 3352 1628 imprudentes
3381 1575 3480 1613 va-

1883 1641 2190 1697 ticinantur.
2232 1643 2424 1710 Venite,
2457 1642 2723 1716 inquiunt,
2755 1647 3042 1702 occidamus
3070 1667 3204 1717 eum,
3234 1661 3280 1703 el
3307 1651 3478 1705 vidca-

1882 1751 1993 1789 mns
2021 1736 2142 1806 quid
2184 1739 2361 1806 futura
2385 1739 2486 1792 sint
2529 1739 2667 1793 illius
2695 1741 2910 1794 somnia.
2941 1742 3150 1797 Etenim
3182 1744 3284 1798 nisi
3330 1755 3478 1800 stru-

1882 1827 2090 1882 xissent
2133 1829 2371 1896 insidias,
2405 1831 2506 1885 nisi
2553 1832 2705 1886 dolos
2752 1835 3066 1901 terruissent,
3097 1844 3147 1891 et
3195 1835 3478 1908 impudens

1884 1919 2012 1973 illud
2057 1921 2340 1975 concilium
2391 1924 2845 1992 concinnassent,
2894 1941 3227 1997 nequaquam
3276 1943 3479 1999 cogno-

1885 2009 2087 2064 vissent
2115 2010 2219 2064 vim
2269 2012 2481 2066 illorum
2525 2014 2876 2068 somniorum.
2909 2015 3026 2070 Non
3071 2018 3213 2072 enim
3257 2019 3480 2087 perinde

1883 2115 2133 2170 magnum
2160 2111 2275 2158 erat
2299 2145 2313 2168 ,
2358 2103 2556 2175 .loseph
2583 2147 2597 2165 .
2628 2106 2672 2160 si
2702 2106 2836 2160 nihil
2861 2107 3038 2163 acerbi
3067 2123 3255 2177 passus
3295 2120 3475 2178 esset,

1883 2194 2244 2251 conscendere
2272 2195 2521 2252 thronum
2547 2197 2796 2270 Egypti,
2828 2214 2891 2254 ac
2922 2209 2999 2268 tot
3040 2201 3327 2257 obstaculis
3366 2203 3479 2257 dis.

1883 2287 2084 2356 cussis,
2114 2287 2255 2343 hunc
2280 2291 2529 2346 eumdem
2555 2293 2765 2364 assequi
2791 2293 3155 2362 splendorem.
3198 2295 3308 2350 Nisi
3336 2297 3477 2354 enim

1882 2377 1958 2432 illi
2002 2381 2324 2436 struxissent
2370 2382 2630 2450 insidias,
2680 2400 2785 2438 non
2837 2386 3203 2442 vendidissent
3249 2404 3373 2446 cum
3426 2392 3477 2445 in

1881 2471 2172 2544 Egyptum
2205 2491 2219 2527 :
2253 2474 2352 2529 nisi
2381 2476 2431 2529 in
2461 2475 2751 2548 {Egyptum
2783 2479 3149 2534 vendidissent
3175 2522 3188 2546 ,
3216 2497 3321 2536 non
3353 2485 3480 2538 ada-

1884 2573 2060 2620 matus
2105 2564 2292 2620 fuisset
2334 2565 2404 2620 ab
2443 2566 2618 2622 hera:
2653 2569 2696 2622 si
2726 2583 2834 2623 non
2878 2568 3066 2624 fuisset
3108 2571 3386 2627 adamatus
3412 2575 3480 2628 ab

1885 2656 2011 2710 hera
2037 2698 2052 2722 ,
2082 2671 2188 2711 non
2221 2658 2404 2713 fuisset
2431 2659 2707 2730 coniectus
2749 2662 2801 2714 in
2832 2676 3102 2718 carcerem
3127 2703 3145 2730 ,
3174 2681 3279 2718 non
3311 2667 3478 2720 inter.

1885 2757 2127 2818 pretatus
2171 2749 2360 2804 fuisset
2403 2752 2609 2805 somnia
2638 2793 2650 2816 ,
2700 2767 2805 2806 non
2853 2768 3078 2823 regnum
3123 2755 3251 2810 illud
3295 2756 3482 2813 fuisset

1883 2849 2204 2910 asscquutus
2237 2858 2250 2893 :
2283 2841 2327 2894 si
2357 2857 2462 2897 non
2496 2841 2682 2898 fuisset
2707 2859 2929 2913 regnum
2961 2855 3342 2916 consequutus,
3373 2865 3479 2903 non

1885 2933 2158 2986 venissent
2189 2933 2260 2988 illi
2291 2935 2703 2989 commercaturi
2731 2937 3057 2994 frumentum
3083 2979 3098 3004 ,
3130 2955 3228 2995 nec
3257 2941 3480 2997 adoras—

1884 3033 2020 3078 sent.
2050 3023 2231 3094 itaque
2247 3026 2500 3094 quoniam
2519 3027 2832 3082 occiderunt
2858 3029 3028 3094 illum,
3048 3031 3117 3086 ob
3135 3031 3234 3086 hoc
3251 3035 3482 3088 maxime

1885 3117 2267 3173 intellexerunt
2294 3119 2436 3173 illius
2467 3120 2695 3175 somnia.
2725 3121 2862 3189 Quid
2891 3123 3082 3193 igitur?
3110 3124 3287 3194 lpsine
3313 3129 3482 3183 bono-

1883 3226 2000 3266 rum
2046 3211 2286 3267 omnium
2327 3227 2446 3282 quae
2478 3223 2598 3282 post
2643 3224 2974 3282 evenerunt,
3009 3217 3255 3286 illiusque
3295 3219 3482 3288 gloria:

1883 3302 2098 3358 fuerunt
2116 3305 2190 3359 illi
2207 3305 2613 3360 conciliatores?
2631 3305 2999 3378 Nequaquam.
3029 3309 3222 3364 Verum
3249 3312 3347 3381 ipsi
3363 3315 3483 3384 quia

1883 3395 2004 3449 dem
2037 3394 2398 3450 moliebantur
2431 3397 2578 3451 illum
2609 3400 2789 3464 morti,
2809 3399 3479 3472 chperationi,servituti,

1885 3487 2116 3540 breviter
2139 3487 2394 3541 extremis
2417 3487 2571 3543 malis
2598 3488 2809 3544 tradere
2842 3507 2854 3541 ε
2888 3491 2981 3544 sed
3011 3492 3148 3545 Deus
3177 3493 3368 3549 melior
3394 3511 3482 3549 ar-

1885 3580 2012 3635 tifex
2038 3622 2052 3647 ,
2083 3580 2447 3634 insidiantium
2481 3583 2681 3636 malitia
2711 3583 2762 3636 in
2791 3584 2990 3638 venditi
3036 3584 3347 3656 insidiisque
3376 3588 3478 3639 im-

1884 3674 2030 3741 petiti
2053 3674 2276 3743 gloriam
2300 3690 2426 3728 usus
2447 3684 2550 3728 est.

1955 3764 2009 3818 ϐ.
2049 3764 2126 3819 Ne
2153 3780 2278 3820 vero
2305 3774 2521 3835 putares
2559 3780 2736 3819 rerum
2772 3777 3028 3832 eventus,
3061 3768 3142 3822 vel
3179 3783 3336 3824 casus
3360 3783 3482 3825 esse

1885 3856 2152 3924 fortuitos,
2184 3856 2266 3911 vel
2296 3857 2364 3911 ab
2392 3855 2743 3911 humanarum
2778 3873 2957 3912 rerum
2988 3858 3160 3913 subita
3189 3861 3483 3915 mutatione

1886 3950 2121 4020 pendere
2150 3968 2162 4006 ε
2195 3967 2288 4020 per
2314 3965 2407 4005 eos
2436 3950 2525 4020 qui
2555 3951 2905 4006 adversantur
2936 3994 2952 4019 ,
2982 3968 3077 4022 per
3102 3967 3196 4010 eos
3221 3957 3308 4026 qui
3337 3956 3484 4011 obsi-

1888 4052 2054 4106 stunt,
2071 4053 2320 4112 procurat
2335 4043 2495 4107 Deus,
2512 4052 2569 4096 ut
2586 4058 2671 4097 res
2692 4059 2810 4112 quae
2830 4053 3093 4108 vetantur,
3112 4047 3482 4114 conficiantur,

1887 4133 2116 4189 inimicis
2141 4135 2250 4188 suis
2285 4134 2350 4187 ad
2381 4148 2531 4187 suam
2561 4135 2784 4203 gloriam
2819 4145 2971 4189 utens
3001 4136 3278 4203 ministris,
3319 4149 3374 4192 ut
3399 4140 3486 4193 in-

1888 4227 2094 4297 telligas
2132 4227 2275 4296 quod
2315 4227 2454 4280 Deus
2489 4226 2748 4293 decrevit,
2780 4241 2808 4278 a
2841 4227 3054 4282 nemine
3083 4227 3351 4298 dissipari,
3383 4247 3483 4286 nec

1887 4315 2102 4374 manum
2130 4320 2271 4373 illam
2299 4318 2562 4374 excelsam
2593 4334 2622 4372 a
2649 4333 2914 4388 quoquam
2941 4335 3188 4375 aversum
3213 4323 3273 4376 iri
3305 4341 3316 4375 :
3342 4326 3483 4394 quod

1887 4413 1932 4466 si
1961 4411 2173 4481 quando
2203 4411 2269 4466 ab
2308 4411 2484 4480 aliquo
2527 4411 2724 4480 petaris
2763 4411 2990 4479 insidiis,
3027 4427 3094 4466 ne
3121 4418 3486 4471 consterncris

1886 4507 2085 4572 animo,
2111 4520 2242 4559 neve
2268 4505 2490 4559 moleste
2512 4505 2670 4571 feras,
2694 4505 2786 4559 sed
2813 4505 2953 4560 scire
2983 4508 3158 4574 possis
3186 4509 3404 4564 insidias
3431 4510 3484 4564 in

1889 4600 2082 4654 bonum
2128 4598 2286 4652 finem
2326 4598 2582 4666 exituras,
2617 4607 2820 4653 tantum
2868 4599 2912 4653 si
2955 4600 3160 4654 fortiter
3200 4601 3335 4657 feras
3366 4619 3486 4673 quas

1887 4690 2156 4746 accidunt.

1965 4784 2182 4836 Eventus
2209 4783 2260 4835 in
2285 4799 2438 4835 manu
2465 4781 2579 4835 Dei.
2610 4811 2679 4822 —-—
2701 4783 2843 4838 Ecce
2864 4783 2950 4838 hic
2986 4799 3196 4854 quoque
3240 4786 3373 4839 livor
3401 4805 3484 4841 re—

1888 4895 2049 4949 gnum
2066 4878 2287 4947 peperit,
2317 4876 2514 4931 invidia
2535 4877 2836 4932 conciliavit
2861 4877 3126 4945 diadema,
3151 4879 3215 4932 ad
3233 4878 3482 4934 thronum

1890 4969 2176 5039 perduxit,
2225 4979 2383 5039 atque
2407 4969 2480 5022 illi
2511 4969 2606 5038 ipsi
2639 4969 2726 5038 qui
2773 4969 3046 5024 struebant
3077 4971 3296 5025 insidias
3335 4976 3485 5026 auxi-

1892 5062 2082 5116 lianles
2110 5071 2488 5131 promoverunt
2529 5063 2594 5115 ad
2639 5063 2779 5115 illius
2807 5061 3012 5132 imperii
3041 5064 3480 5132 magnitudinem.

1891 5152 1958 5206 Et
1979 5155 2020 5206 is
2043 5153 2256 5223 quidem
2281 5153 2363 5207 cui
2385 5160 2598 5207 structae
2633 5153 2840 5207 fuerant
2869 5152 3073 5208 insidia:
3107 5170 3325 5224 regnum
3359 5155 3488 5210 ade—

1893 5255 2013 5315 plus
2041 5257 2162 5301 est:
2199 5248 2231 5300 ii
2279 5261 2407 5302 vero
2434 5247 2521 5316 qui
2550 5256 2872 5313 struxerant,
2919 5248 3212 5303 servierunt
3248 5267 3263 5305 :
3296 5249 3487 5303 adoraa

1896 5338 2046 5395 batur
2077 5339 2184 5404 ille,
2236 5338 2288 5392 hi
2331 5338 2638 5393 adorarunt.
2686 5339 2862 5409 ltaqne
2895 5354 3018 5394 cum
3059 5340 3150 5394 tibi
3197 5341 3485 5396 acciderint

1890 5435 2080 5487 acerba
2110 5433 2468 5500 continuaque
2511 5433 2672 5497 mala,
2705 5448 2772 5486 ne
2805 5433 3033 5488 turberis
3061 5449 3230 5505 neque
3261 5434 3484 5489 moleste

1893 5523 2048 5587 feras,
2080 5523 2172 5578 sed
2220 5531 2438 5593 expecta
2483 5523 2665 5578 linem.
2700 5523 2927 5579 Omnino
2970 5526 3239 5598 continget
3288 5527 3484 5598 aliquid

1893 5613 2141 5669 munifico
2191 5615 2302 5670 Deo
2332 5615 2570 5684 dignum,
2605 5624 2808 5671 tantum
2850 5617 2894 5672 si
2924 5632 3046 5671 cum
3075 5619 3363 5689 gratiarum
3395 5634 3485 5674 εει

1893 5707 2037 5761 tione
2065 5704 2202 5760 feras
2248 5721 2366 5777 qua:
2397 5707 2644 5762 accidunt
2675 5725 2687 5761 :
2715 5707 3143 5778 quandoquidem
3194 5725 3291 5765 nec
3345 5711 3442 5765 iste
3467 5745 3482 5774 ,

1893 5813 2015 5857 cum
2043 5797 2131 5854 illa
2161 5799 2499 5867 somniasset,
2525 5816 2641 5855 cum
2676 5803 2727 5858 in
2758 5812 3054 5858 extremum
3080 5803 3368 5859 discrimen
3401 5820 3485 5856 voc
