3958 6362
500 321 639 379 1015

494 438 684 498 uisset,
716 444 836 486 cum
866 427 1113 485 venditus
1138 442 1167 481 a
1195 424 1465 491 fratribus,
1484 440 1606 481 cum
1632 424 1701 478 ab
1728 424 1855 479 liora
1883 420 2088 478 insidiis

491 526 779 596 appetitus,
810 523 1042 593 denique
1061 535 1180 577 cum
1227 521 1281 574 in
1323 534 1595 574 carcerem
1625 524 1769 573 esset
1792 514 2089 585 conjectus,

495 616 709 672 dicebat
725 612 863 685 apud
889 627 1012 669 sese
1040 629 1053 665 :
1083 611 1207 683 quid
1237 610 1451 666 tandem
1480 610 1582 664 hoc
1606 617 1689 663 est
1715 606 1839 663 rei?
1866 604 2091 661 Fefelle—

494 718 621 765 runt
649 722 735 763 me
775 708 864 763 illa
890 707 1092 762 somnia
1128 723 1142 759 :
1172 703 1358 759 cxsulo
1396 718 1425 757 a
1454 702 1643 771 patria,
1672 699 1929 772 spoliatus
1971 712 2088 753 sum

496 801 762 864 libertate,
790 807 1011 869 propter
1035 798 1197 852 Deum
1230 811 1334 849 non
1356 794 1493 850 cessi
1517 794 1659 848 hera:
1682 793 1749 847 ad
1770 791 2091 846 adulterium

494 892 738 948 invitanti
765 908 780 946 :
811 900 1031 962 propter
1050 889 1359 959 pudicitiam
1402 902 1467 944 ac
1491 889 1743 943 virtutem
1783 885 1854 941 do
1881 899 2087 955 poenas,

493 999 649 1040 ac'ne
672 985 748 1039 sic
774 982 987 1052 quidem
1019 982 1159 1036 ultus
1179 989 1263 1035 est
1280 980 1452 1035 vicem
1477 992 1653 1034 meam
1679 977 1838 1042 Deus,
1862 986 1953 1030 aut
1971 989 2089 1029 ma-

493 1090 621 1130 num
652 1075 906 1144 porrexit,
952 1072 1047 1129 sed
1076 1086 1265 1143 passus
1289 1079 1373 1126 est
1399 1085 1488 1126 me
1516 1068 1650 1125 tradi
1679 1068 1902 1124 vinculis
1928 1080 2089 1137 super

491 1167 593 1221 alia
622 1166 741 1221 aliis
772 1182 789 1220 :
821 1164 1156 1220 calamitates
1188 1162 1493 1219 inciderunt
1543 1168 1833 1231 perpetuae,
1873 1166 1995 1230 post
2014 1158 2092 1213 ci-

491 1270 725 1313 sternam
742 1256 993 1325 servitus,
1014 1264 1136 1327 post
1148 1255 1461 1311 servitutem
1479 1253 1707 1319 insidias,
1727 1260 1850 1323 post
1871 1250 2090 1306 insidias

490 1347 777 1413 calumnia,
801 1356 921 1417 post
944 1346 1264 1402 calumniam
1280 1359 1486 1401 carcer.
1518 1344 1717 1400 Verum
1742 1344 1932 1399 borum
1955 1342 2088 1398 nihil

492 1438 642 1493 illum
668 1436 1033 1508 perturbabat,
1060 1436 1157 1493 sed
1187 1436 1566 1507 perseverabat
1592 1428 1651 1491 in’
1674 1450 1770 1506 spe
1796 1450 1919 1490 cum
1948 1435 2087 1491 bona

491 1530 706 1595 fiducia,
733 1530 908 1586 sciens
945 1529 1087 1601 quod
1112 1545 1235 1601 quae
1262 1530 1401 1586 dicta
1425 1538 1551 1586 sunt
1577 1544 1609 1585 a
1635 1528 1765 1596 Deo,
1797 1543 2088 1602 numquam

496 1620 764 1675 excident.

565 1710 701 1765 Deus
740 1727 899 1783 quare
933 1726 1036 1766 non
1091 1711 1262 1767 statim
1309 1711 1461 1783 eripit
1510 1720 1730 1768 sanctos.
1769 1741 1841 1755 —-
1876 1711 2094 1768 Poterat

494 1803 707 1873 quidem
758 1804 899 1859 Deus
926 1803 1115 1858 eodem
1144 1805 1306 1860 etiam
1332 1803 1421 1859 die
1459 1803 1559 1858 ista
1604 1804 1885 1875 perficere,
1916 1804 2009 1860 sed
2039 1814 2098 1859 ut

494 1895 652 1950 simul
673 1903 729 1951 et
749 1910 899 1950 suam
920 1894 1158 1951 declaret
1176 1896 1487 1965 potentiam,
1509 1903 1565 1951 et
1590 1895 1750 1951 fidem
1774 1894 2094 1951 famulorum

496 2004 737 2052 suorum,
767 1988 1025 2057 permittit
1043 1988 1268 2043 multum
1293 1989 1550 2058 temporis
1575 1988 1926 2055 intercedere,
1959 1988 2097 2044 mul-

496 2088 656 2148 taque
681 2077 917 2134 incidere
945 2077 1347 2149 impedimenta,
1376 2082 1455 2133 uti
1482 2078 1642 2134 simul
1665 2089 1722 2134 et
1742 2080 1909 2150 ipsius
1933 2079 2099 2135 robur

497 2181 812 2238 cognoscas,
867 2177 979 2222 tum
1023 2168 1292 2238 explentis
1344 2169 1627 2240 promissa,
1671 2181 2015 2243 posteaquam
2043 2171 2098 2227 in

486 2257 926 2330 desperationem
945 2258 1174 2316 adducta
1195 2275 1283 2317 res
1301 2270 1403 2327 est,
1426 2270 1481 2317 et
1499 2276 1783 2317 servorum
1805 2264 2101 2333 perspicias

508 2352 846 2407 tolerantiam
869 2366 932 2407 ac
960 2350 1139 2417 fidem,
1169 2367 1306 2423 quos
1333 2352 1466 2408 nihil
1496 2354 1709 2423 borum,
1739 2370 1859 2426 qua:
1887 2356 2102 2411 interim

501 2444 769 2511 accidunt,
807 2459 838 2498 a
887 2444 1024 2501 bona
1071 2459 1168 2516 spe
1193 2444 1433 2516 depellit.
1483 2446 1588 2502 Sed
1617 2447 1759 2517 quod
1787 2447 1967 2504 dicere
1994 2462 2105 2505 cm-

507 2554 715 2609 peram,
758 2540 957 2596 reversi
998 2550 1125 2596 sunt
1169 2542 1279 2608 isti,
1330 2539 1473 2613 fame
1505 2542 1623 2596 illos
1661 2542 1823 2597 veluti
1851 2542 2104 2599 carnifice

503 2633 805 2702 prmcipites
833 2633 1065 2704 agitante
1091 2673 1108 2699 ,
1157 2645 1217 2690 et
1269 2633 1493 2705 principi
1523 2634 1723 2705 Joscph
1766 2636 2062 2693 exhibente
2086 2654 2107 2692 ;·

502 2726 751 2781 volebant
778 2741 962 2782 emere
1000 2725 1339 2783 frumentum
1369 2747 1382 2780 :
1412 2729 1500 2785 hic
1545 2740 1722 2785 autem
1765 2733 1839 2787 ait
1890 2731 1957 2787 ad
1985 2747 2102 2801 eos,

506 2815 870 2887 Exploratores
915 2818 1033 2873 estis
1086 2816 1255 2890 (Gen.
1286 2819 1376 2874 42.
1405 2819 1496 2891 9).
1529 2820 1607 2875 llli
1633 2820 1776 2891 apud
1810 2836 1930 2878 sese
1955 2823 2104 2880 dice-

504 2909 655 2970 bant,
674 2909 926 2979 quidnam
957 2913 1058 2965 hoc
1082 2918 1164 2965 est
1185 2910 1487 2966 iAlimenta
1508 2920 1745 2982 emptum
1762 2914 2025 2983 venimus,
2048 2924 2105 2972 et

505 2999 573 3056 de
600 3001 704 3055 vita
736 3001 1103 3072 periclitamur
1128 3003 1152 3057 ?
1181 3002 1370 3057 Merito
1400 3020 1414 3058 :
1448 3003 1882 3076 quandoquidem
1922 3017 1980 3063 et
2007 3008 2102 3064 ille

509 3094 660 3149 vobis
684 3094 988 3151 alimoniam
1009 3095 1286 3162 afferebat,
1310 3095 1483 3168 deque
1503 3098 1609 3153 Vita
1638 3099 1968 3170 periclitatus
1996 3110 2100 3158 est.

504 3184 770 3242 Caeterum
796 3188 892 3243 ille
919 3187 1134 3258 quidem
1158 3204 1285 3244 vere
1302 3203 1490 3260 passus
1517 3198 1639 3258 est;
1675 3207 1772 3248 vos
1797 3201 1975 3250 autem
2000 3193 2104 3251 hoc

505 3294 599 3349 per
628 3280 1025 3335 simulationem
1065 3280 1328 3351 patimini.
1354 3281 1470 3336 Non
1501 3282 1645 3338 enim
1688 3284 2101 3355 inimicus'erat,

489 3370 600 3429 sed
642 3371 838 3425 inimici
888 3385 1171 3440 personam
1221 3381 1627 3451 assumpserat,
1665 3376 1872 3447 utquid
1914 3378 1968 3432 in
2011 3392 2104 3449 pa-

509 3459 887 3517 terna-familia
927 3472 1175 3532 ageretur
1210 3463 1275 3518 ad
1317 3464 1530 3534 plenum
1563 3477 1929 3538 cognosceret.
1961 3470 2106 3537 Quo-

510 3554 653 3607 niam
689 3552 832 3607 enim
861 3553 1005 3609 circa
1052 3553 1225 3623 ipsum
1268 3555 1495 3625 improbi
1539 3557 1837 3630 ingratique
1874 3560 2105 3629 fuerant,

510 3644 784 3715 Benjamin
825 3655 1003 3700 autem
1034 3661 1154 3700 cum
1186 3646 1318 3716 ipsis
1348 3662 1453 3702 non
1496 3648 1744 3717 viderat,
1792 3652 1994 3708 veritus
2038 3653 2109 3710 de

512 3751 675 3806 puero
704 3752 772 3792 ne
795 3737 1007 3808 quando
1025 3746 1079 3794 et
1102 3739 1191 3794 ille
1219 3737 1408 3796 eadem
1428 3756 1547 3811 quae
1569 3740 1732 3797 frater
1754 3757 1944 3813 passus
1971 3745 2106 3801 fuis-

511 3836 610 3890 set.
637 3828 788 3897 jubet
812 3844 983 3884 unum
1011 3845 1077 3885 ex
1104 3830 1207 3886 illis
1234 3833 1467 3886 vinctum
1499 3833 1606 3888 illic
1639 3834 1891 3904 detineri,
1916 3836 2109 3893 deinde

514 3919 636 3974 illos
671 3930 884 3989 sumpto
913 3921 1058 3975 omni
1086 3920 1354 3977 frumento
1373 3922 1670 3991 discedere,
1718 3935 1947 3982 mortem
1995 3928 2103 3983 illis

514 4011 891 4076 comminatus,
922 4012 1022 4067 nisi
1051 4011 1269 4067 fratrem
1296 4028 1452 4068 suum
1476 4014 1827 4071 adducerent.
1854 4018 1978 4074 Haec
2009 4020 2106 4089 igi-

500 4111 603 4158 tur
629 4101 716 4157 ubi
738 4102 873 4157 facta
900 4111 1044 4170 sunt,
1067 4103 1203 4159 dixit
1231 4105 1335 4160 illis
1362 4123 1377 4160 :
1410 4105 1717 4178 Relinquite
1740 4109 1971 4180 aliquem
2001 4113 2109 4180 hic,

498 4203 572 4251 ‘et
605 4192 821 4251 fratrem
848 4206 1084 4252 vestrum
1111 4197 1360 4254 adducite
1384 4216 1399 4253 :
1423 4200 1504 4255 sin
1546 4200 1743 4269 minus,
1783 4207 2106 4263 moriemini.

511 4287 654 4354 Quid
678 4296 787 4342 tum
813 4288 955 4345 inter
979 4304 1039 4345 se
1055 4290 1408 4360 loquebantur
1432 4292 1507 4347 illi
1531 4292 1555 4346 ?
1575 4293 1822 4351 Profecto
1847 4297 1961 4353 hate
1984 4299 2106 4368 jure

514 4381 668 4437 nobis
709 4380 998 4436 accidunt:
1039 4397 1164 4437 nam
1216 4384 1269 4438 in
1308 4385 1541 4455 peccatis
1580 4402 1764 4453 sumus
1791 4430 1806 4454 ,
1844 4389 1913 4446 de
1940 4391 2105 4448 fratre

512 4482 698 4527 nostro
720 4486 840 4526 cum
866 4481 1079 4542 rogaret
1101 4488 1219 4529 nos.
1244 4474 1403 4530 Vides
1428 4484 1551 4545 post
1565 4486 1820 4547 quantum
1849 4484 2104 4550 temporis

516 4563 718 4631 peccati
757 4563 901 4618 illius
940 4564 1402 4620 recordabantur?
1434 4566 1501 4621 Et
1533 4567 1602 4623 ad
1650 4577 1856 4638 patrem
1888 4572 2103 4641 quidem

511 4653 793 4708 dixerant:
823 4652 959 4708 Fera
980 4654 1197 4724 pessima
1216 4656 1469 4712 devoravit
1488 4656 1679 4729 Ioseph
1702 4655 1856 4729 (Cen.
1873 4658 1964 4715 57.
1976 4660 2102 4731 55).

514 4746 782 4801 Caeterum
805 4746 921 4815 ipso
944 4745 1145 4816 Joseplt
1171 4759 1435 4819 przesente
1454 4751 1806 4822 audienteque
1829 4764 2104 4824 peccatum

514 4853 671 4892 suum
694 4837 1034 4905 sprodcbant.
1083 4838 1220 4907 Quid
1271 4843 1370 4895 hac
1419 4858 1479 4897 re
1526 4842 1821 4900 mirabilius
1862 4846 2105 4903 accidere

516 4929 733 5000 possit?
766 4929 1033 4986 iudicium
1078 4932 1279 5002 absque
1307 4933 1769 5005 redargutionibus
1813 4939 2101 5009 peragitur,

514 5028 567 5073 et
593 5021 863 5076 excusatio
890 5023 1007 5076 sine
1040 5023 1399 5091 accusatione,
1442 5024 1686 5095 probatio
1712 5027 1829 5082 sine
1858 5030 2102 5097 testibus,

478 5093 496 5108 ’
516 5114 642 5164 dum
669 5110 908 5180 ipsi,vqui
941 5109 1149 5166 facinus
1179 5093 1513 5183 peregerant,
1532 5114 1736 5183 seipsos
1761 5093 2103 5189 redarguunt,

514 5199 765 5270 quodque
797 5200 933 5255 clam
972 5200 1167 5255 factum
1203 5201 1399 5268 fuerat,
1444 5202 1694 5263 efferunt.
1735 5207 1864 5277 Quis
1890 5225 2109 5281 persua-

933 5312 958 5338 =
1812 5317 2245 5341 A—————.__'_'
2248 5318 2381 5340 ,κε-η,
2384 5317 2603 5328 ‘-———

854 5355 875 5364 υ

1486 5379 2056 5467 ΑΒΗΟΜΠᾹΑΜ
2101 5382 2203 5443 DE
2232 5382 2845 5467 ‘DOBMIENTJBUS

2219 5470 2479 5539 purabola
2507 5473 2950 5539 consumpsimus.
2988 5472 3176 5542 Neque
3202 5483 3377 5529 tamen
3417 5491 3475 5531 se
3502 5478 3748 5545 argumen-

1812 5329 2145 5341 Α--ι-ν--ι

604 5461 1002 5530 Chrysostomo
1054 5463 1196 5519 dure
1253 5464 1398 5519 banc
1451 5466 1733 5520 bomiliam
1804 5464 2109 5522 secundum

533 5549 770 5611 quatuor
800 5540 919 5595 illas
966 5539 1034 5596 de
1061 5538 1274 5597 L'azaro
1305 5548 1519 5614 priores
1545 5544 1822 5615 ponimus.
1878 5546 1934 5599 ld
1984 5562 2115 5601 vero

533 5634 644 5674 non
688 5620 852 5673 modo
884 5623 1149 5690 temporis
1178 5622 1530 5694 ordinisque,
1567 5624 1663 5678 sed
1722 5625 1887 5678 etiam
1945 5641 2114 5697 argu-

529 5698 702 5773 menti
740 5698 880 5752 ratio
939 5700 1199 5768 postulat.
1258 5699 1392 5755 Nam
1441 5711 1847 5773 post,-quatuor
1891 5705 2014 5761 illas
2045 5707 2115 5764 de

524 5772 746 5830 Lazaro
776 5791 835 5832 se
862 5778 1005 5833 hanc
1043 5772 1453 5850 consequenter
1488 5772 1695 5839 dixisse
1734 5785 1894 5839 initio
1934 5786 2117 5843 decla—

532 5862 624 5908 rat
664 5853 799 5925 ipse.
834 5854 954 5911 Dies
991 5867 1223 5928 quatuor
1266 5860 1319 5914 iu
1367 5859 1681 5933 explicanda
1740 5862 1882 5919 vobis
1920 5863 2117 5920 Lazari

1242 314 1299 370 S.
1340 311 1619 370 JOANNIS
1654 303 2133 367 CHRYSOSTOMI
2171 303 2490 362 ARCIIIEP.
2533 303 3070 365 CONSTANTINOP.

3642 314 3749 376 1Μο

2224 420 2327 475 sit?
2346 420 2478 489 Quis
2508 421 2685 493 adegit
2708 422 3057 493 in'publicum
3082 422 3291 493 efferre,
3319 440 3433 497 qua:
3455 440 3569 487 ante
3590 439 3749 493 tantum

2223 513 2479 583 temporis
2494 522 2699 585 patrata
2717 516 2876 569 sunt?
2900 518 3089 570 Annon
3118 518 3446 587 perspicuum
3465 528 3541 575 est
3558 521 3646 578 bttc
3657 526 3751 583 ade

2224 604 2367 674 gisse
2389 604 2789 674 conscientiam,
2823 606 3078 676 iudicem,
3104 608 3189 662 cui
3213 608 3372 664 verba
3405 609 3512 665 dari
3541 627 3631 668 non
3656 631 3750 685 pos-

2227 706 2352 751 sunt
2374 710 2395 761 ς
2420 710 2541 767 qua:
2574 696 2790 753 assidue
2824 698 3161 754 concutiebat
3185 699 3392 755 illorum
3420 708 3751 771 meutem,ani-

2224 802 2478 858 mumque
2504 788 2798 845 turbabat?
2826 789 2895 844 Et
2919 790 3013 845 ille
3030 790 3238 846 occisus
3266 803 3391 848 tunc
3418 794 3616 850 sedebat
3634 801 3755 856 tacite

2222 878 2468 949 judicans
2504 881 2623 937 illos
2648 897 2663 935 :
2688 896 2919 951 cumque
2957 882 3099 938 nulla
3143 886 3403 940 sententia
3431 886 3479 939 in
3505 886 3632 958 ipsos
3647 901 3755 945 esset

2232 973 2591 1041 pronuntiata,
2614 973 2716 1043 ipsi
2757 973 3222 1030 condemnationis
3262 977 3514 1033 calculum
3550 978 3755 1038 adversus

2228 1077 2350 1118 sese
2378 1062 2636 1119 ferebant.
2667 1064 2733 1119 Et
2757 1064 2840 1119 isti
2862 1065 3075 1135 quidem
3102 1066 3213 1119 ιιωο
3236 1065 3507 1121 dicebant:
3530 1069 3648 1123 alius
3661 1086 3758 1127 vero

2231 1168 2351 1211 sese
2372 1155 2681 1222 excusabat,
2709 1155 2893 1213 dicens
2918 1175 2933 1211 :
2966 1154 3154 1211 Nonne
3173 1157 3279 1211 dixi
3299 1158 3367 1211 ad
3381 1173 3462 1214 vos
3485 1159 3548 1213 ita
3567 1161 3757 1230 loquens:

2234 1245 2318 1302 Ne
2347 1246 2544 1301 (sedatis
2577 1264 2809 1317 puerum,
2836 1263 2956 1302 neue
2996 1249 3272 1319 quidquam
3318 1252 3436 1305 mali
3460 1250 3533 1305 illi
3555 1254 3754 1321 faciatis,

2230 1337 2469 1408 quoniant
2503 1338 2665 1408 frater
2687 1348 2856 1394 noster
2879 1348 2994 1393 est:
3021 1351 3067 1393 et
3098 1356 3207 1394 ecce
3243 1356 3376 1393 nunc
3417 1342 3603 1412 sanguis
3633 1343 3757 1411 ipsius

2230 1429 2513 1500 exquiritur
2534 1430 2598 1484 de
2623 1430 2854 1486 manibus
2878 1431 3062 1486 nostris
3080 1431 3107 1486 2’
3131 1429 3281 1502 (Gen.
3301 1431 3390 1486 42.
3419 1431 3527 1503 22).
3557 1434 3758 1489 Attamen

2232 1521 2279 1576 is
2303 1522 2391 1591 qui
2423 1521 2540 1577 haec
2558 1521 2789 1589 dicebat,
2816 1522 2945 1577 nihil
2967 1522 3034 1578 dc
3051 1524 3200 1579 caede
3218 1532 3312 1578 aut
3334 1522 3669 1580 interfectione
3688 1525 3757 1580 ills

2231 1613 2438 1670 dixerat
2461 1632 2476 1669 :
2502 1629 2686 1669 verum
2710 1630 2777 1669 ne
2817 1615 2931 1685 ipse
2952 1614 3169 1685 quidem
3197 1615 3391 1670 sedens
3410 1614 3664 1686 quidquam
3680 1616 3758 1671 tale

2231 1707 2526 1778 qumrcbat,
2580 1706 2675 1762 sed
2717 1707 2880 1763 alium
2928 1707 3144 1762 fratrem
3187 1707 3529 1777 requirebat:
3569 1707 3760 1777 ipsorum

2233 1810 2407 1857 tamen
2428 1802 2750 1857 conscientia
2779 1817 2877 1873 per
2895 1801 3129 1859 oblatam
3151 1803 3479 1859 occasionem
3501 1800 3756 1865 insurresit,

2231 1894 2621 1966 momorditque
2663 1896 2877 1951 illorum
2924 1897 3166 1963 animos,
3208 1896 3471 1962 efficiens,
3500 1905 3554 1950 ut
3592 1895 3759 1950 nemine

2232 1986 2608 2057 compellente,
2652 2000 2747 2041 sua
2785 1986 3168 2043 confiterentur
3219 1984 3485 2045 facinora.
3522 1986 3694 2041 Eadem
3720 1994 3759 2039 et

2233 2080 2386 2136 nobis
2405 2081 2651 2137 accidunt
2670 2081 2722 2135 in
2754 2081 2986 2151 peccatis
3008 2079 3314 2151 praeteritis.
3342 2080 3471 2136 Cum
3497 2080 3623 2136 enim
3642 2079 3758 2134 malis

2231 2185 2328 2227 nos
2340 2172 2805 2228 circumstantibus
2821 2170 3215 2240 examinamur,
3227 2171 3461 2242 priorum
3480 2180 3757 2243 peccatorum

2232 2265 2641 2321 reminiscimur.

2304 2358 2354 2412 7.
2399 2358 2527 2414 llaec
2563 2358 2722 2429 igitur
2749 2358 2932 2414 omnia
2959 2373 3082 2414 cum
3118 2358 3374 2427 sciamus,
3405 2357 3489 2414 ubi
3512 2355 3623 2432 quid
3648 2354 3759 2429 prati

2225 2451 2576 2521 gesserimus,
2600 2466 2669 2507 ne
2695 2460 3067 2521 exspectemus
3089 2450 3423 2509 calamitates
3450 2453 3761 2520 malorumque

2227 2542 2520 2609 incursum,
2551 2556 2727 2612 neque
2747 2541 3004 2612 pericula,
3025 2558 3203 2614 neque
3227 2545 3459 2610 vincula,
3479 2544 3565 2598 sed
3584 2542 3759 2612 singulis

2224 2643 2281 2689 et
2307 2632 2455 2688 ltoris
2487 2642 2543 2689 et
2561 2633 2753 2689 diebus
2785 2648 3108 2690 renovemus
3147 2635 3290 2705 apud
3328 2650 3424 2690 nos
3444 2634 3674 2704 ipsosboc
3691 2632 3758 2701 ju-

2227 2723 2451 2792 dicium,
2507 2725 2827 2780 sententiam
2848 2725 3104 2782 adversus
3125 2740 3223 2781 nos
3249 2726 3396 2796 ipsos
3420 2725 3648 2790 feramus,
3672 2738 3758 2777 om-

2228 2818 2387 2889 nique
2411 2817 2571 2874 modo
2596 2832 2855 2875 conemur
2881 2818 2991 2875 Deo
3017 2834 3115 2875 nos
3142 2835 3394 2891 purgare,
3421 2834 3482 2874 ac
3514 2831 3661 2888 neque
3683 2816 3757 2887 ipsi

2226 2909 2295 2966 de
2313 2909 2705 2965 resurrectione
2724 2909 2898 2981 deque
2913 2910 3119 2981 judicio
3141 2911 3464 2977 dubitemus,
3488 2924 3638 2979 neque
3656 2908 3758 2962 alios

2228 3009 2299 3055 tta
2329 2999 2606 3070 loquentes
2628 2999 2887 3065 feramus,
2910 3000 3007 3056 sed
3032 3000 3203 3056 modis
3223 3001 3469 3056 omnibus
3495 3014 3577 3070 per
3592 3012 3648 3053 ea
3671 3011 3759 3067 qua:

2227 3091 2366 3147 dicta
2388 3099 2530 3158 sunt,
2556 3090 2663 3146 illis
2690 3091 3000 3148 obturemus
3029 3107 3110 3148 os.
3141 3091 3277 3147 Nam
3309 3092 3355 3148 si
3395 3092 3499 3147 illic
3522 3105 3615 3146 non
3645 3102 3757 3144 esse-

2229 3199 2348 3241 mus
2362 3183 2533 3240 daturi
2557 3199 2741 3259 pmnas
2756 3185 3133 3253 admissurum,
3158 3184 3302 3241 Deus
3317 3197 3626 3257 nequaquam
3642 3181 3757 3236 nobis

2228 3275 2317 3333 hic
2338 3278 2706 3333 constituisset
2735 3277 2841 3333 tale
2874 3276 3154 3347 judicium.
3191 3276 3302 3332 Sed
3333 3286 3386 3332 et
3413 3277 3507 3331 boc
3534 3277 3680 3345 ipsum
3699 3278 3759 3325 est

2236 3370 2377 3426 illius
2401 3368 2743 3441 benignitatis
2775 3368 3048 3425 indicium.
3087 3368 3350 3436 Quoniam
3377 3370 3511 3424 enim
3537 3375 3644 3433 tunc
3662 3375 3758 3417 esa—

2232 3472 2416 3517 cturus
2460 3471 2544 3517 est
2588 3476 2620 3516 a
2657 3461 2812 3515 nobis
2849 3462 3107 3517 rationem
3135 3460 3474 3525 delictorum,
3503 3456 3692 3513 instituit
3719 3457 3759 3507 in

2231 3553 2385 3609 nobis
2433 3554 2576 3610 hunc
2625 3553 2855 3621 iudicem
2894 3551 3400 3621 incorruptibilcm,
3443 3559 3498 3606 ut
3534 3550 3574 3604 is
3614 3548 3683 3601 hic
3709 3544 3758 3598 de

2232 3645 2534 3702 commissis
2554 3645 2709 3701 nobis
2744 3644 3007 3714 judicium
3024 3642 3280 3709 reddens,
3328 3642 3759 3707 emendatioresque

2233 3738 2457 3806 faciens,
2499 3753 2570 3794 ex
2593 3738 2685 3793 illo
2723 3737 2915 3808 eripiat
2955 3736 3194 3807 judicio:
3225 3737 3371 3806 quod
3407 3744 3458 3792 et
3486 3733 3657 3791 Paulus
3674 3730 3758 3783 ait:

2238 3829 2378 3884 Nam
2401 3831 2446 3884 si
2496 3832 2827 3899 nosmetipsos
2834 3829 3205 3899 iudicaremus,
3228 3845 3334 3883 non
3363 3829 3527 3898 utique
3548 3825 3757 3897 judicare-

2237 3939 2351 3977 mur
2368 3939 2399 3976 a
2420 3919 2846 3994 Domino(l.Cor_.
2862 3920 3070 3986 H.5l).
3089 3918 3159 3976 Ut
3182 3920 3350 3991 igitur
3385 3933 3550 3990 neque
3574 3923 3666 3971 tum
3686 3927 3761 3981 pu-

2236 4013 2668 4083 niamur,neque
2711 4020 2823 4067 tum
2863 4025 3048 4081 ptenas
3071 4009 3283 4077 demus,
3328 4010 3381 4066 in
3425 4021 3566 4067 suam
3588 4004 3763 4076 quisque

2236 4104 2617 4161 conscientiam
2666 4102 3014 4174 ingrediatur,
3062 4103 3336 4173 vitamque
3376 4101 3629 4171 explicet:
3652 4108 3752 4151 ctut-

2236 4196 2445 4266 ctisque
2476 4194 2776 4252 commissis
2795 4194 3079 4265 diligenter
3097 4194 3337 4249 excussis
3359 4190 3657 4249 condemnet
3673 4182 3762 4238 asi-

2239 4302 2420 4354 tnam,
2474 4302 2594 4357 qua:
2636 4285 2754 4341 huic
2788 4286 3048 4356 patravit,
3081 4285 3371 4356 puniatque
3409 4280 3761 4355 cogitationem.

2234 4380 2453 4449 afﬂigat,
2475 4380 2793 4450 crucietque
2821 4392 2971 4434 suam
3016 4378 3183 4449 ipsius
3222 4385 3483 4442 mentem,
3503 4368 3762 4443 supplicium

2233 4490 2263 4528 a
2290 4474 2470 4544 seipso
2507 4473 2683 4544 exigat
2717 4486 2813 4543 pro
2856 4470 3106 4542 peccatis,
3146 4484 3248 4541 per
3287 4463 3760 4525 condemnationem.

2238 4580 2331 4635 per
2356 4565 2637 4636 diligenter
2661 4575 2833 4621 actam
2860 4563 3247 4634 pmnitentiam,
3289 4577 3389 4634 per
3416 4559 3674 4629 laerymas,
3693 4563 3760 4621 pot

2235 4658 2645 4726 confessionem,
2684 4673 2788 4728 per
2822 4656 3103 4727 jejunium,
3152 4670 3247 4724 per
3283 4654 3670 4721 eleemosynam,
3695 4653 3760 4710 per

2235 4750 2615 4806 continentiam
2640 4766 2704 4804 ac
2731 4750 3027 4812 caritatem,
3057 4756 3117 4802 ut
3159 4745 3425 4816 possimus
3462 4753 3633 4797 omnes
3653 4728 3760 4789 omni

2234 4843 2395 4903 modo
2428 4842 2524 4900 hic
2565 4843 2819 4913 depositis
2845 4840 3075 4911 peccatis
3096 4838 3260 4893 multa
3289 4853 3408 4891 cum
3452 4831 3628 4888 fiducia
3669 4824 3759 4879 illuc

2234 4936 2530 5006 proficisci:
2553 4950 2711 5005 quam
2756 4933 2909 4989 nobis
2964 4930 3213 4987 omnibus
3252 4929 3519 4996 contingat
3556 4913 3757 5010 assequi.

2230 5029 2398 5100 gratia
2426 5043 2490 5082 ac
2516 5026 2839 5095 benignitate
2867 5023 3078 5080 Domini
3108 5021 3274 5078 nostri
3301 5018 3429 5074 Jesu
3452 5011 3650 5075 Christi,
3674 5020 3759 5075 qut-

2231 5136 2352 5176 cum
2374 5120 2523 5175 Patri
2550 5131 2604 5174 et
2643 5126 2828 5172 sancto
2867 5116 3068 5189 Spiritu
3086 5114 3287 5186 gloria,
3328 5112 3382 5165 in
3412 5106 3596 5165 saecula
3618 5113 3756 5157 saxu-

2226 5211 2419 5268 lorum.
2450 5213 2639 5267 Amen.

3070 5302 3731 5344 ψ

2222 5557 2334 5604 tum
2377 5558 2611 5612 mutare,
2658 5549 2750 5602 sed
2783 5551 2971 5602 eodem
3020 5551 3138 5621 ipso
3202 5554 3453 5608 insistere
3488 5554 3745 5623 profitetur.

2220 5643 2344 5708 cum
2367 5628 2501 5684 dicit
2530 5646 2544 5708 :
2586 5626 2687 5682 Ille
2713 5628 2776 5681 de
2806 5626 3018 5683 Lazaro
3042 5620 3398 5703 evangelii-us
3440 5620 3613 5684 cantus
3645 5620 3743 5708 [uili

2219 5705 2305 5760 hic
2330 5707 2655 5777 apostolicus
2686 5723 2888 5772 sonus;
2947 5711 3037 5763 sed
3068 5727 3202 5765 unus
3246 5720 3318 5766 est
3347 5719 3645 5764 concentus:
3687 5705 3741 5751 δέ’

2219 5786 2429 5856 quidem
2462 5789 2520 5840 in
2547 5786 2652 5841 illa
2689 5788 2949 5857 parabola
2985 5791 3155 5845 multa
3203 5792 3270 5846 de
3312 5784 3741 5869 resurrectione?

2221 5869 2283 5921 de
2314 5868 2408 5922 illo
2443 5866 2701 5923 tribunali
2728 5868 3089 5944 philosophati
3140 5887 3364 5940 sumus;
3419 5884 3548 5924 nunc
3579 5866 3624 5918 ia
3672 5858 3738 5912 id-
