3958 6360
195 420 325 477 {MS

189 539 277 596 aut
293 532 519 608 πραθεὶς
536 532 643 588 ὑπὸ
662 532 770 588 τῶν
791 529 1056 602 ἀδελφῶν,
1079 531 1174 585 καὶ
1189 530 1341 603 παρά
1353 529 1453 601 τῆς
1472 528 1761 601 δεσποίνης

187 617 608 685 ἐπιϐουλευθεὶς,
649 619 745 671 καὶ
773 616 935 671 πάλιν
961 617 1040 680 είς
1063 615 1439 687 δεσμωτήριον
1470 611 1759 686 ἐμπεσὼν,

184 703 281 759 οὐκ
309 697 430 756 εἷπε
452 701 589 775 πρὸς
604 702 816 767 ἐαυτὸν,
838 702 907 754 Τί
934 718 1064 755 ποτε
1089 699 1249 754 τοῦτό
1272 702 1455 767 ἐστιν;
1486 698 1670 769 ἀπάτη
1694 696 1764 750 τά

184 787 435 859 ὀνείρατα
462 787 648 840 ἐκεῖνα
671 781 760 857 ἦν,
804 784 1063 850 ἐξέπεσον
1087 785 1189 856 τῆς
1219 783 1500 855 πατρίδος,
1528 784 1765 836 ἀπεστε-

186 872 358 945 ρήθην
388 869 718 942 ἐλευθερίας
749 868 837 922 διὰ
861 868 952 922 τὸν
980 868 1113 922 Θεὸν
1138 868 1240 922 οὐκ
1269 861 1388 933 εἶξα
1410 869 1480 939 τῇ
1508 864 1769 935 δεσποίνῃ

183 957 317 1031 πρὸς
345 953 589 1028 μοιχείαν
622 952 885 1026 καλούσῃο
928 952 1017 1007 διὰ
1063 954 1417 1024 σωφροσύνην
1440 951 1534 1005 καὶ
1562 948 1765 1021 ἀρετὴν

184 1039 500 1112 κολάζομαι·
519 1039 614 1094 καὶ
637 1039 757 1092 ούδέ
774 1036 948 1102 οὕτως
969 1037 1197 1109 ήμυνεν,
1214 1035 1333 1090 οὐδὲ
1356 1036 1513 1107 χεῖρα
1538 1032 1763 1104 ὤρεξεν,

182 1126 294 1182 ἀλλ’
325 1126 475 1178 εἴασε
508 1122 880 1195 παραδοθῆναι
901 1121 1122 1192 δεσμοῖς
1155 1119 1477 1191 ἐπαλλήλοις
1513 1119 1611 1172 καὶ
1644 1134 1768 1170 cov-

182 1213 330 1284 εχέσι
365 1211 691 1282 συμφοραῖς·
730 1206 867 1278 μετὰ
898 1204 1008 1277 γὰρ
1027 1206 1117 1259 τὸν
1144 1205 1347 1260 λάκκον
1361 1203 1593 1268 δουλεία,
1628 1201 1769 1273 μετά

180 1295 421 1353 δουλείαν
466 1293 750 1365 ἐπιϐουλή,
777 1292 916 1364 μετά
941 1290 1235 1362 ἐπιϐουλὴν
1250 1286 1606 1358 συκοφαντία,
1629 1286 1767 1358 μετά

183 1378 546 1451 συκοφαντίαν
572 1377 966 1449 δεσμωτήριον.
1009 1374 1149 1430 Ἀλλ’
1188 1373 1342 1428 οὐδὲν
1375 1372 1581 1427 τούτων
1606 1371 1768 1426 αὐτὸν

180 1463 449 1538 ἐθορύϐει,
479 1462 592 1517 ἀλλ’
619 1461 779 1533 ἔμενε
796 1464 862 1533 τῇ
889 1461 1064 1515 ἐλπίδι
1097 1456 1338 1533 θαρρῶν,
1379 1460 1477 1514 καὶ
1502 1457 1657 1523 εἰδὼς
1684 1459 1768 1512 ὃτι

180 1551 245 1606 τά
267 1549 535 1621 εἰρημένα
562 1547 623 1600 ού
659 1548 1001 1601 διαπεσεῖται
1028 1546 1308 1601 οὐδέποτε.

262 1633 517 1688 Ἐδύνατο
551 1631 650 1704 μὲν
675 1630 785 1702 γάρ
808 1634 836 1685 6
860 1630 994 1695 Θεὸς
1010 1631 1106 1685 καὶ
1125 1632 1256 1703 παρ’
1273 1631 1446 1702 αὐτὴν
1470 1629 1612 1685 αύτά
1640 1630 1770 1703 πλη-

184 1718 350 1791 ρῶσαι
384 1717 487 1788 τὴν
540 1716 779 1788 ἡμέραν,
810 1714 925 1769 ἀλλ’
957 1716 1045 1770 ἵνα
1076 1716 1172 1771 καὶ¹
1202 1715 1300 1787 τὴν
1344 1714 1509 1770 αὐτοῦ
1538 1714 1769 1786 δύναμιν

180 1799 538 1871 ἐπιδείξηται,
556 1799 652 1852 καὶ
670 1798 769 1869 τὴν
796 1797 980 1853 πίστιν
1003 1798 1110 1853 τῶν
1131 1797 1299 1853 αὐτοῦ
1328 1798 1550 1865 δούλων,
1572 1799 1766 1870 ἀφίησι

179 1886 367 1959 χρόνον
399 1881 605 1956 μεταξὺ
642 1886 1019 1954 παρεμπεσεῖν
1045 1885 1275 1957 μακρὸν,
1297 1884 1393 1937 καὶ
1424 1884 1593 1938 πολὶά
1615 1882 1770 1954 γενέ-

182 1970 301 2025 σθαι
330 1967 655 2040 κωλύματα,
686 1967 775 2020 ἵνα
797 1968 891 2021 καὶ
910 1967 1009 2039 τήν
1037 1968 1203 2022 αὐτοῦ
1232 1967 1411 2040 μάθῃς
1443 1968 1620 2039 ἰσχὺν,
1648 1967 1771 2021 τότε

181 2053 515 2126 πληροῦντος
549 2050 617 2106 τά
666 2051 1086 2124 ἐπηγγελμένα,
1142 2052 1272 2107 ὅταν
1321 2054 1403 2116 είς
1459 2052 1771 2122 ἀπόγνωσιν

180 2138 427 2214 ἐμπέσῃ,
481 2136 577 2191 καὶ
628 2137 730 2208 τὴν
771 2135 882 2189 τῶν
928 2135 1132 2190 δούλων
1175 2135 1293 2209 ῐδῃς
1346 2137 1625 2208 ὑπομονὴν
1678 2138 1773 2191 καὶ

181 2222 379 2286 πίστιν,
413 2219 595 2274 οὐδενὶ
613 2218 720 2273 τῶν
751 2219 812 2272 ἐν
837 2218 988 2291 μέσῳ
1015 2218 1421 2290 συμϐαινόντων
1444 2220 1541 2292 τῆς
1562 2220 1774 2291 ἀγαθῆς

181 2304 512 2376 προσδοκίας
550 2301 950 2358 ἐκπιπτόντων.
998 2302 1163 2367 Ἀλλ’,
1192 2303 1331 2374 ὅπερ
1368 2303 1575 2374 ἔλεγον,
1604 2305 1774 2358 ἐπαν-

181 2388 340 2460 ῆλθον
375 2382 551 2453 οὗτοι,
592 2387 688 2440 τοῦ
713 2385 898 2456 λιμοῦ,
932 2384 1188 2457 καθάπερ
1226 2384 1561 2459 στρατιώτου
1590 2387 1772 2453 τινὸς,

184 2473 273 2526 ἐπὶ¹
304 2470 557 2542 κεφαλὴν
587 2471 788 2535 αὐτοὺς
829 2468 1102 2534 ὠθοῦντος
1142 2470 1238 2525 καὶ
1283 2470 1647 2542 παριστάντος
1676 2470 1776 2542 ἄρ-

180 2573 323 2628 χοντι
345 2555 426 2628 τῷ
463 2555 689 2627 Ἰωσὴφ,
722 2556 819 2608 καὶ¹
846 2553 1130 2607 ἐϐούλοντο
1160 2554 1426 2624 πρίασθαι
1466 2558 1630 2608 σῖτονο
1663 2554 1778 2613 6,δέ

180 2640 230 2694 τί
257 2657 387 2713 φησι
419 2639 566 2711 πρὸς
586 2637 816 2705 αύτούς;
849 2636 1234 2694 Κατάσκοποί
1264 2638 1425 2694 ἐστε.
1445 2638 1509 2691 Οί
1538 2639 1595 2692 δέ
1624 2631 1793 2692 εἶπον.

181 2724 235 2777 ἐν
273 2725 515 2789 ἑαυτοῖς,
561 2722 627 2775 Τί
679 2738 811 2776 ποτε
863 2720 1023 2774 τοῦτό
1080 2723 1229 2788 ἐστι;
1291 2720 1499 2795 τροφὴν
1542 2720 1787 2793 ἡλθομενλ

182 2806 659 2879 ἐμπορευσόμενοι
680 2848 694 2873 ,
726 2804 823 2859 καὶ
858 2805 988 2878 περὶ
1026 2803 1206 2877 ψυχῆς
1234 2803 1652 2875 κινδυνεύομεν;
1681 2805 1772 2857 Ei-

182 2890 367 2956 κότως,
400 2890 535 2943 ἐπεὶ
565 2888 658 2942 καὶ
687 2889 856 2958 αὐτὸς,
887 2887 1094 2961 τροφὴν
1118 2889 1247 2958 ὑμῖν
1269 2887 1515 2959 ἐκόμισε,
1536 2888 1784 2961 καὶπερὶ

180 2973 274 3045 τῆς
299 2976 445 3047 ζωῆς
500 2973 900 3028 ἐκινδύνευσεν*
947 2972 1065 3026 ἀλλ’
1094 2972 1257 3036 αὐτὸς
1286 2972 1386 3043 μέν
1415 2972 1645 3046 ἀληθείᾳ
1673 2974 1779 3027 ὑπ-

182 3057 387 3130 έμενεν,
435 3060 609 3129 ὑμεῖς
642 3057 701 3112 δέ
758 3055 1048 3130 ὑποκρίσει
1097 3055 1258 3109 τοῦτο
1288 3056 1548 3126 πάσχετε·
1583 3058 1644 3110 ού
1669 3056 1780 3130 γάρ

181 3141 363 3215 ἐχθρὸς
386 3138 491 3215 ἦν,
516 3140 654 3195 ἀλλά
686 3143 1031 3214 προσωπεῖον
1060 3140 1323 3194 ἀνέλαϐεν
1349 3140 1570 3212 ἐχθροῦ,
1599 3141 1688 3196 ἵνα
1710 3140 1780 3197 τά

180 3226 315 3279 κατὰ
350 3226 451 3300 τὴν
487 3226 666 3280 οἰκίαν
709 3225 847 3297 μετά
875 3224 1162 3298 ἀκριϐείας
1200 3224 1367 3299 μάθῃ.
1422 3226 1640 3297 Ἐπειδὴ
1670 3226 1780 3299 γάρ

179 3312 399 3383 πονηροὶ
432 3311 576 3381 περὶ
603 3310 768 3365 αὐτὸν
795 3311 1048 3380 ἐγένοντο
1074 3311 1169 3364 καὶ
1215 3308 1554 3382 ἀγνώμονες,
1594 3311 1685 3365 τόν
1719 3329 1780 3365 τε

181 3391 431 3465 Βενιαμὶν
457 3395 574 3449 οὐκ
599 3391 706 3449 εἶδε
753 3396 869 3466 μετ’
897 3394 1077 3448 αὐτῶν
1110 3393 1261 3460 ὅντα,
1294 3394 1476 3457 δείσας
1511 3394 1652 3466 ὑπὲρ
1683 3394 1780 3449 τοῦ

180 3478 385 3544 παιδὸς,
420 3480 650 3551 μήποτε
692 3480 949 3543 κάκεῖνος
983 3479 1054 3533 τά
1083 3478 1291 3549 ἀδελφὰ
1325 3478 1475 3551 αύτῷ
1518 3479 1778 3547 πέπονθε,

181 3562 383 3617 κελεύει
428 3562 667 3635 δεθῆναι
719 3580 842 3617 τινα
893 3562 990 3617 ἐνα
1046 3562 1141 3616 καὶ
1174 3562 1442 3634 ἀφεθῆναι
1489 3566 1624 3618 ἐκεῖο
1661 3560 1782 3618 εἶτα

180 3646 370 3711 αὐτοὺς
394 3646 680 3711 λαϐόντας
711 3647 805 3701 τὸν
839 3648 983 3700 σῖτον
1007 3645 1255 3710 ἃπαντας
1300 3644 1455 3719 [761]
1491 3646 1780 3713 ἀπελθεῖν,

184 3730 487 3803 ἀπειλήσας
531 3731 765 3785 θάνατον
798 3733 1005 3795 αὐτοῖς,
1057 3732 1107 3784 εί
1162 3730 1238 3804 μὴ
1294 3731 1386 3787 τὸν
1433 3732 1660 3802 ἀδελφὸν
1691 3731 1783 3786 τὸν

188 3813 395 3869 ἐαυτῶν
420 3815 785 3883 ἐπαγάγοιεν.
828 3815 982 3868 Ἐπεὶ
1037 3809 1131 3870 οῦν
1179 3814 1355 3870 ταῦτα
1411 3815 1650 3884 ἐγένετο,
1688 3815 1785 3869 καὶ

191 3893 357 3966 εἶπεν,
393 3898 607 3970 Ἀφετέ
651 3914 773 3951 τινα
820 3898 1076 3967 ἐνταῦθα,
1117 3899 1212 3953 καὶ
1255 3898 1348 3953 τὸν
1374 3899 1601 3970 ἀδελφὸν
1630 3899 1785 3971 ὑμῶν

190 3982 446 4052 ἀγάγετε·
480 3984 535 4035 εἰ
559 3982 617 4035 δὲ
649 3982 747 4053 μή,
772 3981 989 4054 θανάτῳ
1027 3982 1408 4037 ἀποθανεῖσθεσ
1445 3984 1498 4038 τί
1530 3983 1667 4056 πρὸς
1688 3981 1785 4037 ἀλ-

190 4064 380 4137 λήλους
407 4068 601 4137 ελεγον
627 4068 856 4133 ἐκεῖνοι;
884 4068 1014 4131 Ναὶ,
1039 4068 1099 4122 ἐν
1129 4069 1429 4141 ἁμαρτίαις
1454 4070 1622 4140 ἐσμὲν
1657 4071 1787 4142 περὶ

190 4149 281 4203 τοῦ
318 4151 562 4221 ἀδελφοῦ
594 4149 778 4223 ἡμῶν,
808 4150 897 4203 ὅτε
927 4151 1218 4206 κατεδέετο
1249 4152 1430 4223 ήμῶν.
1458 4147 1614 4219 Εἶδες
1647 4154 1787 4224 μετά

189 4234 349 4290 πόσον
372 4236 576 4308 χρόνον
622 4236 722 4307 τῆς
771 4235 1049 4307 ἁμαρτίας
1077 4236 1501 4309 ἀνεμνήσθησαν
1534 4237 1784 4309 ἐκείνης;

191 4317 297 4372 Καὶ
317 4320 460 4391 πρὸς
486 4321 589 4392 μὲν
610 4318 701 4373 τὸν
728 4318 941 4391 πατέρα
986 4317 1192 4387 ἐλεγοψ
1250 4321 1471 4388 Θηρίων
1516 4320 1786 4388 πονηρὸν

189 4402 487 4473 κατέφαγε
511 4403 624 4456 τὸν
664 4402 900 4472 Ἰωσήφ
938 4402 1104 4457 αὐτοῦ
1133 4403 1189 4457 δέ
1208 4402 1302 4457 τοῦ
1341 4404 1541 4475 Ἰωσὴφ
1580 4403 1786 4475 παρόν-

189 4500 276 4549 τος
297 4488 392 4541 καὶ
424 4485 745 4550 ἀκούοντος,
775 4487 876 4557 τὴν
904 4486 1182 4557 ἁμαρτίαν
1230 4486 1544 4559 ἐξήλεγχον.
1575 4489 1641 4541 Τί
1668 4486 1787 4540 τού-

190 4583 279 4622 του
328 4569 768 4642 παραδοξότερον
814 4569 1010 4638 γένοιτ’
1047 4569 1147 4638 άν;
1205 4572 1567 4643 Δικαστήριον
1615 4571 1785 4643 χωρὶς

192 4650 427 4724 ἐλέγχων
451 4654 686 4723 γίνεται,
714 4653 805 4707 καὶ
833 4652 1097 4723 ἀπολογία
1128 4655 1296 4725 χωρὶς
1318 4655 1786 4727 κατηγορίας,καὶ

193 4734 468 4804 ἀπόδειξις
512 4739 643 4793 ἄνευ
700 4737 1030 4809 μαρτύρων,
1062 4737 1242 4791 αὐτῶν
1297 4737 1407 4792 τῶν
1453 4740 1513 4792 τὸ
1556 4742 1788 4812 πρᾶγμα

196 4820 595 4895 ἐργασαμένων
624 4824 852 4886 ἑαυτοὺς
884 4822 1246 4892 ἐλεγχόντων,
1285 4824 1379 4877 καὶ
1403 4824 1465 4878 τὸ
1491 4824 1667 4897 λάθρα
1698 4842 1791 4894 γε-

196 4908 496 4979 γενημένον
528 4907 1006 4979 ἐκπομπευόντων.
1025 4908 1121 4972 Τίς
1145 4908 1351 4973 ἔπεισε,
1370 4909 1452 4973 τίς
1477 4912 1790 4981 ήνάγκασεν

200 4990 276 5054 είς
301 4992 469 5063 μέσον
508 4992 813 5061 ἐξενεγκεῖν
855 4992 924 5044 τά
977 4992 1084 5065 πρὸ
1130 4992 1386 5047 τοσούτου
1442 4994 1787 5065 τολμηθέντα

199 5072 391 5140 χρόνον
412 5092 427 5106 ·
458 5075 578 5131 υύκ
604 5074 847 5146 εὔδηλον,
882 5076 963 5129 ὅτι
1004 5075 1064 5128 τὸ
1095 5077 1352 5142 συνειδὸς,
1393 5079 1421 5130 ὁ
1452 5078 1788 5149 άπαραλόγι-

1143 420 1233 476 DE
1270 418 1553 477 L‘AZARO
1593 417 1841 477 CONCIO
1874 410 1930 469 ν.
1960 443 2030 455 --
2056 408 2396 468 ΜΟΝΓῙἙΜ.

3324 403 3453 463 101’}

1870 544 1994 591 στος
2021 527 2304 598 δικαστὴς,
2332 528 2573 598 συνεχῶς
2600 525 2781 580 αὐτῶν
2801 520 3053 579 κατέσειε
3076 518 3174 591 τὴν
3198 517 3463 585 διάνοιαν,

1869 612 1964 666 καὶ
1982 611 2081 683 τὴν
2095 612 2273 684 ψυχὴν
2297 612 2547 684 ἐθορύϐει
2564 628 2579 678 ;
2603 612 2714 665 Καὶ
2730 611 2760 663 6
2783 604 3067 679 φονευθεὶς
3084 602 3204 657 τότε
3227 601 3465 674 ἐκάθητο

1872 697 1999 766 σιγῇ
2051 695 2289 761 δικάζων
2336 694 2567 759 αὐτούς·
2607 696 2703 748 καὶ
2752 690 3029 764 μηδεμιᾶς
3087 686 3466 758 ἐξενεχθείσης

1871 778 2202 847 ἀποφάσεως
2231 778 2350 832 καθ’
2378 777 2592 833 ἑαυτῶν
2627 778 2727 848 τὴν
2758 771 3233 837 καταδικάζουσαν
3267 770 3466 835 αὐτοὺς

1869 859 2050 931 ψῆφον
2099 861 2254 915 αὐτοὶ
2292 862 2509 934 ἔφερον.
2559 861 2672 914 Καὶ
2703 853 2850 913 οὗτοι
2900 858 3000 927 μὲν
3037 854 3210 908 ταῦτα
3242 853 3461 923 εῑξλεγον⁸

1870 942 2057 1015 ἕτερος
2087 944 2146 998 δὲ
2197 946 2556 1014 ἀπελογεῖτο,
2600 941 2797 1012 λέγων’
2828 942 2951 995 Οὐκ
2995 937 3277 1007 ἐλάλησα
3313 937 3466 1006 πρὸς

1870 1027 2050 1098 ὑμᾶς,
2082 1030 2237 1084 οὕτω
2263 1029 2477 1101 λέγων*
2517 1027 2614 1097 Μὴ
2651 1025 2983 1093 ἀδικήσητε
3025 1025 3094 1077 τὸ
3126 1022 3465 1091 παιδάριον,

1866 1113 2023 1183 μηδὲ
2047 1114 2344 1184 ποιήσητε
2391 1113 2581 1169 αὑτὸν
2597 1112 2797 1183 μηδὲν
2831 1109 3022 1164 κακὸν
3040 1150 3056 1174 ,
3087 1107 3177 1163 ὅτι
3199 1107 3464 1177 ἁδελφὸς

1873 1197 2044 1268 ἡμῶν
2079 1198 2230 1253 ἐστι’
2257 1199 2359 1253 καὶ
2396 1198 2526 1254 ἰδοὺ
2570 1197 2687 1251 νῦν
2715 1195 2782 1249 τὸ
2819 1191 2963 1265 αἷμα
2996 1191 3465 1260 αὐτοῦ,ἐκζητεῖο

1872 1300 1989 1350 ται,
2031 1283 2219 1355 φησὶν,
2253 1283 2323 1338 ἐκ
2347 1281 2467 1337 τῶν
2493 1279 2712 1352 χειρῶν
2735 1277 2904 1349 ἡμῶν
2921 1294 2940 1343 ;
2970 1277 3163 1331 Καίτοι
3188 1275 3342 1330 οὐδὲν
3372 1276 3465 1329 αύο

1873 1367 1965 1431 τὸς
1990 1370 2020 1422 6
2047 1368 2222 1421 ταῦτα
2246 1367 2422 1437 λέγων
2464 1365 2597 1440 περὶ
2640 1363 2735 1419 τοῦ
2770 1363 2932 1434 φόνου
2982 1362 3076 1416 καὶ
3104 1362 3207 1432 τῆς
3251 1361 3468 1433 σφαγῆς

1873 1451 2092 1523 ἐκείνης
2126 1448 2304 1517 εἶπεν,
2328 1450 2441 1504 ἀλλ’
2460 1449 2622 1513 αὑτὸς
2656 1447 2755 1520 μὲν
2781 1446 3089 1518 καθήμενος
3115 1445 3265 1498 οὐδὲν
3295 1445 3470 1499 τοιοῦ-

1872 1554 1965 1591 τον
1992 1536 2197 1607 ἐζήτει,
2231 1535 2366 1590 ἀλλά
2394 1534 2485 1589 τὸν
2515 1533 2707 1606 ἕτερον
2737 1531 2967 1602 ἀδελφὸν
2998 1530 3275 1601 ἐπεζήτειο
3316 1528 3375 1581 τὸ
3410 1529 3469 1582 δὲ

1879 1618 2119 1685 συνειδὸς
2144 1619 2324 1675 αὐτῶν
2382 1618 2783 1690 ἐπιλαϐόμενον
2824 1614 3052 1688 καιροῦ,
3090 1613 3340 1684 διανέστη
3374 1613 3470 1667 καὶ

1875 1702 2161 1776 καθήψατο
2181 1703 2281 1776 τῆς
2303 1703 2530 1758 ἐκείνων
2559 1700 2818 1766 διανοίας,
2846 1699 2940 1754 καὶ
2962 1696 3191 1770 μηδενὸς
3218 1695 3469 1766 ἀναγκά-

1875 1785 2095 1853 ζοντος,
2143 1788 2214 1841 τά
2240 1785 2620 1859 τετολμημένα
2666 1783 3002 1854 ὁμολογῆσαι
3055 1778 3464 1852 παρεσκεύασε.

1871 1870 2058 1925 Ταῦτα
2079 1872 2174 1925 καὶ
2190 1872 2349 1943 ἡμεῖς
2370 1870 2631 1934 πολλάκις
2647 1868 2953 1940 πάσχομεν,
2967 1864 3347 1942 παρελθόντων
3361 1862 3470 1926 τῶν

1874 1955 2307 2027 ἁμαρτημάτωνο
2336 1956 2394 2009 ἐν
2419 1955 2616 2018 δεινοῖς
2645 1952 2754 2026 γὰρ
2789 1950 3167 2023 ἐξεταζόμενοι
3194 1951 3289 2005 καὶ
3310 1967 3471 2021 περι-γ

1876 2038 2121 2103 στάσεσι,
2142 2038 2556 2111 μνημονεύομεν
2574 2036 2686 2092 τῶν
2713 2036 2998 2108 προτέρων
3028 2034 3468 2107 ἁμαρτημάτων.

1945 2136 2010 2203 ζ’,
2036 2136 2219 2209 Ἀπερ
2249 2130 2342 2190 οῦν
2378 2137 2595 2195 ἅπαντα
2617 2133 3080 2201 είδότες,,ἐπειδάν
3097 2131 3473 2204 τι,πράξμ›μεν

1876 2220 2132 2293 πονηρὸν,
2166 2220 2242 2293 μὴ
2273 2219 2639 2293 ἀναμένωμεν
2673 2217 2962 2290 συμφορὰς
2992 2218 3087 2276 καὶ
3117 2215 3474 2289 περιστάσεις

1880 2304 2016 2377 μηδέ
2048 2304 2334 2368 κινδύνους
2374 2304 2470 2360 καὶ
2500 2301 2700 2374 δεσμά,
2724 2300 2862 2359 ἀλλά
2889 2300 3012 2356 καθ’
3044 2300 3283 2372 ἐκάστην
3321 2298 3474 2370 ὥραν

1875 2407 1935 2443 τε
1961 2389 2056 2443 καῖ
2082 2388 2299 2461 ἡμέραν
2327 2387 2676 2459 άνακινῶμεν
2710 2386 2842 2458 παρ’
2870 2387 3087 2449 ἑαυτοῖς
3128 2383 3190 2438 τὸ
3215 2384 3477 2455 δικαστή-

1882 2490 1996 2546 ριον
2031 2467 2215 2539 τοῦτο,
2252 2472 2477 2536 καὶτὰς
2510 2471 2724 2543 ψήφους
2778 2470 2903 2527 καθ’
2937 2468 3147 2525 ἐαυτῶν
3194 2469 3473 2540 φέρωμεν,

1878 2557 1976 2611 καὶ
2017 2555 2358 2629 πειρώμεθα.
2385 2557 2551 2610 παντὶ
2575 2556 2765 2626 τρόπῳ
2801 2552 3192 2623 ἀπολογεῖσθαι
3217 2553 3297 2624 τῷ
3329 2553 3475 2625 Θεῷ,

1880 2641 1976 2701 καὶ
2003 2642 2142 2712 μήτε
2165 2641 2319 2699 αὐτοὶ
2346 2639 2478 2711 περὶ
2506 2640 2605 2710 τῆς
2622 2639 2975 2703 ἀναστάσεως
2998 2639 3093 2692 καὶ
3114 2638 3214 2709 τῆς
3239 2637 3478 2711 κρίσεως

1881 2724 2517 2796 ἀμφισϐητῶμεν,μήτε
2567 2723 2773 2795 ἐτέρων
2812 2722 3083 2792 λεγόντων
3126 2721 3476 2793 ἀνεχώμεθα,

1882 2806 2021 2862 ἀλλά
2070 2807 2236 2863 παντὶ
2267 2806 2456 2879 τρόπῳ
2502 2805 2591 2861 διὰ
2625 2807 2734 2860 τῶν
2768 2806 3080 2879 εἰρημένων
3130 2806 3329 2870 αὐτοὺς
3358 2807 3481 2858 ἐπι-

1886 2891 2253 2963 στομίζωμεν.
2287 2893 2362 2945 Ού
2386 2891 2494 2963 γάρ
2520 2889 2609 2955 ἂν,
2642 2892 2691 2944 εί
2732 2891 2811 2962 μὴ
2835 2891 2959 2944 τότε
2982 2890 3291 2963 ἐμέλλομεν
3321 2888 3482 2943 εύθύ-

1884 2993 1983 3040 νας
2013 2975 2233 3045 ύφέξειν
2276 2976 2387 3029 τῶν
2426 2973 3005 3046 πεπλημμελημένων,
3057 2974 3300 3028 τοιοῦτον
3348 2974 3481 3045 ἡμῖν

1885 3059 2120 3113 ἐνταῦθα
2148 3058 2208 3113 τὸ
2237 3058 2591 3129 δικαστήριον
2645 3056 3048 3128 ἐγκατέστησεν
3073 3058 3102 3110 ὁ
3128 3057 3280 3122 Θεός.
3319 3055 3482 3110 Ἀλλά

1882 3142 1978 3196 καὶ
2000 3141 2160 3196 τοῦτο
2187 3142 2288 3214 τῆς
2310 3140 2475 3196 αὑτοῦ
2507 3139 2918 3212 φιλανθρωπίας
2945 3141 3264 3212 τεκμήριον.
3299 3140 3480 3193 Ἐπει-

1880 3227 1946 3298 δὴ
1974 3227 2086 3298 γὰρ
2115 3227 2233 3282 τότε
2265 3225 2450 3298 μέλλει
2471 3225 2629 3296 λόγον
2648 3225 2798 3297 ἡμᾶς
2820 3225 3070 3280 ἀπαιτεῖν
3090 3224 3200 3280 τῶν
3221 3224 3399 3296 πεπλη
3409 3243 3480 3296 μ-

1889 3311 2234 3383 μελημένων,
2272 3310 2647 3381 ἐγκατέστησε
2668 3307 2862 3363 τοῦτον
2900 3309 2994 3364 τὸν
3027 3308 3328 3364 ἀδέκαστον
3356 3326 3481 3380 κρι-

1880 3395 2001 3469 τὴν,
2022 3397 2108 3451 ῖνα
2139 3391 2294 3459 οὗτος
2322 3394 2557 3449 ἐνταῦθα
2581 3394 2725 3466 ὑπὲρ
2752 3392 2861 3448 τῶν
2883 3392 3296 3466 ἡμαρτημένων
3326 3392 3483 3447 δικάδ

1884 3479 1993 3545 ζων
2020 3482 2172 3552 ἡμῖν,
2202 3479 2300 3532 καὶ
2332 3479 2816 3550 σωφρονεστέρους
2848 3476 3351 3550 ποιῶν,ἐξαρπάσῃ
3383 3479 3483 3549 τῆς

1887 3563 2194 3635 μελλούσης
2227 3566 2344 3617 ἐκεῖ
2401 3563 2660 3634 κρίσεως.
2700 3562 2884 3635 Ὅπερ
2939 3557 3033 3617 οῦν
3087 3563 3184 3616 κοιλ¹
3215 3565 3243 3617 6
3271 3562 3484 3627 Παῦλος

1883 3648 2063 3720 λέγει’
2106 3650 2176 3704 El
2200 3648 2309 3717 γὰρ
2343 3647 2602 3715 ἑαυτοὺς
2625 3648 2968 3719 ἑκρίνομεν,
2994 3649 3108 3703 οὐκ
3139 3648 3217 3703 ἂν
3253 3649 3486 3718 ἐκρινό-

1879 3739 2033 3807 μεθα
2046 3734 2167 3791 ὑπὸ
2190 3735 2296 3788 τοῦ
2323 3734 2568 3802 Κυρίου.
2585 3733 2704 3788 Ἵνα
2728 3730 2821 3789 οὖν
2856 3734 2931 3806 μὴ
2953 3734 3077 3788 τότε
3103 3732 3501 3805 κολαζώμεθα,,

1889 3821 1966 3893 μὴ
1998 3820 2122 3874 τότε
2163 3818 2397 3881 εὐθύνας
2436 3817 2755 3890 ὑπέχωμεν,
2795 3820 3025 3883 ἕκαστος
3055 3820 3135 3883 είς
3160 3818 3220 3872 τὸ
3248 3819 3485 3883 συνειδὸς

1886 3905 2177 3961 εἰσελθέτω
2230 3903 2291 3956 τὸ
2337 3902 2559 3969 ἐαυτοῦ,
2592 3904 2685 3957 καὶ
2725 3904 2825 3977 τὴν
2858 3901 3003 3976 ζωὴν
3026 3903 3357 3969 ἀναπτύξας.
3394 3904 3486 3958 καὶ

1888 3992 2109 4049 ἅπαντα
2150 3988 2220 4042 τά
2266 3987 2788 4059 πεπλημμελημένα
2829 3988 2971 4058 μετά
3000 3986 3288 4059 ἀκριϐείας
3322 3986 3484 4039 ἐπελο

1888 4074 2019 4140 θὼν,
2047 4071 2512 4139 καταγινωσκέτω
2556 4073 2657 4143 τῆς
2685 4071 2868 4141 ψυχῆς
2916 4069 3018 4140 τῆς
3049 4069 3223 4123 ταῦτα
3254 4072 3487 4141 ἐργασα-

1891 4160 2083 4232 μένης,
2124 4156 2406 4221 κολαζέτω
2429 4157 2560 4220 τοὺς
2585 4155 2907 4227 λογισμοὺς,
2938 4155 3188 4219 θλιϐέτω,
3219 4171 3487 4225 στενοχω·
3590 4172 3603 4177 ”

1890 4243 2055 4318 ρείτω
2090 4240 2240 4315 [⁵162]
2265 4241 2365 4312 τὴν
2394 4240 2590 4295 ἐαυτοῦ
2618 4240 2882 4304 διάνοιαν,
2904 4238 3060 4311 δίκην
3088 4238 3283 4293 ἐαυτὸν
3313 4238 3484 4292 ἀπαι-

1891 4328 2053 4383 τείτω
2080 4325 2190 4380 τῶν
2224 4324 2635 4397 ἡμαρτημένων
2676 4323 2766 4378 διά
2805 4322 2904 4395 τῆς
2947 4321 3368 4392 καταγνώσεως,
3396 4322 3487 4376 διὰ

1892 4411 1995 4481 τῆς
2047 4410 2340 4482 μετανοίας
2372 4412 2471 4480 τῆς
2508 4406 2923 4481 ὴκριϐωμένης,
2956 4406 3044 4461 διά
3081 4406 3357 4476 δακρύων,
3396 4406 3487 4460 διά

1894 4492 2356 4567 ἐξομολογήσεως,
2393 4492 2483 4546 διά
2528 4491 2785 4564 νηστείας
2826 4492 2922 4547 καὶ
2968 4490 3363 4562 ἐλεημοσύνης,
3396 4489 3488 4544 διά

1893 4577 2225 4651 ἐγκρατείας
2259 4577 2357 4631 καῖ⁵
2389 4577 2633 4648 ἀγάπης,
2663 4575 2753 4631 ἵνα
2801 4575 2969 4630 παντὶ
2999 4574 3191 4648 τρόπῳ
3245 4574 3490 4646 δυνηθῶ-

1897 4681 1997 4735 μεν
2032 4661 2464 4723 πάνταένταῦθα
2482 4659 2898 4732 ἀποθέμενοιτά
2916 4660 3317 4731 ἁμαρτήματα,
3347 4657 3488 4730 μετά

1892 4747 2094 4816 πολλῆς
2114 4745 2369 4800 ἀπελθεῖν
2400 4745 2517 4803 ἐκεῖ
2532 4744 2631 4816 τῆς
2659 4743 2974 4816 παρρησίας
2990 4761 3003 4774 ·
3021 4739 3089 4816 ἦς
3114 4742 3326 4813 γένοιτο
3346 4742 3486 4794 πάν-

1890 4848 1989 4895 τας
2010 4832 2157 4902 ἡμᾶς
2186 4829 2484 4899 ἐπιτυχεῖν,
2508 4828 2695 4900 χάριτι
2729 4827 2822 4881 καὶ
2845 4827 3231 4899 φιλανθρωπίᾳ
3250 4826 3346 4879 τοῦ
3367 4826 3484 4879 Ku-

1897 4913 2010 4985 ρίου
2043 4913 2199 4986 ἡμῶν
2233 4912 2409 4985 Ἰησοῦ
2439 4911 2701 4984 Χριστοῦ,
2726 4911 2847 4983 μεθ’
2867 4906 2927 4967 οὗ
2951 4911 3030 4983 τῷ
3063 4910 3241 4984 Πατρὶ
3272 4909 3304 4977 ἡ
3333 4907 3481 4976 δόξα,

1893 4998 2012 5072 ἆμα
2034 4998 2111 5069 τῷ
2128 4997 2268 5069 ἀγίῳ
2292 4996 2592 5067 Πνεύματι,
2613 4997 2694 5061 είς
2725 4997 2852 5061 τοὺς
2878 4996 3078 5061 αἰῶνας
3108 4996 3216 5051 τῶν
3246 4993 3505 5053 αἰώνων..

1906 5082 2101 5151 Ἀμήν.

1800 5385 2158 5398 .-——__.—

1643 5451 2041 5514 MONlTUM.

221 5533 395 5602 ipsum
424 5546 798 5605 argumentum
837 5550 932 5588 nos
981 5535 1155 5589 oratio
1185 5535 1420 5591 deduxit.
1462 5536 1802 5607 Quapropter

217 5611 272 5666 in
306 5616 545 5672 vetustis
574 5617 762 5670 multis
789 5614 1071 5670 codicibus
1127 5625 1251 5685 post
1282 5626 1519 5687 quatuor
1564 5618 1688 5677 illas
1733 5617 1802 5673 de

218 5690 426 5751 Lazaro
450 5698 750 5753 conciones
785 5699 903 5753 haec
944 5697 1183 5764 locatur,
1216 5706 1270 5754 et
1315 5700 1505 5769 quinta
1544 5700 1801 5765 inscribi-

218 5777 327 5848 tur.
353 5772 472 5831 Etsi
507 5789 641 5831 vero
669 5776 737 5831 de
767 5777 1174 5833 resurrectione
1205 5788 1263 5833 ut
1308 5779 1605 5848 plurimum
1636 5779 1811 5837 verba

218 5844 405 5928 faciat,
438 5852 495 5907 in
520 5867 619 5910 eos
653 5854 893 5910 maxime
924 5854 1220 5923 invehitur,
1262 5844 1357 5928 qui
1401 5873 1500 5927 pro
1530 5858 1801 5915 defunctis

219 5927 451 5987 nimium
497 5932 1036 6007 immoderatumquc
1074 5927 1292 5992 luctum,
1322 5938 1661 6010 exhiberem,
1702 5954 1800 5996 nec

1907 5539 2033 5594 sine
2059 5554 2253 5609 magna
2283 5540 2567 5611 gentilium
2589 5537 2830 5602 oﬂ‘ensa;
2872 5538 3121 5608 exemplo
3148 5548 3329 5595 autem
3357 5539 3484 5596 Jobi

1906 5627 1963 5673 ct
2004 5619 2282 5674 Abraham
2327 5620 2394 5674 ad
2447 5620 2684 5673 tiliorum
2728 5618 2976 5688 jaetttras
3020 5618 3262 5690 aequiore
3295 5621 3481 5675 animo

1907 5698 2162 5765 ferendas
2197 5700 2538 5753 cohortatur.

1977 5777 2163 5834 Jacobi
2212 5779 2445 5851 Goupyli
2480 5779 2981 5849 interpretationem
3031 5778 3303 5846 Latinam,
3360 5790 3523 5848 qum.

1907 5858 2095 5913 multis
2124 5860 2271 5917 vitiis
2316 5859 2623 5928 laborabat,
2671 5859 2985 5931 rejecitnus,
3039 5873 3349 5931 novamque
3394 5855 3482 5915 Ie-

1907 5954 2103 5996 CllllllS.
