  <div class='ocr_page' id='page_1' title='image "/cluster/home/n/w/nwhite01/storage/ocr_20150623/48:no.1:pt.2/coo.31924054869478/496.png"; bbox 0 0 3958 6442; ppageno 0'>
   <div class='ocr_carea' id='block_1_1' title="bbox 223 371 409 427">
    <p class='ocr_par' dir='ltr' id='par_1_1' title="bbox 223 371 409 427">
     <span class='ocr_line' id='line_1_1' title="bbox 223 371 409 427; baseline 0 -2"><span class='ocrx_word' id='word_1_1' title='bbox 223 371 409 427; x_wconf 70' lang='grc'><strong>1017</strong></span> 
     </span>
    </p>
   </div>
   <div class='ocr_carea' id='block_1_2' title="bbox 369 562 2186 588">
    <p class='ocr_par' dir='ltr' id='par_1_2' title="bbox 369 562 2186 588">
     <span class='ocr_line' id='line_1_2' title="bbox 369 562 2186 588; baseline 0.002 -11"><span class='ocrx_word' id='word_1_2' title='bbox 369 562 2186 588; x_wconf 69' lang='lat'><strong>_—————_—_—_——_——____.</strong></span> 
     </span>
    </p>
   </div>
   <div class='ocr_carea' id='block_1_3' title="bbox 1492 355 2307 416">
    <p class='ocr_par' dir='ltr' id='par_1_3' title="bbox 1492 355 2307 416">
     <span class='ocr_line' id='line_1_3' title="bbox 1492 355 2307 416; baseline 0.004 -3"><span class='ocrx_word' id='word_1_3' title='bbox 1492 357 1582 414; x_wconf 81' lang='lat' dir='ltr'><strong>DE</strong></span> <span class='ocrx_word' id='word_1_4' title='bbox 1620 355 1894 412; x_wconf 72' lang='lat' dir='ltr'><strong>LAZARO</strong></span> <span class='ocrx_word' id='word_1_5' title='bbox 1931 358 2176 415; x_wconf 68' lang='lat' dir='ltr'><strong>CONCIO</strong></span> <span class='ocrx_word' id='word_1_6' title='bbox 2243 361 2307 416; x_wconf 82' lang='lat' dir='ltr'><strong>V.</strong></span> 
     </span>
    </p>
   </div>
   <div class='ocr_carea' id='block_1_4' title="bbox 3416 358 3551 415">
    <p class='ocr_par' dir='ltr' id='par_1_4' title="bbox 3416 358 3551 415">
     <span class='ocr_line' id='line_1_4' title="bbox 3416 358 3551 415; baseline -0.007 0"><span class='ocrx_word' id='word_1_7' title='bbox 3416 358 3551 415; x_wconf 76' lang='grc'><strong>1018</strong></span> 
     </span>
    </p>
   </div>
   <div class='ocr_carea' id='block_1_5' title="bbox 2191 572 2267 581">
    <p class='ocr_par' dir='ltr' id='par_1_5' title="bbox 2191 572 2267 581">
     <span class='ocr_line' id='line_1_5' title="bbox 2191 572 2267 581; baseline 0 0"><span class='ocrx_word' id='word_1_8' title='bbox 2191 572 2267 581; x_wconf 58' lang='lat'><strong>~-</strong></span> 
     </span>
    </p>
   </div>
   <div class='ocr_carea' id='block_1_6' title="bbox 1026 784 2952 957">
    <p class='ocr_par' dir='ltr' id='par_1_6' title="bbox 1026 784 2952 957">
     <span class='ocr_line' id='line_1_6' title="bbox 1026 784 2952 957; baseline 0.001 -7"><span class='ocrx_word' id='word_1_9' title='bbox 1026 845 1213 952; x_wconf 90' lang='lat' dir='ltr'><em>1N</em></span> <span class='ocrx_word' id='word_1_10' title='bbox 1269 784 1901 957; x_wconf 72' lang='lat' dir='ltr'><strong>DICTUM</strong></span> <span class='ocrx_word' id='word_1_11' title='bbox 1968 842 2379 954; x_wconf 72' lang='lat' dir='ltr'><strong>Apes</strong></span> <span class='ocrx_word' id='word_1_12' title='bbox 2398 818 2771 951; x_wconf 75' lang='lat' dir='ltr'><strong>T’0L1</strong></span> <span class='ocrx_word' id='word_1_13' title='bbox 2823 840 2952 952; x_wconf 64' lang='grc' dir='ltr'><strong>(ίθέ</strong></span> 
     </span>
    </p>
   </div>
   <div class='ocr_carea' id='block_1_7' title="bbox 307 1169 3467 1251">
    <p class='ocr_par' dir='ltr' id='par_1_7' title="bbox 307 1169 3467 1251">
     <span class='ocr_line' id='line_1_7' title="bbox 307 1169 3467 1251; baseline 0.003 -30"><span class='ocrx_word' id='word_1_14' title='bbox 307 1176 412 1221; x_wconf 76' lang='lat' dir='ltr'><strong>DE</strong></span> <span class='ocrx_word' id='word_1_15' title='bbox 472 1177 960 1226; x_wconf 76' lang='lat' dir='ltr'><strong>DORMIENTIBUS</strong></span> <span class='ocrx_word' id='word_1_16' title='bbox 1006 1182 1225 1228; x_wconf 65' lang='lat' dir='ltr'><strong>suum</strong></span> <span class='ocrx_word' id='word_1_17' title='bbox 1270 1184 1431 1231; x_wconf 81' lang='lat' dir='ltr'><strong>NOLO</strong></span> <span class='ocrx_word' id='word_1_18' title='bbox 1476 1186 1592 1231; x_wconf 88' lang='lat' dir='ltr'><strong>vos</strong></span> <span class='ocrx_word' id='word_1_19' title='bbox 1635 1187 1992 1242; x_wconf 75' lang='lat' dir='ltr'><strong>IGNORARE,</strong></span> <span class='ocrx_word' id='word_1_20' title='bbox 2041 1188 2325 1232; x_wconf 66' lang='lat' dir='ltr'><strong>cannas</strong></span> <span class='ocrx_word' id='word_1_21' title='bbox 2374 1169 2439 1249; x_wconf 79' lang='grc'><strong>(1</strong></span> <span class='ocrx_word' id='word_1_22' title='bbox 2479 1171 2687 1231; x_wconf 81' lang='lat' dir='ltr'><strong>Thess.</strong></span> <span class='ocrx_word' id='word_1_23' title='bbox 2734 1169 2795 1230; x_wconf 69' lang='lat' dir='ltr'><strong>lt.</strong></span> <span class='ocrx_word' id='word_1_24' title='bbox 2845 1170 2969 1251; x_wconf 77' lang='grc'><strong>12),</strong></span> <span class='ocrx_word' id='word_1_25' title='bbox 3018 1190 3094 1231; x_wconf 66' lang='grc' dir='ltr'><strong>ιη’</strong></span> <span class='ocrx_word' id='word_1_26' title='bbox 3126 1189 3186 1231; x_wconf 75' lang='lat' dir='ltr'><strong>1N</strong></span> <span class='ocrx_word' id='word_1_27' title='bbox 3232 1189 3343 1233; x_wconf 70' lang='grc' dir='ltr'><strong>,που</strong></span> <span class='ocrx_word' id='word_1_28' title='bbox 3388 1190 3467 1232; x_wconf 72' lang='grc' dir='ltr'><strong>ετ</strong></span> 
     </span>
    </p>
   </div>
   <div class='ocr_carea' id='block_1_8' title="bbox 1749 1288 2079 1333">
    <p class='ocr_par' dir='ltr' id='par_1_8' title="bbox 1749 1288 2079 1333">
     <span class='ocr_line' id='line_1_8' title="bbox 1749 1288 2079 1333; baseline -0.003 -3"><span class='ocrx_word' id='word_1_29' title='bbox 1749 1288 2079 1333; x_wconf 73' lang='grc' dir='ltr'><strong>ΔΒΠΔΗΛΜ.</strong></span> 
     </span>
    </p>
   </div>
   <div class='ocr_carea' id='block_1_9' title="bbox 300 1927 1863 2007">
    <p class='ocr_par' dir='ltr' id='par_1_9' title="bbox 300 1927 1863 2007">
     <span class='ocr_line' id='line_1_9' title="bbox 300 1927 1863 2007; baseline 0.006 -25"><span class='ocrx_word' id='word_1_30' title='bbox 300 1928 363 1983; x_wconf 59' lang='grc'><strong>1.</strong></span> <span class='ocrx_word' id='word_1_31' title='bbox 414 1927 562 1985; x_wconf 82' lang='lat' dir='ltr'><strong>Dies</strong></span> <span class='ocrx_word' id='word_1_32' title='bbox 590 1937 819 2000; x_wconf 90' lang='lat' dir='ltr'><strong>quatuor</strong></span> <span class='ocrx_word' id='word_1_33' title='bbox 847 1930 899 1985; x_wconf 91' lang='lat' dir='ltr'><strong>in</strong></span> <span class='ocrx_word' id='word_1_34' title='bbox 931 1931 1240 2002; x_wconf 89' lang='lat' dir='ltr'><strong>explicanda</strong></span> <span class='ocrx_word' id='word_1_35' title='bbox 1265 1935 1414 1991; x_wconf 82' lang='lat' dir='ltr'><strong>vobis</strong></span> <span class='ocrx_word' id='word_1_36' title='bbox 1438 1935 1620 1991; x_wconf 85' lang='lat' dir='ltr'><strong>Lazari</strong></span> <span class='ocrx_word' id='word_1_37' title='bbox 1641 1935 1863 2007; x_wconf 90' lang='lat' dir='ltr'><strong>parabo-</strong></span> 
     </span>
    </p>
   </div>
   <div class='ocr_carea' id='block_1_10' title="bbox 220 2019 1863 2097">
    <p class='ocr_par' dir='ltr' id='par_1_10' title="bbox 220 2019 1863 2097">
     <span class='ocr_line' id='line_1_10' title="bbox 220 2019 1863 2097; baseline 0.007 -24"><span class='ocrx_word' id='word_1_38' title='bbox 220 2019 277 2073; x_wconf 88' lang='lat' dir='ltr'><strong>la</strong></span> <span class='ocrx_word' id='word_1_39' title='bbox 309 2019 804 2089; x_wconf 86' lang='lat' dir='ltr'><strong>consumpsimus,</strong></span> <span class='ocrx_word' id='word_1_40' title='bbox 858 2021 1271 2096; x_wconf 79' lang='lat' dir='ltr'><strong>thesaurumque</strong></span> <span class='ocrx_word' id='word_1_41' title='bbox 1304 2026 1670 2095; x_wconf 80' lang='lat' dir='ltr'><strong>exhausimus,</strong></span> <span class='ocrx_word' id='word_1_42' title='bbox 1703 2042 1863 2097; x_wconf 84' lang='lat' dir='ltr'><strong>quem</strong></span> 
     </span>
    </p>
   </div>
   <div class='ocr_carea' id='block_1_11' title="bbox 220 2110 1857 2183">
    <p class='ocr_par' dir='ltr' id='par_1_11' title="bbox 220 2110 1857 2183">
     <span class='ocr_line' id='line_1_11' title="bbox 220 2110 1857 2183; baseline 0.004 -19"><span class='ocrx_word' id='word_1_43' title='bbox 220 2110 573 2167; x_wconf 80' lang='lat' dir='ltr'><strong>invenimus</strong></span> <span class='ocrx_word' id='word_1_44' title='bbox 599 2112 652 2166; x_wconf 90' lang='lat' dir='ltr'><strong>in</strong></span> <span class='ocrx_word' id='word_1_45' title='bbox 692 2127 917 2183; x_wconf 88' lang='lat' dir='ltr'><strong>corpore</strong></span> <span class='ocrx_word' id='word_1_46' title='bbox 947 2114 1219 2171; x_wconf 86' lang='lat' dir='ltr'><strong>ulceribus</strong></span> <span class='ocrx_word' id='word_1_47' title='bbox 1244 2125 1484 2173; x_wconf 87' lang='lat' dir='ltr'><strong>scatente</strong></span> <span class='ocrx_word' id='word_1_48' title='bbox 1509 2136 1521 2172; x_wconf 92' lang='lat'><strong>:</strong></span> <span class='ocrx_word' id='word_1_49' title='bbox 1551 2119 1857 2174; x_wconf 72' lang='lat' dir='ltr'><strong>thesaurum</strong></span> 
     </span>
    </p>
   </div>
   <div class='ocr_carea' id='block_1_12' title="bbox 222 2200 1861 2279">
    <p class='ocr_par' dir='ltr' id='par_1_12' title="bbox 222 2200 1861 2279">
     <span class='ocr_line' id='line_1_12' title="bbox 222 2200 1861 2279; baseline 0.004 -23"><span class='ocrx_word' id='word_1_50' title='bbox 222 2203 282 2257; x_wconf 91' lang='lat' dir='ltr'><strong>in</strong></span> <span class='ocrx_word' id='word_1_51' title='bbox 309 2218 434 2273; x_wconf 91' lang='lat' dir='ltr'><strong>quo</strong></span> <span class='ocrx_word' id='word_1_52' title='bbox 466 2218 578 2258; x_wconf 88' lang='lat' dir='ltr'><strong>nec</strong></span> <span class='ocrx_word' id='word_1_53' title='bbox 602 2219 815 2271; x_wconf 91' lang='lat' dir='ltr'><strong>aurum,</strong></span> <span class='ocrx_word' id='word_1_54' title='bbox 833 2220 933 2261; x_wconf 91' lang='lat' dir='ltr'><strong>nec</strong></span> <span class='ocrx_word' id='word_1_55' title='bbox 956 2200 1255 2277; x_wconf 82' lang='lat' dir='ltr'><strong>argentum,</strong></span> <span class='ocrx_word' id='word_1_56' title='bbox 1283 2223 1382 2264; x_wconf 90' lang='lat' dir='ltr'><strong>nec</strong></span> <span class='ocrx_word' id='word_1_57' title='bbox 1410 2208 1613 2278; x_wconf 87' lang='lat' dir='ltr'><strong>lapides</strong></span> <span class='ocrx_word' id='word_1_58' title='bbox 1643 2209 1861 2279; x_wconf 85' lang='lat' dir='ltr'><strong>pretiosi</strong></span> 
     </span>
    </p>
   </div>
   <div class='ocr_carea' id='block_1_13' title="bbox 222 2294 1862 2371">
    <p class='ocr_par' dir='ltr' id='par_1_13' title="bbox 222 2294 1862 2371">
     <span class='ocr_line' id='line_1_13' title="bbox 222 2294 1862 2371; baseline 0.003 -23"><span class='ocrx_word' id='word_1_59' title='bbox 222 2294 463 2350; x_wconf 85' lang='lat' dir='ltr'><strong>inerant</strong></span> <span class='ocrx_word' id='word_1_60' title='bbox 487 2311 506 2360; x_wconf 90' lang='lat'><strong>;</strong></span> <span class='ocrx_word' id='word_1_61' title='bbox 537 2295 632 2350; x_wconf 88' lang='lat' dir='ltr'><strong>sed</strong></span> <span class='ocrx_word' id='word_1_62' title='bbox 656 2295 1018 2367; x_wconf 80' lang='lat' dir='ltr'><strong>phiIOSOphia,</strong></span> <span class='ocrx_word' id='word_1_63' title='bbox 1049 2296 1324 2364; x_wconf 84' lang='lat' dir='ltr'><strong>fortitudo,</strong></span> <span class='ocrx_word' id='word_1_64' title='bbox 1348 2299 1623 2369; x_wconf 83' lang='lat' dir='ltr'><strong>patientia,</strong></span> <span class='ocrx_word' id='word_1_65' title='bbox 1649 2300 1862 2371; x_wconf 81' lang='lat' dir='ltr'><strong>ingens-</strong></span> 
     </span>
    </p>
   </div>
   <div class='ocr_carea' id='block_1_14' title="bbox 224 2389 1862 2459">
    <p class='ocr_par' dir='ltr' id='par_1_14' title="bbox 224 2389 1862 2459">
     <span class='ocr_line' id='line_1_14' title="bbox 224 2389 1862 2459; baseline 0.002 -17"><span class='ocrx_word' id='word_1_66' title='bbox 224 2402 340 2459; x_wconf 85' lang='lat' dir='ltr'><strong>que</strong></span> <span class='ocrx_word' id='word_1_67' title='bbox 376 2390 819 2458; x_wconf 68' lang='lat' dir='ltr'><strong>perseverantia.</strong></span> <span class='ocrx_word' id='word_1_68' title='bbox 850 2390 1310 2458; x_wconf 84' lang='lat' dir='ltr'><strong>Quemadmodum</strong></span> <span class='ocrx_word' id='word_1_69' title='bbox 1339 2391 1484 2447; x_wconf 91' lang='lat' dir='ltr'><strong>enim</strong></span> <span class='ocrx_word' id='word_1_70' title='bbox 1516 2390 1569 2446; x_wconf 92' lang='lat' dir='ltr'><strong>in</strong></span> <span class='ocrx_word' id='word_1_71' title='bbox 1596 2389 1862 2447; x_wconf 84' lang='lat' dir='ltr'><strong>thesauris</strong></span> 
     </span>
    </p>
   </div>
   <div class='ocr_carea' id='block_1_15' title="bbox 225 2466 1858 2554">
    <p class='ocr_par' dir='ltr' id='par_1_15' title="bbox 225 2466 1858 2554">
     <span class='ocr_line' id='line_1_15' title="bbox 225 2466 1858 2554; baseline 0.002 -21"><span class='ocrx_word' id='word_1_72' title='bbox 225 2478 335 2534; x_wconf 89' lang='lat' dir='ltr'><strong>sub</strong></span> <span class='ocrx_word' id='word_1_73' title='bbox 351 2482 593 2534; x_wconf 79' lang='lat' dir='ltr'><strong>se’nsum</strong></span> <span class='ocrx_word' id='word_1_74' title='bbox 610 2479 922 2536; x_wconf 84' lang='lat' dir='ltr'><strong>cadentibus</strong></span> <span class='ocrx_word' id='word_1_75' title='bbox 946 2483 1225 2552; x_wconf 81' lang='lat' dir='ltr'><strong>contingit,</strong></span> <span class='ocrx_word' id='word_1_76' title='bbox 1244 2466 1302 2538; x_wconf 80' lang='lat' dir='ltr'><strong>ut</strong></span> <span class='ocrx_word' id='word_1_77' title='bbox 1316 2481 1621 2554; x_wconf 87' lang='lat' dir='ltr'><strong>superficies</strong></span> <span class='ocrx_word' id='word_1_78' title='bbox 1650 2496 1858 2553; x_wconf 82' lang='lat' dir='ltr'><strong>Sptnas,</strong></span> 
     </span>
    </p>
   </div>
   <div class='ocr_carea' id='block_1_16' title="bbox 225 2570 1861 2645">
    <p class='ocr_par' dir='ltr' id='par_1_16' title="bbox 225 2570 1861 2645">
     <span class='ocr_line' id='line_1_16' title="bbox 225 2570 1861 2645; baseline 0.001 -20"><span class='ocrx_word' id='word_1_79' title='bbox 225 2570 480 2626; x_wconf 82' lang='lat' dir='ltr'><strong>tribulos</strong></span> <span class='ocrx_word' id='word_1_80' title='bbox 531 2571 881 2642; x_wconf 89' lang='lat' dir='ltr'><strong>asperiusque</strong></span> <span class='ocrx_word' id='word_1_81' title='bbox 905 2573 1077 2628; x_wconf 91' lang='lat' dir='ltr'><strong>solum</strong></span> <span class='ocrx_word' id='word_1_82' title='bbox 1108 2589 1218 2645; x_wconf 69' lang='lat' dir='ltr'><strong>pra:</strong></span> <span class='ocrx_word' id='word_1_83' title='bbox 1238 2590 1297 2629; x_wconf 90' lang='lat' dir='ltr'><strong>se</strong></span> <span class='ocrx_word' id='word_1_84' title='bbox 1328 2575 1479 2641; x_wconf 90' lang='lat' dir='ltr'><strong>ferat,</strong></span> <span class='ocrx_word' id='word_1_85' title='bbox 1511 2575 1555 2629; x_wconf 90' lang='lat' dir='ltr'><strong>si</strong></span> <span class='ocrx_word' id='word_1_86' title='bbox 1584 2575 1705 2645; x_wconf 84' lang='lat' dir='ltr'><strong>quis</strong></span> <span class='ocrx_word' id='word_1_87' title='bbox 1733 2589 1861 2628; x_wconf 89' lang='lat' dir='ltr'><strong>vero</strong></span> 
     </span>
    </p>
   </div>
   <div class='ocr_carea' id='block_1_17' title="bbox 218 2661 1862 2735">
    <p class='ocr_par' dir='ltr' id='par_1_17' title="bbox 218 2661 1862 2735">
     <span class='ocr_line' id='line_1_17' title="bbox 218 2661 1862 2735; baseline 0.004 -20"><span class='ocrx_word' id='word_1_88' title='bbox 218 2661 391 2716; x_wconf 87' lang='lat' dir='ltr'><strong>altius</strong></span> <span class='ocrx_word' id='word_1_89' title='bbox 422 2670 643 2716; x_wconf 83' lang='lat' dir='ltr'><strong>terram</strong></span> <span class='ocrx_word' id='word_1_90' title='bbox 673 2661 939 2730; x_wconf 82' lang='lat' dir='ltr'><strong>eﬂ‘oderit,</strong></span> <span class='ocrx_word' id='word_1_91' title='bbox 965 2678 1172 2735; x_wconf 78' lang='lat' dir='ltr'><strong>magnae</strong></span> <span class='ocrx_word' id='word_1_92' title='bbox 1200 2665 1395 2720; x_wconf 90' lang='lat' dir='ltr'><strong>adsunt</strong></span> <span class='ocrx_word' id='word_1_93' title='bbox 1428 2665 1664 2732; x_wconf 77' lang='lat' dir='ltr'><strong>divitiae;</strong></span> <span class='ocrx_word' id='word_1_94' title='bbox 1703 2665 1780 2721; x_wconf 90' lang='lat' dir='ltr'><strong>sic</strong></span> <span class='ocrx_word' id='word_1_95' title='bbox 1806 2675 1862 2721; x_wconf 90' lang='lat' dir='ltr'><strong>et</strong></span> 
     </span>
    </p>
   </div>
   <div class='ocr_carea' id='block_1_18' title="bbox 225 2754 1855 2830">
    <p class='ocr_par' dir='ltr' id='par_1_18' title="bbox 225 2754 1855 2830">
     <span class='ocr_line' id='line_1_18' title="bbox 225 2754 1855 2830; baseline 0.004 -22"><span class='ocrx_word' id='word_1_96' title='bbox 225 2754 283 2809; x_wconf 89' lang='lat' dir='ltr'><strong>in</strong></span> <span class='ocrx_word' id='word_1_97' title='bbox 311 2754 546 2809; x_wconf 81' lang='lat' dir='ltr'><strong>Lazaro</strong></span> <span class='ocrx_word' id='word_1_98' title='bbox 572 2755 831 2825; x_wconf 88' lang='lat' dir='ltr'><strong>contigit;</strong></span> <span class='ocrx_word' id='word_1_99' title='bbox 857 2756 986 2812; x_wconf 92' lang='lat' dir='ltr'><strong>foris</strong></span> <span class='ocrx_word' id='word_1_100' title='bbox 1010 2758 1251 2827; x_wconf 85' lang='lat' dir='ltr'><strong>vulnera,</strong></span> <span class='ocrx_word' id='word_1_101' title='bbox 1281 2758 1426 2814; x_wconf 91' lang='lat' dir='ltr'><strong>intus</strong></span> <span class='ocrx_word' id='word_1_102' title='bbox 1447 2758 1646 2814; x_wconf 68' lang='lat' dir='ltr'><strong>divitia:</strong></span> <span class='ocrx_word' id='word_1_103' title='bbox 1671 2760 1855 2830; x_wconf 82' lang='lat' dir='ltr'><strong>ingen-</strong></span> 
     </span>
    </p>
   </div>
   <div class='ocr_carea' id='block_1_19' title="bbox 230 2848 1859 2920">
    <p class='ocr_par' dir='ltr' id='par_1_19' title="bbox 230 2848 1859 2920">
     <span class='ocr_line' id='line_1_19' title="bbox 230 2848 1859 2920; baseline 0.002 -19"><span class='ocrx_word' id='word_1_104' title='bbox 230 2855 352 2902; x_wconf 91' lang='lat' dir='ltr'><strong>tes:</strong></span> <span class='ocrx_word' id='word_1_105' title='bbox 378 2861 599 2917; x_wconf 83' lang='lat' dir='ltr'><strong>corpus</strong></span> <span class='ocrx_word' id='word_1_106' title='bbox 641 2848 955 2915; x_wconf 89' lang='lat' dir='ltr'><strong>resolutum,</strong></span> <span class='ocrx_word' id='word_1_107' title='bbox 989 2848 1142 2905; x_wconf 87' lang='lat' dir='ltr'><strong>fortis</strong></span> <span class='ocrx_word' id='word_1_108' title='bbox 1164 2849 1396 2920; x_wconf 89' lang='lat' dir='ltr'><strong>vigilque</strong></span> <span class='ocrx_word' id='word_1_109' title='bbox 1430 2850 1640 2905; x_wconf 90' lang='lat' dir='ltr'><strong>animus</strong></span> <span class='ocrx_word' id='word_1_110' title='bbox 1667 2867 1681 2904; x_wconf 92' lang='lat'><strong>:</strong></span> <span class='ocrx_word' id='word_1_111' title='bbox 1712 2851 1859 2905; x_wconf 78' lang='lat' dir='ltr'><strong>vide-</strong></span> 
     </span>
    </p>
   </div>
   <div class='ocr_carea' id='block_1_20' title="bbox 234 2937 1856 3011">
    <p class='ocr_par' dir='ltr' id='par_1_20' title="bbox 234 2937 1856 3011">
     <span class='ocr_line' id='line_1_20' title="bbox 234 2937 1856 3011; baseline 0.003 -19"><span class='ocrx_word' id='word_1_112' title='bbox 234 2951 409 3008; x_wconf 90' lang='lat' dir='ltr'><strong>reque</strong></span> <span class='ocrx_word' id='word_1_113' title='bbox 440 2947 567 2992; x_wconf 87' lang='lat' dir='ltr'><strong>erat</strong></span> <span class='ocrx_word' id='word_1_114' title='bbox 595 2937 797 2993; x_wconf 92' lang='lat' dir='ltr'><strong>dictum</strong></span> <span class='ocrx_word' id='word_1_115' title='bbox 826 2941 1174 3008; x_wconf 88' lang='lat' dir='ltr'><strong>apostolicum</strong></span> <span class='ocrx_word' id='word_1_116' title='bbox 1217 2940 1317 2995; x_wconf 89' lang='lat' dir='ltr'><strong>hac</strong></span> <span class='ocrx_word' id='word_1_117' title='bbox 1354 2941 1407 2995; x_wconf 92' lang='lat' dir='ltr'><strong>in</strong></span> <span class='ocrx_word' id='word_1_118' title='bbox 1434 2956 1493 2996; x_wconf 91' lang='lat' dir='ltr'><strong>re</strong></span> <span class='ocrx_word' id='word_1_119' title='bbox 1535 2941 1807 3011; x_wconf 88' lang='lat' dir='ltr'><strong>impletum</strong></span> <span class='ocrx_word' id='word_1_120' title='bbox 1841 2959 1856 2997; x_wconf 87' lang='lat'><strong>:</strong></span> 
     </span>
    </p>
   </div>
   <div class='ocr_carea' id='block_1_21' title="bbox 236 3027 1859 3101">
    <p class='ocr_par' dir='ltr' id='par_1_21' title="bbox 236 3027 1859 3101">
     <span class='ocr_line' id='line_1_21' title="bbox 236 3027 1859 3101; baseline 0.004 -21"><span class='ocrx_word' id='word_1_121' title='bbox 236 3027 519 3097; x_wconf 86' lang='lat' dir='ltr'><strong>Quantum</strong></span> <span class='ocrx_word' id='word_1_122' title='bbox 554 3035 789 3082; x_wconf 70' lang='lat' dir='ltr'><strong>externus</strong></span> <span class='ocrx_word' id='word_1_123' title='bbox 822 3029 971 3083; x_wconf 91' lang='lat' dir='ltr'><strong>homo</strong></span> <span class='ocrx_word' id='word_1_124' title='bbox 1012 3031 1373 3101; x_wconf 83' lang='lat' dir='ltr'><strong>corrumpitur,</strong></span> <span class='ocrx_word' id='word_1_125' title='bbox 1399 3040 1595 3085; x_wconf 86' lang='lat' dir='ltr'><strong>tantum</strong></span> <span class='ocrx_word' id='word_1_126' title='bbox 1630 3032 1859 3087; x_wconf 85' lang='lat' dir='ltr'><strong>internus</strong></span> 
     </span>
    </p>
   </div>
   <div class='ocr_carea' id='block_1_22' title="bbox 237 3116 1010 3191">
    <p class='ocr_par' dir='ltr' id='par_1_22' title="bbox 237 3116 1010 3191">
     <span class='ocr_line' id='line_1_22' title="bbox 237 3116 1010 3191; baseline 0.006 -21"><span class='ocrx_word' id='word_1_127' title='bbox 237 3128 527 3173; x_wconf 83' lang='lat' dir='ltr'><strong>renovatur</strong></span> <span class='ocrx_word' id='word_1_128' title='bbox 556 3116 637 3189; x_wconf 70' lang='grc' dir='ltr'><strong>(Ξ.</strong></span> <span class='ocrx_word' id='word_1_129' title='bbox 662 3117 780 3174; x_wconf 84' lang='lat' dir='ltr'><strong>Cor.</strong></span> <span class='ocrx_word' id='word_1_130' title='bbox 810 3120 864 3175; x_wconf 79' lang='grc'><strong>4.</strong></span> <span class='ocrx_word' id='word_1_131' title='bbox 898 3119 1010 3191; x_wconf 84' lang='grc'><strong>16).</strong></span> 
     </span>
    </p>
   </div>
   <div class='ocr_carea' id='block_1_23' title="bbox 307 3211 1854 3289">
    <p class='ocr_par' dir='ltr' id='par_1_23' title="bbox 307 3211 1854 3289">
     <span class='ocr_line' id='line_1_23' title="bbox 307 3211 1854 3289; baseline 0.005 -24"><span class='ocrx_word' id='word_1_132' title='bbox 307 3211 517 3266; x_wconf 79' lang='lat' dir='ltr'><strong>Contra</strong></span> <span class='ocrx_word' id='word_1_133' title='bbox 572 3211 909 3269; x_wconf 73' lang='lat' dir='ltr'><strong>Manichwos.</strong></span> <span class='ocrx_word' id='word_1_134' title='bbox 937 3244 1011 3255; x_wconf 92' lang='lat'>—</span> <span class='ocrx_word' id='word_1_135' title='bbox 1035 3214 1114 3271; x_wconf 88' lang='lat' dir='ltr'><strong>Ac</strong></span> <span class='ocrx_word' id='word_1_136' title='bbox 1168 3215 1362 3273; x_wconf 89' lang='lat' dir='ltr'><strong>licebat</strong></span> <span class='ocrx_word' id='word_1_137' title='bbox 1411 3217 1627 3289; x_wconf 87' lang='lat' dir='ltr'><strong>quidem</strong></span> <span class='ocrx_word' id='word_1_138' title='bbox 1690 3218 1854 3274; x_wconf 90' lang='lat' dir='ltr'><strong>etiam</strong></span> 
     </span>
    </p>
   </div>
   <div class='ocr_carea' id='block_1_24' title="bbox 240 3292 1855 3380">
    <p class='ocr_par' dir='ltr' id='par_1_24' title="bbox 240 3292 1855 3380">
     <span class='ocr_line' id='line_1_24' title="bbox 240 3292 1855 3380; baseline 0.004 -23"><span class='ocrx_word' id='word_1_139' title='bbox 240 3304 408 3360; x_wconf 90' lang='lat' dir='ltr'><strong>hodie</strong></span> <span class='ocrx_word' id='word_1_140' title='bbox 430 3304 582 3360; x_wconf 87' lang='lat' dir='ltr'><strong>hanc</strong></span> <span class='ocrx_word' id='word_1_141' title='bbox 611 3292 919 3376; x_wconf 80' lang='lat' dir='ltr'><strong>parabolam</strong></span> <span class='ocrx_word' id='word_1_142' title='bbox 949 3315 1197 3374; x_wconf 85' lang='lat' dir='ltr'><strong>tractare,</strong></span> <span class='ocrx_word' id='word_1_143' title='bbox 1229 3320 1282 3363; x_wconf 86' lang='lat' dir='ltr'><strong>et</strong></span> <span class='ocrx_word' id='word_1_144' title='bbox 1312 3325 1432 3364; x_wconf 93' lang='lat' dir='ltr'><strong>cum</strong></span> <span class='ocrx_word' id='word_1_145' title='bbox 1456 3310 1724 3366; x_wconf 73' lang='lat' dir='ltr'><strong>haereticis</strong></span> <span class='ocrx_word' id='word_1_146' title='bbox 1754 3325 1855 3380; x_wconf 81' lang='lat' dir='ltr'><strong>pu-</strong></span> 
     </span>
    </p>
   </div>
   <div class='ocr_carea' id='block_1_25' title="bbox 240 3395 1858 3471">
    <p class='ocr_par' dir='ltr' id='par_1_25' title="bbox 240 3395 1858 3471">
     <span class='ocr_line' id='line_1_25' title="bbox 240 3395 1858 3471; baseline 0.005 -22"><span class='ocrx_word' id='word_1_147' title='bbox 240 3410 436 3465; x_wconf 87' lang='lat' dir='ltr'><strong>guare,</strong></span> <span class='ocrx_word' id='word_1_148' title='bbox 488 3395 588 3467; x_wconf 88' lang='lat' dir='ltr'><strong>qui</strong></span> <span class='ocrx_word' id='word_1_149' title='bbox 630 3406 785 3451; x_wconf 89' lang='lat' dir='ltr'><strong>vetus</strong></span> <span class='ocrx_word' id='word_1_150' title='bbox 814 3396 1220 3454; x_wconf 86' lang='lat' dir='ltr'><strong>Testamentum</strong></span> <span class='ocrx_word' id='word_1_151' title='bbox 1263 3399 1585 3470; x_wconf 81' lang='lat' dir='ltr'><strong>vituperant,</strong></span> <span class='ocrx_word' id='word_1_152' title='bbox 1634 3402 1858 3471; x_wconf 88' lang='lat' dir='ltr'><strong>patriar-</strong></span> 
     </span>
    </p>
   </div>
   <div class='ocr_carea' id='block_1_26' title="bbox 242 3488 1855 3556">
    <p class='ocr_par' dir='ltr' id='par_1_26' title="bbox 242 3488 1855 3556">
     <span class='ocr_line' id='line_1_26' title="bbox 242 3488 1855 3556; baseline 0.005 -13"><span class='ocrx_word' id='word_1_153' title='bbox 242 3488 373 3545; x_wconf 88' lang='lat' dir='ltr'><strong>chas</strong></span> <span class='ocrx_word' id='word_1_154' title='bbox 428 3499 734 3556; x_wconf 88' lang='lat' dir='ltr'><strong>accusant,</strong></span> <span class='ocrx_word' id='word_1_155' title='bbox 779 3503 834 3547; x_wconf 90' lang='lat' dir='ltr'><strong>et</strong></span> <span class='ocrx_word' id='word_1_156' title='bbox 884 3502 1072 3547; x_wconf 90' lang='lat' dir='ltr'><strong>contra</strong></span> <span class='ocrx_word' id='word_1_157' title='bbox 1131 3493 1507 3550; x_wconf 89' lang='lat' dir='ltr'><strong>universorum</strong></span> <span class='ocrx_word' id='word_1_158' title='bbox 1557 3507 1855 3553; x_wconf 89' lang='lat' dir='ltr'><strong>creatorem</strong></span> 
     </span>
    </p>
   </div>
   <div class='ocr_carea' id='block_1_27' title="bbox 246 3580 1856 3658">
    <p class='ocr_par' dir='ltr' id='par_1_27' title="bbox 246 3580 1856 3658">
     <span class='ocr_line' id='line_1_27' title="bbox 246 3580 1856 3658; baseline 0.005 -22"><span class='ocrx_word' id='word_1_159' title='bbox 246 3580 420 3638; x_wconf 89' lang='lat' dir='ltr'><strong>Deum</strong></span> <span class='ocrx_word' id='word_1_160' title='bbox 452 3584 700 3655; x_wconf 81' lang='lat' dir='ltr'><strong>linguam</strong></span> <span class='ocrx_word' id='word_1_161' title='bbox 747 3592 985 3640; x_wconf 88' lang='lat' dir='ltr'><strong>acuunt:</strong></span> <span class='ocrx_word' id='word_1_162' title='bbox 1015 3600 1199 3641; x_wconf 90' lang='lat' dir='ltr'><strong>verum</strong></span> <span class='ocrx_word' id='word_1_163' title='bbox 1245 3601 1313 3642; x_wconf 89' lang='lat' dir='ltr'><strong>ne</strong></span> <span class='ocrx_word' id='word_1_164' title='bbox 1352 3588 1652 3643; x_wconf 86' lang='lat' dir='ltr'><strong>satietatem</strong></span> <span class='ocrx_word' id='word_1_165' title='bbox 1695 3596 1856 3658; x_wconf 86' lang='lat' dir='ltr'><strong>atque</strong></span> 
     </span>
    </p>
   </div>
   <div class='ocr_carea' id='block_1_28' title="bbox 247 3675 1854 3743">
    <p class='ocr_par' dir='ltr' id='par_1_28' title="bbox 247 3675 1854 3743">
     <span class='ocr_line' id='line_1_28' title="bbox 247 3675 1854 3743; baseline 0.004 -14"><span class='ocrx_word' id='word_1_166' title='bbox 247 3675 529 3732; x_wconf 89' lang='lat' dir='ltr'><strong>fastidium</strong></span> <span class='ocrx_word' id='word_1_167' title='bbox 560 3678 734 3732; x_wconf 88' lang='lat' dir='ltr'><strong>oratio</strong></span> <span class='ocrx_word' id='word_1_168' title='bbox 752 3678 906 3734; x_wconf 85' lang='lat' dir='ltr'><strong>vobis</strong></span> <span class='ocrx_word' id='word_1_169' title='bbox 931 3677 1137 3743; x_wconf 78' lang='lat' dir='ltr'><strong>afferat,</strong></span> <span class='ocrx_word' id='word_1_170' title='bbox 1170 3678 1288 3734; x_wconf 77' lang='lat' dir='ltr'><strong>hth</strong></span> <span class='ocrx_word' id='word_1_171' title='bbox 1313 3680 1603 3735; x_wconf 89' lang='lat' dir='ltr'><strong>certamina</strong></span> <span class='ocrx_word' id='word_1_172' title='bbox 1630 3680 1771 3735; x_wconf 90' lang='lat' dir='ltr'><strong>aliud</strong></span> <span class='ocrx_word' id='word_1_173' title='bbox 1802 3681 1854 3736; x_wconf 90' lang='lat' dir='ltr'><strong>in</strong></span> 
     </span>
    </p>
   </div>
   <div class='ocr_carea' id='block_1_29' title="bbox 247 3770 1856 3842">
    <p class='ocr_par' dir='ltr' id='par_1_29' title="bbox 247 3770 1856 3842">
     <span class='ocr_line' id='line_1_29' title="bbox 247 3770 1856 3842; baseline 0.004 -21"><span class='ocrx_word' id='word_1_174' title='bbox 247 3773 462 3838; x_wconf 87' lang='lat' dir='ltr'><strong>tempus</strong></span> <span class='ocrx_word' id='word_1_175' title='bbox 492 3779 843 3839; x_wconf 87' lang='lat' dir='ltr'><strong>seponentes,</strong></span> <span class='ocrx_word' id='word_1_176' title='bbox 870 3785 970 3841; x_wconf 89' lang='lat' dir='ltr'><strong>age</strong></span> <span class='ocrx_word' id='word_1_177' title='bbox 998 3770 1065 3825; x_wconf 91' lang='lat' dir='ltr'><strong>ad</strong></span> <span class='ocrx_word' id='word_1_178' title='bbox 1089 3771 1232 3826; x_wconf 90' lang='lat' dir='ltr'><strong>aliud</strong></span> <span class='ocrx_word' id='word_1_179' title='bbox 1251 3781 1622 3842; x_wconf 78' lang='lat' dir='ltr'><strong>argumentum</strong></span> <span class='ocrx_word' id='word_1_180' title='bbox 1652 3787 1856 3827; x_wconf 88' lang='lat' dir='ltr'><strong>sermo-</strong></span> 
     </span>
    </p>
   </div>
   <div class='ocr_carea' id='block_1_30' title="bbox 250 3861 1855 3935">
    <p class='ocr_par' dir='ltr' id='par_1_30' title="bbox 250 3861 1855 3935">
     <span class='ocr_line' id='line_1_30' title="bbox 250 3861 1855 3935; baseline 0.007 -24"><span class='ocrx_word' id='word_1_181' title='bbox 250 3873 371 3913; x_wconf 86' lang='lat' dir='ltr'><strong>nem</strong></span> <span class='ocrx_word' id='word_1_182' title='bbox 392 3868 803 3916; x_wconf 88' lang='lat' dir='ltr'><strong>convertamus.</strong></span> <span class='ocrx_word' id='word_1_183' title='bbox 840 3861 974 3916; x_wconf 88' lang='lat' dir='ltr'><strong>Nam</strong></span> <span class='ocrx_word' id='word_1_184' title='bbox 1012 3863 1173 3919; x_wconf 90' lang='lat' dir='ltr'><strong>unius</strong></span> <span class='ocrx_word' id='word_1_185' title='bbox 1208 3865 1424 3935; x_wconf 83' lang='lat' dir='ltr'><strong>generis</strong></span> <span class='ocrx_word' id='word_1_186' title='bbox 1448 3866 1569 3921; x_wconf 87' lang='lat' dir='ltr'><strong>cibo</strong></span> <span class='ocrx_word' id='word_1_187' title='bbox 1597 3866 1855 3922; x_wconf 88' lang='lat' dir='ltr'><strong>instructa</strong></span> 
     </span>
    </p>
   </div>
   <div class='ocr_carea' id='block_1_31' title="bbox 249 3948 1857 4029">
    <p class='ocr_par' dir='ltr' id='par_1_31' title="bbox 249 3948 1857 4029">
     <span class='ocr_line' id='line_1_31' title="bbox 249 3948 1857 4029; baseline 0.008 -28"><span class='ocrx_word' id='word_1_188' title='bbox 249 3963 435 4005; x_wconf 91' lang='lat' dir='ltr'><strong>mensa</strong></span> <span class='ocrx_word' id='word_1_189' title='bbox 456 3948 766 4007; x_wconf 82' lang='lat' dir='ltr'><strong>satietatem</strong></span> <span class='ocrx_word' id='word_1_190' title='bbox 794 3953 953 4022; x_wconf 89' lang='lat' dir='ltr'><strong>parit,</strong></span> <span class='ocrx_word' id='word_1_191' title='bbox 973 3954 1136 4009; x_wconf 90' lang='lat' dir='ltr'><strong>variis</strong></span> <span class='ocrx_word' id='word_1_192' title='bbox 1157 3969 1284 4010; x_wconf 91' lang='lat' dir='ltr'><strong>vero</strong></span> <span class='ocrx_word' id='word_1_193' title='bbox 1308 3955 1501 4013; x_wconf 89' lang='lat' dir='ltr'><strong>eduliis</strong></span> <span class='ocrx_word' id='word_1_194' title='bbox 1523 3955 1857 4029; x_wconf 84' lang='lat' dir='ltr'><strong>frequentata</strong></span> 
     </span>
    </p>
   </div>
   <div class='ocr_carea' id='block_1_32' title="bbox 252 4043 1855 4116">
    <p class='ocr_par' dir='ltr' id='par_1_32' title="bbox 252 4043 1855 4116">
     <span class='ocr_line' id='line_1_32' title="bbox 252 4043 1855 4116; baseline 0.008 -23"><span class='ocrx_word' id='word_1_195' title='bbox 252 4043 557 4112; x_wconf 86' lang='lat' dir='ltr'><strong>appetitum</strong></span> <span class='ocrx_word' id='word_1_196' title='bbox 597 4046 815 4100; x_wconf 86' lang='lat' dir='ltr'><strong>excitat.</strong></span> <span class='ocrx_word' id='word_1_197' title='bbox 865 4045 936 4102; x_wconf 90' lang='lat' dir='ltr'><strong>Ut</strong></span> <span class='ocrx_word' id='word_1_198' title='bbox 974 4047 1135 4116; x_wconf 82' lang='lat' dir='ltr'><strong>igitur</strong></span> <span class='ocrx_word' id='word_1_199' title='bbox 1178 4047 1230 4101; x_wconf 92' lang='lat' dir='ltr'><strong>in</strong></span> <span class='ocrx_word' id='word_1_200' title='bbox 1275 4047 1375 4103; x_wconf 91' lang='lat' dir='ltr'><strong>hac</strong></span> <span class='ocrx_word' id='word_1_201' title='bbox 1414 4051 1674 4107; x_wconf 90' lang='lat' dir='ltr'><strong>concione</strong></span> <span class='ocrx_word' id='word_1_202' title='bbox 1715 4051 1855 4108; x_wconf 91' lang='lat' dir='ltr'><strong>idem</strong></span> 
     </span>
    </p>
   </div>
   <div class='ocr_carea' id='block_1_33' title="bbox 252 4132 1859 4211">
    <p class='ocr_par' dir='ltr' id='par_1_33' title="bbox 252 4132 1859 4211">
     <span class='ocr_line' id='line_1_33' title="bbox 252 4132 1859 4211; baseline 0.007 -26"><span class='ocrx_word' id='word_1_203' title='bbox 252 4132 486 4202; x_wconf 86' lang='lat' dir='ltr'><strong>eveniat,</strong></span> <span class='ocrx_word' id='word_1_204' title='bbox 530 4134 603 4190; x_wconf 89' lang='lat' dir='ltr'><strong>ad</strong></span> <span class='ocrx_word' id='word_1_205' title='bbox 642 4146 884 4191; x_wconf 87' lang='lat' dir='ltr'><strong>sanctum</strong></span> <span class='ocrx_word' id='word_1_206' title='bbox 923 4136 1143 4192; x_wconf 87' lang='lat' dir='ltr'><strong>Paulum</strong></span> <span class='ocrx_word' id='word_1_207' title='bbox 1175 4139 1467 4208; x_wconf 84' lang='lat' dir='ltr'><strong>longojam</strong></span> <span class='ocrx_word' id='word_1_208' title='bbox 1495 4142 1749 4211; x_wconf 90' lang='lat' dir='ltr'><strong>temporis</strong></span> <span class='ocrx_word' id='word_1_209' title='bbox 1785 4143 1859 4197; x_wconf 87' lang='lat' dir='ltr'><strong>in-</strong></span> 
     </span>
    </p>
   </div>
   <div class='ocr_carea' id='block_1_34' title="bbox 254 4227 1858 4300">
    <p class='ocr_par' dir='ltr' id='par_1_34' title="bbox 254 4227 1858 4300">
     <span class='ocr_line' id='line_1_34' title="bbox 254 4227 1858 4300; baseline 0.005 -20"><span class='ocrx_word' id='word_1_210' title='bbox 254 4227 482 4283; x_wconf 88' lang='lat' dir='ltr'><strong>tervallo</strong></span> <span class='ocrx_word' id='word_1_211' title='bbox 521 4236 883 4283; x_wconf 88' lang='lat' dir='ltr'><strong>revertamur.</strong></span> <span class='ocrx_word' id='word_1_212' title='bbox 915 4228 1129 4284; x_wconf 89' lang='lat' dir='ltr'><strong>Etenim</strong></span> <span class='ocrx_word' id='word_1_213' title='bbox 1171 4240 1473 4300; x_wconf 87' lang='lat' dir='ltr'><strong>opportune</strong></span> <span class='ocrx_word' id='word_1_214' title='bbox 1515 4233 1670 4287; x_wconf 87' lang='lat' dir='ltr'><strong>nobis</strong></span> <span class='ocrx_word' id='word_1_215' title='bbox 1696 4234 1858 4290; x_wconf 89' lang='lat' dir='ltr'><strong>hodie</strong></span> 
     </span>
    </p>
   </div>
   <div class='ocr_carea' id='block_1_35' title="bbox 255 4314 1854 4390">
    <p class='ocr_par' dir='ltr' id='par_1_35' title="bbox 255 4314 1854 4390">
     <span class='ocr_line' id='line_1_35' title="bbox 255 4314 1854 4390; baseline 0.006 -21"><span class='ocrx_word' id='word_1_216' title='bbox 255 4314 404 4373; x_wconf 88' lang='lat' dir='ltr'><strong>locus</strong></span> <span class='ocrx_word' id='word_1_217' title='bbox 431 4317 666 4388; x_wconf 88' lang='lat' dir='ltr'><strong>apostoli</strong></span> <span class='ocrx_word' id='word_1_218' title='bbox 695 4318 867 4374; x_wconf 91' lang='lat' dir='ltr'><strong>lectus</strong></span> <span class='ocrx_word' id='word_1_219' title='bbox 911 4329 1014 4385; x_wconf 91' lang='lat' dir='ltr'><strong>est,</strong></span> <span class='ocrx_word' id='word_1_220' title='bbox 1053 4320 1143 4390; x_wconf 90' lang='lat' dir='ltr'><strong>qui</strong></span> <span class='ocrx_word' id='word_1_221' title='bbox 1185 4335 1356 4390; x_wconf 87' lang='lat' dir='ltr'><strong>nuper</strong></span> <span class='ocrx_word' id='word_1_222' title='bbox 1381 4320 1537 4376; x_wconf 90' lang='lat' dir='ltr'><strong>dictis</strong></span> <span class='ocrx_word' id='word_1_223' title='bbox 1565 4332 1854 4379; x_wconf 90' lang='lat' dir='ltr'><strong>consenta-</strong></span> 
     </span>
    </p>
   </div>
   <div class='ocr_carea' id='block_1_36' title="bbox 257 4409 1854 4482">
    <p class='ocr_par' dir='ltr' id='par_1_36' title="bbox 257 4409 1854 4482">
     <span class='ocr_line' id='line_1_36' title="bbox 257 4409 1854 4482; baseline 0.006 -21"><span class='ocrx_word' id='word_1_224' title='bbox 257 4423 355 4464; x_wconf 85' lang='lat' dir='ltr'><strong>nea</strong></span> <span class='ocrx_word' id='word_1_225' title='bbox 393 4409 780 4481; x_wconf 89' lang='lat' dir='ltr'><strong>suppeditabit.</strong></span> <span class='ocrx_word' id='word_1_226' title='bbox 812 4410 1050 4466; x_wconf 89' lang='lat' dir='ltr'><strong>Audistis</strong></span> <span class='ocrx_word' id='word_1_227' title='bbox 1077 4412 1255 4482; x_wconf 91' lang='lat' dir='ltr'><strong>itaque</strong></span> <span class='ocrx_word' id='word_1_228' title='bbox 1291 4412 1513 4468; x_wconf 89' lang='lat' dir='ltr'><strong>Paulum</strong></span> <span class='ocrx_word' id='word_1_229' title='bbox 1558 4414 1716 4471; x_wconf 87' lang='lat' dir='ltr'><strong>hodie</strong></span> <span class='ocrx_word' id='word_1_230' title='bbox 1742 4416 1854 4471; x_wconf 90' lang='lat' dir='ltr'><strong>cla-</strong></span> 
     </span>
    </p>
   </div>
   <div class='ocr_carea' id='block_1_37' title="bbox 257 4503 1856 4566">
    <p class='ocr_par' dir='ltr' id='par_1_37' title="bbox 257 4503 1856 4566">
     <span class='ocr_line' id='line_1_37' title="bbox 257 4503 1856 4566; baseline 0.008 -13"><span class='ocrx_word' id='word_1_231' title='bbox 257 4510 491 4558; x_wconf 90' lang='lat' dir='ltr'><strong>mantem</strong></span> <span class='ocrx_word' id='word_1_232' title='bbox 521 4518 588 4559; x_wconf 90' lang='lat' dir='ltr'><strong>ac</strong></span> <span class='ocrx_word' id='word_1_233' title='bbox 613 4503 880 4560; x_wconf 87' lang='lat' dir='ltr'><strong>dicentem</strong></span> <span class='ocrx_word' id='word_1_234' title='bbox 905 4521 917 4558; x_wconf 90' lang='lat'>:</span> <span class='ocrx_word' id='word_1_235' title='bbox 948 4503 1026 4559; x_wconf 86' lang='lat' dir='ltr'><strong>De</strong></span> <span class='ocrx_word' id='word_1_236' title='bbox 1050 4504 1415 4561; x_wconf 73' lang='lat' dir='ltr'><strong>dormientibus</strong></span> <span class='ocrx_word' id='word_1_237' title='bbox 1441 4516 1604 4563; x_wconf 88' lang='lat' dir='ltr'><strong>autem</strong></span> <span class='ocrx_word' id='word_1_238' title='bbox 1627 4508 1745 4564; x_wconf 82' lang='lat' dir='ltr'><strong>nolo</strong></span> <span class='ocrx_word' id='word_1_239' title='bbox 1768 4527 1856 4566; x_wconf 86' lang='lat' dir='ltr'><strong>vos</strong></span> 
     </span>
    </p>
   </div>
   <div class='ocr_carea' id='block_1_38' title="bbox 260 4590 1857 4673">
    <p class='ocr_par' dir='ltr' id='par_1_38' title="bbox 260 4590 1857 4673">
     <span class='ocr_line' id='line_1_38' title="bbox 260 4590 1857 4673; baseline 0.008 -29"><span class='ocrx_word' id='word_1_240' title='bbox 260 4590 515 4662; x_wconf 82' lang='lat' dir='ltr'><strong>ignorare,</strong></span> <span class='ocrx_word' id='word_1_241' title='bbox 554 4602 631 4653; x_wconf 73' lang='lat' dir='ltr'><strong>.ut</strong></span> <span class='ocrx_word' id='word_1_242' title='bbox 680 4612 782 4650; x_wconf 87' lang='lat' dir='ltr'><strong>non</strong></span> <span class='ocrx_word' id='word_1_243' title='bbox 834 4596 1217 4664; x_wconf 86' lang='lat' dir='ltr'><strong>contristemini,</strong></span> <span class='ocrx_word' id='word_1_244' title='bbox 1260 4599 1391 4653; x_wconf 89' lang='lat' dir='ltr'><strong>sicut</strong></span> <span class='ocrx_word' id='word_1_245' title='bbox 1430 4609 1479 4654; x_wconf 90' lang='lat' dir='ltr'><strong>et</strong></span> <span class='ocrx_word' id='word_1_246' title='bbox 1527 4602 1714 4666; x_wconf 63' lang='lat' dir='ltr'><strong>caeteri,</strong></span> <span class='ocrx_word' id='word_1_247' title='bbox 1768 4604 1857 4673; x_wconf 87' lang='lat' dir='ltr'><strong>qui</strong></span> 
     </span>
    </p>
   </div>
   <div class='ocr_carea' id='block_1_39' title="bbox 260 4686 1856 4760">
    <p class='ocr_par' dir='ltr' id='par_1_39' title="bbox 260 4686 1856 4760">
     <span class='ocr_line' id='line_1_39' title="bbox 260 4686 1856 4760; baseline 0.008 -24"><span class='ocrx_word' id='word_1_248' title='bbox 260 4698 397 4752; x_wconf 84' lang='lat' dir='ltr'><strong>spem</strong></span> <span class='ocrx_word' id='word_1_249' title='bbox 440 4702 547 4741; x_wconf 88' lang='lat' dir='ltr'><strong>non</strong></span> <span class='ocrx_word' id='word_1_250' title='bbox 594 4686 779 4741; x_wconf 81' lang='lat' dir='ltr'><strong>habent</strong></span> <span class='ocrx_word' id='word_1_251' title='bbox 820 4688 896 4758; x_wconf 84' lang='lat' dir='ltr'><strong>(l.</strong></span> <span class='ocrx_word' id='word_1_252' title='bbox 927 4686 1109 4744; x_wconf 79' lang='lat' dir='ltr'><strong>Thess.</strong></span> <span class='ocrx_word' id='word_1_253' title='bbox 1154 4690 1209 4744; x_wconf 78' lang='grc'><strong>4.</strong></span> <span class='ocrx_word' id='word_1_254' title='bbox 1255 4688 1367 4760; x_wconf 67' lang='grc'><strong>12).</strong></span> <span class='ocrx_word' id='word_1_255' title='bbox 1414 4690 1507 4746; x_wconf 91' lang='lat' dir='ltr'><strong>llle</strong></span> <span class='ocrx_word' id='word_1_256' title='bbox 1547 4692 1616 4747; x_wconf 91' lang='lat' dir='ltr'><strong>de</strong></span> <span class='ocrx_word' id='word_1_257' title='bbox 1654 4691 1856 4749; x_wconf 86' lang='lat' dir='ltr'><strong>Lazaro</strong></span> 
     </span>
    </p>
   </div>
   <div class='ocr_carea' id='block_1_40' title="bbox 263 4777 1855 4851">
    <p class='ocr_par' dir='ltr' id='par_1_40' title="bbox 263 4777 1855 4851">
     <span class='ocr_line' id='line_1_40' title="bbox 263 4777 1855 4851; baseline 0.009 -25"><span class='ocrx_word' id='word_1_258' title='bbox 263 4777 602 4846; x_wconf 87' lang='lat' dir='ltr'><strong>evangelicus</strong></span> <span class='ocrx_word' id='word_1_259' title='bbox 641 4786 830 4834; x_wconf 90' lang='lat' dir='ltr'><strong>cantus</strong></span> <span class='ocrx_word' id='word_1_260' title='bbox 860 4777 975 4844; x_wconf 87' lang='lat' dir='ltr'><strong>fuit,</strong></span> <span class='ocrx_word' id='word_1_261' title='bbox 1012 4778 1103 4834; x_wconf 90' lang='lat' dir='ltr'><strong>hic</strong></span> <span class='ocrx_word' id='word_1_262' title='bbox 1141 4780 1468 4851; x_wconf 86' lang='lat' dir='ltr'><strong>apostolicus</strong></span> <span class='ocrx_word' id='word_1_263' title='bbox 1515 4796 1718 4849; x_wconf 87' lang='lat' dir='ltr'><strong>sonus;</strong></span> <span class='ocrx_word' id='word_1_264' title='bbox 1760 4785 1855 4841; x_wconf 87' lang='lat' dir='ltr'><strong>sed</strong></span> 
     </span>
    </p>
   </div>
   <div class='ocr_carea' id='block_1_41' title="bbox 266 4871 1854 4946">
    <p class='ocr_par' dir='ltr' id='par_1_41' title="bbox 266 4871 1854 4946">
     <span class='ocr_line' id='line_1_41' title="bbox 266 4871 1854 4946; baseline 0.01 -29"><span class='ocrx_word' id='word_1_265' title='bbox 266 4878 399 4921; x_wconf 91' lang='lat' dir='ltr'><strong>unus</strong></span> <span class='ocrx_word' id='word_1_266' title='bbox 428 4877 509 4924; x_wconf 89' lang='lat' dir='ltr'><strong>est</strong></span> <span class='ocrx_word' id='word_1_267' title='bbox 536 4880 851 4927; x_wconf 90' lang='lat' dir='ltr'><strong>concentus.</strong></span> <span class='ocrx_word' id='word_1_268' title='bbox 883 4871 1182 4942; x_wconf 77' lang='lat' dir='ltr'><strong>Siquidem</strong></span> <span class='ocrx_word' id='word_1_269' title='bbox 1210 4874 1263 4928; x_wconf 92' lang='lat' dir='ltr'><strong>in</strong></span> <span class='ocrx_word' id='word_1_270' title='bbox 1286 4873 1375 4929; x_wconf 88' lang='lat' dir='ltr'><strong>illa</strong></span> <span class='ocrx_word' id='word_1_271' title='bbox 1406 4876 1664 4946; x_wconf 88' lang='lat' dir='ltr'><strong>parabola</strong></span> <span class='ocrx_word' id='word_1_272' title='bbox 1690 4878 1854 4933; x_wconf 91' lang='lat' dir='ltr'><strong>multa</strong></span> 
     </span>
    </p>
   </div>
   <div class='ocr_carea' id='block_1_42' title="bbox 267 4955 1858 5039">
    <p class='ocr_par' dir='ltr' id='par_1_42' title="bbox 267 4955 1858 5039">
     <span class='ocr_line' id='line_1_42' title="bbox 267 4955 1858 5039; baseline 0.009 -30"><span class='ocrx_word' id='word_1_273' title='bbox 267 4955 330 5011; x_wconf 90' lang='lat' dir='ltr'><strong>de</strong></span> <span class='ocrx_word' id='word_1_274' title='bbox 356 4961 774 5027; x_wconf 81' lang='lat' dir='ltr'><strong>resurrectione,</strong></span> <span class='ocrx_word' id='word_1_275' title='bbox 806 4971 863 5018; x_wconf 93' lang='lat' dir='ltr'><strong>et</strong></span> <span class='ocrx_word' id='word_1_276' title='bbox 889 4965 957 5019; x_wconf 92' lang='lat' dir='ltr'><strong>de</strong></span> <span class='ocrx_word' id='word_1_277' title='bbox 984 4964 1075 5019; x_wconf 91' lang='lat' dir='ltr'><strong>illo</strong></span> <span class='ocrx_word' id='word_1_278' title='bbox 1102 4965 1348 5021; x_wconf 89' lang='lat' dir='ltr'><strong>tribunali</strong></span> <span class='ocrx_word' id='word_1_279' title='bbox 1376 4966 1737 5039; x_wconf 83' lang='lat' dir='ltr'><strong>philosophati</strong></span> <span class='ocrx_word' id='word_1_280' title='bbox 1766 4985 1858 5025; x_wconf 91' lang='lat' dir='ltr'><strong>su-</strong></span> 
     </span>
    </p>
   </div>
   <div class='ocr_carea' id='block_1_43' title="bbox 268 5055 1858 5128">
    <p class='ocr_par' dir='ltr' id='par_1_43' title="bbox 268 5055 1858 5128">
     <span class='ocr_line' id='line_1_43' title="bbox 268 5055 1858 5128; baseline 0.01 -28"><span class='ocrx_word' id='word_1_281' title='bbox 268 5062 412 5117; x_wconf 91' lang='lat' dir='ltr'><strong>mus;</strong></span> <span class='ocrx_word' id='word_1_282' title='bbox 455 5069 599 5111; x_wconf 89' lang='lat' dir='ltr'><strong>nunc</strong></span> <span class='ocrx_word' id='word_1_283' title='bbox 639 5055 694 5111; x_wconf 91' lang='lat' dir='ltr'><strong>in</strong></span> <span class='ocrx_word' id='word_1_284' title='bbox 732 5055 963 5126; x_wconf 88' lang='lat' dir='ltr'><strong>idipsum</strong></span> <span class='ocrx_word' id='word_1_285' title='bbox 1010 5066 1382 5128; x_wconf 78' lang='lat' dir='ltr'><strong>argumentum</strong></span> <span class='ocrx_word' id='word_1_286' title='bbox 1423 5073 1519 5114; x_wconf 92' lang='lat' dir='ltr'><strong>nos</strong></span> <span class='ocrx_word' id='word_1_287' title='bbox 1562 5060 1735 5115; x_wconf 90' lang='lat' dir='ltr'><strong>oratio</strong></span> <span class='ocrx_word' id='word_1_288' title='bbox 1762 5061 1858 5116; x_wconf 89' lang='lat' dir='ltr'><strong>de-</strong></span> 
     </span>
    </p>
   </div>
   <div class='ocr_carea' id='block_1_44' title="bbox 270 5139 1851 5221">
    <p class='ocr_par' dir='ltr' id='par_1_44' title="bbox 270 5139 1851 5221">
     <span class='ocr_line' id='line_1_44' title="bbox 270 5139 1851 5221; baseline 0.009 -27"><span class='ocrx_word' id='word_1_289' title='bbox 270 5139 433 5198; x_wconf 86' lang='lat' dir='ltr'><strong>duxit.</strong></span> <span class='ocrx_word' id='word_1_290' title='bbox 458 5145 639 5217; x_wconf 87' lang='lat' dir='ltr'><strong>Itaque</strong></span> <span class='ocrx_word' id='word_1_291' title='bbox 668 5148 877 5204; x_wconf 89' lang='lat' dir='ltr'><strong>etiamsi</strong></span> <span class='ocrx_word' id='word_1_292' title='bbox 904 5150 1012 5220; x_wconf 89' lang='lat' dir='ltr'><strong>jam</strong></span> <span class='ocrx_word' id='word_1_293' title='bbox 1043 5150 1217 5206; x_wconf 91' lang='lat' dir='ltr'><strong>locum</strong></span> <span class='ocrx_word' id='word_1_294' title='bbox 1245 5152 1469 5221; x_wconf 91' lang='lat' dir='ltr'><strong>apostoli</strong></span> <span class='ocrx_word' id='word_1_295' title='bbox 1496 5152 1851 5221; x_wconf 81' lang='lat' dir='ltr'><strong>defodiamus,</strong></span> 
     </span>
    </p>
   </div>
   <div class='ocr_carea' id='block_1_45' title="bbox 271 5235 1854 5311">
    <p class='ocr_par' dir='ltr' id='par_1_45' title="bbox 271 5235 1854 5311">
     <span class='ocr_line' id='line_1_45' title="bbox 271 5235 1854 5311; baseline 0.01 -26"><span class='ocrx_word' id='word_1_296' title='bbox 271 5235 510 5292; x_wconf 83' lang='lat' dir='ltr'><strong>eumdem</strong></span> <span class='ocrx_word' id='word_1_297' title='bbox 551 5247 728 5295; x_wconf 89' lang='lat' dir='ltr'><strong>tamen</strong></span> <span class='ocrx_word' id='word_1_298' title='bbox 778 5240 865 5296; x_wconf 91' lang='lat' dir='ltr'><strong>hic</strong></span> <span class='ocrx_word' id='word_1_299' title='bbox 900 5241 1207 5296; x_wconf 85' lang='lat' dir='ltr'><strong>thesaurum</strong></span> <span class='ocrx_word' id='word_1_300' title='bbox 1249 5242 1596 5311; x_wconf 91' lang='lat' dir='ltr'><strong>reperiemus.</strong></span> <span class='ocrx_word' id='word_1_301' title='bbox 1642 5244 1854 5301; x_wconf 90' lang='lat' dir='ltr'><strong>Etenim</strong></span> 
     </span>
    </p>
   </div>
   <div class='ocr_carea' id='block_1_46' title="bbox 275 5332 1854 5403">
    <p class='ocr_par' dir='ltr' id='par_1_46' title="bbox 275 5332 1854 5403">
     <span class='ocr_line' id='line_1_46' title="bbox 275 5332 1854 5403; baseline 0.009 -27"><span class='ocrx_word' id='word_1_302' title='bbox 275 5332 396 5381; x_wconf 88' lang='lat' dir='ltr'><strong>tunc</strong></span> <span class='ocrx_word' id='word_1_303' title='bbox 438 5344 616 5386; x_wconf 89' lang='lat' dir='ltr'><strong>sermo</strong></span> <span class='ocrx_word' id='word_1_304' title='bbox 648 5340 830 5387; x_wconf 78' lang='lat' dir='ltr'><strong>noster</strong></span> <span class='ocrx_word' id='word_1_305' title='bbox 861 5342 1002 5387; x_wconf 91' lang='lat' dir='ltr'><strong>totus</strong></span> <span class='ocrx_word' id='word_1_306' title='bbox 1039 5347 1105 5388; x_wconf 92' lang='lat' dir='ltr'><strong>eo</strong></span> <span class='ocrx_word' id='word_1_307' title='bbox 1146 5333 1441 5403; x_wconf 88' lang='lat' dir='ltr'><strong>spectabat,</strong></span> <span class='ocrx_word' id='word_1_308' title='bbox 1487 5344 1545 5388; x_wconf 91' lang='lat' dir='ltr'><strong>ut</strong></span> <span class='ocrx_word' id='word_1_309' title='bbox 1584 5334 1854 5392; x_wconf 90' lang='lat' dir='ltr'><strong>auditores</strong></span> 
     </span>
    </p>
   </div>
   <div class='ocr_carea' id='block_1_47' title="bbox 278 5413 1855 5493">
    <p class='ocr_par' dir='ltr' id='par_1_47' title="bbox 278 5413 1855 5493">
     <span class='ocr_line' id='line_1_47' title="bbox 278 5413 1855 5493; baseline 0.008 -25"><span class='ocrx_word' id='word_1_310' title='bbox 278 5413 582 5478; x_wconf 76' lang='lat' dir='ltr'><strong>duceremus</strong></span> <span class='ocrx_word' id='word_1_311' title='bbox 606 5464 622 5491; x_wconf 89' lang='lat'><strong>,</strong></span> <span class='ocrx_word' id='word_1_312' title='bbox 655 5422 786 5477; x_wconf 88' lang='lat' dir='ltr'><strong>nihil</strong></span> <span class='ocrx_word' id='word_1_313' title='bbox 815 5423 868 5477; x_wconf 92' lang='lat' dir='ltr'><strong>in</strong></span> <span class='ocrx_word' id='word_1_314' title='bbox 910 5423 1010 5478; x_wconf 91' lang='lat' dir='ltr'><strong>hac</strong></span> <span class='ocrx_word' id='word_1_315' title='bbox 1046 5424 1153 5478; x_wconf 91' lang='lat' dir='ltr'><strong>vita</strong></span> <span class='ocrx_word' id='word_1_316' title='bbox 1180 5423 1515 5493; x_wconf 88' lang='lat' dir='ltr'><strong>splendidum</strong></span> <span class='ocrx_word' id='word_1_317' title='bbox 1543 5425 1855 5481; x_wconf 82' lang='lat' dir='ltr'><strong>existiman-</strong></span> 
     </span>
    </p>
   </div>
   <div class='ocr_carea' id='block_1_48' title="bbox 333 5510 1854 5577">
    <p class='ocr_par' dir='ltr' id='par_1_48' title="bbox 333 5510 1854 5577">
     <span class='ocr_line' id='line_1_48' title="bbox 333 5510 1854 5577; baseline 0.005 -17"><span class='ocrx_word' id='word_1_318' title='bbox 333 5510 406 5577; x_wconf 67' lang='grc' dir='ltr'><strong>(α)</strong></span> <span class='ocrx_word' id='word_1_319' title='bbox 435 5515 608 5566; x_wconf 87' lang='lat' dir='ltr'><strong>Collata</strong></span> <span class='ocrx_word' id='word_1_320' title='bbox 622 5528 734 5565; x_wconf 92' lang='lat' dir='ltr'><strong>cum</strong></span> <span class='ocrx_word' id='word_1_321' title='bbox 755 5523 862 5564; x_wconf 82' lang='lat' dir='ltr'><strong>Mss.</strong></span> <span class='ocrx_word' id='word_1_322' title='bbox 882 5516 1042 5577; x_wconf 83' lang='lat' dir='ltr'><strong>Regiis</strong></span> <span class='ocrx_word' id='word_1_323' title='bbox 1064 5514 1198 5574; x_wconf 79' lang='grc'><strong>1811),</strong></span> <span class='ocrx_word' id='word_1_324' title='bbox 1222 5516 1360 5575; x_wconf 85' lang='grc'><strong>1960,</strong></span> <span class='ocrx_word' id='word_1_325' title='bbox 1375 5516 1502 5566; x_wconf 81' lang='grc'><strong>1975</strong></span> <span class='ocrx_word' id='word_1_326' title='bbox 1526 5529 1539 5566; x_wconf 90' lang='lat'><strong>:</strong></span> <span class='ocrx_word' id='word_1_327' title='bbox 1564 5515 1854 5568; x_wconf 83' lang='lat' dir='ltr'><strong>Colbertinis</strong></span> 
     </span>
    </p>
   </div>
   <div class='ocr_carea' id='block_1_49' title="bbox 281 5569 1853 5637">
    <p class='ocr_par' dir='ltr' id='par_1_49' title="bbox 281 5569 1853 5637">
     <span class='ocr_line' id='line_1_49' title="bbox 281 5569 1853 5637; baseline 0.001 -11"><span class='ocrx_word' id='word_1_328' title='bbox 281 5569 356 5626; x_wconf 60' lang='lat'><strong>‘9.</strong></span> <span class='ocrx_word' id='word_1_329' title='bbox 379 5569 637 5637; x_wconf 66' lang='lat'><strong>364,1030.</strong></span> <span class='ocrx_word' id='word_1_330' title='bbox 663 5584 714 5627; x_wconf 87' lang='lat' dir='ltr'><strong>tn</strong></span> <span class='ocrx_word' id='word_1_331' title='bbox 729 5577 902 5627; x_wconf 87' lang='lat' dir='ltr'><strong>Codice</strong></span> <span class='ocrx_word' id='word_1_332' title='bbox 923 5569 1053 5627; x_wconf 61' lang='lat' dir='ltr'><strong>(folb.</strong></span> <span class='ocrx_word' id='word_1_333' title='bbox 1073 5579 1166 5628; x_wconf 72' lang='grc'><strong>564</strong></span> <span class='ocrx_word' id='word_1_334' title='bbox 1185 5569 1464 5628; x_wconf 84' lang='lat' dir='ltr'><strong>inscribitur</strong></span> <span class='ocrx_word' id='word_1_335' title='bbox 1486 5586 1631 5628; x_wconf 79' lang='lat' dir='ltr'><strong>Sexta</strong></span> <span class='ocrx_word' id='word_1_336' title='bbox 1649 5579 1696 5626; x_wconf 90' lang='lat' dir='ltr'><strong>in</strong></span> <span class='ocrx_word' id='word_1_337' title='bbox 1721 5586 1853 5628; x_wconf 80' lang='lat' dir='ltr'><strong>Laza-</strong></span> 
     </span>
    </p>
   </div>
   <div class='ocr_carea' id='block_1_50' title="bbox 281 5639 1851 5703">
    <p class='ocr_par' dir='ltr' id='par_1_50' title="bbox 281 5639 1851 5703">
     <span class='ocr_line' id='line_1_50' title="bbox 281 5639 1851 5703; baseline 0.007 -21"><span class='ocrx_word' id='word_1_338' title='bbox 281 5643 398 5703; x_wconf 67' lang='lat' dir='ltr'><strong>rum,</strong></span> <span class='ocrx_word' id='word_1_339' title='bbox 422 5646 471 5687; x_wconf 80' lang='lat' dir='ltr'><strong>et</strong></span> <span class='ocrx_word' id='word_1_340' title='bbox 493 5639 684 5703; x_wconf 85' lang='lat' dir='ltr'><strong>homilia</strong></span> <span class='ocrx_word' id='word_1_341' title='bbox 708 5641 756 5688; x_wconf 90' lang='lat' dir='ltr'><strong>in</strong></span> <span class='ocrx_word' id='word_1_342' title='bbox 782 5652 868 5689; x_wconf 84' lang='lat' dir='ltr'><strong>eos</strong></span> <span class='ocrx_word' id='word_1_343' title='bbox 889 5653 970 5703; x_wconf 86' lang='lat' dir='ltr'><strong>qut</strong></span> <span class='ocrx_word' id='word_1_344' title='bbox 995 5640 1054 5703; x_wconf 86' lang='lat' dir='ltr'><strong>ad</strong></span> <span class='ocrx_word' id='word_1_345' title='bbox 1076 5641 1328 5689; x_wconf 84' lang='lat' dir='ltr'><strong>Circenses</strong></span> <span class='ocrx_word' id='word_1_346' title='bbox 1350 5648 1561 5702; x_wconf 77' lang='lat' dir='ltr'><strong>pergunt</strong></span> <span class='ocrx_word' id='word_1_347' title='bbox 1577 5641 1851 5693; x_wconf 81' lang='lat' dir='ltr'><strong>inscribitur</strong></span> 
     </span>
    </p>
   </div>
   <div class='ocr_carea' id='block_1_51' title="bbox 278 5699 1694 5765">
    <p class='ocr_par' dir='ltr' id='par_1_51' title="bbox 278 5699 1694 5765">
     <span class='ocr_line' id='line_1_51' title="bbox 278 5699 1694 5765; baseline 0.001 -17"><span class='ocrx_word' id='word_1_348' title='bbox 278 5699 446 5756; x_wconf 73' lang='lat' dir='ltr'><strong>Quinta</strong></span> <span class='ocrx_word' id='word_1_349' title='bbox 480 5705 527 5751; x_wconf 91' lang='lat' dir='ltr'><strong>In</strong></span> <span class='ocrx_word' id='word_1_350' title='bbox 549 5700 655 5753; x_wconf 88' lang='lat' dir='ltr'><strong>aliis</strong></span> <span class='ocrx_word' id='word_1_351' title='bbox 669 5703 839 5763; x_wconf 86' lang='lat' dir='ltr'><strong>Quinta</strong></span> <span class='ocrx_word' id='word_1_352' title='bbox 864 5699 1156 5765; x_wconf 65' lang='lat' dir='ltr'><strong>inSCt&#39;ibitur,</strong></span> <span class='ocrx_word' id='word_1_353' title='bbox 1185 5710 1234 5753; x_wconf 88' lang='lat' dir='ltr'><strong>ct</strong></span> <span class='ocrx_word' id='word_1_354' title='bbox 1259 5699 1379 5752; x_wconf 71' lang='lat' dir='ltr'><strong>vero</strong></span> <span class='ocrx_word' id='word_1_355' title='bbox 1404 5699 1576 5765; x_wconf 79' lang='lat' dir='ltr'><strong>quinta</strong></span> <span class='ocrx_word' id='word_1_356' title='bbox 1602 5710 1694 5752; x_wconf 79' lang='lat' dir='ltr'><strong>est.</strong></span> 
     </span>
    </p>
   </div>
   <div class='ocr_carea' id='block_1_52' title="bbox 1974 1932 3559 2006">
    <p class='ocr_par' dir='ltr' id='par_1_52' title="bbox 1974 1932 3559 2006">
     <span class='ocr_line' id='line_1_52' title="bbox 1974 1932 3559 2006; baseline 0.001 -16"><span class='ocrx_word' id='word_1_357' title='bbox 1974 1936 2122 2002; x_wconf 90' lang='lat' dir='ltr'><strong>dum,</strong></span> <span class='ocrx_word' id='word_1_358' title='bbox 2151 1934 2247 1989; x_wconf 89' lang='lat' dir='ltr'><strong>sed</strong></span> <span class='ocrx_word' id='word_1_359' title='bbox 2276 1948 2370 2002; x_wconf 81' lang='lat' dir='ltr'><strong>spe</strong></span> <span class='ocrx_word' id='word_1_360' title='bbox 2411 1932 2634 1987; x_wconf 87' lang='lat' dir='ltr'><strong>ulterius</strong></span> <span class='ocrx_word' id='word_1_361' title='bbox 2672 1932 3143 2003; x_wconf 83' lang='lat' dir='ltr'><strong>progrediendum,</strong></span> <span class='ocrx_word' id='word_1_362' title='bbox 3178 1944 3336 2006; x_wconf 90' lang='lat' dir='ltr'><strong>atque</strong></span> <span class='ocrx_word' id='word_1_363' title='bbox 3378 1936 3559 1991; x_wconf 86' lang='lat' dir='ltr'><strong>animo</strong></span> 
     </span>
    </p>
   </div>
   <div class='ocr_carea' id='block_1_53' title="bbox 1969 2024 3558 2097">
    <p class='ocr_par' dir='ltr' id='par_1_53' title="bbox 1969 2024 3558 2097">
     <span class='ocr_line' id='line_1_53' title="bbox 1969 2024 3558 2097; baseline 0 -16"><span class='ocrx_word' id='word_1_364' title='bbox 1969 2025 2203 2097; x_wconf 84' lang='lat' dir='ltr'><strong>quotidie</strong></span> <span class='ocrx_word' id='word_1_365' title='bbox 2218 2024 2568 2095; x_wconf 91' lang='lat' dir='ltr'><strong>reputandum</strong></span> <span class='ocrx_word' id='word_1_366' title='bbox 2591 2038 2731 2088; x_wconf 89' lang='lat' dir='ltr'><strong>esse,</strong></span> <span class='ocrx_word' id='word_1_367' title='bbox 2755 2024 2937 2093; x_wconf 89' lang='lat' dir='ltr'><strong>quales</strong></span> <span class='ocrx_word' id='word_1_368' title='bbox 2958 2024 3062 2079; x_wconf 84' lang='lat' dir='ltr'><strong>illic</strong></span> <span class='ocrx_word' id='word_1_369' title='bbox 3077 2026 3375 2092; x_wconf 62' lang='lat' dir='ltr'><strong>sententiae,</strong></span> <span class='ocrx_word' id='word_1_370' title='bbox 3398 2042 3558 2097; x_wconf 87' lang='lat' dir='ltr'><strong>quam</strong></span> 
     </span>
    </p>
   </div>
   <div class='ocr_carea' id='block_1_54' title="bbox 1970 2116 3556 2191">
    <p class='ocr_par' dir='ltr' id='par_1_54' title="bbox 1970 2116 3556 2191">
     <span class='ocr_line' id='line_1_54' title="bbox 1970 2116 3556 2191; baseline 0.001 -21"><span class='ocrx_word' id='word_1_371' title='bbox 1970 2118 2303 2173; x_wconf 87' lang='lat' dir='ltr'><strong>formidabile</strong></span> <span class='ocrx_word' id='word_1_372' title='bbox 2324 2116 2579 2188; x_wconf 88' lang='lat' dir='ltr'><strong>judicium</strong></span> <span class='ocrx_word' id='word_1_373' title='bbox 2611 2116 2842 2171; x_wconf 89' lang='lat' dir='ltr'><strong>futurum</strong></span> <span class='ocrx_word' id='word_1_374' title='bbox 2882 2117 2951 2172; x_wconf 89' lang='lat' dir='ltr'><strong>sit</strong></span> <span class='ocrx_word' id='word_1_375' title='bbox 2977 2136 2989 2173; x_wconf 91' lang='lat'><strong>:</strong></span> <span class='ocrx_word' id='word_1_376' title='bbox 3016 2133 3175 2189; x_wconf 91' lang='lat' dir='ltr'><strong>quam</strong></span> <span class='ocrx_word' id='word_1_377' title='bbox 3206 2117 3376 2174; x_wconf 89' lang='lat' dir='ltr'><strong>fraudi</strong></span> <span class='ocrx_word' id='word_1_378' title='bbox 3403 2119 3556 2191; x_wconf 77' lang='lat' dir='ltr'><strong>inop—</strong></span> 
     </span>
    </p>
   </div>
   <div class='ocr_carea' id='block_1_55' title="bbox 1968 2207 3561 2280">
    <p class='ocr_par' dir='ltr' id='par_1_55' title="bbox 1968 2207 3561 2280">
     <span class='ocr_line' id='line_1_55' title="bbox 1968 2207 3561 2280; baseline 0.001 -17"><span class='ocrx_word' id='word_1_379' title='bbox 1968 2216 2231 2279; x_wconf 88' lang='lat' dir='ltr'><strong>portunus</strong></span> <span class='ocrx_word' id='word_1_380' title='bbox 2254 2208 2436 2280; x_wconf 79' lang='lat' dir='ltr'><strong>iudex.</strong></span> <span class='ocrx_word' id='word_1_381' title='bbox 2466 2207 2578 2265; x_wconf 85' lang='lat' dir='ltr'><strong>Hoc</strong></span> <span class='ocrx_word' id='word_1_382' title='bbox 2599 2208 2792 2263; x_wconf 85' lang='lat' dir='ltr'><strong>Paulus</strong></span> <span class='ocrx_word' id='word_1_383' title='bbox 2820 2208 2873 2262; x_wconf 91' lang='lat' dir='ltr'><strong>in</strong></span> <span class='ocrx_word' id='word_1_384' title='bbox 2898 2208 3154 2264; x_wconf 88' lang='lat' dir='ltr'><strong>hodierna</strong></span> <span class='ocrx_word' id='word_1_385' title='bbox 3174 2210 3405 2265; x_wconf 90' lang='lat' dir='ltr'><strong>lectione</strong></span> <span class='ocrx_word' id='word_1_386' title='bbox 3429 2225 3561 2265; x_wconf 90' lang='lat' dir='ltr'><strong>con-</strong></span> 
     </span>
    </p>
   </div>
   <div class='ocr_carea' id='block_1_56' title="bbox 1968 2300 3561 2366">
    <p class='ocr_par' dir='ltr' id='par_1_56' title="bbox 1968 2300 3561 2366">
     <span class='ocr_line' id='line_1_56' title="bbox 1968 2300 3561 2366; baseline 0.003 -12"><span class='ocrx_word' id='word_1_387' title='bbox 1968 2300 2126 2366; x_wconf 89' lang='lat' dir='ltr'><strong>sulit;</strong></span> <span class='ocrx_word' id='word_1_388' title='bbox 2173 2300 2266 2356; x_wconf 92' lang='lat' dir='ltr'><strong>sed</strong></span> <span class='ocrx_word' id='word_1_389' title='bbox 2309 2302 2545 2355; x_wconf 91' lang='lat' dir='ltr'><strong>animum</strong></span> <span class='ocrx_word' id='word_1_390' title='bbox 2585 2300 2865 2356; x_wconf 89' lang='lat' dir='ltr'><strong>advertite.</strong></span> <span class='ocrx_word' id='word_1_391' title='bbox 2896 2300 2978 2355; x_wconf 88' lang='lat' dir='ltr'><strong>De</strong></span> <span class='ocrx_word' id='word_1_392' title='bbox 3008 2302 3369 2357; x_wconf 87' lang='lat' dir='ltr'><strong>dormientibus</strong></span> <span class='ocrx_word' id='word_1_393' title='bbox 3397 2312 3561 2358; x_wconf 87' lang='lat' dir='ltr'><strong>autem</strong></span> 
     </span>
    </p>
   </div>
   <div class='ocr_carea' id='block_1_57' title="bbox 1968 2392 3561 2464">
    <p class='ocr_par' dir='ltr' id='par_1_57' title="bbox 1968 2392 3561 2464">
     <span class='ocr_line' id='line_1_57' title="bbox 1968 2392 3561 2464; baseline 0.003 -18"><span class='ocrx_word' id='word_1_394' title='bbox 1968 2392 2085 2446; x_wconf 85' lang='lat' dir='ltr'><strong>nolo</strong></span> <span class='ocrx_word' id='word_1_395' title='bbox 2112 2409 2197 2447; x_wconf 84' lang='lat' dir='ltr'><strong>vos</strong></span> <span class='ocrx_word' id='word_1_396' title='bbox 2234 2393 2490 2464; x_wconf 85' lang='lat' dir='ltr'><strong>ignorare,</strong></span> <span class='ocrx_word' id='word_1_397' title='bbox 2519 2393 2723 2462; x_wconf 79' lang='lat' dir='ltr'><strong>fratres,</strong></span> <span class='ocrx_word' id='word_1_398' title='bbox 2767 2402 2823 2447; x_wconf 89' lang='lat' dir='ltr'><strong>ut</strong></span> <span class='ocrx_word' id='word_1_399' title='bbox 2851 2410 2953 2447; x_wconf 86' lang='lat' dir='ltr'><strong>non</strong></span> <span class='ocrx_word' id='word_1_400' title='bbox 2977 2395 3338 2449; x_wconf 83' lang='lat' dir='ltr'><strong>contristemini</strong></span> <span class='ocrx_word' id='word_1_401' title='bbox 3364 2395 3490 2449; x_wconf 86' lang='lat' dir='ltr'><strong>sicut</strong></span> <span class='ocrx_word' id='word_1_402' title='bbox 3514 2406 3561 2450; x_wconf 88' lang='lat' dir='ltr'><strong>et</strong></span> 
     </span>
    </p>
   </div>
   <div class='ocr_carea' id='block_1_58' title="bbox 1966 2483 3559 2557">
    <p class='ocr_par' dir='ltr' id='par_1_58' title="bbox 1966 2483 3559 2557">
     <span class='ocr_line' id='line_1_58' title="bbox 1966 2483 3559 2557; baseline 0.001 -19"><span class='ocrx_word' id='word_1_403' title='bbox 1966 2486 2155 2550; x_wconf 70' lang='lat' dir='ltr'><strong>caeteri,</strong></span> <span class='ocrx_word' id='word_1_404' title='bbox 2196 2484 2285 2555; x_wconf 85' lang='lat' dir='ltr'><strong>qui</strong></span> <span class='ocrx_word' id='word_1_405' title='bbox 2322 2501 2462 2554; x_wconf 84' lang='lat' dir='ltr'><strong>spent</strong></span> <span class='ocrx_word' id='word_1_406' title='bbox 2501 2501 2603 2539; x_wconf 86' lang='lat' dir='ltr'><strong>non</strong></span> <span class='ocrx_word' id='word_1_407' title='bbox 2642 2483 2843 2539; x_wconf 82' lang='lat' dir='ltr'><strong>habent.</strong></span> <span class='ocrx_word' id='word_1_408' title='bbox 2884 2484 2947 2539; x_wconf 89' lang='lat' dir='ltr'><strong>Si</strong></span> <span class='ocrx_word' id='word_1_409' title='bbox 2988 2486 3125 2539; x_wconf 83' lang='lat' dir='ltr'><strong>enim</strong></span> <span class='ocrx_word' id='word_1_410' title='bbox 3152 2486 3402 2542; x_wconf 82' lang='lat' dir='ltr'><strong>credimus</strong></span> <span class='ocrx_word' id='word_1_411' title='bbox 3425 2490 3559 2557; x_wconf 87' lang='lat' dir='ltr'><strong>quod</strong></span> 
     </span>
    </p>
   </div>
   <div class='ocr_carea' id='block_1_59' title="bbox 1965 2573 3560 2649">
    <p class='ocr_par' dir='ltr' id='par_1_59' title="bbox 1965 2573 3560 2649">
     <span class='ocr_line' id='line_1_59' title="bbox 1965 2573 3560 2649; baseline 0.004 -21"><span class='ocrx_word' id='word_1_412' title='bbox 1965 2573 2116 2629; x_wconf 74' lang='lat' dir='ltr'><strong>Iesus</strong></span> <span class='ocrx_word' id='word_1_413' title='bbox 2152 2584 2378 2631; x_wconf 85' lang='lat' dir='ltr'><strong>mortuus</strong></span> <span class='ocrx_word' id='word_1_414' title='bbox 2413 2583 2505 2643; x_wconf 86' lang='lat' dir='ltr'><strong>est,</strong></span> <span class='ocrx_word' id='word_1_415' title='bbox 2534 2586 2582 2630; x_wconf 92' lang='lat' dir='ltr'><strong>et</strong></span> <span class='ocrx_word' id='word_1_416' title='bbox 2609 2576 2880 2631; x_wconf 68' lang='lat' dir='ltr'><strong>resurrexit</strong></span> <span class='ocrx_word' id='word_1_417' title='bbox 2929 2591 2949 2630; x_wconf 91' lang='lat'><strong><em>:</em></strong></span> <span class='ocrx_word' id='word_1_418' title='bbox 2999 2576 3071 2630; x_wconf 90' lang='lat' dir='ltr'><strong>ita</strong></span> <span class='ocrx_word' id='word_1_419' title='bbox 3110 2586 3157 2631; x_wconf 85' lang='lat' dir='ltr'><strong>et</strong></span> <span class='ocrx_word' id='word_1_420' title='bbox 3186 2576 3324 2631; x_wconf 84' lang='lat' dir='ltr'><strong>Deus</strong></span> <span class='ocrx_word' id='word_1_421' title='bbox 3352 2595 3433 2633; x_wconf 85' lang='lat' dir='ltr'><strong>eos</strong></span> <span class='ocrx_word' id='word_1_422' title='bbox 3474 2581 3560 2649; x_wconf 88' lang='lat' dir='ltr'><strong>qui</strong></span> 
     </span>
    </p>
   </div>
   <div class='ocr_carea' id='block_1_60' title="bbox 1965 2665 3393 2738">
    <p class='ocr_par' dir='ltr' id='par_1_60' title="bbox 1965 2665 3393 2738">
     <span class='ocr_line' id='line_1_60' title="bbox 1965 2665 3393 2738; baseline 0.002 -19"><span class='ocrx_word' id='word_1_423' title='bbox 1965 2666 2276 2720; x_wconf 82' lang='lat' dir='ltr'><strong>dormierunt</strong></span> <span class='ocrx_word' id='word_1_424' title='bbox 2306 2683 2395 2736; x_wconf 81' lang='lat' dir='ltr'><strong>per</strong></span> <span class='ocrx_word' id='word_1_425' title='bbox 2420 2665 2597 2721; x_wconf 75' lang='lat' dir='ltr'><strong>Iesum</strong></span> <span class='ocrx_word' id='word_1_426' title='bbox 2621 2666 2835 2720; x_wconf 86' lang='lat' dir='ltr'><strong>adducet</strong></span> <span class='ocrx_word' id='word_1_427' title='bbox 2860 2682 2975 2720; x_wconf 87' lang='lat' dir='ltr'><strong>cum</strong></span> <span class='ocrx_word' id='word_1_428' title='bbox 3002 2682 3059 2719; x_wconf 86' lang='lat' dir='ltr'><strong>eo</strong></span> <span class='ocrx_word' id='word_1_429' title='bbox 3088 2665 3252 2737; x_wconf 86' lang='lat' dir='ltr'><strong>(Ibid.</strong></span> <span class='ocrx_word' id='word_1_430' title='bbox 3282 2668 3393 2738; x_wconf 77' lang='lat'><strong>1&#39;5).</strong></span> 
     </span>
    </p>
   </div>
   <div class='ocr_carea' id='block_1_61' title="bbox 2036 2754 3549 2824">
    <p class='ocr_par' dir='ltr' id='par_1_61' title="bbox 2036 2754 3549 2824">
     <span class='ocr_line' id='line_1_61' title="bbox 2036 2754 3549 2824; baseline 0 -12"><span class='ocrx_word' id='word_1_431' title='bbox 2036 2754 2140 2812; x_wconf 85' lang='lat' dir='ltr'><strong>Cur</strong></span> <span class='ocrx_word' id='word_1_432' title='bbox 2159 2754 2349 2812; x_wconf 86' lang='lat' dir='ltr'><strong>Christi</strong></span> <span class='ocrx_word' id='word_1_433' title='bbox 2373 2767 2606 2824; x_wconf 88' lang='lat' dir='ltr'><strong>mortem,</strong></span> <span class='ocrx_word' id='word_1_434' title='bbox 2631 2756 2849 2812; x_wconf 89' lang='lat' dir='ltr'><strong>aliorum</strong></span> <span class='ocrx_word' id='word_1_435' title='bbox 2870 2756 3221 2813; x_wconf 85' lang='lat' dir='ltr'><strong>dormitionem</strong></span> <span class='ocrx_word' id='word_1_436' title='bbox 3244 2767 3380 2812; x_wconf 79' lang='lat' dir='ltr'><strong>uocet</strong></span> <span class='ocrx_word' id='word_1_437' title='bbox 3408 2757 3549 2813; x_wconf 84' lang='lat' dir='ltr'><strong>Pau-</strong></span> 
     </span>
    </p>
   </div>
   <div class='ocr_carea' id='block_1_62' title="bbox 1967 2848 3547 2919">
    <p class='ocr_par' dir='ltr' id='par_1_62' title="bbox 1967 2848 3547 2919">
     <span class='ocr_line' id='line_1_62' title="bbox 1967 2848 3547 2919; baseline 0.001 -16"><span class='ocrx_word' id='word_1_438' title='bbox 1967 2848 2295 2903; x_wconf 79' lang='lat' dir='ltr'><strong>lus.—lloc</strong></span> <span class='ocrx_word' id='word_1_439' title='bbox 2336 2850 2564 2919; x_wconf 90' lang='lat' dir='ltr'><strong>primum</strong></span> <span class='ocrx_word' id='word_1_440' title='bbox 2607 2848 3007 2919; x_wconf 87' lang='lat' dir='ltr'><strong>disquirendum</strong></span> <span class='ocrx_word' id='word_1_441' title='bbox 3051 2850 3204 2905; x_wconf 88' lang='lat' dir='ltr'><strong>nobis</strong></span> <span class='ocrx_word' id='word_1_442' title='bbox 3251 2850 3547 2915; x_wconf 87' lang='lat' dir='ltr'><strong>incumbit,</strong></span> 
     </span>
    </p>
   </div>
   <div class='ocr_carea' id='block_1_63' title="bbox 1964 2939 3554 3012">
    <p class='ocr_par' dir='ltr' id='par_1_63' title="bbox 1964 2939 3554 3012">
     <span class='ocr_line' id='line_1_63' title="bbox 1964 2939 3554 3012; baseline 0.001 -16"><span class='ocrx_word' id='word_1_443' title='bbox 1964 2955 2060 2996; x_wconf 89' lang='lat' dir='ltr'><strong>cur</strong></span> <span class='ocrx_word' id='word_1_444' title='bbox 2088 2955 2208 2995; x_wconf 90' lang='lat' dir='ltr'><strong>cum</strong></span> <span class='ocrx_word' id='word_1_445' title='bbox 2230 2939 2298 2997; x_wconf 91' lang='lat' dir='ltr'><strong>de</strong></span> <span class='ocrx_word' id='word_1_446' title='bbox 2315 2941 2531 2996; x_wconf 89' lang='lat' dir='ltr'><strong>Christo</strong></span> <span class='ocrx_word' id='word_1_447' title='bbox 2550 2941 2802 3012; x_wconf 86' lang='lat' dir='ltr'><strong>loquitur,</strong></span> <span class='ocrx_word' id='word_1_448' title='bbox 2831 2940 2946 3011; x_wconf 79' lang='lat' dir='ltr'><strong>ejus</strong></span> <span class='ocrx_word' id='word_1_449' title='bbox 2970 2941 3173 2997; x_wconf 89' lang='lat' dir='ltr'><strong>obitum</strong></span> <span class='ocrx_word' id='word_1_450' title='bbox 3200 2950 3426 2997; x_wconf 90' lang='lat' dir='ltr'><strong>mortem</strong></span> <span class='ocrx_word' id='word_1_451' title='bbox 3454 2954 3554 2997; x_wconf 89' lang='lat' dir='ltr'><strong>vo-</strong></span> 
     </span>
    </p>
   </div>
   <div class='ocr_carea' id='block_1_64' title="bbox 1963 3032 3556 3103">
    <p class='ocr_par' dir='ltr' id='par_1_64' title="bbox 1963 3032 3556 3103">
     <span class='ocr_line' id='line_1_64' title="bbox 1963 3032 3556 3103; baseline 0.001 -17"><span class='ocrx_word' id='word_1_452' title='bbox 1963 3041 2069 3097; x_wconf 89' lang='lat' dir='ltr'><strong>cet,</strong></span> <span class='ocrx_word' id='word_1_453' title='bbox 2111 3046 2233 3086; x_wconf 89' lang='lat' dir='ltr'><strong>cum</strong></span> <span class='ocrx_word' id='word_1_454' title='bbox 2279 3039 2458 3087; x_wconf 88' lang='lat' dir='ltr'><strong>autem</strong></span> <span class='ocrx_word' id='word_1_455' title='bbox 2506 3033 2596 3088; x_wconf 45' lang='lat' dir='ltr'><strong>de‘</strong></span> <span class='ocrx_word' id='word_1_456' title='bbox 2627 3032 2844 3087; x_wconf 90' lang='lat' dir='ltr'><strong>interitu</strong></span> <span class='ocrx_word' id='word_1_457' title='bbox 2887 3042 3071 3100; x_wconf 70' lang='lat' dir='ltr'><strong>nostro</strong></span> <span class='ocrx_word' id='word_1_458' title='bbox 3108 3033 3236 3103; x_wconf 82' lang='lat' dir='ltr'><strong>agit,</strong></span> <span class='ocrx_word' id='word_1_459' title='bbox 3284 3049 3406 3089; x_wconf 90' lang='lat' dir='ltr'><strong>eum</strong></span> <span class='ocrx_word' id='word_1_460' title='bbox 3449 3048 3556 3090; x_wconf 90' lang='lat' dir='ltr'><strong>non</strong></span> 
     </span>
    </p>
   </div>
   <div class='ocr_carea' id='block_1_65' title="bbox 1963 3122 3554 3192">
    <p class='ocr_par' dir='ltr' id='par_1_65' title="bbox 1963 3122 3554 3192">
     <span class='ocr_line' id='line_1_65' title="bbox 1963 3122 3554 3192; baseline 0.001 -16"><span class='ocrx_word' id='word_1_461' title='bbox 1963 3130 2214 3189; x_wconf 91' lang='lat' dir='ltr'><strong>mortem,</strong></span> <span class='ocrx_word' id='word_1_462' title='bbox 2258 3122 2352 3177; x_wconf 90' lang='lat' dir='ltr'><strong>sed</strong></span> <span class='ocrx_word' id='word_1_463' title='bbox 2381 3122 2757 3177; x_wconf 90' lang='lat' dir='ltr'><strong>dormitionem</strong></span> <span class='ocrx_word' id='word_1_464' title='bbox 2787 3124 3038 3192; x_wconf 88' lang='lat' dir='ltr'><strong>appellet.</strong></span> <span class='ocrx_word' id='word_1_465' title='bbox 3069 3122 3187 3178; x_wconf 88' lang='lat' dir='ltr'><strong>Non</strong></span> <span class='ocrx_word' id='word_1_466' title='bbox 3214 3125 3359 3179; x_wconf 91' lang='lat' dir='ltr'><strong>enim</strong></span> <span class='ocrx_word' id='word_1_467' title='bbox 3399 3124 3554 3190; x_wconf 91' lang='lat' dir='ltr'><strong>dixit,</strong></span> 
     </span>
    </p>
   </div>
   <div class='ocr_carea' id='block_1_66' title="bbox 1962 3212 3555 3283">
    <p class='ocr_par' dir='ltr' id='par_1_66' title="bbox 1962 3212 3555 3283">
     <span class='ocr_line' id='line_1_66' title="bbox 1962 3212 3555 3283; baseline 0 -14"><span class='ocrx_word' id='word_1_468' title='bbox 1962 3213 2030 3269; x_wconf 85' lang='lat' dir='ltr'><strong>de</strong></span> <span class='ocrx_word' id='word_1_469' title='bbox 2051 3213 2278 3269; x_wconf 89' lang='lat' dir='ltr'><strong>mortuis</strong></span> <span class='ocrx_word' id='word_1_470' title='bbox 2307 3223 2522 3280; x_wconf 86' lang='lat' dir='ltr'><strong>autem;</strong></span> <span class='ocrx_word' id='word_1_471' title='bbox 2551 3213 2645 3269; x_wconf 88' lang='lat' dir='ltr'><strong>sed</strong></span> <span class='ocrx_word' id='word_1_472' title='bbox 2672 3212 2836 3283; x_wconf 84' lang='lat' dir='ltr'><strong>quid?</strong></span> <span class='ocrx_word' id='word_1_473' title='bbox 2865 3212 2943 3267; x_wconf 88' lang='lat' dir='ltr'><strong>De</strong></span> <span class='ocrx_word' id='word_1_474' title='bbox 2966 3213 3324 3269; x_wconf 78' lang='lat' dir='ltr'><strong>dormientibus</strong></span> <span class='ocrx_word' id='word_1_475' title='bbox 3351 3224 3555 3269; x_wconf 80' lang='lat' dir='ltr'><strong>autent:</strong></span> 
     </span>
    </p>
   </div>
   <div class='ocr_carea' id='block_1_67' title="bbox 1963 3305 3554 3376">
    <p class='ocr_par' dir='ltr' id='par_1_67' title="bbox 1963 3305 3554 3376">
     <span class='ocr_line' id='line_1_67' title="bbox 1963 3305 3554 3376; baseline 0 -15"><span class='ocrx_word' id='word_1_476' title='bbox 1963 3314 2019 3362; x_wconf 90' lang='lat' dir='ltr'><strong>et</strong></span> <span class='ocrx_word' id='word_1_477' title='bbox 2043 3320 2278 3372; x_wconf 87' lang='lat' dir='ltr'><strong>rursum,</strong></span> <span class='ocrx_word' id='word_1_478' title='bbox 2309 3305 2393 3359; x_wconf 86' lang='lat' dir='ltr'><strong>Ita</strong></span> <span class='ocrx_word' id='word_1_479' title='bbox 2420 3315 2467 3361; x_wconf 90' lang='lat' dir='ltr'><strong>et</strong></span> <span class='ocrx_word' id='word_1_480' title='bbox 2496 3305 2635 3360; x_wconf 87' lang='lat' dir='ltr'><strong>Deus</strong></span> <span class='ocrx_word' id='word_1_481' title='bbox 2663 3322 2767 3371; x_wconf 88' lang='lat' dir='ltr'><strong>eos,</strong></span> <span class='ocrx_word' id='word_1_482' title='bbox 2795 3306 2881 3376; x_wconf 86' lang='lat' dir='ltr'><strong>qui</strong></span> <span class='ocrx_word' id='word_1_483' title='bbox 2906 3305 3216 3360; x_wconf 83' lang='lat' dir='ltr'><strong>dormierunt</strong></span> <span class='ocrx_word' id='word_1_484' title='bbox 3245 3322 3333 3375; x_wconf 86' lang='lat' dir='ltr'><strong>per</strong></span> <span class='ocrx_word' id='word_1_485' title='bbox 3353 3305 3554 3371; x_wconf 85' lang='lat' dir='ltr'><strong>Jesum,</strong></span> 
     </span>
    </p>
   </div>
   <div class='ocr_carea' id='block_1_68' title="bbox 1962 3397 3555 3469">
    <p class='ocr_par' dir='ltr' id='par_1_68' title="bbox 1962 3397 3555 3469">
     <span class='ocr_line' id='line_1_68' title="bbox 1962 3397 3555 3469; baseline 0 -15"><span class='ocrx_word' id='word_1_486' title='bbox 1962 3399 2179 3454; x_wconf 89' lang='lat' dir='ltr'><strong>adducet</strong></span> <span class='ocrx_word' id='word_1_487' title='bbox 2219 3415 2332 3453; x_wconf 89' lang='lat' dir='ltr'><strong>cum</strong></span> <span class='ocrx_word' id='word_1_488' title='bbox 2357 3415 2414 3453; x_wconf 91' lang='lat' dir='ltr'><strong>eo</strong></span> <span class='ocrx_word' id='word_1_489' title='bbox 2435 3399 2510 3469; x_wconf 90' lang='grc'><strong>(1.</strong></span> <span class='ocrx_word' id='word_1_490' title='bbox 2556 3397 2730 3453; x_wconf 81' lang='lat' dir='ltr'><strong>Thess.</strong></span> <span class='ocrx_word' id='word_1_491' title='bbox 2761 3399 2816 3454; x_wconf 77' lang='grc'><strong>4.</strong></span> <span class='ocrx_word' id='word_1_492' title='bbox 2850 3400 2974 3469; x_wconf 78' lang='grc'><strong>15);</strong></span> <span class='ocrx_word' id='word_1_493' title='bbox 3022 3414 3121 3454; x_wconf 88' lang='lat' dir='ltr'><strong>nec</strong></span> <span class='ocrx_word' id='word_1_494' title='bbox 3162 3398 3317 3466; x_wconf 83' lang='lat' dir='ltr'><strong>dixit,</strong></span> <span class='ocrx_word' id='word_1_495' title='bbox 3348 3414 3441 3455; x_wconf 91' lang='lat' dir='ltr'><strong>eos</strong></span> <span class='ocrx_word' id='word_1_496' title='bbox 3464 3402 3555 3469; x_wconf 89' lang='lat' dir='ltr'><strong>qui</strong></span> 
     </span>
    </p>
   </div>
   <div class='ocr_carea' id='block_1_69' title="bbox 1962 3489 3556 3561">
    <p class='ocr_par' dir='ltr' id='par_1_69' title="bbox 1962 3489 3556 3561">
     <span class='ocr_line' id='line_1_69' title="bbox 1962 3489 3556 3561; baseline -0.001 -15"><span class='ocrx_word' id='word_1_497' title='bbox 1962 3492 2157 3547; x_wconf 91' lang='lat' dir='ltr'><strong>mortui</strong></span> <span class='ocrx_word' id='word_1_498' title='bbox 2187 3498 2312 3547; x_wconf 91' lang='lat' dir='ltr'><strong>sunt</strong></span> <span class='ocrx_word' id='word_1_499' title='bbox 2340 3508 2355 3545; x_wconf 91' lang='lat'><strong>:</strong></span> <span class='ocrx_word' id='word_1_500' title='bbox 2385 3498 2438 3546; x_wconf 90' lang='lat' dir='ltr'><strong>et</strong></span> <span class='ocrx_word' id='word_1_501' title='bbox 2467 3491 2683 3557; x_wconf 88' lang='lat' dir='ltr'><strong>iterum,</strong></span> <span class='ocrx_word' id='word_1_502' title='bbox 2720 3489 2832 3544; x_wconf 83' lang='lat' dir='ltr'><strong>Nos</strong></span> <span class='ocrx_word' id='word_1_503' title='bbox 2860 3491 2946 3561; x_wconf 86' lang='lat' dir='ltr'><strong>qui</strong></span> <span class='ocrx_word' id='word_1_504' title='bbox 2973 3490 3211 3557; x_wconf 80' lang='lat' dir='ltr'><strong>vivimus,</strong></span> <span class='ocrx_word' id='word_1_505' title='bbox 3249 3492 3334 3561; x_wconf 88' lang='lat' dir='ltr'><strong>qui</strong></span> <span class='ocrx_word' id='word_1_506' title='bbox 3369 3491 3556 3547; x_wconf 82' lang='lat' dir='ltr'><strong>residui</strong></span> 
     </span>
    </p>
   </div>
   <div class='ocr_carea' id='block_1_70' title="bbox 1961 3581 3599 3652">
    <p class='ocr_par' dir='ltr' id='par_1_70' title="bbox 1961 3581 3599 3652">
     <span class='ocr_line' id='line_1_70' title="bbox 1961 3581 3599 3652; baseline -0.002 -17"><span class='ocrx_word' id='word_1_507' title='bbox 1961 3597 2133 3636; x_wconf 84' lang='lat' dir='ltr'><strong>sumus</strong></span> <span class='ocrx_word' id='word_1_508' title='bbox 2161 3582 2215 3636; x_wconf 89' lang='lat' dir='ltr'><strong>in</strong></span> <span class='ocrx_word' id='word_1_509' title='bbox 2247 3581 2517 3636; x_wconf 82' lang='lat' dir='ltr'><strong>adventum</strong></span> <span class='ocrx_word' id='word_1_510' title='bbox 2564 3581 2791 3648; x_wconf 83' lang='lat' dir='ltr'><strong>Domini,</strong></span> <span class='ocrx_word' id='word_1_511' title='bbox 2826 3597 2929 3636; x_wconf 86' lang='lat' dir='ltr'><strong>non</strong></span> <span class='ocrx_word' id='word_1_512' title='bbox 2968 3582 3326 3652; x_wconf 64' lang='lat' dir='ltr'><strong>praeveniamus</strong></span> <span class='ocrx_word' id='word_1_513' title='bbox 3361 3598 3444 3635; x_wconf 91' lang='lat' dir='ltr'><strong>eos</strong></span> <span class='ocrx_word' id='word_1_514' title='bbox 3471 3584 3555 3651; x_wconf 79' lang='lat' dir='ltr'><strong>qui</strong></span> <span class='ocrx_word' id='word_1_515' title='bbox 3592 3626 3599 3631; x_wconf 80' lang='lat'><strong>.</strong></span> 
     </span>
    </p>
   </div>
   <div class='ocr_carea' id='block_1_71' title="bbox 1962 3670 3556 3746">
    <p class='ocr_par' dir='ltr' id='par_1_71' title="bbox 1962 3670 3556 3746">
     <span class='ocr_line' id='line_1_71' title="bbox 1962 3670 3556 3746; baseline -0.001 -19"><span class='ocrx_word' id='word_1_516' title='bbox 1962 3672 2275 3727; x_wconf 85' lang='lat' dir='ltr'><strong>dormierunt</strong></span> <span class='ocrx_word' id='word_1_517' title='bbox 2300 3670 2404 3746; x_wconf 82' lang='lat' dir='ltr'><strong>(Ib.</strong></span> <span class='ocrx_word' id='word_1_518' title='bbox 2435 3672 2546 3743; x_wconf 78' lang='grc'><strong>14).</strong></span> <span class='ocrx_word' id='word_1_519' title='bbox 2578 3671 2759 3742; x_wconf 87' lang='lat' dir='ltr'><strong>Neque</strong></span> <span class='ocrx_word' id='word_1_520' title='bbox 2790 3672 2877 3728; x_wconf 90' lang='lat' dir='ltr'><strong>hic</strong></span> <span class='ocrx_word' id='word_1_521' title='bbox 2918 3671 3072 3739; x_wconf 81' lang='lat' dir='ltr'><strong>dixit,</strong></span> <span class='ocrx_word' id='word_1_522' title='bbox 3117 3686 3212 3728; x_wconf 91' lang='lat' dir='ltr'><strong>eos</strong></span> <span class='ocrx_word' id='word_1_523' title='bbox 3237 3673 3325 3742; x_wconf 92' lang='lat' dir='ltr'><strong>qui</strong></span> <span class='ocrx_word' id='word_1_524' title='bbox 3363 3671 3556 3726; x_wconf 89' lang='lat' dir='ltr'><strong>mortui</strong></span> 
     </span>
    </p>
   </div>
   <div class='ocr_carea' id='block_1_72' title="bbox 1962 3762 3557 3833">
    <p class='ocr_par' dir='ltr' id='par_1_72' title="bbox 1962 3762 3557 3833">
     <span class='ocr_line' id='line_1_72' title="bbox 1962 3762 3557 3833; baseline -0.003 -14"><span class='ocrx_word' id='word_1_525' title='bbox 1962 3772 2110 3832; x_wconf 90' lang='lat' dir='ltr'><strong>sunt,</strong></span> <span class='ocrx_word' id='word_1_526' title='bbox 2135 3764 2229 3819; x_wconf 91' lang='lat' dir='ltr'><strong>sed</strong></span> <span class='ocrx_word' id='word_1_527' title='bbox 2257 3772 2338 3819; x_wconf 91' lang='lat' dir='ltr'><strong>ter</strong></span> <span class='ocrx_word' id='word_1_528' title='bbox 2364 3764 2688 3818; x_wconf 86' lang='lat' dir='ltr'><strong>mentionem</strong></span> <span class='ocrx_word' id='word_1_529' title='bbox 2712 3762 2830 3833; x_wconf 87' lang='lat' dir='ltr'><strong>ejus</strong></span> <span class='ocrx_word' id='word_1_530' title='bbox 2859 3762 3079 3829; x_wconf 84' lang='lat' dir='ltr'><strong>faciens,</strong></span> <span class='ocrx_word' id='word_1_531' title='bbox 3112 3772 3193 3818; x_wconf 90' lang='lat' dir='ltr'><strong>ter</strong></span> <span class='ocrx_word' id='word_1_532' title='bbox 3222 3771 3447 3817; x_wconf 91' lang='lat' dir='ltr'><strong>mortem</strong></span> <span class='ocrx_word' id='word_1_533' title='bbox 3472 3777 3557 3815; x_wconf 90' lang='lat' dir='ltr'><strong>vo-</strong></span> 
     </span>
    </p>
   </div>
   <div class='ocr_carea' id='block_1_73' title="bbox 1962 3851 3556 3913">
    <p class='ocr_par' dir='ltr' id='par_1_73' title="bbox 1962 3851 3556 3913">
     <span class='ocr_line' id='line_1_73' title="bbox 1962 3851 3556 3913; baseline -0.004 -1"><span class='ocrx_word' id='word_1_534' title='bbox 1962 3856 2100 3913; x_wconf 88' lang='lat' dir='ltr'><strong>cavit</strong></span> <span class='ocrx_word' id='word_1_535' title='bbox 2128 3854 2529 3910; x_wconf 91' lang='lat' dir='ltr'><strong>dormitionem.</strong></span> <span class='ocrx_word' id='word_1_536' title='bbox 2563 3855 2639 3910; x_wconf 91' lang='lat' dir='ltr'><strong>De</strong></span> <span class='ocrx_word' id='word_1_537' title='bbox 2665 3853 2881 3910; x_wconf 88' lang='lat' dir='ltr'><strong>Christo</strong></span> <span class='ocrx_word' id='word_1_538' title='bbox 2907 3863 3088 3910; x_wconf 89' lang='lat' dir='ltr'><strong>autem</strong></span> <span class='ocrx_word' id='word_1_539' title='bbox 3126 3869 3233 3907; x_wconf 92' lang='lat' dir='ltr'><strong>non</strong></span> <span class='ocrx_word' id='word_1_540' title='bbox 3264 3854 3388 3907; x_wconf 85' lang='lat' dir='ltr'><strong>item</strong></span> <span class='ocrx_word' id='word_1_541' title='bbox 3417 3870 3430 3906; x_wconf 90' lang='lat'><strong>:</strong></span> <span class='ocrx_word' id='word_1_542' title='bbox 3460 3851 3556 3907; x_wconf 85' lang='lat' dir='ltr'><strong>scd</strong></span> 
     </span>
    </p>
   </div>
   <div class='ocr_carea' id='block_1_74' title="bbox 1962 3944 3553 4020">
    <p class='ocr_par' dir='ltr' id='par_1_74' title="bbox 1962 3944 3553 4020">
     <span class='ocr_line' id='line_1_74' title="bbox 1962 3944 3553 4020; baseline -0.003 -17"><span class='ocrx_word' id='word_1_543' title='bbox 1962 3948 2270 4020; x_wconf 84' lang='lat' dir='ltr'><strong>quomodo?</strong></span> <span class='ocrx_word' id='word_1_544' title='bbox 2316 3947 2379 4003; x_wconf 85' lang='lat' dir='ltr'><strong>Si</strong></span> <span class='ocrx_word' id='word_1_545' title='bbox 2416 3948 2550 4002; x_wconf 88' lang='lat' dir='ltr'><strong>enim</strong></span> <span class='ocrx_word' id='word_1_546' title='bbox 2581 3948 2831 4003; x_wconf 87' lang='lat' dir='ltr'><strong>credimus</strong></span> <span class='ocrx_word' id='word_1_547' title='bbox 2857 3947 2991 4018; x_wconf 89' lang='lat' dir='ltr'><strong>quod</strong></span> <span class='ocrx_word' id='word_1_548' title='bbox 3017 3944 3168 4001; x_wconf 70' lang='lat' dir='ltr'><strong>Iesus</strong></span> <span class='ocrx_word' id='word_1_549' title='bbox 3192 3955 3418 4000; x_wconf 88' lang='lat' dir='ltr'><strong>mortuus</strong></span> <span class='ocrx_word' id='word_1_550' title='bbox 3460 3954 3553 3999; x_wconf 84' lang='lat' dir='ltr'><strong>est.</strong></span> 
     </span>
    </p>
   </div>
   <div class='ocr_carea' id='block_1_75' title="bbox 1962 4035 3557 4106">
    <p class='ocr_par' dir='ltr' id='par_1_75' title="bbox 1962 4035 3557 4106">
     <span class='ocr_line' id='line_1_75' title="bbox 1962 4035 3557 4106; baseline -0.003 -11"><span class='ocrx_word' id='word_1_551' title='bbox 1962 4039 2080 4095; x_wconf 88' lang='lat' dir='ltr'><strong>Non</strong></span> <span class='ocrx_word' id='word_1_552' title='bbox 2118 4038 2272 4104; x_wconf 85' lang='lat' dir='ltr'><strong>dixit,</strong></span> <span class='ocrx_word' id='word_1_553' title='bbox 2308 4037 2669 4103; x_wconf 89' lang='lat' dir='ltr'><strong>obdormivit,</strong></span> <span class='ocrx_word' id='word_1_554' title='bbox 2701 4038 2817 4103; x_wconf 85' lang='lat' dir='ltr'><strong>sed,</strong></span> <span class='ocrx_word' id='word_1_555' title='bbox 2856 4046 3085 4091; x_wconf 84' lang='lat' dir='ltr'><strong>mortuus</strong></span> <span class='ocrx_word' id='word_1_556' title='bbox 3125 4044 3217 4091; x_wconf 87' lang='lat' dir='ltr'><strong>est.</strong></span> <span class='ocrx_word' id='word_1_557' title='bbox 3246 4035 3353 4091; x_wconf 91' lang='lat' dir='ltr'><strong>Cur</strong></span> <span class='ocrx_word' id='word_1_558' title='bbox 3378 4036 3557 4106; x_wconf 85' lang='lat' dir='ltr'><strong>itaque</strong></span> 
     </span>
    </p>
   </div>
   <div class='ocr_carea' id='block_1_76' title="bbox 1962 4128 3552 4199">
    <p class='ocr_par' dir='ltr' id='par_1_76' title="bbox 1962 4128 3552 4199">
     <span class='ocr_line' id='line_1_76' title="bbox 1962 4128 3552 4199; baseline -0.003 -10"><span class='ocrx_word' id='word_1_559' title='bbox 1962 4134 2158 4189; x_wconf 89' lang='lat' dir='ltr'><strong>Christi</strong></span> <span class='ocrx_word' id='word_1_560' title='bbox 2208 4133 2413 4189; x_wconf 89' lang='lat' dir='ltr'><strong>obitum</strong></span> <span class='ocrx_word' id='word_1_561' title='bbox 2452 4139 2700 4199; x_wconf 85' lang='lat' dir='ltr'><strong>mortem,</strong></span> <span class='ocrx_word' id='word_1_562' title='bbox 2742 4139 2983 4186; x_wconf 88' lang='lat' dir='ltr'><strong>nostrum</strong></span> <span class='ocrx_word' id='word_1_563' title='bbox 3013 4143 3142 4185; x_wconf 89' lang='lat' dir='ltr'><strong>vero</strong></span> <span class='ocrx_word' id='word_1_564' title='bbox 3178 4128 3552 4184; x_wconf 88' lang='lat' dir='ltr'><strong>dormitionem</strong></span> 
     </span>
    </p>
   </div>
   <div class='ocr_carea' id='block_1_77' title="bbox 1962 4218 3550 4295">
    <p class='ocr_par' dir='ltr' id='par_1_77' title="bbox 1962 4218 3550 4295">
     <span class='ocr_line' id='line_1_77' title="bbox 1962 4218 3550 4295; baseline -0.004 -17"><span class='ocrx_word' id='word_1_565' title='bbox 1962 4223 2281 4295; x_wconf 84' lang='lat' dir='ltr'><strong>appellavit?</strong></span> <span class='ocrx_word' id='word_1_566' title='bbox 2306 4238 2411 4279; x_wconf 90' lang='lat' dir='ltr'><strong>non</strong></span> <span class='ocrx_word' id='word_1_567' title='bbox 2442 4223 2585 4277; x_wconf 88' lang='lat' dir='ltr'><strong>enim</strong></span> <span class='ocrx_word' id='word_1_568' title='bbox 2613 4231 2814 4276; x_wconf 90' lang='lat' dir='ltr'><strong>temere</strong></span> <span class='ocrx_word' id='word_1_569' title='bbox 2849 4229 2904 4277; x_wconf 92' lang='lat' dir='ltr'><strong>et</strong></span> <span class='ocrx_word' id='word_1_570' title='bbox 2942 4220 3057 4275; x_wconf 90' lang='lat' dir='ltr'><strong>sine</strong></span> <span class='ocrx_word' id='word_1_571' title='bbox 3082 4219 3290 4275; x_wconf 89' lang='lat' dir='ltr'><strong>delectu</strong></span> <span class='ocrx_word' id='word_1_572' title='bbox 3328 4218 3428 4273; x_wconf 89' lang='lat' dir='ltr'><strong>hac</strong></span> <span class='ocrx_word' id='word_1_573' title='bbox 3454 4233 3550 4272; x_wconf 84' lang='lat' dir='ltr'><strong>vo-</strong></span> 
     </span>
    </p>
   </div>
   <div class='ocr_carea' id='block_1_78' title="bbox 1960 4308 3555 4378">
    <p class='ocr_par' dir='ltr' id='par_1_78' title="bbox 1960 4308 3555 4378">
     <span class='ocr_line' id='line_1_78' title="bbox 1960 4308 3555 4378; baseline -0.004 -9"><span class='ocrx_word' id='word_1_574' title='bbox 1960 4328 2082 4370; x_wconf 86' lang='lat' dir='ltr'><strong>cum</strong></span> <span class='ocrx_word' id='word_1_575' title='bbox 2112 4312 2493 4369; x_wconf 88' lang='lat' dir='ltr'><strong>observatione</strong></span> <span class='ocrx_word' id='word_1_576' title='bbox 2516 4320 2600 4366; x_wconf 91' lang='lat' dir='ltr'><strong>est</strong></span> <span class='ocrx_word' id='word_1_577' title='bbox 2640 4325 2786 4376; x_wconf 90' lang='lat' dir='ltr'><strong>usus,</strong></span> <span class='ocrx_word' id='word_1_578' title='bbox 2819 4309 2914 4365; x_wconf 90' lang='lat' dir='ltr'><strong>sed</strong></span> <span class='ocrx_word' id='word_1_579' title='bbox 2957 4309 3231 4378; x_wconf 83' lang='lat' dir='ltr'><strong>sapientiae</strong></span> <span class='ocrx_word' id='word_1_580' title='bbox 3256 4308 3469 4377; x_wconf 89' lang='lat' dir='ltr'><strong>plenum</strong></span> <span class='ocrx_word' id='word_1_581' title='bbox 3499 4318 3555 4362; x_wconf 91' lang='lat' dir='ltr'><strong>et</strong></span> 
     </span>
    </p>
   </div>
   <div class='ocr_carea' id='block_1_79' title="bbox 1961 4399 3553 4477">
    <p class='ocr_par' dir='ltr' id='par_1_79' title="bbox 1961 4399 3553 4477">
     <span class='ocr_line' id='line_1_79' title="bbox 1961 4399 3553 4477; baseline -0.005 -16"><span class='ocrx_word' id='word_1_582' title='bbox 1961 4421 2213 4477; x_wconf 81' lang='lat' dir='ltr'><strong>magnum</strong></span> <span class='ocrx_word' id='word_1_583' title='bbox 2255 4402 2381 4475; x_wconf 88' lang='lat' dir='ltr'><strong>quid</strong></span> <span class='ocrx_word' id='word_1_584' title='bbox 2433 4416 2715 4473; x_wconf 88' lang='lat' dir='ltr'><strong>apparans.</strong></span> <span class='ocrx_word' id='word_1_585' title='bbox 2766 4401 2841 4457; x_wconf 87' lang='lat' dir='ltr'><strong>De</strong></span> <span class='ocrx_word' id='word_1_586' title='bbox 2885 4400 3100 4456; x_wconf 83' lang='lat' dir='ltr'><strong>Christo</strong></span> <span class='ocrx_word' id='word_1_587' title='bbox 3139 4401 3282 4456; x_wconf 90' lang='lat' dir='ltr'><strong>enim</strong></span> <span class='ocrx_word' id='word_1_588' title='bbox 3326 4399 3553 4470; x_wconf 87' lang='lat' dir='ltr'><strong>loquens</strong></span> 
     </span>
    </p>
   </div>
   <div class='ocr_carea' id='block_1_80' title="bbox 1962 4487 3552 4562">
    <p class='ocr_par' dir='ltr' id='par_1_80' title="bbox 1962 4487 3552 4562">
     <span class='ocr_line' id='line_1_80' title="bbox 1962 4487 3552 4562; baseline -0.007 -9"><span class='ocrx_word' id='word_1_589' title='bbox 1962 4506 2191 4553; x_wconf 90' lang='lat' dir='ltr'><strong>mortem</strong></span> <span class='ocrx_word' id='word_1_590' title='bbox 2240 4494 2394 4561; x_wconf 81' lang='lat' dir='ltr'><strong>dixit,</strong></span> <span class='ocrx_word' id='word_1_591' title='bbox 2446 4500 2504 4547; x_wconf 94' lang='lat' dir='ltr'><strong>ut</strong></span> <span class='ocrx_word' id='word_1_592' title='bbox 2551 4491 2786 4562; x_wconf 88' lang='lat' dir='ltr'><strong>passioni</strong></span> <span class='ocrx_word' id='word_1_593' title='bbox 2828 4490 2984 4546; x_wconf 83' lang='lat' dir='ltr'><strong>fidem</strong></span> <span class='ocrx_word' id='word_1_594' title='bbox 3035 4488 3253 4557; x_wconf 81' lang='lat' dir='ltr'><strong>faceret,</strong></span> <span class='ocrx_word' id='word_1_595' title='bbox 3290 4487 3358 4543; x_wconf 90' lang='lat' dir='ltr'><strong>de</strong></span> <span class='ocrx_word' id='word_1_596' title='bbox 3396 4488 3552 4542; x_wconf 88' lang='lat' dir='ltr'><strong>nobis</strong></span> 
     </span>
    </p>
   </div>
   <div class='ocr_carea' id='block_1_81' title="bbox 1962 4580 3549 4661">
    <p class='ocr_par' dir='ltr' id='par_1_81' title="bbox 1962 4580 3549 4661">
     <span class='ocr_line' id='line_1_81' title="bbox 1962 4580 3549 4661; baseline -0.007 -16"><span class='ocrx_word' id='word_1_597' title='bbox 1962 4603 2147 4661; x_wconf 90' lang='lat' dir='ltr'><strong>agens,</strong></span> <span class='ocrx_word' id='word_1_598' title='bbox 2176 4586 2555 4644; x_wconf 88' lang='lat' dir='ltr'><strong>dormitionem</strong></span> <span class='ocrx_word' id='word_1_599' title='bbox 2586 4585 2817 4651; x_wconf 89' lang='lat' dir='ltr'><strong>vocavit,</strong></span> <span class='ocrx_word' id='word_1_600' title='bbox 2849 4592 2909 4638; x_wconf 92' lang='lat' dir='ltr'><strong>ut</strong></span> <span class='ocrx_word' id='word_1_601' title='bbox 2941 4583 3182 4639; x_wconf 89' lang='lat' dir='ltr'><strong>dolorem</strong></span> <span class='ocrx_word' id='word_1_602' title='bbox 3209 4582 3423 4638; x_wconf 87' lang='lat' dir='ltr'><strong>leniret.</strong></span> <span class='ocrx_word' id='word_1_603' title='bbox 3447 4580 3549 4637; x_wconf 85' lang='lat' dir='ltr'><strong>Ubi</strong></span> 
     </span>
    </p>
   </div>
   <div class='ocr_carea' id='block_1_82' title="bbox 1962 4679 3552 4754">
    <p class='ocr_par' dir='ltr' id='par_1_82' title="bbox 1962 4679 3552 4754">
     <span class='ocr_line' id='line_1_82' title="bbox 1962 4679 3552 4754; baseline -0.004 -15"><span class='ocrx_word' id='word_1_604' title='bbox 1962 4684 2103 4739; x_wconf 90' lang='lat' dir='ltr'><strong>enim</strong></span> <span class='ocrx_word' id='word_1_605' title='bbox 2148 4683 2258 4754; x_wconf 88' lang='lat' dir='ltr'><strong>jam</strong></span> <span class='ocrx_word' id='word_1_606' title='bbox 2310 4685 2634 4741; x_wconf 87' lang='lat' dir='ltr'><strong>resurrectio</strong></span> <span class='ocrx_word' id='word_1_607' title='bbox 2680 4691 3052 4754; x_wconf 68' lang='lat' dir='ltr'><strong>praecesserat,</strong></span> <span class='ocrx_word' id='word_1_608' title='bbox 3106 4679 3277 4735; x_wconf 82' lang='lat' dir='ltr'><strong>fidens</strong></span> <span class='ocrx_word' id='word_1_609' title='bbox 3324 4687 3552 4734; x_wconf 90' lang='lat' dir='ltr'><strong>mortem</strong></span> 
     </span>
    </p>
   </div>
   <div class='ocr_carea' id='block_1_83' title="bbox 1963 4770 3553 4843">
    <p class='ocr_par' dir='ltr' id='par_1_83' title="bbox 1963 4770 3553 4843">
     <span class='ocr_line' id='line_1_83' title="bbox 1963 4770 3553 4843; baseline -0.003 -15"><span class='ocrx_word' id='word_1_610' title='bbox 1963 4783 2258 4842; x_wconf 90' lang='lat' dir='ltr'><strong>memorat;</strong></span> <span class='ocrx_word' id='word_1_611' title='bbox 2306 4776 2399 4832; x_wconf 90' lang='lat' dir='ltr'><strong>ubi</strong></span> <span class='ocrx_word' id='word_1_612' title='bbox 2443 4785 2618 4831; x_wconf 89' lang='lat' dir='ltr'><strong>autem</strong></span> <span class='ocrx_word' id='word_1_613' title='bbox 2656 4784 2858 4829; x_wconf 90' lang='lat' dir='ltr'><strong>tantum</strong></span> <span class='ocrx_word' id='word_1_614' title='bbox 2889 4772 3223 4843; x_wconf 89' lang='lat' dir='ltr'><strong>sperabatur,</strong></span> <span class='ocrx_word' id='word_1_615' title='bbox 3272 4770 3553 4825; x_wconf 86' lang='lat' dir='ltr'><strong>dormitio-</strong></span> 
     </span>
    </p>
   </div>
   <div class='ocr_carea' id='block_1_84' title="bbox 1963 4860 3550 4932">
    <p class='ocr_par' dir='ltr' id='par_1_84' title="bbox 1963 4860 3550 4932">
     <span class='ocr_line' id='line_1_84' title="bbox 1963 4860 3550 4932; baseline -0.005 -11"><span class='ocrx_word' id='word_1_616' title='bbox 1963 4880 2087 4921; x_wconf 90' lang='lat' dir='ltr'><strong>nem</strong></span> <span class='ocrx_word' id='word_1_617' title='bbox 2116 4875 2291 4932; x_wconf 88' lang='lat' dir='ltr'><strong>vocat,</strong></span> <span class='ocrx_word' id='word_1_618' title='bbox 2319 4865 2421 4921; x_wconf 88' lang='lat' dir='ltr'><strong>hac</strong></span> <span class='ocrx_word' id='word_1_619' title='bbox 2450 4882 2582 4923; x_wconf 87' lang='lat' dir='ltr'><strong>voce</strong></span> <span class='ocrx_word' id='word_1_620' title='bbox 2615 4882 2746 4921; x_wconf 89' lang='lat' dir='ltr'><strong>usus</strong></span> <span class='ocrx_word' id='word_1_621' title='bbox 2787 4865 2853 4919; x_wconf 89' lang='lat' dir='ltr'><strong>ad</strong></span> <span class='ocrx_word' id='word_1_622' title='bbox 2902 4864 3070 4919; x_wconf 89' lang='lat' dir='ltr'><strong>nostri</strong></span> <span class='ocrx_word' id='word_1_623' title='bbox 3107 4860 3550 4926; x_wconf 85' lang='lat' dir='ltr'><strong>consolationem,</strong></span> 
     </span>
    </p>
   </div>
   <div class='ocr_carea' id='block_1_85' title="bbox 1961 4951 3548 5030">
    <p class='ocr_par' dir='ltr' id='par_1_85' title="bbox 1961 4951 3548 5030">
     <span class='ocr_line' id='line_1_85' title="bbox 1961 4951 3548 5030; baseline -0.006 -15"><span class='ocrx_word' id='word_1_624' title='bbox 1961 4971 2018 5015; x_wconf 90' lang='lat' dir='ltr'><strong>et</strong></span> <span class='ocrx_word' id='word_1_625' title='bbox 2045 4959 2111 5014; x_wconf 91' lang='lat' dir='ltr'><strong>ad</strong></span> <span class='ocrx_word' id='word_1_626' title='bbox 2139 4975 2291 5030; x_wconf 87' lang='lat' dir='ltr'><strong>spem</strong></span> <span class='ocrx_word' id='word_1_627' title='bbox 2317 4960 2701 5030; x_wconf 80' lang='lat' dir='ltr'><strong>suggerendam</strong></span> <span class='ocrx_word' id='word_1_628' title='bbox 2729 4977 2742 5013; x_wconf 91' lang='lat'><strong>:</strong></span> <span class='ocrx_word' id='word_1_629' title='bbox 2774 4973 2896 5013; x_wconf 90' lang='lat' dir='ltr'><strong>nam</strong></span> <span class='ocrx_word' id='word_1_630' title='bbox 2934 4958 3023 5027; x_wconf 91' lang='lat' dir='ltr'><strong>qui</strong></span> <span class='ocrx_word' id='word_1_631' title='bbox 3051 4955 3268 5021; x_wconf 90' lang='lat' dir='ltr'><strong>dormit,</strong></span> <span class='ocrx_word' id='word_1_632' title='bbox 3300 4954 3417 5009; x_wconf 88' lang='lat' dir='ltr'><strong>sine</strong></span> <span class='ocrx_word' id='word_1_633' title='bbox 3446 4951 3548 5006; x_wconf 86' lang='lat' dir='ltr'><strong>du-</strong></span> 
     </span>
    </p>
   </div>
   <div class='ocr_carea' id='block_1_86' title="bbox 1960 5046 3547 5122">
    <p class='ocr_par' dir='ltr' id='par_1_86' title="bbox 1960 5046 3547 5122">
     <span class='ocr_line' id='line_1_86' title="bbox 1960 5046 3547 5122; baseline -0.004 -17"><span class='ocrx_word' id='word_1_634' title='bbox 1960 5050 2053 5106; x_wconf 84' lang='lat' dir='ltr'><strong>bio</strong></span> <span class='ocrx_word' id='word_1_635' title='bbox 2092 5059 2354 5122; x_wconf 87' lang='lat' dir='ltr'><strong>resurget,</strong></span> <span class='ocrx_word' id='word_1_636' title='bbox 2384 5051 2621 5122; x_wconf 91' lang='lat' dir='ltr'><strong>nihilque</strong></span> <span class='ocrx_word' id='word_1_637' title='bbox 2662 5049 2806 5106; x_wconf 87' lang='lat' dir='ltr'><strong>aliud</strong></span> <span class='ocrx_word' id='word_1_638' title='bbox 2836 5064 2982 5105; x_wconf 88' lang='lat' dir='ltr'><strong>mors</strong></span> <span class='ocrx_word' id='word_1_639' title='bbox 3023 5057 3125 5114; x_wconf 91' lang='lat' dir='ltr'><strong>est,</strong></span> <span class='ocrx_word' id='word_1_640' title='bbox 3164 5061 3322 5117; x_wconf 90' lang='lat' dir='ltr'><strong>quam</strong></span> <span class='ocrx_word' id='word_1_641' title='bbox 3355 5046 3547 5115; x_wconf 79' lang='lat' dir='ltr'><strong>longus</strong></span> 
     </span>
    </p>
   </div>
   <div class='ocr_carea' id='block_1_87' title="bbox 1961 5138 3549 5211">
    <p class='ocr_par' dir='ltr' id='par_1_87' title="bbox 1961 5138 3549 5211">
     <span class='ocr_line' id='line_1_87' title="bbox 1961 5138 3549 5211; baseline -0.003 -12"><span class='ocrx_word' id='word_1_642' title='bbox 1961 5157 2203 5199; x_wconf 72' lang='lat' dir='ltr'><strong>somnus.</strong></span> <span class='ocrx_word' id='word_1_643' title='bbox 2230 5144 2308 5200; x_wconf 86' lang='lat' dir='ltr'><strong>Ne</strong></span> <span class='ocrx_word' id='word_1_644' title='bbox 2337 5143 2466 5198; x_wconf 89' lang='lat' dir='ltr'><strong>mihi</strong></span> <span class='ocrx_word' id='word_1_645' title='bbox 2505 5144 2724 5211; x_wconf 83' lang='lat' dir='ltr'><strong>dixeris,</strong></span> <span class='ocrx_word' id='word_1_646' title='bbox 2756 5151 3022 5198; x_wconf 89' lang='lat' dir='ltr'><strong>mortuum</strong></span> <span class='ocrx_word' id='word_1_647' title='bbox 3066 5155 3167 5196; x_wconf 90' lang='lat' dir='ltr'><strong>nec</strong></span> <span class='ocrx_word' id='word_1_648' title='bbox 3208 5138 3416 5205; x_wconf 88' lang='lat' dir='ltr'><strong>audire,</strong></span> <span class='ocrx_word' id='word_1_649' title='bbox 3449 5154 3549 5194; x_wconf 88' lang='lat' dir='ltr'><strong>nec</strong></span> 
     </span>
    </p>
   </div>
   <div class='ocr_carea' id='block_1_88' title="bbox 1961 5230 3549 5305">
    <p class='ocr_par' dir='ltr' id='par_1_88' title="bbox 1961 5230 3549 5305">
     <span class='ocr_line' id='line_1_88' title="bbox 1961 5230 3549 5305; baseline -0.004 -16"><span class='ocrx_word' id='word_1_650' title='bbox 1961 5234 2129 5305; x_wconf 88' lang='lat' dir='ltr'><strong>loqui,</strong></span> <span class='ocrx_word' id='word_1_651' title='bbox 2159 5249 2262 5291; x_wconf 92' lang='lat' dir='ltr'><strong>nec</strong></span> <span class='ocrx_word' id='word_1_652' title='bbox 2296 5235 2500 5302; x_wconf 88' lang='lat' dir='ltr'><strong>videre,</strong></span> <span class='ocrx_word' id='word_1_653' title='bbox 2533 5249 2705 5305; x_wconf 87' lang='lat' dir='ltr'><strong>neque</strong></span> <span class='ocrx_word' id='word_1_654' title='bbox 2745 5248 2907 5289; x_wconf 90' lang='lat' dir='ltr'><strong>sensu</strong></span> <span class='ocrx_word' id='word_1_655' title='bbox 2950 5231 3087 5287; x_wconf 82' lang='lat' dir='ltr'><strong>afﬁci</strong></span> <span class='ocrx_word' id='word_1_656' title='bbox 3118 5250 3131 5286; x_wconf 88' lang='lat'><strong>:</strong></span> <span class='ocrx_word' id='word_1_657' title='bbox 3165 5247 3286 5286; x_wconf 90' lang='lat' dir='ltr'><strong>nam</strong></span> <span class='ocrx_word' id='word_1_658' title='bbox 3318 5230 3549 5300; x_wconf 84' lang='lat' dir='ltr'><strong>idipsum</strong></span> 
     </span>
    </p>
   </div>
   <div class='ocr_carea' id='block_1_89' title="bbox 1960 5321 3551 5397">
    <p class='ocr_par' dir='ltr' id='par_1_89' title="bbox 1960 5321 3551 5397">
     <span class='ocr_line' id='line_1_89' title="bbox 1960 5321 3551 5397; baseline -0.004 -17"><span class='ocrx_word' id='word_1_659' title='bbox 1960 5325 2030 5381; x_wconf 91' lang='lat' dir='ltr'><strong>de</strong></span> <span class='ocrx_word' id='word_1_660' title='bbox 2053 5325 2354 5382; x_wconf 91' lang='lat' dir='ltr'><strong>dormiente</strong></span> <span class='ocrx_word' id='word_1_661' title='bbox 2385 5326 2632 5381; x_wconf 80' lang='lat' dir='ltr'><strong>dixerim.</strong></span> <span class='ocrx_word' id='word_1_662' title='bbox 2678 5324 2734 5380; x_wconf 91' lang='lat' dir='ltr'><strong>Si</strong></span> <span class='ocrx_word' id='word_1_663' title='bbox 2758 5322 2901 5397; x_wconf 79' lang='lat' dir='ltr'><strong>quod</strong></span> <span class='ocrx_word' id='word_1_664' title='bbox 2937 5336 3098 5394; x_wconf 91' lang='lat' dir='ltr'><strong>porro</strong></span> <span class='ocrx_word' id='word_1_665' title='bbox 3142 5321 3337 5377; x_wconf 88' lang='lat' dir='ltr'><strong>mirum</strong></span> <span class='ocrx_word' id='word_1_666' title='bbox 3370 5321 3551 5374; x_wconf 88' lang='lat' dir='ltr'><strong>dicere</strong></span> 
     </span>
    </p>
   </div>
   <div class='ocr_carea' id='block_1_90' title="bbox 1963 5400 3546 5487">
    <p class='ocr_par' dir='ltr' id='par_1_90' title="bbox 1963 5400 3546 5487">
     <span class='ocr_line' id='line_1_90' title="bbox 1963 5400 3546 5487; baseline -0.004 -17"><span class='ocrx_word' id='word_1_667' title='bbox 1963 5418 2138 5485; x_wconf 88' lang='lat' dir='ltr'><strong>liceat,</strong></span> <span class='ocrx_word' id='word_1_668' title='bbox 2170 5417 2486 5473; x_wconf 89' lang='lat' dir='ltr'><strong>dormientis</strong></span> <span class='ocrx_word' id='word_1_669' title='bbox 2510 5417 2686 5472; x_wconf 89' lang='lat' dir='ltr'><strong>anima</strong></span> <span class='ocrx_word' id='word_1_670' title='bbox 2715 5413 3107 5487; x_wconf 88' lang='lat' dir='ltr'><strong>quodammodo</strong></span> <span class='ocrx_word' id='word_1_671' title='bbox 3135 5412 3369 5479; x_wconf 90' lang='lat' dir='ltr'><strong>dormit;</strong></span> <span class='ocrx_word' id='word_1_672' title='bbox 3400 5400 3546 5466; x_wconf 69' lang='lat' dir='ltr'><strong>nfor-</strong></span> 
     </span>
    </p>
   </div>
   <div class='ocr_carea' id='block_1_91' title="bbox 1964 5506 3554 5580">
    <p class='ocr_par' dir='ltr' id='par_1_91' title="bbox 1964 5506 3554 5580">
     <span class='ocr_line' id='line_1_91' title="bbox 1964 5506 3554 5580; baseline -0.004 -17"><span class='ocrx_word' id='word_1_673' title='bbox 1964 5510 2037 5565; x_wconf 90' lang='lat' dir='ltr'><strong>tui</strong></span> <span class='ocrx_word' id='word_1_674' title='bbox 2068 5527 2172 5565; x_wconf 91' lang='lat' dir='ltr'><strong>non</strong></span> <span class='ocrx_word' id='word_1_675' title='bbox 2217 5511 2364 5575; x_wconf 90' lang='lat' dir='ltr'><strong>item,</strong></span> <span class='ocrx_word' id='word_1_676' title='bbox 2404 5510 2499 5566; x_wconf 89' lang='lat' dir='ltr'><strong>sed</strong></span> <span class='ocrx_word' id='word_1_677' title='bbox 2542 5510 2745 5580; x_wconf 85' lang='lat' dir='ltr'><strong>vigilat.</strong></span> <span class='ocrx_word' id='word_1_678' title='bbox 2790 5509 2878 5574; x_wconf 88' lang='lat' dir='ltr'><strong>At,</strong></span> <span class='ocrx_word' id='word_1_679' title='bbox 2919 5506 3147 5577; x_wconf 89' lang='lat' dir='ltr'><strong>inquies,</strong></span> <span class='ocrx_word' id='word_1_680' title='bbox 3187 5515 3426 5560; x_wconf 84' lang='lat' dir='ltr'><strong>mortuus</strong></span> <span class='ocrx_word' id='word_1_681' title='bbox 3457 5518 3554 5573; x_wconf 87' lang='lat' dir='ltr'><strong>pu-</strong></span> 
     </span>
    </p>
   </div>
   <div class='ocr_carea' id='block_1_92' title="bbox 1961 5588 3551 5671">
    <p class='ocr_par' dir='ltr' id='par_1_92' title="bbox 1961 5588 3551 5671">
     <span class='ocr_line' id='line_1_92' title="bbox 1961 5588 3551 5671; baseline -0.006 -15"><span class='ocrx_word' id='word_1_682' title='bbox 1961 5602 2144 5657; x_wconf 87' lang='lat' dir='ltr'><strong>trescit</strong></span> <span class='ocrx_word' id='word_1_683' title='bbox 2186 5611 2242 5657; x_wconf 92' lang='lat' dir='ltr'><strong>et</strong></span> <span class='ocrx_word' id='word_1_684' title='bbox 2288 5601 2669 5671; x_wconf 87' lang='lat' dir='ltr'><strong>corrumpitur,</strong></span> <span class='ocrx_word' id='word_1_685' title='bbox 2712 5599 2986 5670; x_wconf 80' lang='lat' dir='ltr'><strong>pulvisque</strong></span> <span class='ocrx_word' id='word_1_686' title='bbox 3028 5606 3084 5652; x_wconf 90' lang='lat' dir='ltr'><strong>et</strong></span> <span class='ocrx_word' id='word_1_687' title='bbox 3128 5596 3262 5652; x_wconf 88' lang='lat' dir='ltr'><strong>cinis</strong></span> <span class='ocrx_word' id='word_1_688' title='bbox 3297 5588 3551 5646; x_wconf 79' lang='lat' dir='ltr'><strong>cilicitur.</strong></span> 
     </span>
    </p>
   </div>
   <div class='ocr_carea' id='block_1_93' title="bbox 1960 5689 3550 5768">
    <p class='ocr_par' dir='ltr' id='par_1_93' title="bbox 1960 5689 3550 5768">
     <span class='ocr_line' id='line_1_93' title="bbox 1960 5689 3550 5768; baseline -0.003 -19"><span class='ocrx_word' id='word_1_689' title='bbox 1960 5693 2095 5762; x_wconf 80' lang='lat' dir='ltr'><strong>Quid</strong></span> <span class='ocrx_word' id='word_1_690' title='bbox 2133 5702 2242 5750; x_wconf 92' lang='lat' dir='ltr'><strong>tum</strong></span> <span class='ocrx_word' id='word_1_691' title='bbox 2278 5693 2422 5762; x_wconf 86' lang='lat' dir='ltr'><strong>inde,</strong></span> <span class='ocrx_word' id='word_1_692' title='bbox 2476 5693 2701 5751; x_wconf 74' lang='lat' dir='ltr'><strong>dilecte?</strong></span> <span class='ocrx_word' id='word_1_693' title='bbox 2749 5692 2873 5748; x_wconf 90' lang='lat' dir='ltr'><strong>ldco</strong></span> <span class='ocrx_word' id='word_1_694' title='bbox 2918 5689 3149 5747; x_wconf 86' lang='lat' dir='ltr'><strong>maxime</strong></span> <span class='ocrx_word' id='word_1_695' title='bbox 3179 5693 3550 5768; x_wconf 79' lang='lat' dir='ltr'><strong>gaudendum.</strong></span> 
     </span>
    </p>
   </div>
  </div>
