4006 6372
532 321 670 391 sets

530 441 741 503 Etenim
772 440 816 494 si
844 438 963 510 quis
989 448 1220 494 veterem
1249 436 1466 493 domum
1489 445 1789 506 quassatam
1823 442 2124 488 restaurare

526 532 674 596 velit,
707 531 878 601 primo
907 529 1234 583 habitatores
1277 526 1441 597 ejicit,
1486 529 1814 595 domumque
1846 523 2030 588 diruit,
2069 531 2125 577 et

528 623 1041 695 magniﬁcentiorem
1064 620 1328 687 exstruit;
1354 619 1514 688 ejecti
1546 633 1671 673 vero
1702 632 1806 671 non
1834 616 1956 671 ideo
1983 629 2121 670 mo:-

526 724 666 782 rent,
699 714 794 771 sed
838 712 1071 783 gaudent
1109 713 1304 782 potius.
1349 710 1467 771 Non
1512 709 1655 777 enim
1698 707 2119 775 demolitionem,

525 826 645 882 qua:
698 809 799 863 sub
847 816 1120 876 aspectum
1167 804 1326 869 cadit,
1373 798 1468 858 sed
1526 802 1763 857 futurum
1812 800 2119 865 aediﬁcium,

523 901 666 972 quod
699 916 803 955 non
825 900 1053 966 videtur,
1077 896 1256 951 animo
1292 904 1560 965 reputant.
1590 895 1664 949 lta
1695 895 1931 949 facturus
1959 893 2117 960 Deus,

523 1009 717 1063 corpus
747 992 1012 1057 dissolvit,
1043 998 1098 1047 et
1141 990 1195 1043 in
1236 988 1330 1043 illo
1359 987 1686 1043 habitantem
1715 985 1947 1039 animam
1974 984 2120 1055 prius

523 1086 721 1150 educit,
765 1099 862 1138 ceu
901 1099 969 1138 ex
1014 1082 1179 1137 domo
1217 1081 1490 1152 quapiam,
1519 1087 1578 1139 ut
1615 1086 1734 1149 post
1777 1077 1832 1133 in
1874 1076 2118 1145 eamdem

524 1178 942 1249 magnificentius
996 1184 1361 1233 constructam
1404 1174 1665 1237 domum,
1713 1171 1945 1225 animam
1995 1183 2116 1223 cum

522 1273 706 1342 majori
734 1271 901 1341 gloria
929 1270 1167 1325 reducat.
1200 1267 1276 1324 Ne
1306 1267 1464 1338 igitur
1483 1264 1881 1322 demolitionem
1909 1269 2120 1332 specte-

522 1382 662 1432 mus,
693 1365 785 1420 sed
819 1364 1051 1426 futurum
1083 1360 1447 1432 splendorem.

588 1459 642 1511 :2.
690 1457 997 1524 lterumque
1034 1454 1079 1509 si
1106 1453 1225 1524 quis
1264 1460 1497 1507 statuam
1526 1448 1727 1502 habens
1769 1448 2013 1518 rubigine
2050 1462 2116 1503 ac

519 1562 761 1618 tempore
792 1546 1190 1611 labefacmtam,
1241 1542 1528 1612 multisque
1565 1540 1803 1610 partibus
1847 1538 2111 1602 mutilam,

519 1644 688 1720 ipsam
713 1640 995 1696 contritam
1042 1640 1093 1692 iu
1127 1637 1396 1693 fornacem
1424 1634 1612 1705 injicit,
1648 1643 1705 1687 ut
1731 1632 1910 1688 flando
1935 1632 2116 1701 splen-

517 1735 776 1788 didiorem
824 1730 1031 1786 reddat.
1079 1727 1538 1797 Quemadmodum
1590 1725 1750 1797 igitur
1794 1724 1844 1780 in
1893 1723 2113 1779 fornace

516 1838 692 1882 statua
721 1826 914 1882 detrita
954 1839 1061 1878 non
1087 1822 1317 1887 deletur,
1349 1820 1444 1876 sed
1483 1828 1789 1893 renovatur,
1824 1817 1902 1873 sic
1939 1827 2112 1872 morte

514 1935 740 1992 corpora
767 1928 948 1975 nostra
974 1933 1080 1972 non
1114 1930 1335 1986 prorsus
1362 1922 1609 1984 pereunt,
1638 1912 1734 1969 sed
1764 1922 2107 1966 renovantur.

514 2013 649 2067 Cum
687 2012 847 2082 igitur
876 2010 1077 2065 videris
1114 2023 1331 2064 carnem
1378 2016 1643 2071 nostram,
1684 2020 1781 2061 ceu
1810 2004 1863 2059 in
1892 2003 2111 2060 fornace

514 2106 838 2161 defluentem
881 2111 936 2159 et
965 2109 1383 2174 putrescentem,
1418 2115 1485 2154 ne
1529 2102 1581 2152 in
1612 2106 1835 2168 aspectu
1875 2097 1965 2151 illo
1993 2106 2107 2152 ste-

518 2198 669 2263 teris,
707 2196 803 2252 sed
844 2195 1023 2251 denuo
1065 2192 1404 2248 eonﬁandam
1453 2200 1724 2261 exspecta.
1777 2187 1961 2260 Neque
2006 2188 2110 2244 hoc

514 2300 720 2347 tantum
745 2288 973 2358 exempli
1002 2287 1163 2341 modo
1191 2293 1471 2341 contentus
1498 2292 1635 2348 esto,
1660 2282 1753 2339 sed
1785 2281 1852 2337 ad
1883 2281 1934 2337 id
1965 2279 2107 2351 quod

515 2386 663 2453 prius
690 2392 773 2438 est
807 2380 1177 2438 ratiocinando
1202 2378 1451 2448 procede.
1499 2376 1798 2432 Statuarius
1823 2375 1989 2443 enim,
2014 2372 2105 2446 qui

510 2492 706 2546 corpus
729 2490 935 2530 mneum
980 2473 1184 2544 injecit,
1215 2488 1319 2527 non
1355 2485 1574 2527 auream
1602 2469 1693 2525 tibi
1722 2478 1779 2525 et
1822 2469 2104 2523 immorta-

510 2569 613 2624 lem
656 2567 832 2623 reddit
858 2575 1111 2632 statuam,
1141 2565 1238 2620 sed
1268 2579 1472 2620 teneam
1513 2577 1725 2618 rursum
1753 2562 1935 2618 efficit.
1960 2561 2105 2617 Con-

509 2671 589 2717 tra
637 2675 767 2715 vero
820 2659 984 2726 Deus,
1036 2658 1183 2712 luteo
1237 2671 1299 2711 ac
1342 2656 1558 2711 morta!i
1601 2653 1800 2724 injecto
1847 2667 2095 2724 corpore,

507 2765 724 2806 auream
777 2758 831 2805 et
874 2747 1235 2803 immortalem
1285 2746 1378 2801 tibi
1427 2753 1659 2801 statuam
1709 2743 1927 2800 reddit:
1960 2752 2102 2800 terra

507 2844 673 2908 enim,
705 2858 825 2914 quae
847 2842 1046 2896 ﬂuxum
1078 2856 1143 2896 ac
1166 2839 1514 2911 corruptibile
1540 2854 1735 2909 corpus
1761 2838 1988 2909 accepit,
2020 2838 2131 2894 in-.

505 2936 853 3007 corruptibile
900 2935 1030 2989 illud
1073 2943 1129 2990 et
1168 2932 1472 2989 immortale
1516 2931 1769 2988 restituit.
1814 2931 1891 2987 Ne
1921 2932 2101 3002 itaque

505 3029 764 3083 iutuearis
812 3042 957 3093 eum,
1005 3026 1157 3096 cujus
1201 3025 1369 3081 clausi
1415 3032 1540 3079 sunt
1578 3024 1740 3090 oculi,
1790 3023 1881 3094 qui
1919 3032 2100 3079 mutus

500 3121 659 3193 jacet,
694 3119 789 3175 sed
817 3134 964 3188 eum,
999 3120 1088 3190 qui
1113 3127 1358 3188 resurget
1384 3126 1438 3172 et
1458 3117 1685 3188 accipiet
1708 3117 1931 3188 gloriam
1957 3116 2099 3172 inef-

503 3214 717 3270 fabilem
744 3221 798 3268 et
818 3212 1132 3283 stupendum
1160 3210 1589 3282 mirabilemque,
1615 3219 1774 3280 atque
1793 3226 1822 3265 a
1846 3211 2099 3281 praesenti

502 3305 807 3376 hujusmodi
839 3312 1056 3374 aspectu
1092 3303 1443 3374 cogitationes
1474 3301 1707 3358 transfer
1736 3302 1790 3357 in
1830 3317 1981 3374 spem
2011 3302 2096 3358 fu-

502 3409 696 3454 turam.
740 3401 811 3453 At
841 3397 1284 3453 consuetudinem
1324 3396 1574 3466 requiris,
1606 3395 1835 3466 ideoque
1866 3396 2098 3467 ingemi-

499 3493 606 3547 scis
641 3506 704 3546 ac
730 3490 917 3561 luges?
956 3490 1023 3544 Et
1049 3490 1139 3559 qui
1177 3505 1283 3544 non
1323 3486 1617 3544 absurdum
1648 3487 1825 3553 fuerit,
1861 3487 1926 3556 si,
1971 3502 2094 3543 cum

499 3570 700 3654 sponso
748 3581 979 3652 cuipiam
1028 3580 1191 3635 ﬁliam
1240 3579 1612 3645 collocaveris,
1660 3579 1857 3649 illeque
1908 3593 2093 3635 secum

498 3694 617 3735 eam
650 3678 702 3732 in
731 3678 1079 3747 longinquam
1118 3677 1391 3747 regionem
1420 3676 1725 3745 abduxerit,
1765 3677 1947 3748 ibique
1976 3693 2093 3733 rem

500 3756 757 3841 prospere
800 3770 1046 3840 gesserit,
1087 3786 1202 3824 retu
1252 3785 1357 3823 non
1403 3769 1683 3825 molestam
1733 3748 1907 3833 ducis,
1955 3770 2095 3826 bene

496 3872 663 3934 gcshe
698 3863 776 3917 rei
805 3862 943 3917 fama
972 3862 1228 3917 absentiae
1250 3862 1492 3917 dolorem
1519 3861 1756 3918 leniente
1783 3881 1796 3916 :
1822 3862 1910 3919 hic
1939 3878 2089 3929 vero,

495 3958 618 4009 eum
655 3968 759 4007 non
804 3952 989 4017 homo,
1029 3968 1135 4007 non
1185 3967 1500 4018 conservus,
1546 3952 1640 4009 sed
1681 3953 1797 4025 ipse
1834 3955 2093 4014 Dominus

494 4055 778 4113 cognatum
816 4056 964 4102 tuum
1004 4048 1263 4120 abripuit,
1319 4061 1548 4102 mmreas
1575 4054 1632 4103 et
1656 4048 1957 4105 crucierts?

567 4137 760 4194 Luctus
788 4155 909 4211 erga
938 4138 1204 4213 defunctos
1222 4139 1388 4210 qualis
1410 4155 1518 4195 esse
1546 4138 1741 4196 debeat.
1762 4170 1836 4183 —-
1860 4142 1927 4197 Et
1953 4157 2091 4213 (ιυο-

493 4229 675 4298 modo,
707 4230 939 4301 inquies,
974 4230 1136 4285 homo
1162 4245 1284 4289 cum
1308 4230 1431 4297 sim,
1455 4231 1658 4302 possim
1686 4247 1794 4288 non
1821 4232 2094 4289 mearet-ei

492 4321 676 4393 Neque
700 4338 800 4394 ego
829 4322 881 4378 id
912 4325 1121 4393 postulo
1150 4342 1164 4379 :
1197 4340 1304 4380 non
1331 4340 1624 4392 maerorem
1650 4337 1795 4395 veto,
1835 4327 1929 4383 sed
1956 4343 2093 4385 mm-

492 4415 633 4489 roris
654 4413 1072 4470 vehementiam.
1094 4414 1322 4471 Moerere
1349 4431 1599 4487 namque,
1632 4426 1838 4473 natura:
1863 4427 1966 4484 est,
1993 4419 2091 4476 sed

491 4507 631 4563 ultra
661 4508 877 4562 modum
904 4524 1158 4576 moerere,
1192 4509 1411 4574 furoris,
1440 4512 1685 4579 insaniae,
1708 4512 2091 4583 muliebrisque

490 4600 677 4678 animi.
722 4599 909 4666 Moere,
955 4601 1280 4672 lacrymare;
1327 4601 1423 4657 sed
1459 4617 1529 4659 ne
1574 4618 1716 4674 mgre
1761 4607 2090 4674 molesteque

486 4693 649 4757 feras,
682 4707 753 4747 ne
782 4692 1090 4763 indigneris.
1122 4692 1333 4749 Gratias
1373 4709 1471 4764 age
1512 4694 1586 4758 ei,
1617 4695 1706 4765 qui
1751 4696 1988 4763 abstulit,
2030 4705 2091 4754 ut

486 4783 801 4840 defunctum
844 4786 1094 4853 exerues,
1121 4785 1344 4856 ejusque
1376 4786 1550 4843 funeri
1578 4788 1692 4842 hare
1715 4788 1859 4857 justa
1901 4790 2088 4859 spieu-

485 4875 613 4931 dide
640 4877 935 4946 persolvas,
976 4876 1183 4946 ipsrque
1219 4876 1418 4932 mittas.
1447 4876 1504 4933 Si
1546 4880 1770 4935 moleste
1795 4879 1955 4947 feras,
1986 4881 2088 4951 ipsi

485 4971 905 5027 contumeliosus
931 4986 1012 5039 es,
1056 4971 1223 5028 Deum
1249 4971 1563 5037 exacerbas,
1594 4982 1750 5045 teque
1776 4974 1950 5044 ipsum
1987 4974 2088 5029 da-

484 5078 612 5118 mno
643 5062 848 5129 afficis;
872 5065 952 5119 sin
975 5066 1170 5135 gratias
1187 5079 1334 5135 agas,
1368 5065 1443 5119 illi
1473 5064 1753 5130 honorem,
1778 5067 1887 5121 Deo
1911 5067 2085 5136 ipsum

481 5154 765 5224 abripienti
800 5157 1044 5227 gloriam,
1075 5157 1168 5213 tibi
1196 5157 1403 5212 lucrum
1440 5173 1717 5227 procuras.
1737 5156 2083 5229 Lacrymare,

481 5254 541 5299 ut
570 5246 826 5302 Dominus
856 5258 975 5304 tuus
1005 5249 1261 5304 Lazarum
1289 5248 1443 5315 luxit,
1475 5250 1692 5304 modum
1725 5248 1898 5315 nobis,
1930 5266 2091 5321 regu-

484 5340 589 5394 lam
623 5340 1016 5411 terminumque
1054 5340 1255 5397 doloris
1293 5356 1518 5412 ponens,
1550 5356 1708 5412 quem
1739 5343 2084 5413 praetergredi

482 5447 589 5487 non
613 5432 759 5509 licet.
812 5432 902 5488 Sic
944 5444 999 5487 et
1041 5433 1236 5489 Paulus
1265 5434 1377 5489 ait:
1406 5433 1486 5489 De
1514 5434 1877 5490 dormientibus
1916 5445 2086 5491 autem

484 5524 603 5577 nolo
630 5540 715 5577 vos
745 5526 1000 5596 ignorare,
1044 5534 1098 5578 ut
1124 5542 1226 5580 non
1263 5528 1625 5582 ωηο-ἰδίεινιὲιή
1652 5532 1781 5583 sicut
1823 5540 1868 5584 et
1893 5531 2083 5599 caeleri,

483 5616 571 5683 qui
599 5604 739 5685 spent
778 5635 878 5672 non
908 5618 1091 5672 habent
1120 5620 1196 5689 (l.
1231 5618 1410 5673 Thess.
1442 5621 1497 5675 4.
1527 5621 1642 5691 12).
1675 5621 1859 5688 Mmre,
1892 5622 2082 5692 inquit,

485 5716 539 5757 at
573 5720 677 5757 non
720 5715 778 5760 ut
819 5707 1092 5775 Ethnicus,
1142 5710 1233 5780 qui
1280 5710 1349 5764 de
1390 5713 1783 5768 resurrectione
1813 5714 2080 5784 desperat,

485 5807 579 5879 qut
618 5794 850 5853 futuram
889 5797 1055 5857 vitam
1095 5815 1205 5858 non
1250 5812 1536 5875 exspectat.
1589 5805 1757 5864 Pudet
1801 5822 1906 5876 me,
1950 5808 2083 5887 mihi

1277 287 1337 374 S.
1375 314 1656 373 JOANNIS
1690 309 2166 371 CHRYSOSTOMI
2204 309 2524 368 ARCIIIEP.
2564 310 3100 377 CONSTANTINOP.

3660 325 3766 385 im

2237 429 2459 494 credite,
2491 439 2544 486 et
2569 432 2851 498 erubesco,
2878 449 3001 490 cum
3030 451 3124 505 per
3152 433 3326 493 forum
3356 436 3503 493 video
3537 441 3766 505 mulierum

2236 530 2461 588 turmas,
2493 522 2743 579 indecore
2783 535 3025 596 agentes,
3055 528 3276 597 capillos
3305 530 3568 595 vellentes,
3597 532 3767 592 brachia

2230 628 2501 684 genasque
2529 615 2858 683 lacerantes;
2883 618 3043 690 idque
3061 635 3241 677 coram
3270 622 3522 680 Ethnicis.
3547 626 3667 695 Quid
3687 646 3766 685 non

2232 703 2304 757 illi
2345 705 2411 758 de
2443 707 2596 763 nobts
2625 709 2838 778 dteturi,
2879 711 3007 780 quid
3050 728 3159 768 tton
3200 714 3529 772 vociferaturi
3556 722 3766 781 suntilii

2230 805 2357 851 sunt
2380 798 2467 866 qui
2499 797 2567 854 de
2607 803 3001 883 resurrectione
3034 803 3508 876 philosophantur?
3533 809 3658 867 Sane
3680 815 3769 883 qui-

2230 886 2373 941 dem.
2412 888 2529 944 Non
2567 882 2710 945 enini
2736 907 2857 947 cum
2885 894 3222 965 dogmatibus
3246 906 3398 968 gesta
3434 882 3763 960 consentiunt:

2229 980 2406 1034 verbis
2451 982 2665 1052 quidem
2707 984 2776 1040 de
2821 988 3214 1043 resurrectione
3244 989 3665 1061 philosophantur
3690 1013 3702 1047 :
3727 1008 3771 1048 re

2226 1082 2402 1131 autem
2445 1073 2557 1144 ipsa
2598 1076 2818 1146 perinde
2857 1093 2918 1134 se
2953 1088 3167 1150 gerunt,
3205 1091 3365 1152 atque
3406 1082 3499 1148 illi,
3539 1084 3621 1154 qui
3643 1084 3766 1145 dea

2225 1164 2548 1236 desperant:
2579 1171 2624 1224 si
2669 1174 3116 1230 resurrectionem
3160 1174 3274 1231 fore
3311 1177 3645 1245 conﬁderent,
3673 1180 3766 1235 talia

2226 1273 2330 1311 non
2358 1269 2581 1329 agerent
2607 1278 2621 1315 :
2653 1262 2698 1317 si
2727 1278 3038 1333 persuasum
3068 1265 3347 1335 haberent,
3374 1267 3513 1324 hunc
3536 1268 3597 1324 ad
3615 1269 3767 1325 melio-

2224 1365 2337 1405 rem
2369 1354 2557 1409 fortem
2587 1355 2803 1422 abiisse,
2834 1374 2949 1435 ~non
2981 1361 3163 1432 utique
3200 1362 3463 1433 lugerent.
3497 1364 3615 1420 Haec
3636 1374 3682 1421 et
3703 1366 3768 1422 his

2224 1446 2372 1515 plura
2417 1447 2600 1504 dicunt
2639 1451 2902 1518 inﬁdeles,
2953 1468 3076 1510 cum
3118 1455 3277 1512 talem
3327 1456 3549 1512 audiunt
3582 1458 3764 1514 luctum.

2222 1539 2615 1602 Erubescamus
2659 1559 2809 1616 ergo,
2857 1556 2914 1602 et
2971 1547 3300 1606 moderatius
3345 1566 3578 1622 agamus,
3625 1567 3764 1623 neqms

2222 1640 2427 1687 tantum
2464 1644 2519 1691 et
2552 1638 2707 1699 nobis
2738 1639 2864 1712 ipsis
2892 1650 2948 1697 et
2975 1644 3371 1712 spectatoribus
3397 1645 3570 1701 damni
3605 1646 3765 1702 infera-

2219 1740 2360 1780 mus.
2390 1726 2519 1795 Cur,
2550 1745 2753 1800 quaeso,
2784 1733 2863 1787 sic
2892 1733 3200 1791 defunctum
3227 1737 3416 1808 luges?
3453 1740 3532 1794 Au
3556 1741 3662 1811 quia
3684 1741 3763 1795 itu-

2219 1818 2419 1888 probus
2459 1824 2612 1893 erat?
2656 1826 2815 1899 Atqui
2860 1826 2981 1890 ideo
3016 1829 3201 1903 gratia:
3228 1830 3471 1903 agendze,
3506 1832 3635 1903 quod
3674 1835 3766 1903 ejus

2217 1911 2532 1981 improbitas
2575 1918 2797 1987 prmcisa
2838 1919 3017 1976 fuerit.
3066 1923 3137 1977 At
3175 1921 3315 1992 frugi
3363 1932 3419 1980 et
3458 1924 3620 1983 bonus
3644 1928 3765 1997 erat?

2216 2003 2343 2059 Ideo
2382 2005 2551 2062 laetari
2600 2011 2872 2079 convenit,
2909 2011 3053 2089 quod
3093 2014 3201 2073 cito
3249 2015 3505 2086 abreptus
3541 2018 3622 2081 sit,
3651 2018 3765 2087 prius

2214 2111 2373 2167 quam
2404 2097 2720 2170 improbitas
2748 2105 3132 2177 conscientiam
3159 2106 3277 2177 ejus
3304 2116 3552 2176 mutaret,
3579 2108 3763 2165 abierit-

2212 2202 2318 2259 que
2347 2189 2399 2244 in
2428 2192 2627 2261 locum,
2652 2195 2742 2249 ubi
2773 2195 2827 2250 in
2855 2204 2966 2263 tuto
2997 2208 3256 2266 versatur,
3289 2214 3467 2270 neque
3494 2200 3589 2255 ulla
3621 2208 3765 2255 muta-

2213 2280 2288 2347 tio
2317 2284 2620 2340 metuenda.
2653 2285 2757 2341 Sed
2792 2285 3005 2358 juvenis
3048 2290 3207 2345 erat?
3232 2290 3440 2347 Idcirco
3465 2293 3670 2363 gloriam
3700 2309 3765 2347 ra-

2212 2373 2378 2443 pienti
2432 2375 2542 2433 Deo
2592 2377 2814 2444 referas,
2868 2380 3009 2451 quod
3058 2382 3167 2437 cito
3216 2382 3370 2438 illum
3413 2384 3479 2439 ad
3529 2384 3761 2439 meliorem

2211 2474 2413 2521 sortem
2444 2468 2741 2525 vocaverit.
2775 2470 2955 2528 Senex
2985 2474 3133 2529 erat?
3162 2473 3241 2530 οι)
3269 2474 3326 2530 id
3355 2476 3535 2547 gratia:
3560 2477 3760 2548 agendae,

2210 2557 2407 2613 iterum
2438 2560 2665 2630 rapienti
2700 2562 2811 2627 Deo
2839 2564 3065 2635 gloriam
3098 2565 3324 2623 referas.
3373 2569 3524 2643 Hunc
3548 2567 3763 2625 efferendi

2209 2649 2429 2705 modum
2462 2652 2741 2710 erubesce.
2789 2654 3128 2726 Psalmodite,
3176 2673 3395 2739 preces,
3424 2670 3620 2731 patrum
3657 2675 3761 2723 con~

2208 2750 2421 2809 ventus,
2456 2741 2679 2801 fratrum
2709 2746 2996 2803 multitudo
3041 2756 3225 2818 tanta;
3268 2749 3393 2806 hmo
3433 2752 3652 2822 inquam,
3679 2766 3761 2815 non

2207 2832 2330 2890 ideo
2368 2834 2584 2905 adsunt,
2626 2847 2685 2893 ut
2722 2837 2876 2906 fleas,
2918 2855 3149 2912 maereas
3193 2848 3248 2897 et
3284 2841 3595 2914 indigneris,
3620 2841 3763 2897 sedut

2205 2926 2405 2994 gratias
2435 2928 2486 2983 ei
2517 2944 2665 3003 agas,
2711 2931 2801 3001 qui
2831 2930 3142 2988 defunctum
3185 2934 3419 3005 accepit.
3452 2935 3763 3005 Quemadmo-

2206 3019 2332 3075 dum
2371 3022 2517 3077 enim
2559 3037 2675 3091 eos,
2703 3023 2795 3094 qui
2837 3023 2905 3079 ad
2948 3024 3314 3096 magistratum
3347 3037 3612 3096 vocantur,
3640 3027 3763 3101 multl

2204 3129 2326 3170 cum
2381 3114 2629 3171 laudibus
2677 3124 2731 3171 et
2779 3117 3169 3176 acclamatione
3215 3120 3571 3188 comitantur;
3625 3122 3684 3175 ita
3719 3128 3759 3174 et

2203 3216 2439 3275 sanctos,
2497 3208 2590 3278 qui
2634 3208 3005 3278 decesserunt,
3055 3218 3242 3280 utpote
3284 3213 3379 3289 qui
3424 3213 3491 3270 ad
3544 3213 3759 3283 majorem

2203 3312 2499 3357 evocentur
2524 3300 2809 3371 honorem,
2838 3318 2960 3358 cum
2988 3305 3193 3376 magnis
3221 3320 3416 3363 omnes
3437 3306 3666 3364 laudibus
3688 3304 3758 3360 de-

2201 3393 2422 3450 ducunt.
2654 3389 2675 3395 “

2275 3487 2421 3543 Mors
2455 3489 2596 3560 quies
2645 3489 2995 3546 est.-—Mors
3022 3491 3175 3562 quies
3213 3505 3317 3560 est,
3352 3504 3408 3552 et
3453 3510 3483 3550 a
3520 3494 3758 3553 sudoribus

2200 3579 2449 3650 curisque
2472 3579 2821 3637 szecularibus
2849 3580 3113 3638 liberatio.
3140 3581 3276 3638 Cum
3304 3584 3463 3656 igitur
3487 3602 3548 3642 ex
3579 3584 3757 3655 propiti-

2199 3672 2318 3743 quis
2338 3672 2571 3744 aliquem
2593 3672 2791 3729 videris
2813 3673 2938 3729 hinc
2966 3673 3277 3743 abeuntem,
3312 3693 3381 3733 ne
3406 3678 3611 3749 indigne
3628 3676 3755 3743 fetas,

2199 3765 2293 3821 sed
2318 3758 2695 3838 eompungere‘,
2728 3766 2793 3821 ad
2823 3768 3048 3839 teipsum
3072 3769 3207 3834 redi,
3239 3774 3615 3829 conscientiam
3641 3785 3761 3826 scru-

2200 3867 2337 3925 tare,
2381 3859 2484 3916 hoc
2523 3861 2827 3927 considera,
2882 3863 3029 3919 brcvi
3082 3880 3264 3933 parem
3326 3867 3420 3923 tibi
3465 3866 3759 3929 subeundum

2198 3967 2321 4008 esse
2361 3952 2543 4009 ﬁnem.
2578 3954 2989 4034 Temperantior
3025 3968 3164 4024 esto,
3197 3968 3252 4014 et
3281 3961 3506 4017 alterius
3530 3972 3684 4017 morte
3703 3960 3758 4013 ti-

2198 4059 2345 4099 mcre
2374 4044 2542 4115 disce,
2566 4044 2831 4116 ignaviam
2875 4063 3093 4103 omnem
3133 4051 3386 4120 praecide,
3417 4052 3550 4109 facta
3588 4065 3663 4108 tua
3685 4067 3758 4106 ex-

2198 4137 2390 4207 pende,
2423 4146 2598 4195 errata
2628 4140 2857 4211 corrige,
2886 4141 3142 4211 optimam
3182 4141 3268 4198 fac
3308 4162 3519 4201 morum
3548 4144 3761 4201 mutatioe

2199 4244 2344 4284 nem.
2372 4228 2485 4293 Hoc
2510 4228 2579 4285 ab
2610 4229 2916 4287 inﬁdelibus
2941 4231 3259 4299 differimus,
3289 4238 3435 4307 quod
3461 4239 3608 4292 aliter
3628 4246 3761 4305 atque

2197 4320 2272 4376 illi
2295 4320 2361 4376 de
2388 4320 2549 4376 rebus
2568 4320 3036 4392 ipsisjudicemus.
3066 4324 3303 4394 Respicit
3328 4327 3556 4385 inﬁdelis
3582 4326 3757 4391 caelum,

2195 4422 2251 4469 et
2272 4412 2482 4481 adorat,
2512 4412 2658 4484 quod
2698 4412 2859 4470 deum
2904 4430 3025 4471 esse
3062 4415 3246 4473 credat
3280 4435 3296 4473 :
3327 4426 3526 4476 terram
3556 4417 3757 4488 respicit,

2195 4506 2476 4577 ipsamque
2497 4506 2647 4573 colit,
2677 4514 2735 4573 et
2761 4507 2849 4574 iis,
2874 4523 2992 4578 qute
3019 4509 3071 4563 in
3111 4523 3331 4565 sensum
3353 4511 3570 4576 eadunt,
3600 4507 3754 4565 inhiat.

2195 4597 2267 4652 At
2294 4613 2392 4655 nos
2412 4613 2606 4655 secus:
2632 4599 2878 4658 videmus
2905 4602 3050 4656 enim
3078 4602 3293 4671 caelum,
3322 4612 3375 4659 et
3400 4603 3520 4673 ejus
3545 4602 3757 4673 opificem

2194 4691 2524 4747 admiramur
2554 4710 2567 4746 :
2596 4693 2771 4762 ipsum
2800 4694 2995 4765 quippe
3035 4709 3142 4750 non
3169 4695 3349 4761 deum,
3378 4697 3477 4752 sed
3519 4697 3606 4752 Dei
3634 4691 3754 4766 upifi‘

2194 4784 2336 4857 cium
2373 4798 2494 4845 esse
2523 4785 2816 4845 credimus.
2863 4783 3035 4851 Video
3068 4787 3326 4842 mundum
3370 4789 3684 4852 universum,
3709 4798 3754 4839 ac

2194 4890 2291 4945 per
2315 4875 2463 4932 illum
2490 4875 2729 4933 deducor
2783 4876 2849 4945 ad
2889 4887 3206 4943 creatorem.
3240 4878 3397 4935 Videt
3439 4880 3532 4936 ille
3556 4878 3756 4943 divitias,

2195 4968 2432 5040 ipsisque
2461 4969 2628 5024 inhiat
2668 4978 2724 5037 et
2749 4970 3077 5041 obstupescit
3104 4991 3118 5027 :
3144 4972 3301 5029 video
3346 4983 3402 5029 et
3428 4990 3528 5046 ego
3554 4973 3756 5034 divitias,

2193 5068 2249 5117 et
2277 5060 2494 5117 irrideo.
2526 5061 2683 5116 Videt
2723 5062 2811 5117 ille
2843 5072 3233 5134 paupertatem,
3253 5074 3306 5119 et
3333 5065 3631 5135 ingemiscit
3654 5080 3667 5116 :
3694 5062 3758 5114 vi-

2193 5152 2296 5221 deo
2322 5162 2376 5206 et
2404 5168 2503 5222 ego
2528 5161 2919 5222 paupertatem,
2948 5163 3001 5207 et
3022 5155 3252 5209 exsulto.
3278 5155 3399 5210 Alio
3415 5171 3536 5227 ego,
3562 5155 3658 5209 alio
3686 5149 3756 5205 ille

2192 5244 2356 5322 modo
2383 5260 2469 5300 res
2501 5245 2835 5314 inspicimus.
2878 5245 2968 5301 Sic
3000 5232 3054 5300 et
3098 5248 3151 5300 iu
3183 5259 3353 5304 morte
3383 5265 3481 5303 nos
3507 5249 3753 5319 gerimus;

2194 5337 2341 5392 videt
2387 5337 2477 5405 ille
2519 5347 2815 5413 mortuum,
2856 5346 2911 5393 et
2950 5348 3219 5411 mortuum
3265 5348 3459 5410 putat:
3492 5340 3638 5394 video
3674 5349 3756 5403 ego

2193 5441 2488 5500 mortuum,
2513 5441 2567 5486 et
2587 5447 2834 5507 somnum
2866 5447 2964 5502 pro
3005 5442 3181 5491 morte
3210 5434 3383 5490 video.
3428 5435 3505 5488 Ac
3528 5427 3752 5502 quemado

2194 5522 2412 5578 modum
2444 5524 2498 5577 in
2528 5523 2697 5579 literis
2734 5524 2948 5589 accidit,
2991 5534 3049 5580 ut
3079 5527 3267 5581 iisdem
3296 5526 3465 5581 oculis
3492 5526 3626 5595 ipsas
3652 5534 3749 5575 cer-

2193 5630 2404 5681 namus,
2433 5615 2574 5690 d_octi
2619 5624 2673 5671 et
2712 5616 2934 5681 indocti,
2984 5632 3085 5672 nec
3125 5618 3311 5685 eadem
3355 5628 3530 5671 tamen
3572 5622 3748 5674 mente;

2193 5707 2392 5776 sedqui
2422 5708 2605 5761 literas
2635 5724 2740 5761 non
2768 5716 2985 5774 norunt,
3017 5723 3111 5764 eas
3140 5710 3310 5764 solum
3337 5724 3435 5779 pro
3462 5708 3638 5761 litteris
3670 5704 3746 5753 hal-

2195 5803 2381 5871 bcant,
2418 5802 2505 5874 qui
2533 5816 2660 5858 vero
2704 5809 2926 5869 norunt,
2968 5816 3159 5874 magna
3191 5811 3305 5858 arte
3346 5816 3559 5858 sensum
3586 5799 3633 5859 iu
