4006 6432
178 403 346 463 1019

175 520 310 573 Kal
355 521 505 583 τοὺς
544 517 908 588 ἐκϐληθέντας
944 516 1004 570 οὐ
1052 514 1215 569 λυπεῖ
1243 512 1304 566 rb
1336 512 1644 583 γινόμενον,
1680 508 1815 564 ἀλλὰ

179 604 296 659 καὶ
338 601 644 672 εὐφραίνει
688 601 872 655 πλέον’
922 600 984 653 οὐ
1028 597 1137 670 γὰρ
1178 599 1245 669 τῇ
1282 595 1601 667 καθαιρέσει
1647 609 1820 664 προσ-

178 688 401 758 έχουσι
427 688 500 756 τῇ
520 684 850 756 βλεπομένη,
880 682 1020 738 ἀλλά
1044 681 1142 752 τὴν
1167 680 1468 751 μέλλουσαν
1492 678 1780 748 οἰκοδομὴν
1795 688 1822 717 ι

181 771 598 840 φαντάζονται
631 770 732 840 τὴν
770 770 829 821 οὐ
858 767 1216 839 βλεπομένην.
1250 764 1408 819 Οὕτω
1432 763 1496 834 δὴ
1528 764 1621 817 καὶ
1646 761 1824 824 ὁΘεῢς

181 857 395 910 ποιεῖν
474 853 685 926 μέλλων
726 850 986 906 καταλύει
1029 850 1189 922 ἡμῶν
1238 849 1301 903 τὸ
1334 848 1528 918 σῶμα,
1577 847 1673 901 καλ⁸
1726 846 1822 917 τὴν

182 937 551 993 ἐνοικοῦσαν
581 940 638 991 ἐν
666 936 814 1007 αὐτῷ
847 936 1024 1007 ψυχὴν
1051 935 1234 1005 ἐξάγει
1261 933 1547 1005 πρότερον,
1567 930 1821 1002 καθάπερ

188 1024 254 1091 ἐξ
283 1024 495 1086 οἰκίας
517 1022 683 1087 τινὸς,
713 1022 800 1075 ἵνα
821 1020 1210 1093 λαμπροτέραν
1237 1019 1405 1087 αὐτὴν
1432 1017 1819 1087 οἰκοδομήσας,

188 1105 354 1177 μετά
374 1105 637 1168 πλείονος
676 1105 845 1174 αὐτὴν
860 1104 1017 1173 δόξης
1035 1102 1305 1175 εἰσαγάγῃ
1330 1100 1512 1155 πάλιν.
1532 1101 1624 1170 Μὴ
1641 1100 1821 1153 τοίνυν

185 1194 262 1262 τῇ
306 1188 656 1260 καθαιρέσει
695 1188 1074 1261 προσέχωμεν,
1094 1185 1232 1241 ἀλλά
1266 1187 1332 1256 τῇ
1378 1182 1646 1256 μελλούσῃ
1679 1185 1824 1254 λαμ-

185 1274 483 1346 πρότητι.

265 1357 349 1430 β’.
371 1357 559 1410 Πάλιν
581 1356 873 1428 ἀνδριάντα
902 1374 986 1420 τις
1014 1355 1154 1427 έχων
1178 1354 1241 1426 ίῷ
1256 1354 1347 1408 καὶ
1366 1353 1545 1425 χρόνῳ
1564 1352 1822 1424 διεφθαρ-

192 1443 408 1515 μένον,
470 1443 566 1495 καὶ
601 1442 774 1495 πολλὰ
798 1441 906 1495 τῶν
940 1440 1122 1512 μερῶν
1164 1436 1657 1509 ἀποτεθλασμένον,
1694 1455 1823 1490 συν-

188 1526 420 1597 τρίψας
464 1525 631 1580 αὐτὸν
661 1527 741 1589 εἰς
794 1525 1161 1596 χωνευτήριον
1204 1521 1486 1593 ἐμϐάλλει,
1519 1522 1614 1575 καὶ
1654 1520 1823 1592 τήξας

193 1611 382 1665 αὐτὸν
464 1608 743 1681 ἀκριϐῶς,
806 1608 950 1661 οὕτω
1020 1606 1406 1679 λαμπρότερον
1472 1604 1820 1660 ἀποδίδωσιν.

194 1694 443 1767 ’Ὠσπερ
468 1690 565 1747 οῦν
593 1695 626 1764 ἡ
664 1694 721 1746 ἐν
759 1692 837 1764 τῷ
876 1691 1227 1763 χωνευτηρίῳ
1268 1690 1526 1762 συντριϐὴ
1555 1692 1655 1744 οὐκ
1684 1690 1825 1760 ἀφα-

195 1778 439 1849 νισμὸς,
472 1777 612 1830 ἀλλά
641 1775 1039 1846 ἀνακαινισμός
1091 1773 1173 1839 τίς
1208 1774 1323 1827 ἐστι
1364 1772 1459 1826 τοῦ
1508 1772 1825 1845 ἀνδριάντος

193 1861 463 1916 ἐκείνου·
494 1858 639 1912 οὕτω
664 1857 889 1912 καὶτῶν
923 1856 1209 1928 ἡμετέρων
1238 1858 1507 1926 σωμάτων
1537 1858 1564 1909 6
1593 1856 1826 1920 θάνατος

198 1946 307 1999 οὐκ
332 1942 606 1997 ἀπώλειά
632 1942 714 2006 τίς
738 1943 906 2004 ἐστιν,
925 1940 1061 1994 ἀλλά
1095 1940 1419 2003 ἀνανέωσις.
1446 1939 1615 1993 Ὅταν
1643 1939 1825 1994 τοίνυν

198 2028 351 2101 ἴδῃς,
400 2025 671 2097 καθάπερ
719 2026 778 2079 ἐν
812 2022 1184 2096 χωνευτηρίῳ,
1218 2023 1635 2095 καταρρέουσαν
1667 2023 1824 2094 ἡμῶν

197 2105 306 2182 τὴν
347 2111 550 2182 σάρκα
576 2109 672 2162 καὶ
702 2107 1041 2179 σηπομένην,
1063 2107 1137 2178 μὴ
1168 2109 1299 2177 στῇς
1329 2106 1493 2177 μέχρι
1519 2105 1621 2175 τῆς
1649 2104 1826 2174 ὅψεως

199 2193 447 2265 ταύτης,
483 2192 628 2246 ἀλλὰ
652 2192 754 2264 τὴν
782 2191 1155 2262 ἀναχώνευσιν
1183 2190 1441 2260 ἀνάμενε·
1462 2189 1559 2243 καὶ
1584 2189 1719 2260 μηδὲ
1745 2187 1825 2259 τῷ

206 2277 411 2348 μέτρῳ
443 2274 552 2329 τοῦ
596 2275 1042 2347 παραδείγματος
1072 2274 1351 2347 ἁρκεσθῇς
1375 2274 1573 2345 τούτῳ,
1601 2273 1717 2327 ἀλλ’
1733 2274 1827 2327 ἐπὶ

200 2361 268 2413 τὸ
296 2360 591 2432 πρότερον
625 2358 856 2430 πρόελθε
897 2358 963 2429 τῷ
996 2358 1161 2429 λόγῳ.
1211 2357 1268 2411 Ὀ
1303 2356 1403 2427 μὲν
1438 2355 1548 2427 γάρ
1573 2355 1824 2426 ἀνδριανο

200 2444 440 2506 τοποιὸς
510 2441 749 2513 χαλκοῦν
802 2440 1057 2513 ἐμϐαλὼν
1111 2440 1301 2510 σῶμα,
1353 2440 1414 2493 οὐ
1463 2438 1699 2511 χρυσοῦν
1733 2439 1828 2493 καὶ

206 2527 505 2583 ἀθάνατόν
534 2544 617 2580 σοι
641 2526 936 2579 ἀποδίδωσι
961 2525 1053 2578 τὸν
1083 2525 1399 2597 ἀνδριάντα,
1426 2523 1565 2579 ἀλλά
1592 2523 1828 2595 χαλκοῦν

204 2609 532 2685 ἐργάζεται
570 2609 752 2664 πάλιψ
780 2609 810 2661 6
839 2608 895 2662 δὲ
916 2607 1048 2672 Θεὸς
1080 2608 1180 2678 οὐχ
1203 2606 1395 2671 οὕτως,
1439 2607 1576 2662 ἀλλά
1606 2608 1830 2679 πήλινον

207 2695 307 2750 καὶ
350 2692 580 2763 θνητὸν
624 2690 883 2763 ἐμϐαλὼν
917 2691 1097 2762 σῶμα,
1150 2690 1388 2762 χρυσοῦν
1433 2691 1530 2745 καὶ
1562 2691 1830 2746 ἀθάνατον

214 2775 536 2831 ἀποδίδωσί
595 2791 677 2828 σοι
729 2775 823 2830 τὸν
881 2774 1210 2847 ἀνδριάντα·
1257 2775 1499 2846 φθαρτὸν
1548 2775 1660 2847 γὰρ
1688 2778 1721 2846 ἡ
1754 2774 1831 2846 γῆ

214 2860 501 2931 δεξαμένη
536 2858 602 2911 τὸ
631 2857 789 2929 σῶμα
820 2861 911 2912 καὶ
937 2858 1223 2928 ἐπίκηρον,
1263 2858 1540 2930 ἄφθαρτον
1575 2860 1670 2912 καὶ
1695 2859 1833 2929 ἀκή-

220 2962 389 3017 ρατον
424 2942 729 2998 ἀποδίδωσι
758 2943 818 2995 τὸ
843 2942 996 2995 αὐτό.
1028 2942 1120 3013 Μὴ
1168 2944 1347 2995 τοίνυν
1372 2943 1488 3014 ἴδῃς
1509 2944 1713 2996 ἐκεῖνον
1739 2942 1832 2995 τὸν

224 3029 526 3102 μεμυκότα
583 3029 710 3090 τοὺς
760 3026 1096 3097 ὀφθαλμοὺς,
1131 3026 1225 3079 τὸν
1279 3026 1494 3096 ἄφωνον
1544 3028 1828 3097 κείμενον,

222 3114 362 3168 ἀλλά
421 3114 521 3168 τὸν
574 3109 972 3181 ἀνιστάμενον,
1014 3110 1106 3162 τὸν
1162 3110 1620 3181 ἀπολαμϐάνοντα
1670 3112 1830 3179 δόξαν

219 3199 472 3272 ἄρρητον
504 3196 605 3251 καὶ
648 3194 896 3266 φρικώδη
945 3195 1041 3247 καὶ
1087 3195 1428 3268 θαυμαστὴν,
1465 3197 1561 3251 καὶ
1599 3197 1706 3250 ἀπὸ
1734 3198 1834 3269 τῆς

223 3283 521 3354 παρούσης
556 3280 736 3350 ὅψεως
786 3280 926 3349 πρὸς
980 3279 1080 3348 τὴν
1130 3279 1433 3350 μέλλουσαν
1478 3280 1673 3335 ἐλπίδα
1705 3299 1833 3352 μετ-

224 3368 402 3436 ἀγαγε
437 3369 575 3428 τοὺς
607 3363 929 3432 λογισμυύς.
981 3362 1143 3416 Ἀλλὰ
1195 3364 1483 3433 συνήθειαν
1528 3364 1829 3435 ἐπιζητεῖς,

225 3454 322 3505 καὶ
350 3451 444 3505 διὰ
485 3448 654 3502 τοῦτο
677 3447 841 3518 ὀδύρῃ
877 3448 972 3500 καὶ
1002 3446 1222 3520 θρηνεῖς
1245 3464 1260 3514 ;
1298 3448 1408 3500 Kal
1432 3447 1549 3512 πῶς
1574 3448 1677 3501 οὐκ
1704 3450 1832 3504 ἀτο-

228 3553 350 3599 πον,
384 3537 438 3589 εί
479 3535 585 3606 μὲν
612 3533 830 3603 νυμφίῳ
859 3532 920 3585 τὸ
963 3531 1258 3601 θυγάτριον
1278 3531 1449 3602 δοίης,
1492 3527 1613 3585 εἶτα
1650 3533 1835 3588 λαϐὼν

227 3622 306 3683 εἰς
341 3619 571 3690 μακρὰν
598 3618 803 3679 ἐκεῖνος
829 3616 1058 3669 ἀπέλθοι
1083 3616 1289 3687 χώραν,
1319 3617 1415 3669 καὶ
1444 3617 1625 3681 καλῶς
1657 3619 1834 3690 πράτ-

228 3721 336 3757 των
362 3702 670 3771 διατελοίη,
693 3699 859 3772 μηδὲν
886 3699 1138 3770 ἡγεῖσθαι
1173 3699 1347 3753 δεινὸν
1362 3700 1423 3752 τὸ
1439 3703 1832 3773 γεγενημένον,

228 3790 295 3859 τῇ
325 3787 426 3857 τῆς
457 3784 779 3855 εὐπραγίας
816 3784 975 3856 φήμῃ
1009 3783 1451 3855 παραμυθεῖσθαι
1495 3784 1595 3855 τῆς
1628 3785 1835 3857 ἀποδη-

234 3872 361 3941 μίας
399 3871 505 3924 τὶν
545 3867 809 3939 ἀθυμίαψ
840 3865 1075 3921 ἐνταῦοα
1106 3866 1164 3920 δὲ
1210 3867 1311 3920 οὐκ
1362 3867 1675 3937 ἀνθρώπου,
1711 3868 1836 3922 οὐδὲ

233 3953 530 4011 συνδούλου
559 3952 727 4016 τινὸς,
763 3950 879 4005 ἀλλ’
911 3950 1077 4004 αὐτοῦ
1110 3949 1207 4003 τοῦ
1253 3951 1529 4004 Δεσπότου
1580 3951 1837 4017 λαϐόντος
1867 3990 1886 4003 .

233 4038 322 4099 τὸν
352 4038 709 4109 προσήκοντα
730 4073 744 4098 ,
770 4035 959 4102 ἀλγεῖν
998 4037 1093 4088 καὶ
1114 4034 1432 4106 όδύρεσθαι;

303 4121 417 4173 Kal
442 4119 570 4182 πῶς
600 4117 712 4185 οἷόν
736 4134 818 4181 τε,
854 4118 1011 4188 φησὶ,
1047 4117 1122 4189 μὴ
1151 4118 1337 4187 ἀλγεῖν
1363 4118 1649 4191 ἄνθρωπον
1673 4119 1834 4187 ὅντα;

235 4203 371 4262 Οὐδὲ
400 4202 518 4271 ἐγὼ
565 4200 726 4257 τοῦτο
756 4201 902 4269 λέγω
923 4217 938 4232 ο
972 4200 1097 4253 οὐδὲ
1129 4200 1230 4270 τὴν
1258 4199 1518 4269 ἀθυμίαν,
1562 4199 1701 4255 ἀλλά
1733 4204 1837 4275 τὴν

236 4290 490 4343 ἐπίτασιν
519 4289 625 4359 τῆς
668 4285 907 4356 ἀθυμίας
941 4284 1185 4356 ἀναιρῶο
1217 4284 1281 4337 τὸ
1324 4285 1426 4356 μὲν
1458 4284 1570 4358 γὰρ
1604 4285 1836 4358 ἀθυμεῖν

236 4375 334 4444 τῆς
378 4374 638 4444 φύσεως,
681 4370 743 4423 τὸ
781 4370 838 4423 δὲ
881 4369 1023 4440 πέρα
1064 4368 1159 4422 τοῦ
1198 4368 1399 4441 μέτρου
1447 4370 1605 4423 τοῦτο
1659 4372 1836 4425 ποιεῖν

245 4458 439 4522 μανίας
480 4459 583 4511 καὶ
621 4454 1046 4527 παραφροσύνης
1085 4455 1181 4509 καὶ
1224 4452 1595 4522 γυναικώδους
1630 4454 1834 4528 ψυχῆς.

245 4540 543 4610 Ἂλγησον,
592 4539 884 4610 δάκρυσον,
930 4537 1065 4590 ἀλλά
1110 4538 1185 4611 μὴ
1234 4538 1707 4612 ἀποδυσπετήσῃς,
1760 4542 1835 4613 μὴ

240 4622 622 4697 δυσχεράνῃς,
687 4624 761 4694 μὴ
828 4623 1250 4695 ἀγανακτήσῃς·
1309 4622 1705 4695 εὐχαρίστησον
1756 4626 1838 4697 τῷ

242 4706 601 4775 λαμϐάνοντι,
631 4707 717 4760 ἵνα
754 4706 905 4779 [765]
939 4707 1228 4782 κοσμήσῃς
1260 4706 1352 4760 τὸν
1384 4706 1710 4772 ἀπελθόντα,
1741 4710 1836 4763 καὶ

243 4788 475 4862 λαμπρά
525 4789 704 4844 ταῦτα
750 4790 901 4858 αὐτῷ
950 4790 1259 4861 συμπέμψῃ
1306 4790 1557 4859 ἐντάφια.
1587 4792 1686 4844 "Av
1734 4792 1836 4862 μὲν

244 4874 353 4944 γὰρ
385 4873 748 4947 δυσχεράνῃς,
786 4875 1038 4928 κάκεῖνον
1077 4873 1447 4945 καθύϐρισας,
1487 4875 1584 4928 καὶ
1621 4876 1714 4930 τὸν
1741 4876 1838 4930 λα-

247 4956 411 5010 ϐόντα
454 4958 819 5030 παρώξυνας,
868 4960 961 5012 καὶ
1011 4959 1209 5014 σαυτὸν
1263 4959 1639 5029 κατέϐλαψαςο
1684 4961 1750 5015 ἀν
1782 4963 1838 5018 δὲ

249 5041 675 5115 εὐχαριστήσῃς,
710 5044 963 5097 κάκεῖνον
997 5042 1333 5113 ἐκόσμησας,
1365 5042 1458 5095 καὶ
1486 5044 1577 5097 τὸν
1604 5044 1840 5102 λαϐόντα

250 5124 545 5191 ἐδόξασας,
594 5128 688 5180 καὶ
731 5127 927 5180 σαυτὸν
976 5126 1288 5198 ὠφέλησας.
1345 5126 1627 5198 Δάκρυσον
1684 5130 1759 5194 ὡς
1809 5136 1839 5188 ὀ

253 5210 528 5280 Δεσπότης
574 5229 667 5265 σου
718 5212 984 5281 ἐδάκρυσε
1027 5212 1118 5263 τὸν
1145 5209 1419 5281 Λάζαρον,
1458 5212 1631 5283 μέτρα
1670 5215 1840 5280 τιθεὶς

255 5294 382 5362 ἡμῖν
415 5299 510 5350 καὶ
555 5297 785 5360 κανόνας
818 5297 912 5350 καὶ
949 5298 1110 5367 ὅρους
1157 5297 1418 5368 ἀθυμίας,
1450 5296 1544 5359 οὓς
1577 5299 1839 5370 ὑπερϐαί-

257 5390 365 5429 νειν
407 5380 468 5432 οὐ
515 5380 614 5432 δεῖ.
653 5379 811 5433 Οὕτω
845 5380 939 5433 καὶ
991 5379 1203 5444 Παῦλος
1248 5378 1401 5434 εἴπεο
1434 5384 1573 5452 Περί
1610 5383 1678 5436 δὲ
1722 5384 1841 5439 τῶν

259 5464 718 5533 κεκοιμημένων,
748 5465 931 5536 φησὶν,
960 5467 1031 5519 οὺ
1062 5464 1214 5520 θέλω
1256 5466 1411 5536 ὑμᾶς
1441 5470 1704 5539 ἀγνοεῖν,
1737 5471 1839 5527 ἵνα

258 5541 340 5611 μὴ
385 5548 695 5616 λυπῆσθε,
739 5550 820 5616 ὡς
865 5549 961 5602 καὶ
1015 5552 1069 5602 οἱ
1120 5552 1323 5604 λοιποὶ
1374 5555 1427 5606 οἱ
1467 5553 1553 5622 μὴ
1594 5554 1841 5622 ἔχοντες

261 5623 494 5683 ἐλπίδα.
518 5633 723 5699 Λυποῦ,
743 5634 927 5703 φησὶν,
954 5633 1090 5687 ἀλλὰ
1109 5633 1183 5705 μὴ
1200 5635 1274 5697 ώς
1293 5635 1492 5706 Ἕλλην
1518 5639 1545 5688 6
1562 5637 1839 5706 ἀπογινώ-

266 5722 406 5763 σκων
434 5714 801 5782 ἀναστάσεως,
825 5721 853 5771 6
876 5717 1190 5782 ἀπελπίζων
1212 5719 1311 5790 τὴν
1339 5719 1637 5790 μέλλουσαν
1665 5722 1812 5795 ζωήν

347 5838 515 5898 "L'nus
537 5852 808 5917 οἳκοδομήν,
835 5854 960 5905 alius
990 5855 1371 5918 οἰκοδομηθῆναι,
1397 5856 1520 5908 alius
1539 5858 1829 5921 οἰκοδομεῖν.

1470 392 1560 450 DE
1598 392 1877 450 LAZARO
1914 389 2164 450 CONCIO
2202 392 2265 450 ν.

3381 396 3520 456 1020

1929 509 2288 580 Αἰσχύνομαι,
2332 508 2677 577 πιστεύσατε,
2717 511 2813 567 καὶ
2848 510 3107 583 ἐρυθριῶ,
3138 510 3226 566 διὰ
3258 512 3357 584 τῆς
3385 515 3517 583 ἀγο-

1929 594 2025 662 ρᾶς
2065 594 2260 664 χοροὺς
2290 593 2567 662 γυναικῶν
2616 594 2761 666 ὁρῶν
2812 593 3282 665 ἀσχημονοῦντας,
3327 597 3516 667 τρίχας

1924 676 2261 747 τιλλομένας,
2297 677 2590 750 βραχίονας
2617 679 2981 749 τεμνομένας,
3013 680 3245 751 παρειὰς
3275 698 3522 753 σπαρατ-

1923 760 2178 829 τομένας,
2234 760 2339 814 ὑπὸ
2389 764 2503 825 τοῖς
2535 759 2837 831 ὀφθαλμοῖς
2887 761 2995 815 τῶν
3029 759 3298 833 Ἑλλήνων
3343 763 3520 817 ταῦτα

1924 844 2204 913 γινόμενα.
2256 844 2320 897 Τί
2376 844 2485 916 γὰρ
2543 845 2643 897 οὐκ
2696 844 2914 915 ἐροῦσιν
2969 847 3202 911 ἐκεῖνοι;
3248 845 3301 898 τί
3351 845 3409 898 δὲ
3456 846 3520 901 οὐ

1924 925 2247 996 φθέγξονται
2292 928 2421 998 περὶ⁵
2454 927 2641 998 ἡμῶνς
2674 922 2833 981 Οὕτοί
2868 929 3008 980 εἰσιν
3041 929 3089 981 οἱ
3130 929 3259 1000 περὶ
3292 927 3520 983 ἀναστάρ

1926 1025 2065 1073 σεως
2100 1010 2555 1079 φι).οσοφοῦντες;
2615 1010 2761 1063 Πάνυ
2816 1027 2897 1079 γε.
2936 1012 3011 1063 Οὐ
3061 1009 3169 1080 γὰρ
3229 1009 3517 1082 συμϐαίνει

1921 1096 2036 1157 τοῖς
2065 1093 2297 1165 δόγμασι
2342 1093 2412 1147 τὰ
2443 1103 2741 1164 γινόμενοι⁶
2774 1096 2831 1147 ἐν
2862 1096 3069 1167 ῥήμασι
3113 1094 3182 1147 τά
3216 1096 3344 1166 περὶ
3386 1097 3518 1149 ἀνα-

1927 1178 2169 1242 στάσεως
2206 1178 2578 1247 φιλοσοφοῦσι,
2610 1179 2704 1231 καὶ
2744 1181 2802 1232 ἐν
2837 1182 2947 1242 τοῖς
2982 1180 3273 1250 πράγμασι
3302 1179 3371 1233 τὰ
3411 1180 3521 1233 τῶν

1865 1274 1888 1315 ‘:
1924 1262 2323 1328 ἀπεγνωκότων
2367 1262 2645 1316 ποιοῦσινο
2686 1264 2734 1315 εἰ
2766 1262 3030 1334 ἐθάρρουν
3074 1257 3238 1326 οὗτοι,
3271 1263 3352 1316 ὅτι
3388 1264 3521 1318 ἀνά-

1926 1344 2116 1406 στασίς
2164 1347 2347 1409 ἐστιν,
2400 1345 2502 1397 οὐκ
2553 1343 2619 1398 ἃν
2664 1336 2837 1397 ταῦτα
2887 1344 3181 1415 ἐποίησανο
3230 1346 3279 1398 εἰ
3328 1362 3520 1399 πεπει-

1925 1427 2082 1492 κότες
2107 1423 2249 1499 ἦσαν
2276 1429 2522 1493 ἑαυτοὺς,
2549 1429 2632 1484 ’ὁτι
2661 1429 2797 1501 πρὸς
2830 1428 3076 1499 βελτίονα
3103 1428 3253 1500 λῆξιν
3277 1428 3521 1500 ἀπῆλθεν

1924 1506 2109 1575 οὕτος,
2154 1511 2256 1565 οὐκ
2289 1510 2356 1565 ἂν
2398 1511 2731 1583 ἐθρήνησαν.
2773 1512 2962 1565 Ταῦτα
3008 1512 3104 1565 καὶ
3143 1510 3366 1564 πλείονα
3394 1510 3521 1564 τού-

1924 1611 2033 1648 των
2064 1594 2312 1663 λέγουσιν
2338 1596 2388 1648 οἰ
2413 1596 2632 1649 ἄπιστοι
2656 1596 2763 1649 τῶν
2801 1595 3017 1667 θρήνων
3048 1595 3272 1649 ἐκείνων
3299 1595 3523 1649 ἀκούον-

1924 1695 2037 1741 τες.
2072 1677 2471 1748 Αἰσχυνώμεθα
2502 1678 2701 1745 τοίνυν,
2734 1679 2830 1733 καὶ
2884 1678 3278 1751 σοφρωνῶμεν,
3311 1678 3406 1732 καὶ
3440 1678 3517 1750 μὴ

1926 1760 2193 1832 τοσαύτην
2240 1761 2335 1815 καὶ¹
2388 1762 2604 1825 ἑαυτοῖς
2659 1762 2902 1826 καὶτοῖς
2947 1761 3119 1834 ὁρῶσι
3169 1761 3520 1834 προξενῶμεν

1923 1844 2024 1915 τὴν
2080 1843 2310 1914 βλάϐην.
2346 1842 2503 1907 Τίνος
2536 1842 2645 1914 γὰρ
2671 1842 2883 1908 ἕνεκεν,
2920 1845 3042 1897 εἰπέ
3099 1861 3225 1914 μοι,
3259 1844 3520 1915 δακρύεις

1926 1926 2067 1980 οὕτω
2098 1927 2191 1980 τὸν
2229 1926 2569 1993 ἀπελθόντας
2616 1928 2698 1981 δτι
2738 1928 2976 1999 πονηρὸς
3023 1923 3129 1999 ἦν;
3176 1927 3386 1982 Οὐκοῦν
3431 1927 3520 1980 διὰ

1925 2010 2085 2063 τοῦτο
2131 2010 2474 2080 εὐχαριστεῖν
2507 2010 2607 2076 δεῖ,
2656 2010 2740 2063 ὃτι
2781 2011 3018 2082 ἐνεκόπη
3076 2009 3147 2062 τά
3184 2010 3285 2080 τῆς
3321 2011 3518 2073 κακίας

1928 2092 2097 2163 αὐτῷ.
2142 2093 2302 2146 Ἀλλά
2346 2092 2584 2165 χρηστὸς
2614 2092 2709 2146 καὶ
2746 2095 3034 2165 ὲπιεικής;
3073 2094 3184 2147 Kal
3225 2094 3314 2148 διὰ
3360 2094 3521 2147 τοῦτο

1926 2176 2139 2248 χαίρειν
2167 2176 2267 2242 δεῖ,
2311 2176 2394 2230 ὅτι
2442 2174 2650 2246 ταχέως
2691 2176 2938 2247 ἡρπάγη,
2987 2177 3118 2248 πρὶν
3164 2176 3199 2247 ἢ
3238 2178 3304 2247 τῇ
3350 2176 3523 2247 κακίᾳ

1930 2246 2135 2332 ἀλλάξῃ
2180 2259 2420 2324 σύνεσιν,
2469 2260 2563 2312 καὶ
2598 2258 2844 2329 ἀπῆλθεν
2877 2246 2956 2322 εἰς
3007 2246 3207 2330 χωρίον
3251 2259 3381 2313 ἔνθα
3432 2246 3520 2312 ἐπ’

1930 2343 2231 2414 ἀσφαλείας
2273 2342 2459 2396 λοιπὸν
2499 2342 2720 2413 ἕστηκε,
2771 2342 2867 2395 καὶ
2901 2342 3205 2414 μεταϐολὴν
3243 2344 3344 2397 ούκ
3376 2343 3522 2397 ἔστιν

1933 2426 2278 2481 ὑποπτεῦσαι
2311 2444 2457 2482 τινα.
2494 2424 2656 2478 Ἀλλὰ
2690 2426 2808 2489 νέος
2840 2421 2938 2493 ἦν;
2970 2424 3088 2478 Καὶ
3118 2426 3207 2479 διά
3247 2426 3406 2480 τοῦτο
3437 2427 3522 2480 δό-

1930 2509 2093 2576 ξασον
2133 2511 2223 2564 τὸν
2250 2509 2504 2574 λαϐόντα,
2530 2510 2614 2563 ὃτι
2651 2509 2861 2579 ταχέως
2904 2508 3065 2561 αὐτὸν
3108 2510 3243 2581 πρὸς
3271 2510 3370 2579 τὴν
3402 2509 3523 2580 βελ-

1929 2595 2081 2648 τίονα
2130 2592 2284 2665 λῆξιν
2326 2592 2607 2647 ἐκάλεσεν.
2649 2591 2811 2645 Ἀλλά
2864 2592 3225 2663 γεγηρακώς;
3277 2594 3386 2647 Kal
3435 2593 3522 2647 διὰ

1929 2677 2089 2730 τοῦτο
2119 2676 2534 2746 εὐχαρίστησον,
2563 2675 2657 2729 καὶ
2683 2675 2775 2729 τὸν
2808 2674 3043 2728 λαϐόντα
3075 2675 3299 2738 δόξασον
3336 2676 3520 2731 πάλιν.

1930 2758 2262 2830 Δίσχύνθητι
2302 2757 2364 2811 τὸ
2402 2758 2589 2828 σχῆμα
2634 2758 2734 2828 τῆς
2764 2759 3033 2828 ἐκφορᾶς’
3065 2758 3393 2829 ψαλμῳδίαι,
3427 2760 3524 2813 καὶ

1932 2842 2120 2913 εὐχαὶ,
2158 2841 2254 2896 καὶ
2295 2840 2549 2912 πατέρων
2596 2840 2870 2909 σύλλογος,
2917 2842 3012 2894 καὶ
3046 2840 3248 2911 πλῆθος
3282 2841 3526 2912 ἀδελφῶν

1930 2926 2206 2992 τοσοῦτον,
2251 2924 2350 2995 οὐχ
2384 2924 2472 2977 ἵνα
2514 2924 2707 2996 κλαίῃς
2752 2925 2846 2977 καὶ
2878 2924 3046 2997 ὀδύρῃ
3087 2925 3182 2978 καλ¹
3222 2925 3527 2980 ἀποδυσπε-

1930 3014 2052 3082 τῇς,
2086 3009 2203 3064 ἀλλ’
2234 3009 2324 3063 ἵνα
2354 3008 2687 3079 εὐχαριστῇς
2725 3007 2805 3078 τῷ
2832 3008 3073 3061 λαϐόντι.
3116 3008 3387 3081 Καθάπερ
3415 3010 3525 3081 γὰρ

1930 3094 2059 3157 τοὺς
2112 3092 2200 3146 ἐπ’
2229 3091 2405 3163 ἀρχὴν
2459 3091 2832 3161 καλουμένους
2889 3091 3077 3145 πολλοί¹
3136 3093 3525 3163 προπέμπουσι

1930 3179 2052 3241 ταῖς
2086 3176 2408 3247 εὐφημίαις,
2443 3173 2589 3227 οὕτω
2618 3176 2711 3229 καὶ
2744 3176 2852 3230 τῶν
2886 3176 3058 3244 ἁγίων
3086 3177 3210 3239 τοὺς
3241 3177 3525 3241 ἀπιόντας.

1933 3259 2031 3313 ἅτε
2083 3259 2179 3312 ἐπὶ
2236 3258 2458 3329 μείζονα
2511 3258 2813 3329 κληθέντας
2875 3258 3063 3329 τιμὴν,
3119 3260 3258 3329 μετά
3324 3259 3527 3331 πολλῆς

1933 3342 2176 3406 ἅπαντες
2204 3343 2597 3415 προπέμπουσι
2625 3342 2727 3411 τῆς
2756 3343 3058 3413 εὐφημίας.
3420 3360 3431 3377 ι

2017 3426 2349 3491 Ἀνάπαυσίς
2387 3428 2534 3480 ἐστιν
2560 3427 2588 3478 6
2616 3424 2869 3493 θάνατος,
2905 3424 3142 3498 ἱδρώτων
3172 3426 3267 3480 καὶ
3310 3427 3528 3498 φροντί-
3642 3428 3654 3439 ’

1933 3511 2041 3565 δων
2087 3510 2342 3582 βιοτικῶν
2391 3509 2706 3580 ἀπαλλαγή.
2741 3510 2911 3563 Ὅταν
2958 3504 3051 3563 οὖν
3096 3509 3212 3581 ίδῃς
3248 3510 3372 3563 τινά
3418 3511 3530 3564 τῶν

1934 3595 2319 3667 προσηκόντων
2365 3593 2670 3648 ἀπελθόντα
2706 3592 2992 3658 ἐντεῦθεν,
3036 3593 3111 3664 μὴ
3158 3593 3529 3665 δυσχεράνῃς,

1933 3678 2074 3733 ἀλλά
2124 3677 2489 3748 κατανύγηθι,
2526 3677 2665 3749 πρὸς
2713 3677 2939 3730 σεαυτὸν
2974 3676 3256 3741 ἐπάνελθε,
3293 3677 3353 3731 τὸ
3406 3696 3531 3731 συν-

1936 3763 2073 3827 ειδὸς
2107 3763 2385 3827 ἐξέτασον,
2421 3763 2695 3834 σκόπησον
2736 3763 2818 3817 ὄτι
2859 3761 2953 3815 καὶ
2984 3762 3045 3815 σὲ
3078 3762 3273 3833 μικρὸν
3303 3761 3530 3834 ὕστερον

1935 3846 2094 3900 τοῦτο
2130 3846 2283 3917 μένει
2312 3846 2375 3899 τὸ
2401 3846 2578 3910 τέλος.
2607 3845 2773 3900 Γενοῦ
2805 3845 3244 3917 σωφρονέστερος
3264 3847 3356 3899 καὶ
3381 3847 3532 3911 δέξαι

1937 3929 2105 3999 φόϐον
2148 3929 2256 3982 ἀπὸ
2296 3930 2398 3999 τῆς
2430 3930 2617 4002 ἐτέρου
2656 3929 2940 4001 τελευτῆς,
2972 3928 3068 3983 καὶ
3116 3929 3387 4002 ρᾳθυμίαν
3428 3948 3531 3985 πε·

1941 4013 2164 4084 ρίκοψον
2200 4013 2437 4079 ἃπασαν,
2481 4014 2802 4082 ἀναλόγισαι
2839 4013 2908 4066 τὰ
2960 4012 3343 4084 πεπραγμένα,
3387 4013 3532 4087 διόρ-

1939 4096 2112 4150 θωσον
2151 4097 2221 4150 τά
2252 4096 2637 4168 ἡμαρτημένα,
2674 4098 2905 4169 ἀρίστην
2939 4098 3165 4168 ποίησον
3202 4097 3527 4172 μεταϐολήν.

1938 4180 2127 4250 Τούτῳ
2160 4180 2523 4251 διεστήκαμεν
2548 4180 2660 4234 τῶν
2692 4180 2957 4245 ἀπίστων,
2986 4179 3064 4249 τῷ
3099 4180 3311 4251 κρίσεις
3335 4180 3531 4253 ἐτέρας

1938 4263 2067 4337 περὶ
2116 4262 2227 4317 τῶν
2287 4263 2630 4333 πραγμάτων
2699 4262 2864 4334 ἔχειν.
2909 4264 3043 4334 Ὁρᾷ
3089 4263 3182 4316 τὸν
3226 4264 3454 4334 οὐρανὸν
3499 4267 3530 4320 6

1937 4347 2198 4410 ἄπιστος,
2251 4346 2347 4398 καὶ
2394 4348 2730 4417 προσκυνεῖ·
2780 4346 2900 4400 θεὸν
2933 4346 3042 4417 γὰρ
3101 4343 3240 4401 εἰναι
3286 4346 3526 4417 νομίζει·

1938 4430 2063 4501 όρᾷ“
2098 4429 2197 4498 τὴν
2244 4429 2369 4500 γῆν,
2420 4428 2571 4501 [766]
2611 4429 2709 4484 καὶ
2761 4430 3072 4502 θεραπεύει,
3126 4431 3221 4484 καὶ
3276 4431 3412 4503 πρὸς
3460 4434 3530 4489 τὰ

1939 4514 2174 4583 αἰσθητά
2207 4514 2455 4585 κέχηνεν.
2496 4513 2636 4567 Ἀλλ’
2669 4516 2829 4587 ἡμεῖς
2862 4517 2961 4588 οὐχ
3004 4516 3211 4582 οὕτως’
3241 4518 3358 4573 ἀλλ’
3390 4520 3530 4593 δρῶ-

1943 4616 2042 4668 μεν
2068 4597 2159 4651 τὸν
2188 4597 2436 4668 οὐρανὸν,
2478 4599 2572 4652 καὶ
2603 4598 2695 4652 τὸν
2728 4600 3066 4671 πεποιηκότα
3109 4602 3271 4656 αὐτὸν
3311 4603 3530 4676 θαυμά-

1941 4681 2141 4751 ζομεν
2175 4682 2235 4734 οὐ
2265 4680 2375 4752 γὰρ
2434 4680 2555 4734 θεὸν
2611 4682 2796 4749 αὐτὸν,
2854 4682 2970 4736 ἀλλ’
3022 4683 3183 4755 ἔργον
3221 4681 3361 4740 εἶναι
3390 4688 3527 4741 Θεοῦ

1941 4763 2415 4835 πεπιστεύκαμεν.
2456 4763 2599 4836 Ὁρῶ
2648 4766 2748 4836 τὴν
2799 4766 2978 4821 κτίσιν
3038 4767 3279 4835 ἅπασαν,
3332 4771 3426 4824 καὶ
3458 4770 3529 4825 δι’

1941 4848 2115 4918 αὐτῆς
2172 4848 2621 4919 χειραγωγοῦμαι
2665 4849 2805 4919 πρὸς
2861 4850 2954 4904 τὸν
3000 4851 3355 4924 δημιουργόν.
3396 4854 3529 4925 Ὁρᾷ

1942 4932 2172 4986 πλοῦτον
2200 4933 2428 4997 ἐκεῖνος,
2463 4933 2559 4985 καὶ
2604 4932 2802 5003 κέχηνε
2840 4934 2936 4988 καὶ
2961 4934 3340 5007 ἐκπέπληκται
3363 4952 3377 4968 ο
3416 4938 3529 5009 όρῶ

1942 5015 2173 5070 πλοῦτον
2217 5015 2350 5084 ἐγὼ,
2390 5014 2487 5069 καὶ
2519 5015 2830 5085 καταγελῶ.
2864 5018 2998 5088 Ὁρᾷ
3048 5019 3240 5073 πενίαν
3285 5022 3525 5086 ἐκεῖνος,
3556 5080 3563 5089 ν

1943 5099 2038 5153 καὶ
2071 5098 2354 5171 ὀδύρεται”
2388 5098 2501 5172 όρῶ
2533 5099 2724 5153 πενίαν
2750 5098 2882 5168 ἐγὼ,
2911 5099 3006 5153 καὶ
3033 5101 3355 5174 ἀγάλλομαι.
3388 5105 3531 5158 Ἐτέ-

1946 5200 2054 5252 ρως
2082 5181 2194 5252 ἐγὼ
2230 5182 2413 5252 βλέπω
2439 5181 2511 5236 τά
2550 5182 2872 5253 πράγματα,
2916 5184 3011 5237 καὶ
3052 5185 3254 5256 ἑτέρως
3297 5189 3523 5252 ἐκεῖνος.

1942 5264 2103 5322 Οὕτω
2150 5268 2246 5319 καὶ
2291 5268 2383 5320 ἐπὶ
2428 5264 2523 5320 τοῦ
2574 5266 2806 5321 θανάτου
2853 5266 3149 5337 ποιοῦμεν·
3200 5268 3303 5340 ὁρᾷ
3334 5271 3529 5343 νεκρὸν

1942 5349 2169 5416 ἐκεῖνος,
2216 5351 2311 5404 καὶ
2350 5350 2559 5422 νομίζει
2590 5352 2783 5421 νεκρὸν
2811 5347 2948 5405 εἶναι
2976 5370 2990 5385 υ
3024 5353 3136 5425 ὁρῶ
3173 5355 3366 5427 νεκρὸν
3395 5357 3527 5426 ἐγὼ,

1944 5435 2037 5488 καὶ
2082 5434 2248 5489 ὕπνον
2282 5435 2404 5488 ἀντὶ
2452 5435 2682 5489 θανάτου
2722 5435 2925 5506 βλέπω.
2969 5439 3081 5492 Kal
3127 5439 3384 5512 καθάπερ
3433 5442 3523 5495 ἐπὶ

1943 5518 2051 5573 τῶν
2077 5518 2421 5591 γραμμάτων
2446 5522 2559 5584 τοῖς
2596 5520 2696 5591 μὲν
2724 5521 2907 5585 αὐτοῖς
2935 5521 3150 5594 ὁρῶμεν
3172 5523 3311 5578 αὐτά
3335 5523 3532 5595 ὀφθαλ-

1946 5606 2065 5673 μοῖς
2106 5603 2159 5655 οἴ
2193 5620 2252 5655 τε
2285 5603 2511 5668 εἰδότες,
2540 5604 2593 5657 οἵ
2624 5620 2685 5656 τε
2736 5605 3058 5673 ἀγνοοῦντες
3098 5606 3168 5661 τὰ
3201 5608 3528 5680 γράμματα,

1942 5687 2002 5738 οὐ
2027 5688 2094 5757 τῇ
2121 5686 2263 5757 αὐτῇ
2290 5686 2347 5739 δὲ
2374 5687 2606 5758 διανοίᾳ,
2633 5687 2749 5740 ἀλλ’
2781 5688 2831 5741 οἱ
2866 5689 2966 5760 μὲν
2991 5691 3092 5744 οὐκ
3118 5690 3319 5755 εἰδότες
3351 5693 3505 5765 γράμ

1948 5765 2115 5839 ματα,
2142 5770 2329 5836 ἁπλῶς
2369 5768 2511 5825 εἶναι
2550 5771 2833 5842 νομίζουσι
2878 5771 2948 5825 τὰ
3005 5773 3333 5847 βλεπόμενα,
3374 5777 3424 5829 οἱ
3473 5775 3531 5829 6‘s

1949 5855 2299 5926 ἐπιστάμενοι
2332 5857 2471 5928 μετὰ
2517 5856 2719 5934 πολλῆς
2755 5857 2951 5930 τέχνης
2986 5857 3076 5914 τὸν
3108 5860 3527 5932 ἐναποκείμενιν
