4006 6406
512 343 639 402 I021

508 456 631 513 νοῦν
657 453 1007 522 άναλέγονται
1023 471 1036 484 ·
1069 453 1213 508 οῦτω
1236 453 1300 524 δὴ
1346 454 1441 507 καὶ
1474 454 1568 508 ἐπὶ
1594 456 1703 507 τῶν
1743 456 2084 525 πραγμάτων

509 541 623 605 τοῖς
661 539 760 611 μὲν
789 538 974 601 αὐτοῖς
1020 536 1317 608 ὀφθαλμοῖς
1346 536 1561 608 ὁρῶμεν
1594 535 1662 599 τὰ
1697 535 2084 606 συμϐαίνοντα,

509 623 572 676 οὐ
620 624 686 693 τῇ
723 620 863 692 αὐτῇ
895 620 952 674 δέ
1006 619 1215 691 διανοίᾳ
1259 619 1351 672 καὶ
1394 618 1608 692 γνώμῃ.
1660 619 1725 673 Οί
1765 617 1944 673 τοίνυν
1991 618 2087 672 ἐπὶ

506 704 616 759 τῶν
670 704 846 758 ἄλλων
895 702 1150 757 ἁπάντων
1196 702 1539 774 διεστηκότες
1584 700 1786 768 αὐτῶν,
1839 702 1898 756 ἐν
1963 704 2085 766 ταῖς

508 788 636 859 περὶ
664 786 758 840 τοῦ
792 785 1021 842 θανάτου
1055 786 1422 857 συμπέσωμεν
1455 784 1684 857 ψήφοις,

577 879 648 942 γ’.
678 871 961 944 Ἐννόησον
994 866 1132 938 πρὸς
1154 869 1275 923 τίνα
1291 868 1527 940 ἀπῆλθε,
1559 870 1653 923 καὶ
1667 868 1799 922 λαϐἐ
1829 885 2088 940 παραμυ-

507 956 662 1010 θίανο
719 955 848 1009 ἔνθα
898 952 1107 1017 Παῦλός
1139 954 1310 1021 ἐστιν,
1363 952 1493 1007 ἔνθα
1541 952 1766 1024 Πέτρος,
1798 951 1928 1006 ἔνθα
1977 951 2085 1004 τῶν

508 1041 677 1109 ἁγίων
703 1040 732 1093 6
748 1038 907 1112 χορὸς
928 1038 1104 1101 ἅπας’
1134 1037 1388 1109 ἐννόησον
1412 1035 1531 1100 πῶς
1556 1036 1938 1106 ἀναστήσεται,
1964 1034 2085 1104 μεθ’

505 1124 638 1194 ὅσης
662 1122 822 1192 δόξης
867 1122 963 1175 καὶ
1009 1120 1396 1192 λαμπρότητος
1416 1136 1430 1151 ο
1484 1119 1738 1188 ἐννόησον
1761 1119 1843 1172 ὅτι
1873 1116 2085 1171 πενθῶν

506 1208 599 1262 καὶ
629 1205 953 1276 ὀδυρόμενος
984 1202 1108 1257 οὐτε
1137 1203 1198 1257 τὸ
1229 1201 1595 1274 γεγενημένον
1625 1202 1833 1273 δυνήσῃ
1862 1200 2084 1274 διορθώ-
2126 1273 2145 1281 κ

507 1288 703 1342 σασθαι
734 1290 847 1352 τοῖς
890 1287 1167 1359 ὀδυρμοῖς,
1226 1286 1322 1340 καὶ
1356 1285 1553 1339 σαυτὸν
1601 1284 1972 1355 καταϐλάψεις
2016 1283 2085 1338 τὰ

503 1373 737 1445 ἔσχαται
768 1372 1021 1443 ἐννόησον
1044 1371 1197 1434 τίνας
1227 1373 1366 1443 μιμῇ
1388 1369 1549 1423 τοῦτο
1576 1369 1765 1433 ποιῶν,
1790 1370 1886 1424 καὶ
1916 1368 2084 1439 φεῦγε

502 1459 602 1528 τὴν
619 1456 904 1513 κοινωνίαν
926 1457 1026 1526 τῆς
1051 1454 1342 1526 ἁμαρτίας.
1367 1454 1532 1517 Τίνας
1560 1451 1654 1507 οὖν
1690 1455 1831 1524 μιμῇ
1871 1452 1965 1506 καὶ
1989 1453 2086 1524 ζη-

503 1544 615 1606 λοῖς
640 1559 656 1609 ;
690 1541 831 1605 Τοὺς
862 1538 1128 1602 ἀπίστους
1152 1550 1202 1604 α,
1228 1538 1354 1602 τούς
1387 1538 1488 1591 οὐκ
1510 1537 1732 1608 ἔχοντας
1757 1537 1968 1603 ἐλπίδα,
1986 1554 2085 1591 κα-

504 1625 681 1696 θάπερ
705 1624 799 1678 καὶ
823 1623 852 1676 6
882 1622 1094 1686 Παῦλος
1137 1615 1323 1676 εἶπεν·
1358 1620 1493 1675 Ἵνα
1543 1620 1621 1690 μὴ
1662 1619 1965 1690 λυπῆσθε,
2003 1620 2085 1685 ὡς

502 1708 602 1764 καί
634 1710 689 1762 οί
714 1706 916 1762 λοιποί
945 1708 1000 1761 οἱ
1020 1705 1108 1776 μὴ
1135 1704 1383 1775 ἔχοντες
1407 1705 1647 1761 ἐλπίδα.
1706 1705 1815 1759 Καὶ
1848 1705 2084 1776 πρόσεχε

500 1795 569 1865 τῇ
597 1792 692 1847 τοῦ
727 1792 967 1864 ῥήματος
991 1789 1279 1861 ἀκριϐείᾳ*
1306 1790 1366 1843 οὐ
1391 1789 1501 1861 γὰρ
1532 1787 1707 1853 εἶπεν,
1738 1791 1802 1843 Οί
1834 1788 1909 1861 μὴ
1936 1788 2084 1859 έχον-

501 1897 593 1944 τες
622 1879 814 1933 ἐλπίδα
837 1879 1208 1943 ἀναστάσεως,
1233 1876 1349 1931 ἀλλ’
1383 1876 1592 1940 ἁπλῶς,
1630 1879 1692 1930 οι
1717 1875 1803 1946 μὴ
1837 1876 2084 1945 ἔχοντες

499 1963 738 2019 ἐλπίδα.
781 1963 838 2017 '0
859 1963 969 2034 7&9
1004 1962 1195 2015 ἐλπίδα
1222 1960 1323 2032 τῆς
1371 1962 1489 2014 ἐκεῖ
1535 1960 1766 2031 κρίσεως
1798 1959 1873 2032 μὴ
1904 1960 2043 2032 ἔχων
2066 2000 2082 2024 ,

501 2047 758 2119 οὐδεμίαν
783 2045 975 2101 ἐλπίδα
1014 2044 1150 2116 ἔχει,
1182 2044 1290 2098 οὐδ’
1316 2045 1400 2098 ὅτι
1424 2042 1556 2108 Θεός
1582 2045 1732 2099 ἐστιν
1762 2040 1902 2098 οἶδεν
1922 2084 1937 2105 ,
1973 2044 2082 2098 οὐδ’

502 2132 585 2186 ὅτι
617 2133 925 2202 προνοεῖται
953 2129 1063 2183 τῶν
1103 2128 1387 2199 παρόντων
1436 2128 1809 2199 πραγμάτων,
1861 2128 1972 2181 οὐδ’
1999 2129 2082 2182 ὅτι

500 2215 570 2270 τά
599 2214 780 2269 πάντα
808 2214 928 2268 θεία
951 2231 1037 2276 τις
1059 2214 1231 2285 ἐφορᾷ
1259 2212 1406 2285 δίκη.
1450 2213 1509 2266 'O
1528 2211 1700 2265 ταῦτα
1724 2211 1782 2265 δέ
1808 2212 1908 2265 οὐκ
1928 2213 2084 2279 είδὼς

501 2300 624 2354 οὐδὲ
655 2299 914 2371 νομίζων,
951 2298 1143 2369 θηρίου
1177 2296 1379 2358 παντός
1414 2298 1562 2350 ἐστιν
1593 2294 1951 2368 ἀλογώτερος,
1991 2299 2085 2351 καὶ

501 2385 701 2455 νόμους
723 2384 818 2437 καὶ
839 2384 1163 2455 δικαστήρια
1193 2382 1288 2437 καὶ
1311 2372 1545 2449 θεσμοὺς
1574 2381 1670 2434 καὶ
1687 2380 1866 2435 πάντα
1897 2382 2084 2447 ἁπλῶς

499 2469 569 2523 τά
591 2467 771 2538 ἀγαθά
800 2467 909 2522 ἀπὸ
936 2466 1039 2537 τῆς
1060 2468 1267 2531 οίκείας
1296 2464 1547 2538 ἐξορίσας
1570 2465 1750 2537 ψυχῆς
1767 2482 1779 2494 ·
1809 2467 1837 2519 6
1864 2465 1973 2537 7&9
2006 2468 2081 2537 μὴ

499 2551 817 2626 προσδοκῶν
833 2551 1062 2616 εὐθύνας
1076 2551 1298 2622 ¹ὐφέξειν
1322 2553 1429 2605 τῶν
1453 2553 1882 2625 πεπραγμένων,
1902 2554 2082 2624 πάσης

503 2638 602 2710 μὲν
633 2638 836 2710 ἀρετῆς
881 2635 1163 2705 ἀφέξεται,
1206 2637 1384 2707 πάσης
1417 2636 1474 2689 δὲ
1525 2636 1726 2700 κακίας
1780 2636 2078 2701 ἀνθέξεται.

499 2721 668 2776 Ταῦτ’
689 2715 783 2774 οὖν
804 2721 1174 2790 ἐννοήσαντες,
1198 2719 1293 2771 καὶ
1317 2719 1414 2789 τὴν
1445 2718 1631 2772 ἄνοιαν
1659 2719 1754 2772 καὶ
1783 2719 1880 2790 τὴν
1903 2736 2083 2789 παρα-

500 2805 734 2878 πληξίαν
752 2804 863 2858 τῶν
890 2802 1176 2874 Ἑλλήνων,
1204 2798 1286 2866 οἷς
1312 2801 1677 2872 κοινωνοῦμεν
1701 2802 1789 2855 διά
1818 2802 1924 2857 τῶν
1951 2801 2084 2874 θρή-

499 2908 627 2956 νων,
663 2889 1036 2960 λογισάμενοι,
1082 2886 1374 2957 φεύγωμεν
1419 2886 1517 2957 τὴν
1549 2886 1684 2958 πρὸς
1719 2886 1918 2950 αὐτοὺς
1949 2903 2083 2957 συμ-

499 2974 726 3047 φωνίαν.
763 2973 863 3026 Διά
878 2972 988 3045 γὰρ
1012 2970 1171 3025 τοῦτο
1188 2971 1283 3025 καὶ
1312 2970 1524 3034 Παῦλος
1546 2970 1725 3024 αὐτῶν
1743 2970 2077 3043 ἀνεμνήσθη,

500 3060 588 3113 ῖια
625 3058 726 3130 τὴν
756 3055 981 3123 ἀτιμίαν
1015 3055 1277 3125 ἐννοήσας
1309 3053 1446 3126 πρὸς
1476 3054 1543 3126 ἥν
1591 3048 1979 3118 καταπίπτεις,
2016 3056 2082 3107 ἐκ

496 3143 595 3215 τῆς
624 3140 761 3214 πρὸς
782 3139 1025 3205 ἐκείνους
1045 3139 1363 3210 συμφωνίας
1378 3136 1676 3210 ἀνανήψῃς,
1702 3138 1797 3192 καὶ
1821 3138 1959 3209 πρὸς
1982 3137 2081 3210 τὴν

495 3224 703 3283 οἰκείαν
735 3223 1016 3293 εὐγένειαν
1045 3221 1365 3294 ἐπανέλθῃς.
1411 3220 1521 3274 Καὶ
1563 3222 1664 3275 οὐκ
1709 3220 1943 3274 ἐνταῦθα
1984 3222 2082 3291 μό-

496 3327 608 3375 νον,
641 3308 779 3364 ἀλλὰ
805 3306 1073 3378 πολλαχοῦ
1102 3306 1261 3360 τοῦτο
1282 3308 1425 3360 ποιεῖ
1453 3306 1548 3359 καὶ
1570 3305 1811 3376 συνεχῶς
1842 3307 1871 3359 6
1903 3305 2082 3376 μακά-

498 3410 614 3471 ριος
643 3391 876 3456 Παῦλος.
908 3392 1080 3445 Ὅταν
1109 3390 1221 3461 γὰρ
1253 3390 1562 3458 ἀπαγαγεῖν
1596 3388 1705 3471 τῶν
1744 3389 2081 3459 ἁμαρτημά-

494 3469 604 3535 των
642 3475 918 3546 βούληται,
969 3474 1211 3546 δείκνυσι
1261 3472 1373 3524 τίσι
1414 3469 1781 3542 κοινωνοῦμεν
1837 3471 1927 3526 διὰ
1971 3470 2080 3527 τῶν

496 3563 719 3633 ἀμαρτη
728 3559 935 3632 μάτων,
949 3558 1036 3611 ἵνα
1051 3560 1116 3628 τῇ
1141 3556 1387 3626 ποιότητι
1412 3554 1505 3609 τοῦ
1529 3555 1822 3627 προσώπου
1838 3554 2079 3628 δηχθεὶς,

495 3645 595 3716 τὴν
623 3642 908 3698 κοινωνίαν
933 3640 1133 3712 φύγῃς.
1168 3637 1629 3692 Θεσσαλονικεῦσι
1661 3638 1792 3707 γοῦν
1828 3640 2077 3712 γράφων,

495 3728 669 3790 οὐτως
691 3727 879 3796 ἔλεγεν
897 3744 912 3758 ο
945 3724 1240 3788 Ἕκαστος
1264 3720 1331 3775 τὸ
1354 3721 1572 3775 ἑαυτοῦ
1595 3720 1766 3791 σῶμα
1799 3722 1827 3763 1³
1857 3722 2079 3778 κτᾶσθε

496 3811 568 3875 ἐν
601 3807 876 3880 ἁγιασμῷ
902 3807 1002 3861 καὶ
1033 3804 1193 3876 τιμῇ,
1221 3802 1306 3873 μὴ
1336 3804 1407 3858 ἐν
1426 3802 1600 3857 πάθει
1620 3804 1876 3875 ἀτιμίας,
1899 3805 2081 3860 καθά·

496 3917 609 3972 περ
629 3901 773 3969 ἔθνη
806 3899 878 3954 τὰ
887 3899 974 3968 μὴ
990 3898 1189 3952 εἰδότα
1218 3897 1385 3951 Θεόν.
1421 3894 1532 3948 Καὶ
1559 3895 1720 3949 πάλιν
1735 3913 1748 3927 ·
1769 3897 1864 3965 Μὴ
1885 3899 2080 3964 καθὼς

495 3986 572 4042 τὰ
616 3985 801 4041 λοιπὰ
847 3983 994 4051 ἔθνη
1047 3980 1197 4055 [Ἷ67]
1274 3978 1647 4049 περιπατεῖτε
1721 3980 1786 4034 ἐν
1832 3984 2078 4049 ματαιό-

494 4087 628 4138 τητι
675 4068 781 4124 τοῦ
833 4067 978 4134 νοὸς
1009 4064 1227 4120 αὐτῶν.
1274 4064 1435 4117 υύτω
1472 4062 1537 4133 δὴ
1577 4065 1672 4116 καὶ
1690 4063 1959 4127 ἐνταῦθα·
1995 4067 2078 4120 Οὐ

495 4153 651 4210 θέλω
678 4152 749 4207 δὲ
777 4149 933 4222 ὑμᾶς
960 4148 1222 4220 ἀγνοεῖν,
1248 4145 1523 4215 ἀδελφοὶ,
1562 4145 1697 4215 περὶ
1736 4147 1857 4200 τῶν
1889 4163 2080 4202 κεκοι-

491 4240 794 4311 μημένων,
826 4237 1032 4308 ἵναμὴ
1063 4233 1366 4304 λυπῆσθε,
1399 4230 1593 4298 καθὼς
1636 4232 1735 4286 καὶ
1777 4234 1833 4288 οι
1878 4232 2079 4288 λοιποὶ

495 4326 551 4378 οι
567 4323 655 4394 μὴ
672 4323 920 4392 ἔχοντες
954 4321 1195 4375 ἐλπίδα.
1215 4319 1290 4372 υύ
1312 4317 1419 4387 7&9
1448 4319 1480 4388 ἡ
1503 4315 1663 4385 φύσις
1687 4316 1795 4369 τῶν
1820 4318 2080 4388 πραγμά-

496 4425 630 4473 των,
669 4407 785 4461 ἀλλ’
806 4408 841 4478 ἡ
878 4405 1195 4477 προαίρεσις
1220 4405 1254 4474 ἡ
1286 4401 1532 4474 ἡμετέρα
1564 4399 1754 4455 λυπεῖν
1778 4402 1926 4471 ἡμᾶς
1951 4401 2078 4455 εἴω-

497 4492 618 4547 θεν·
649 4492 749 4561 οὐχ
781 4493 809 4544 6
843 4490 1070 4553 θάνατος
1088 4486 1179 4541 τοῦ
1205 4486 1551 4550 ἀπελθόντος,
1593 4484 1709 4538 ἀλλ’
1749 4486 1784 4556 ἡ
1824 4484 2080 4540 ἀσθένεια

496 4575 608 4630 τῶν
637 4572 995 4645 θρηνούντων.
1021 4572 1125 4625 Τὸν
1147 4570 1278 4641 γοῦν
1309 4569 1498 4624 πιστὸν
1536 4569 1688 4623 οὐδὲν
1723 4570 1832 4623 τῶν
1877 4571 2080 4643 παρόνο

494 4676 606 4713 των
645 4657 886 4727 λυπῆσαι
936 4656 1246 4728 δυνήσεται,
1293 4653 1433 4709 ἀλλά
1488 4654 1595 4725 πρὸ
1629 4653 1739 4707 τῶν
1775 4654 2077 4724 μελλόντων

496 4741 716 4810 ἀγαθῶν
745 4739 840 4793 καὶ
864 4740 921 4792 ἐν
945 4738 1022 4810 τῷ
1054 4738 1281 4810 παρόντι
1308 4737 1562 4809 διέστηκε
1584 4736 1692 4792 τῶν
1716 4736 1982 4803 ἀπίστων,
2016 4740 2076 4793 οὐ

500 4825 672 4898 μικρά
690 4822 1091 4895 ἀπολαμϐάνων
1120 4824 1185 4875 ἐκ
1209 4820 1311 4892 τῆς
1335 4820 1478 4874 κατά
1503 4820 1739 4893 Χριστὸν
1759 4821 2077 4891 φιλοσοφίας

496 4909 697 4978 ἀγαθὰ,
733 4907 829 4962 καὶ
861 4905 1124 4979 μεγίστην
1154 4905 1219 4959 ἐκ
1261 4906 1455 4959 τούτου
1494 4904 1879 4976 καρπούμενος
1915 4905 2076 4959 εὐθυ-

501 4995 627 5064 μίαν
647 4991 997 5063 καιδιηνεκῆ
1020 4989 1216 5062 χαράν.
1237 4988 1330 5042 Διὸ
1357 4991 1453 5044 καὶ
1467 4991 1496 5042 6
1519 4988 1732 5053 Παῦλός
1748 5007 1883 5061 φησι
1902 5006 1915 5019 ·
1937 4992 2079 5045 Χαί-

506 5094 628 5146 ρετε
649 5078 718 5131 ἐν
739 5076 935 5144 Κυρίῳ
957 5073 1215 5128 πάντοτε
1232 5090 1246 5103 ·
1279 5071 1466 5129 πόλιν
1483 5071 1616 5144 ἐρῶ,
1646 5075 1899 5140 χαίρετε.
1917 5073 2079 5127 Ὥστε

498 5154 593 5229 καὶ
612 5161 720 5233 πρὸ
751 5160 851 5229 τῆς
879 5160 1228 5233 ἀναστάσεως
1247 5159 1308 5212 οὐ
1339 5157 1543 5229 μικρὰν
1575 5156 1781 5227 ταύτην
1813 5158 2080 5229 ἐλάϐομεν

498 5223 753 5321 ἀμοιϐὴν,
895 5244 970 5316 μὴ
1004 5223 1367 5297 ἶιαταπίπτειν
1400 5223 1494 5296 ἐπὶ
1521 5240 1714 5312 μηδενὶ
1737 5223 1848 5295 τῶν
1881 5223 2080 5313 συμπι-

500 5332 740 5387 πτόντων
771 5328 980 5393 δεινῶν,
1011 5327 1145 5383 ἀλλὰ
1179 5329 1247 5398 τῇ
1283 5326 1394 5380 τῶν
1424 5325 1726 5397 μελλόντων
1760 5326 1936 5380 ἐλπίδι
1972 5344 2081 5381 πα-

501 5413 774 5487 ραμυθίας
801 5411 1095 5466 ἀπολαύειν
1125 5409 1348 5480 πολλῆς.
1383 5409 1597 5479 Ὠσπερ
1618 5403 1712 5462 οὗν
1738 5410 2079 5482 ἑκατέρωθεν
2103 5409 2121 5438 ¹

500 5496 658 5567 ἡμεῖς
688 5494 1067 5566 κερδαίνομεν,
1098 5492 1269 5556 οὓτως
1291 5495 1319 5546 6
1348 5491 1578 5556 ἄπιστος
1603 5492 1946 5565 ἑκατέρωθεν
1982 5511 2081 5548 κα-

563 5681 588 5708 ⁸
612 5679 697 5728 Sic
716 5690 833 5726 mss.
854 5674 909 5724 In
934 5672 1081 5724 editis
1103 5673 1212 5729 τοὺς
1229 5672 1456 5730 ἀπίστους
1475 5675 1639 5723 deest.

563 5738 592 5778 ιι
617 5740 729 5788 Mss.
751 5738 813 5800 τό
831 5735 1001 5800 ἑαυτοῦ
1015 5733 1216 5800 σκεῦος,
1238 5745 1292 5800 9t
1317 5737 1385 5783 sic
1407 5736 1559 5785 Savil.
1604 5738 1655 5787 in
1682 5750 1833 5800 marg.
1859 5738 1909 5787 in
1938 5743 2076 5787 textu

507 5808 617 5857 vero
641 5812 753 5863 cum
775 5798 896 5859 Mor.
918 5796 973 5845 τὸ
1006 5795 1175 5846 ἑαυτοῦ
1196 5799 1353 5860 σῶμα.

1233 342 1294 400 S.
1328 342 1617 400 JOANNIS
1648 343 2136 402 CHllYSOSTOMl
2176 346 2495 403 ARCHIEP.
2536 347 3097 408 CONSTANTINOP.

3630 350 3763 407 103?.

2194 453 2587 522 ταϐλάπτεται,
2629 458 2722 510 καὶ
2742 458 2821 529 τῷ
2846 457 3171 522 κολάξεσθαι
3195 456 3420 532 ὕστερον
3447 460 3537 515 διὰ
3563 463 3667 534 τὴν
3683 462 3777 533 τῆς

2195 536 2546 603 ἀναστάσεως
2573 540 2856 605 ἀπιστίαν,
2888 544 2986 596 καὶ
3015 541 3095 613 τῷ
3129 544 3495 597 καταπίπτειν
3535 544 3634 597 ἐπὶ
3669 547 3776 611 τοῖς

2194 621 2432 692 παροῦσι
2480 622 2791 695 πράγμασι,
2846 626 2936 682 διὰ
2960 627 3024 681 τὸ
3071 627 3240 698 μηδὲν
3270 628 3580 700 προσδοκᾷν
3642 631 3779 700 μετά

2191 703 2366 759 ταῦτα
2401 706 2657 776 χρηστόν.
2708 708 2784 762 Οὐ
2817 708 2998 762 τοίνυν
3026 709 3115 763 διὰ
3152 708 3251 781 τὴν
3287 711 3586 765 ἀνάστασιν
3623 712 3777 782 μόνον

2191 787 2481 858 ὀφείλομεν
2504 789 2849 861 εὐχαριστεῖν
2873 791 2951 863 τῷ
2981 792 3123 864 Θεῷ,
3154 793 3292 847 ἀλλά
3316 795 3410 849 καὶ⁵
3446 794 3538 848 διὰ
3565 795 3669 866 τὴν
3697 796 3781 849 ἐλ-

2194 870 2322 924 πίδα
2347 873 2446 941 τῆς
2479 874 2851 940 ἀναστάσεως,
2876 877 2911 948 ἡ
2934 878 3029 931 καὶ
3058 877 3159 950 τὴν
3177 878 3523 950 όδυνωμένην
3555 879 3783 934 δύναται

2194 955 2699 1027 παραμυθήσασθαι
2728 958 2931 1031 ψυχὴν,
2966 962 3062 1015 καί¹
3098 963 3284 1015 πεῖσαι
3315 961 3443 1032 περὶ
3476 962 3589 1014 τῶν
3620 963 3781 1016 ἀπελ-

2194 1036 2396 1092 θόντων
2430 1038 2678 1111 θαρρεῖν,
2706 1042 2785 1106 ὡς
2827 1043 3284 1114 ἀναστησομένων
3340 1045 3500 1098 πάλιν
3534 1045 3633 1099 καὶ
3666 1064 3778 1100 συν-

2195 1122 2470 1192 εσομένων
2498 1124 2653 1194 ἡμῖν.
2678 1123 2742 1178 Εἰ
2770 1125 2880 1198 γὰρ
2905 1125 3091 1195 ἀλγεῖν
3119 1127 3226 1198 χρὴ
3263 1128 3357 1181 καὶ
3384 1128 3629 1194 πενθεῖν,
3657 1130 3778 1192 τοὺς

2193 1206 2252 1258 ἐν
2282 1206 2579 1277 ἁμαρτίαις
2622 1207 2833 1275 ζῶντας
2874 1210 3089 1265 πενθεῖν
3119 1210 3202 1265 δεῖ
3241 1211 3335 1265 καὶ
3362 1210 3654 1283 ὀδύρεσθαι
3673 1251 3689 1274 ,
3717 1214 3778 1266 οὐ

2192 1288 2320 1353 τούς
2381 1289 2720 1357 ἀπελθόντας
2770 1293 2889 1364 μετ’
2940 1294 3168 1367 ἀρετῆς.
3226 1294 3384 1349 Οῦτω
3429 1297 3523 1351 καὶ
3565 1296 3780 1362 Παῦλος

2194 1376 2367 1426 ποιεῖ·
2401 1374 2711 1446 Κορινθίοις
2764 1375 2874 1447 γάρ
2931 1376 3263 1432 ἐπιστέλλων
3291 1379 3459 1449 φησί·
3507 1380 3605 1445 Μή
3658 1396 3783 1447 πως

2192 1456 2447 1509 ἐλθόντα
2469 1473 2541 1526 με
2556 1457 2703 1525 πρὸς
2730 1458 2888 1527 ὑμᾶς
2902 1458 3242 1529 ταπεινώσῃ
3272 1464 3305 1516 ὁ
3324 1460 3490 1528 Θεὸς,
3513 1462 3613 1516 καί
3642 1479 3784 1515 πεν-

2194 1537 2361 1606 θήσω
2405 1541 2696 1608 πολλούς.
2755 1542 2871 1596 Οὐκ
2915 1538 3038 1597 εἷπε
3068 1545 3177 1599 τῶν
3204 1545 3608 1611 ἀποθανόντων,
3646 1547 3788 1601 ἀλλὰ

2193 1621 2304 1675 τῶν
2334 1624 2866 1696 προημαρτηκότων,
2915 1626 3011 1680 καὶ
3069 1626 3146 1699 μὴ
3183 1629 3642 1699 μετανοησάντων
3689 1630 3784 1682 ἐπὶ

2194 1707 2258 1777 τῇ
2295 1706 2554 1779 ἀσελγείᾳ
2588 1708 2682 1762 καὶ
2712 1709 3030 1782 ἀκαθαρσία
3055 1705 3089 1785 ᾖ
3118 1710 3362 1782 ἔπραξαν
3387 1728 3401 1742 ·
3446 1713 3676 1777 τούτους
3701 1714 3786 1767 δεῖ

2194 1791 2600 1845 πενθεῖν.υῦτω
2627 1792 2720 1846 καὶ
2750 1792 2910 1857 ἀλλος
2936 1798 3193 1867 παραινεῖ
3229 1796 3405 1865 λέγων
3426 1812 3442 1830 ο
3485 1798 3785 1854 Κλαῦσον

2192 1872 2290 1926 ἐπὶ
2321 1873 2533 1942 νεκρῷ,
2553 1874 2796 1940 ἐξέλιπε
2818 1877 2927 1947 γὰρ
2946 1876 3073 1946 φῶς
3092 1895 3107 1909 ³
3135 1879 3233 1932 καί
3260 1879 3362 1934 ἐπὶ
3380 1880 3560 1949 μωρῷ
3583 1880 3771 1935 κλαῦς

2193 1973 2330 2023 σον,
2370 1957 2613 2023 ἐξέλιπε
2660 1961 2770 2029 γὰρ
2817 1962 3093 2029 σύνεσις.
3143 1962 3351 2032 Ὀλίγον
3410 1964 3651 2019 κλαῦσον
3686 1965 3789 2020 ἐπὶ

2193 2040 2393 2113 νεκρῷ,
2422 2042 2504 2095 ὃτι
2537 2043 2944 2110 ἀναπέπαυται,
2973 2044 3065 2098 τοῦ
3096 2045 3153 2099 δέ
3178 2046 3363 2117 μωροῦ
3394 2047 3538 2119 ὑπὲρ
3563 2048 3658 2103 τὸν
3690 2048 3787 2102 θά-

2193 2142 2351 2179 νατον
2370 2127 2404 2196 ή
2431 2124 2547 2196 ζωὴ
2582 2129 2813 2198 πονηρά.
2846 2130 2909 2182 Et
2938 2129 2995 2183 δέ
3024 2132 3052 2184 6
3081 2130 3351 2195 συνέσεως
3387 2131 3783 2203 ἀπεστερημέ-

2192 2225 2281 2271 νος
2302 2207 2594 2274 διαπαντὸς
2615 2210 2764 2276 ἄξιος
2790 2211 2858 2266 ἂν
2884 2211 2969 2284 εἴη
2995 2212 3335 2286 θρηνεῖσθαι,
3361 2214 3542 2286 πολλῷ
3574 2215 3785 2284 μᾶλλον

2191 2293 2220 2345 6
2256 2292 2604 2364 δικαιοσύνης
2643 2294 2872 2365 ἔρημος,
2927 2296 3152 2367 καὶτῆς
3200 2296 3345 2351 κατά
3380 2297 3513 2353 θεὸν
3559 2298 3787 2361 ἐλπίδος

2193 2376 2585 2441 ἐκπεπτωκώς.
2643 2376 2880 2442 Τούτους
2916 2374 3009 2432 οῦν
3063 2379 3351 2451 πενθῶμεν
3394 2382 3585 2453 ἡμεῖς’
3609 2379 3789 2436 τοῦτο

2195 2460 2297 2532 μὲν
2330 2461 2438 2533 7&9
2465 2460 2580 2532 ἔχει
2610 2459 2802 2533 κέρδος
2831 2459 2892 2515 τὸ
2930 2462 3145 2526 πένθος.
3178 2464 3447 2530 Πολλάκις
3490 2464 3619 2534 γοῦν
3646 2465 3789 2530 τοὺς

2191 2544 2464 2609 τοιούτους
2494 2544 2819 2617 θρηνοῦντες
2848 2544 3302 2620 διωρθωσάμεθα.

2263 2653 2336 2706 Τὸ
2360 2652 2416 2707 δὲ
2441 2654 2535 2707 ἐπὶ
2563 2655 2676 2718 τοῖς
2707 2653 3053 2719 ἀπελθοῦσιν,
3082 2655 3337 2727 ἀνόνητον
3364 2657 3496 2727 ὁμοῦ
3518 2658 3609 2712 καὶ
3638 2658 3789 2729 βλα-

2192 2734 2372 2808 ϐερόν.
2438 2737 2531 2807 Μὴ
2563 2737 2745 2790 τοίνυν
2805 2737 3254 2809 ἀντιστρέψωμεν
3292 2740 3392 2812 τὴν
3433 2740 3601 2809 τάξιν,
3655 2742 3794 2795 ἀλλ’

2192 2817 2466 2889 ἁμαρτίαν
2490 2817 2781 2890 θρηνῶμεν
2815 2820 2976 2891 μόνον
2997 2838 3011 2853 ·
3051 2820 3122 2874 τὰ
3147 2820 3205 2874 δὲ
3234 2821 3371 2877 ἄλλα
3418 2824 3617 2887 πάντα,
3668 2824 3793 2878 κᾶν

2192 2903 2375 2969 πενία,
2410 2902 2514 2957 κᾶν
2542 2904 2718 2969 νόσος,
2754 2902 2857 2957 κᾶν
2899 2903 3131 2969 θάνατος
3172 2906 3374 2977 ἄωρος,
3397 2907 3494 2960 κᾶν
3513 2910 3789 2980 ἐπήρεια,

2190 2986 2296 3039 κᾶν
2333 2985 2690 3055 συκοφαντία,
2720 2986 2824 3041 κᾶν
2854 2987 3035 3042 ὁτιοῦν
3068 2990 3387 3063 προσπίπτῃ
3425 2991 3529 3043 τῶν
3553 2991 3789 3063 ἀνθρω-

2190 3067 2360 3122 πίνων
2391 3069 2598 3134 κακῶν,
2633 3069 2813 3124 πάντα
2850 3072 3115 3140 γενναίως
3148 3070 3427 3143 φέρωμεν.
3483 3073 3793 3140 Ὑπόθεσις

2190 3152 2300 3225 7&9
2324 3155 2457 3224 ἡμῖν
2482 3153 2553 3207 τά
2575 3153 2725 3209 δεινά
2747 3154 2923 3210 ταῦτα
2948 3155 3230 3225 στεφάνων
3256 3155 3367 3210 είσὶ
3394 3155 3677 3223 πλειόνων,
3712 3158 3791 3214 ἂν

2189 3238 2472 3308 νήφωμεν.

2260 3336 2325 3390 6'.
2345 3337 2456 3391 Καὶ
2475 3336 2589 3400 πῶς
2611 3336 2757 3391 ἐστιν
2784 3338 3068 3410 ἄνθρωπον
3094 3338 3245 3407 ὄντα,
3266 3340 3420 3410 φησὶ,
3446 3340 3516 3411 μὴ
3544 3340 3745 3409 ἀλγεῖν
3769 3360 3787 3409 ;

2190 3420 2515 3475 Τούναντίον
2543 3422 2641 3492 μὲν
2671 3417 2764 3476 οὖν
2797 3422 2941 3491 λέγω
2960 3440 2974 3453 ·
3005 3423 3121 3488 πῶς
3154 3423 3302 3478 ἔστιν
3338 3425 3613 3496 ἄνθρωπον
3634 3426 3791 3484 ὅντα

2190 3504 2397 3572 ἀλγεῖν,
2421 3503 2564 3576 λόγῳ
2590 3504 2896 3576 τιμηθέντα
2918 3505 3013 3559 καὶ
3041 3506 3290 3577 λογισμῷ
3314 3547 3329 3572 ,
3365 3508 3457 3561 καὶ
3483 3509 3596 3571 ταῖς
3635 3513 3790 3582 περὶ

2187 3587 2297 3641 τῶν
2338 3586 2641 3659 μελλόντων
2662 3588 2865 3643 ἐλπίσι
2890 3607 2906 3655 ;
2936 3591 3046 3644 Καὶ
3073 3591 3159 3654 τίς
3182 3593 3331 3645 ἐστιν
3351 3631 3366 3656 ,
3404 3591 3463 3653 ὃς
3496 3592 3592 3661 οὐχ
3623 3592 3790 3649 ἑάλω

2188 3670 2265 3741 τῷ
2305 3671 2469 3725 πάθει
2513 3669 2730 3742 τούτῳς
2773 3673 2930 3742 φησί.
2985 3672 3180 3726 Πολλοὶ
3212 3676 3305 3729 καὶ
3338 3674 3631 3745 πολλαχοῦ,
3677 3680 3787 3731 καὶ

2189 3757 2273 3825 ἐφ’
2308 3754 2466 3826 ἡμῶν
2485 3795 2501 3819 ,
2532 3755 2628 3809 καὶ
2653 3755 2746 3807 ἐπὶ¹
2774 3756 2883 3811 τῶν
2909 3758 3191 3826 προγόνων
3232 3758 3341 3813 τῶν
3374 3759 3676 3829 ἡμετέρων.
3718 3762 3785 3815 '0

2187 3837 2318 3908 γοῦν
2352 3837 2495 3904 Ἰὼϐ,
2525 3837 2819 3909 ὁλοκλήρου
2864 3839 2959 3893 τοῦ
3002 3841 3166 3911 χοροῦ
3201 3841 3310 3895 τῶν
3356 3842 3558 3896 παίδων
3594 3843 3778 3897 ἀπελ-

2190 3924 2402 3988 θόντος,
2459 3925 2689 3979 ἄκουσον
2745 3925 2799 3978 τί
2854 3941 3048 3993 φησιν·
3093 3925 3147 3977 Ὁ
3204 3926 3418 3994 Κύριος
3460 3925 3709 3989 ἔδωκεν,
3743 3932 3783 3981 ό

2191 4009 2408 4075 Κύριος
2437 4006 2718 4075 ἀφείλετο
2738 4023 2753 4038 θ
2790 4008 2870 4073 ὡς
2904 4006 2985 4072 τῷ
3004 4009 3201 4076 Κυρίῳ
3226 4008 3458 4073 ἔδοξεν,
3490 4009 3641 4063 οὕτω
3664 4012 3785 4065 καὶ

2191 4090 2341 4165 [768]
2389 4089 2649 4161 ἐγένετο.
2674 4090 2980 4162 Θαυμαστὰ
3018 4092 3117 4163 μὲν
3145 4087 3237 4147 οὖν
3257 4091 3430 4146 ταῦτα
3456 4093 3550 4146 καὶ
3580 4094 3785 4161 ἁπλῶς

2188 4175 2524 4247 ἀκουόμεναο
2565 4172 2632 4228 ἂν
2659 4173 2717 4227 δὲ
2743 4175 2837 4228 καὶ
2865 4176 2984 4246 μετ’
3007 4176 3292 4247 ἀκριϐείας
3325 4174 3582 4248 ἐξετάσεις
3606 4178 3779 4243 αὐτὰ,

2186 4259 2309 4314 τότε
2360 4258 2623 4329 μειζόνως
2669 4256 2788 4327 ὕψει
2834 4260 2895 4313 τὸ
2944 4259 3147 4330 θαῦμα.
3203 4258 3482 4330 Ἐννόησον
3517 4259 3646 4330 γὰρ,
3686 4260 3779 4313 ὅτι

2190 4344 2311 4414 οὐχὶ
2347 4342 2473 4406 τοὺς
2517 4341 2737 4413 ἡμίσεις
2764 4340 2958 4397 ἐλαϐεν
2985 4343 3013 4395 6
3056 4341 3321 4405 διάϐολος,
3351 4342 3446 4396 καὶ
3484 4343 3613 4405 τοὺς
3640 4344 3778 4414 ἡμί-

2191 4442 2306 4488 σεις
2347 4424 2581 4496 ἀφῆκεν,
2633 4423 2755 4478 οὐδέ
2797 4426 2924 4488 τοὺς
2978 4424 3232 4489 πλείονας
3279 4424 3471 4489 ἔλαϐε,
3515 4424 3611 4479 καὶ
3643 4428 3776 4490 τοὺς

2187 4509 2443 4571 ἐλάττους
2508 4508 2755 4579 ἀφῆκεν·
2824 4506 2962 4561 ἀλλά
3027 4507 3322 4579 ὀλόκληρον
3382 4506 3650 4578 ἐτρύγησε
3676 4510 3775 4561 τὸν

2188 4592 2421 4665 καρπὸν,
2447 4593 2542 4645 καὶ
2573 4591 2635 4645 τὸ
2660 4591 2875 4662 δένδρον
2897 4593 2959 4645 οὐ
2986 4592 3255 4645 κατέϐαλε
3274 4608 3288 4622 ·
3318 4593 3499 4645 πᾶσαν
3521 4592 3772 4662 ἐπήγαγε

2187 4678 2285 4748 τὴν
2326 4677 2596 4731 θάλατταν
2629 4676 2767 4747 μετά
2798 4675 2907 4729 τῶν
2934 4676 3217 4746 κυμάτων,
3263 4676 3357 4730 καὶ
3380 4675 3440 4729 τὸ
3470 4678 3675 4748 σκάφος
3704 4680 3771 4733 οὐ

2188 4760 2607 4815 κατεπόντισεν·
2644 4759 2774 4831 ὅλην
2806 4758 2903 4830 τὴν
2952 4759 3184 4831 δύναμιν
3245 4759 3501 4829 ἐκένωσε,
3537 4761 3635 4814 καὶ
3675 4763 3775 4817 τὸν

2189 4845 2399 4916 πύργον
2425 4845 2524 4896 οὐκ
2553 4842 2752 4899 ἔσεισε.

2274 4950 2437 5005 Ἀλλά
2467 4951 2709 5019 εἱστήκει
2737 4947 3001 5002 πάντοθεν
3037 4946 3380 5019 βαλλόμενος,
3411 4948 3506 5002 καὶ
3543 4949 3772 5021 ἀκλινὴς

2191 5036 2389 5107 μένων.
2421 5034 2518 5088 καὶ
2554 5032 2774 5101 νιφάδες
2812 5031 3068 5103 ἐφέροντο
3095 5031 3285 5101 βελῶν,
3308 5031 3403 5085 καὶ
3431 5032 3531 5085 οὐκ
3566 5033 3772 5102 ἐπλήτ-

2185 5136 2308 5174 τετο
2327 5135 2340 5149 ο
2375 5117 2573 5189 μᾶλλον
2598 5115 2657 5169 δὲ
2686 5116 3001 5187 ἐπέμποντο
3036 5114 3156 5185 μὲν,
3186 5114 3287 5168 οὐκ
3324 5114 3657 5186 ἐτίτρωσκον
3683 5117 3766 5170 δέ.

2199 5203 2481 5273 Ἐννόησον
2512 5202 2636 5255 ὅσον
2673 5200 2811 5265 ἐστὶ,
2844 5199 3132 5262 τοσούτους
3168 5198 3366 5262 παῖδας
3400 5198 3528 5251 ἰδεῖν
3555 5199 3769 5254 ἀπολω-

2187 5286 2365 5350 λότας.
2401 5286 2468 5339 Τί
2517 5285 2627 5357 γὰρ
2656 5285 2755 5338 οὐκ
2807 5279 2876 5355 ἦν
2923 5281 3110 5337 ίκακδν
3157 5281 3403 5347 δάκνειν;
3454 5283 3517 5335 τὸ
3561 5282 3771 5348 πάντας

2188 5368 2624 5442 ἀναρπασθῖυδαι,
2657 5369 2720 5421 τὸ
2748 5369 2955 5431 πάντας
2985 5365 3178 5437 ἀθρόον
3209 5365 3303 5420 καὶ
3330 5367 3387 5418 ἐν
3428 5364 3613 5437 ἡμέρᾳ
3649 5368 3768 5435 μιᾷ.

2189 5455 2251 5508 τὸ
2285 5457 2343 5508 ἐν
2371 5452 2521 5524 αὐτῷ
2553 5455 2652 5527 τῆς
2688 5451 2906 5523 ἡλικίας
2931 5450 3008 5521 τῷ
3030 5449 3205 5512 ἄνθει,
3234 5448 3298 5502 τὸ
3336 5448 3537 5521 πολλὴν
3569 5449 3772 5521 ἀρετήν

2190 5536 2683 5606 ἐπιδεδειγμένους,
2716 5534 2778 5588 τὸ
2811 5537 2999 5605 τρόπῳ
3037 5532 3265 5604 τοιούτῳ
3295 5534 3565 5603 τιμωρίας
3602 5551 3768 5587 κατα-

2192 5621 2348 5675 λῦσαι
2386 5621 2479 5675 τὸν
2514 5620 2650 5691 βίον,
2677 5621 2739 5673 τὸ
2783 5619 2920 5689 μετὰ
2958 5618 3227 5680 τοσαύτας
3267 5617 3483 5687 πληγάς
3532 5618 3766 5689 ἐσχάτην

2194 5706 2550 5776 ἐπενεχθῆναι
2597 5705 2823 5771 ταύτην,
2862 5703 2923 5755 τὸ
2964 5702 3316 5773 φιλόστοργον
3357 5697 3495 5755 εἶναι
3538 5701 3631 5755 τὸν
3675 5719 3767 5770 γε-

2194 5790 2527 5863 γεννηκότα,
2584 5790 2640 5842 τὸ
2689 5788 2970 5852 ποθεινοὺς
3027 5783 3160 5842 εῖναι
3213 5787 3336 5852 τούς
3396 5785 3762 5855 ἁπελθὸντας;
