4006 6462
137 416 302 473 1021

136 543 534 592 contentum
577 532 863 606 colligant;
911 536 989 593 sic
1032 544 1085 592 et
1133 536 1186 591 in
1234 536 1364 608 ipsis
1416 537 1578 594 rebus
1620 538 1811 594 iisdem

138 623 353 680 oculis
391 625 659 682 videmus
697 643 761 682 ea
794 631 921 699 qua:
963 630 1300 701 contingunt,
1349 630 1444 685 sed
1474 646 1582 686 non
1624 631 1809 687 eadem

138 725 364 773 mente
399 726 475 774 et
503 718 707 775 animo.
731 721 815 776 An
844 721 1006 792 igitur
1029 723 1120 792 qui
1148 722 1200 777 in
1232 723 1482 779 omnibus
1509 723 1627 778 aliis
1653 722 1813 779 rebus

140 807 223 863 ab
281 808 414 866 illis
475 811 884 882 discrepamus,
932 814 984 868 in
1031 815 1097 870 iis
1144 831 1264 886 quae
1301 815 1368 871 ad
1408 827 1638 873 mortem
1684 833 1811 889 spe-

141 909 324 957 ctant
355 902 642 960 eumdem
669 920 830 976 quem
866 906 942 962 illi
968 907 1232 962 calculum
1262 910 1563 980 ponemus?

224 993 295 1048 3.
332 992 557 1066 Cogita
582 996 650 1051 ad
680 1011 840 1067 quem
864 997 1057 1054 abierit
1081 1040 1097 1066 ,
1126 1008 1179 1055 et
1201 1002 1621 1059 consolationem
1665 1003 1808 1058 acci-

143 1098 224 1153 pe
253 1099 272 1138 :
313 1099 398 1140 eo
434 1086 655 1143 scilicet
683 1087 771 1142 ubi
800 1088 995 1144 Paulus
1021 1100 1124 1158 est,
1150 1092 1240 1148 ubi
1255 1092 1464 1160 Petrus,
1487 1092 1578 1148 ubi
1598 1103 1812 1150 sancto-

147 1166 291 1231 ruâ€˜m
349 1177 581 1234 chorus
626 1182 823 1236 omnis.
868 1180 1055 1254 Cogita
1101 1184 1372 1253 quomodo
1412 1194 1810 1242 resurrecturus

147 1270 231 1324 sit
256 1311 277 1336 ,
310 1285 465 1327 cum
502 1282 701 1343 quanta
727 1275 895 1345 gloria
924 1285 979 1331 et
1005 1276 1314 1347 splendore.
1353 1279 1550 1334 Animo
1575 1288 1765 1350 reputa
1791 1320 1809 1346 ,

153 1370 215 1418 te
248 1361 403 1419 fletu
435 1373 506 1420 et
529 1365 780 1438 lacrymis
805 1368 858 1423 in
899 1383 957 1424 re
987 1368 1076 1424 illa
1115 1369 1249 1424 nihil
1291 1370 1695 1426 immutaturum
1725 1371 1810 1427 vel

154 1454 628 1511 emendaturum
652 1498 670 1526 ,
717 1458 811 1514 sed
856 1460 948 1516 tibi
978 1460 1079 1532 ipsi
1120 1462 1375 1517 damnum
1419 1464 1605 1534 ingens
1635 1463 1811 1519 illatu-

154 1560 295 1602 rum
332 1566 349 1602 :
388 1548 584 1620 cogita
614 1566 749 1623 quos
771 1552 821 1607 id
847 1553 1047 1609 faciens
1072 1554 1297 1612 imiteris
1315 1598 1331 1623 ,
1354 1564 1410 1612 et
1442 1556 1563 1628 fuge
1587 1572 1810 1612 consor-

156 1642 311 1699 tium
369 1641 434 1696 in
496 1645 733 1712 peccatis
788 1645 1114 1715 hujusmodi.
1165 1648 1312 1718 Quos
1371 1665 1501 1721 ergo
1544 1651 1810 1707 imitaris?

161 1747 317 1804 quos
373 1735 702 1792 asmularis?
749 1736 1038 1808 Infideles,
1071 1741 1163 1812 qui
1216 1756 1368 1813 spem
1413 1758 1521 1798 non
1572 1744 1806 1812 habent,

162 1827 669 1896 quemadmodum
698 1839 754 1885 et
777 1829 976 1888 Paulus
1000 1831 1135 1887 dixit
1166 1850 1180 1887 :
1215 1832 1283 1890 Ut
1303 1850 1405 1889 non
1425 1835 1808 1905 contristemini,

166 1920 309 1974 sicut
335 1930 387 1975 et
416 1922 605 1976 caeteri
629 1963 644 1987 ,
676 1923 764 1993 qui
787 1940 930 1995 spem
963 1940 1068 1979 non
1092 1925 1297 1980 habent.
1332 1926 1400 1982 Et
1436 1926 1812 1984 animadverte

167 2010 311 2065 dicti
360 2012 787 2068 accurationem
816 2031 830 2066 :
864 2028 972 2070 non
992 2015 1136 2070 enim
1166 2014 1335 2083 dixit,
1375 2018 1465 2088 qui
1513 2032 1664 2087 spem
1702 2032 1810 2074 non

174 2103 399 2159 habent
429 2105 860 2162 resurrectionis
882 2148 899 2173 ,
928 2106 1024 2163 sed
1050 2108 1365 2179 simpliciter
1383 2148 1399 2176 ,
1426 2109 1527 2177 Qui
1550 2126 1692 2180 spem
1710 2125 1812 2165 non

171 2195 397 2251 habent.
430 2194 582 2251 Nam
610 2197 700 2267 qui
723 2210 873 2267 spem
916 2212 1024 2253 non
1053 2197 1213 2254 habet
1249 2198 1437 2269 judicii
1464 2199 1571 2255 illic
1599 2199 1762 2255 futuri
1790 2240 1807 2267 ,

169 2286 391 2341 nullam
426 2302 599 2357 spem
628 2287 788 2345 habet
808 2329 824 2355 ,
857 2303 1033 2358 neque
1057 2289 1226 2345 Deum
1268 2305 1389 2346 esse
1417 2291 1604 2357 novit,
1635 2305 1812 2362 neque

178 2380 288 2435 scit
315 2395 454 2436 eum
492 2394 592 2436 res
619 2379 882 2436 humanas
910 2396 1006 2437 sua
1029 2396 1217 2452 regere
1242 2381 1572 2452 providentia
1595 2423 1611 2448 ,
1636 2397 1812 2453 neque

172 2470 429 2527 divinam
458 2472 778 2542 quamdam
819 2471 1082 2544 justitiam
1126 2472 1243 2529 hmo
1283 2473 1466 2529 omnia
1522 2474 1807 2544 inspicere.

172 2562 278 2631 Qui
305 2573 517 2619 autem
553 2562 670 2619 haec
694 2578 801 2619 non
832 2564 1115 2635 intelligit,
1146 2579 1321 2636 neque
1348 2580 1532 2621 secum
1563 2573 1808 2636 reputat,

171 2654 290 2709 fera
337 2654 559 2726 quavis
601 2654 847 2710 stolidior
887 2663 1010 2723 est,
1042 2655 1132 2726 qui
1170 2656 1355 2726 leges,
1404 2656 1643 2727 judicia,
1688 2655 1810 2728 jura

182 2744 446 2816 bonaque
493 2745 688 2800 omnia
733 2752 801 2800 ex
833 2745 1013 2801 animo
1052 2760 1153 2802 suo
1190 2746 1502 2802 eliminavit.
1535 2746 1637 2816 Qui
1668 2747 1813 2803 enim

184 2853 298 2893 non
322 2846 628 2909 exspectat
668 2852 730 2894 se
776 2838 1072 2895 facinorum
1119 2840 1382 2895 rationem
1431 2840 1767 2898 redditurum
1792 2882 1809 2908 ,

191 2930 462 2986 virtutem
492 2944 723 3000 prorsus
770 2930 1020 2999 deseret,
1050 2932 1450 3003 nequitiamque
1477 2947 1696 2989 omnem
1726 2949 1813 2990 se-

188 3023 451 3079 ctabitur.
478 3021 616 3078 Haec
638 3023 935 3094 cogitantes
954 3065 970 3092 ,
1002 3038 1066 3079 ac
1107 3025 1388 3081 stultitiam
1419 3026 1814 3098 amentiamque

193 3112 505 3171 Gentilium
528 3155 544 3177 ,
576 3114 894 3184 quibuscum
924 3114 1157 3186 lugendo
1178 3117 1636 3173 communicamus
1656 3158 1671 3184 ,
1697 3118 1813 3172 ani-

193 3222 283 3261 mo
314 3215 651 3278 reputantes
673 3247 690 3274 ,
718 3223 788 3264 ne
810 3209 1204 3264 committamus
1229 3217 1289 3264 ut
1313 3225 1434 3265 cum
1451 3209 1559 3266 illis
1585 3225 1812 3267 consen-

198 3298 418 3353 tiamus.
470 3298 608 3354 Ideo
651 3314 881 3370 namque
918 3300 1115 3356 Paulus
1156 3300 1277 3357 illos
1296 3286 1727 3370 commemorat,
1755 3313 1814 3359 ut

196 3390 441 3448 dedecus
490 3392 550 3446 in
593 3392 735 3462 quod
764 3393 996 3449 incurris
1024 3404 1279 3464 reputans
1304 3436 1320 3460 ,
1352 3395 1420 3450 ab
1448 3395 1659 3450 illorum
1697 3411 1815 3452 mo-

198 3484 349 3539 ribus
375 3483 583 3555 pedem
621 3483 821 3540 referas
846 3527 859 3550 ,
883 3493 939 3541 et
962 3485 1029 3540 ad
1058 3487 1324 3556 propriam
1351 3486 1542 3542 redeas
1568 3487 1814 3541 nobilita-

198 3586 305 3631 tem
332 3620 348 3645 ,
382 3592 577 3648 neque
607 3575 695 3632 hic
731 3578 902 3633 solum
927 3621 940 3644 ,
976 3576 1070 3634 sed
1112 3580 1271 3635 etiam
1301 3579 1483 3635 multis
1512 3580 1563 3635 in
1591 3580 1721 3635 locis
1750 3595 1814 3637 ac

200 3667 518 3740 frequenter
539 3670 595 3725 id
622 3671 930 3741 agithcatus
950 3671 1161 3727 Paulus.
1193 3672 1325 3727 Cum
1355 3672 1496 3728 enim
1523 3688 1552 3728 a
1579 3674 1813 3744 peccatis

204 3762 316 3816 vult
336 3763 643 3830 abducere,
662 3764 895 3819 ostendit
909 3764 1223 3833 quibuscum
1245 3767 1703 3822 communicemus
1720 3783 1815 3837 per

201 3851 314 3921 ipsa
359 3862 617 3925 peccata,
638 3862 694 3911 ut
719 3871 784 3909 ex
816 3870 1058 3924 personm
1084 3856 1390 3913 conditione
1417 3866 1614 3925 motus,
1643 3861 1816 3915 socieâ€”

206 3943 296 3997 tati
327 3947 638 4000 renunties.
661 3945 1226 4003 Thessalonicensibus
1253 3948 1410 4019 igitur
1430 3951 1674 4005 scribens
1693 3992 1709 4018 ,
1740 3952 1811 4006 ita

206 4036 419 4093 dicebat
452 4057 467 4093 :
507 4037 866 4109 Unusquisque
909 4050 1128 4094 vestrum
1154 4042 1409 4111 possideat
1446 4059 1630 4111 corpus
1665 4060 1815 4098 suum

206 4128 256 4182 in
285 4131 703 4200 sanctiï¬catione
740 4141 789 4185 et
821 4132 1038 4196 honore,
1085 4149 1187 4187 non
1235 4134 1287 4187 in
1316 4134 1553 4203 passione
1590 4134 1812 4205 ignomi-

207 4224 332 4289 niae,
360 4227 496 4279 sicut
548 4234 720 4295 gentes
748 4242 863 4296 qua:
901 4223 1064 4278 Deum
1104 4241 1207 4278 non
1236 4235 1480 4279 noverunt
1510 4226 1586 4294 (1.
1630 4224 1811 4282 Thess.

140 4304 143 4315 Â¹
209 4317 261 4370 4.
291 4318 345 4372 4.
380 4319 472 4389 5).
519 4321 602 4374 Ac
625 4333 813 4373 rursus
846 4336 860 4373 :
907 4317 1029 4371 Non
1055 4319 1182 4371 sicut
1205 4327 1396 4372 certem:
1438 4327 1606 4387 gentes
1631 4318 1813 4371 ambu-

212 4408 317 4461 lant
345 4410 400 4463 in
425 4413 654 4463 vanitate
678 4409 845 4463 cordis
874 4408 954 4461 sui
982 4407 1146 4479 (Eph.
1184 4408 1238 4462 4.
1272 4407 1394 4477 17).
1426 4407 1515 4463 Sic
1554 4416 1609 4462 et
1638 4408 1690 4463 in
1713 4410 1819 4466 hoc

213 4500 330 4554 loco
362 4518 376 4553 :
410 4502 558 4556 Nolo
582 4517 668 4555 vos
690 4502 927 4572 ignorare
949 4541 964 4566 ,
995 4503 1177 4570 fratres
1202 4540 1217 4566 ,
1244 4500 1307 4554 de
1335 4498 1697 4554 dormientibus
1716 4539 1735 4565 ,
1759 4510 1815 4552 ut

213 4608 314 4646 non
338 4592 711 4657 contristemini
737 4593 866 4648 sicut
893 4601 941 4646 et
969 4592 1138 4646 elateri
1157 4632 1173 4656 ,
1203 4591 1289 4661 qui
1313 4607 1452 4662 spem
1479 4607 1581 4645 non
1607 4590 1813 4646 habent.

214 4681 326 4736 Non
354 4687 504 4739 enim
537 4684 618 4739 rei
649 4685 816 4755 ipsius
842 4694 1029 4739 natura
1049 4726 1064 4751 ,
1093 4683 1186 4738 sed
1215 4683 1377 4737 animi
1405 4682 1575 4738 nostri
1616 4698 1814 4754 propo-

216 4777 376 4829 silum
405 4777 655 4833 dolorem
683 4777 836 4832 nobis
857 4776 1047 4831 afferre
1068 4775 1233 4830 solet:
1254 4790 1359 4831 non
1392 4789 1536 4829 mors
1556 4774 1813 4841 defuncti,

218 4870 310 4923 sed
341 4869 640 4941 lugentium
672 4870 973 4925 infirmitas.
1008 4868 1245 4925 Fidelem
1268 4870 1446 4940 itaque
1474 4868 1615 4924 nulla
1634 4884 1814 4924 rerum

223 4965 566 5025 prmsentium
615 4962 798 5017 dolore
842 4961 1060 5017 afficere
1102 4961 1334 5031 poterit;
1365 4960 1461 5016 sed
1500 4959 1658 5015 etiam
1691 4972 1816 5017 ante

221 5050 395 5107 futura
428 5054 569 5108 bona
600 5065 656 5110 et
680 5055 732 5109 in
758 5053 1008 5122 praesenti
1036 5053 1142 5107 vita
1163 5052 1230 5106 ab
1252 5051 1551 5107 inlidelibus
1577 5060 1818 5105 remotus

221 5154 322 5210 est,
355 5162 463 5201 non
494 5163 659 5217 parva
705 5162 770 5202 ex
813 5146 1149 5217 philosophia
1191 5145 1489 5200 Christiana
1518 5144 1816 5214 percipiens

225 5231 381 5301 bona,
423 5239 819 5308 maximamque
846 5238 967 5295 inde
996 5249 1203 5293 metens
1244 5236 1595 5299 alacritatem,
1627 5251 1818 5305 perpe-

226 5334 481 5399 tuumque
509 5331 785 5401 gaudium.
813 5332 992 5400 Quare
1022 5330 1213 5386 Paulus
1234 5331 1309 5384 ait
1341 5348 1354 5385 :
1386 5328 1612 5383 Gaudete
1634 5329 1688 5382 in
1711 5328 1816 5382 Do-

228 5418 363 5473 mino
388 5438 616 5493 semper,
661 5425 846 5478 iterum
881 5424 996 5478 dico
1019 5464 1034 5489 ,
1085 5422 1299 5493 gaudete
1327 5421 1586 5493 (Philipp.
1633 5420 1688 5475 4.
1734 5419 1813 5491 4).

230 5505 409 5578 Itaque
438 5515 602 5569 etiam
638 5525 765 5571 ante
808 5516 1264 5572 resurrectionem
1297 5528 1402 5568 non
1435 5528 1650 5583 parvam
1678 5512 1816 5567 hanc

233 5602 530 5657 mercedem
555 5606 876 5676 accipimus,
907 5606 1048 5677 quod
1076 5608 1127 5660 in
1158 5605 1301 5659 nulla
1340 5604 1693 5660 accidentium
1722 5618 1816 5657 ca-

234 5683 526 5749 lamitatum
576 5699 756 5754 animo
801 5698 1180 5762 concidamus;
1226 5697 1320 5753 sed
1373 5698 1671 5751 futurorum
1720 5711 1816 5766 spe

240 5779 399 5834 multo
428 5784 662 5843 fruamur
700 5789 913 5844 solatio.
941 5790 1398 5859 Quemadmodum
1445 5790 1603 5858 igitur
1641 5788 1811 5842 utrius

245 5880 343 5945 que
369 5873 570 5936 lucrum
595 5881 816 5937 facimus
836 5923 851 5953 ,
882 5874 959 5937 ita
974 5878 1208 5938 infidelis
1241 5882 1485 5952 utrinque
1514 5880 1707 5936 damno
1735 5877 1812 5935 af~

1413 423 1502 485 DE
1540 424 1817 483 LAZARO
1861 425 2105 485 CONCIO
2143 429 2207 484 Î½.

3371 433 3510 491 1Î¿Îž2

1917 539 2127 609 ï¬citur,
2157 551 2211 598 et
2250 544 2394 614 quod
2428 544 2646 602 demum
2688 549 2973 619 puniatur,
3006 555 3130 622 quia
3153 562 3514 619 resurrectio-

1916 647 2038 687 nem
2081 648 2186 688 non
2234 636 2501 706 credidit,
2532 647 2590 696 et
2616 640 2761 710 quod
2798 640 2978 699 animo
3000 645 3249 700 concidat
3271 647 3326 701 in
3370 663 3513 718 prte-

1915 724 2159 779 sentibus
2208 726 2407 793 rebus,
2455 730 2579 800 quia
2624 730 2757 785 nihil
2787 743 2907 802 post
2949 733 3090 791 hanc
3116 736 3280 791 vitam
3324 754 3511 808 sperat

1919 813 2063 869 boni.
2112 815 2229 870 Non
2258 817 2432 872 solum
2475 834 2605 890 ergo
2633 831 2852 892 propter
2894 826 3346 881 resurrectionem
3396 829 3509 884 Deo

1842 905 2113 1002 sigratias
2140 921 2299 977 agere
2340 908 2599 965 debemus
2620 951 2634 975 ,
2675 911 2770 967 sed
2799 914 2959 968 etiam
2999 924 3217 986 propter
3237 932 3385 987 spem
3414 934 3505 975 re-

1913 997 2259 1051 surrectionis
2276 1038 2291 1063 ,
2314 1014 2434 1068 qua:
2452 1009 2507 1055 et
2527 1010 2843 1058 maerentem
2863 1003 3102 1060 animum
3120 1006 3229 1060 sola
3239 1008 3280 1061 ri
3301 1018 3498 1078 potest,

1914 1095 1979 1169 et
1999 1089 2323 1158 persuadere
2350 1091 2507 1147 nobis
2550 1101 2610 1148 ut
2636 1094 2780 1150 circa
2824 1094 3107 1152 defunctos
3137 1097 3505 1171 conï¬damus,

1915 1166 2011 1233 eos
2039 1194 2234 1249 nempe
2263 1193 2661 1239 resurrecturos
2685 1226 2700 1250 ,
2728 1200 2793 1242 ac
2817 1187 3094 1243 nobiscum
3126 1188 3334 1246 futuros
3359 1206 3503 1248 esse.

1914 1268 2051 1325 Nam
2097 1272 2143 1327 si
2172 1286 2407 1330 maerere
2433 1276 2684 1331 convenit
2722 1292 2785 1333 ac
2821 1277 3001 1350 lugere
3022 1321 3038 1346 ,
3060 1281 3279 1352 lugendi
3307 1283 3341 1337 ii
3366 1326 3382 1352 ,
3415 1286 3504 1355 qni

1916 1362 1971 1416 in
2001 1363 2236 1433 peccatis
2255 1365 2473 1431 vivunt,
2504 1381 2611 1422 non
2661 1367 2699 1422 ii
2747 1369 2838 1439 qui
2862 1385 2984 1425 eum
3032 1372 3229 1428 virtute
3270 1373 3505 1431 defuncti

1914 1462 2057 1509 sunt.
2084 1454 2174 1512 Sic
2191 1465 2250 1512 et
2277 1456 2474 1514 Paulus
2499 1457 2626 1515 facit
2655 1476 2670 1515 :
2699 1459 2992 1518 Corinthiis
3017 1465 3212 1535 quippe
3242 1467 3506 1537 scribens,

1913 1546 1986 1599 ait
2010 1563 2025 1600 :
2052 1544 2337 1617 Nequando
2366 1549 2434 1601 ad
2458 1565 2543 1605 vos
2564 1553 2840 1606 venientem
2872 1570 2948 1608 me
2992 1553 3133 1610 Deus
3162 1556 3393 1612 humiliet
3415 1558 3441 1626 ,'
3460 1568 3512 1617 et

1914 1641 2105 1694 multos
2138 1640 2339 1713 lugeam
2368 1641 2446 1714 (2.
2477 1641 2597 1697 Cor.
2628 1643 2716 1699 l2.
2745 1643 2860 1717 2|).
2888 1645 3004 1700 Non
3034 1648 3229 1704 multos
3262 1665 3326 1705 ex
3357 1665 3506 1706 mor-

1919 1731 2022 1787 tuis
2052 1731 2224 1798 dixit;
2253 1732 2346 1788 scd
2377 1749 2442 1788 ex
2466 1732 2529 1788 iis
2552 1776 2568 1802 ,
2600 1735 2831 1806 quicum
2857 1747 2983 1792 ante
3002 1740 3390 1809 peccavissent,
3415 1757 3509 1798 eos

1915 1829 2093 1876 tamen
2138 1824 2369 1879 lascivire
2399 1824 2733 1896 impuneque
2758 1827 2882 1882 vitae
2911 1843 3016 1883 non
3048 1830 3333 1900 pteniteret
3362 1849 3377 1890 :
3410 1831 3509 1889 hos

1914 1913 2099 1984 lugere
2123 1918 2393 1970 convenit.
2424 1917 2513 1971 Sic
2536 1917 2675 1973 alius
2700 1928 2883 1974 monet
2915 1920 2997 1975 his
3037 1921 3213 1978 verbis
3246 1941 3259 1977 :
3297 1922 3392 1978 Fle
3415 1941 3507 1978 su-

1911 2024 2004 2072 per
2032 2017 2230 2063 mortuo
2265 2025 2283 2063 :
2313 2011 2497 2083 defecit
2544 2012 2679 2066 enim
2708 2013 2920 2080 lumen;
2963 2025 3008 2069 et
3028 2032 3180 2084 super
3202 2017 3356 2071 stulto
3393 2019 3461 2088 ï¬‚e
3488 2033 3511 2074 :

1916 2099 2101 2170 defecit
2147 2101 2282 2155 enim
2308 2101 2644 2173 intelligentia
2673 2103 2858 2175 (Eccli.
2886 2104 2978 2161 22.
3017 2106 3129 2178 Ï‰).
3163 2105 3354 2160 Parum
3380 2106 3508 2162 ï¬‚eas

1913 2205 2076 2263 super
2105 2201 2316 2248 mortuo
2337 2234 2351 2256 ,
2381 2196 2633 2264 quoniam
2658 2196 2956 2267 requievit;
2990 2199 3136 2255 stulti
3165 2206 3343 2254 autem
3369 2214 3513 2254 mor-

1916 2290 1970 2338 te
1996 2282 2103 2337 vita
2129 2292 2212 2339 est
2234 2283 2488 2340 deterior.
2510 2285 2664 2354 Quod
2689 2291 2733 2341 si
2763 2288 3129 2359 intelligentia:
3147 2303 3342 2364 expers
3367 2304 3512 2346 sem-

1915 2388 2012 2444 per
2038 2374 2288 2448 lacrymis
2316 2374 2508 2448 dignus
2532 2389 2613 2433 est
2641 2394 2657 2445 ;
2687 2380 2857 2434 multo
2876 2381 3045 2451 magis
3066 2381 3269 2453 iustitia
3288 2400 3509 2455 vacuus,

1915 2475 1970 2523 et
1995 2467 2084 2538 qui
2111 2483 2141 2522 a
2172 2482 2268 2538 spe
2292 2468 2344 2522 in
2369 2468 2532 2523 Deum
2564 2469 2782 2524 excidit.
2813 2470 2924 2525 Hos
2954 2471 3133 2543 itaque
3177 2473 3455 2545 lugeamus
3486 2494 3500 2531 :

1916 2559 2004 2614 hic
2052 2561 2227 2617 luctus
2279 2562 2429 2617 lucro
2475 2578 2581 2617 non
2615 2572 2698 2618 est
2732 2563 3021 2620 destitutus
3054 2582 3068 2619 :
3097 2579 3241 2637 Saepe
3279 2583 3511 2639 namque

1916 2654 2061 2709 luctu
2093 2664 2278 2709 nostro
2309 2654 2430 2710 illos
2455 2655 2878 2713 emendavimus.
3452 2702 3459 2711 ,

1960 2786 1963 2789 Î»
1986 2746 2261 2802 Peccatum
2290 2748 2455 2802 solum
2483 2748 2777 2819 lugendum.
2804 2779 2879 2791 â€”â€”
2898 2748 3185 2806 Defunctos
3211 2761 3389 2807 autem
3431 2753 3510 2809 lu-

1919 2853 2049 2910 gere
2069 2854 2193 2894 cum
2226 2839 2414 2895 inutile
2436 2880 2452 2909 ,
2484 2848 2596 2895 tum
2623 2839 2941 2896 damnosum
2971 2851 3072 2901 ÏÎµÎ¹.
3120 2841 3199 2897 Ne
3228 2842 3386 2913 igitur
3417 2859 3511 2901 or-

1916 2932 2095 2989 dinem
2123 2933 2455 2988 invertamus
2479 2974 2496 2999 ,
2548 2933 2644 2988 sed
2674 2943 2952 3002 peccatum
2983 2934 3157 2989 solum
3185 2934 3461 3006 lugeamus
3492 2954 3508 2993 :

1915 3025 2121 3095 reliqua
2142 3040 2272 3081 vero
2296 3025 2477 3080 omnia
2501 3067 2516 3092 ,
2540 3026 2653 3081 sive
2674 3036 3040 3096 paupertatem
3064 3068 3078 3093 ,
3102 3027 3215 3083 sive
3235 3028 3503 3096 morbum,

1915 3116 2029 3171 sive
2075 3115 2413 3171 immaturam
2462 3124 2726 3180 mortem,
2774 3117 2888 3171 sive
2924 3116 3178 3172 damnum
3205 3158 3218 3181 ,
3262 3118 3382 3174 sive
3423 3134 3512 3173 ca.

1916 3206 2211 3274 lumniam,
2266 3206 2378 3261 sive
2426 3206 2569 3261 aliud
2608 3207 2877 3277 quidpiam
2922 3206 3214 3262 humanum
3267 3208 3507 3277 malum,

1917 3297 2125 3354 fortiter
2150 3297 2410 3354 feramus.
2446 3298 2571 3354 lltec
2598 3300 2796 3369 quippe
2840 3299 2979 3353 mala
3005 3341 3021 3367 ,
3049 3300 3094 3354 si
3140 3308 3504 3372 temperantes

1915 3389 2178 3446 fuerimus
2201 3432 2217 3458 ,
2248 3391 2431 3460 plures
2456 3388 2611 3445 nobis
2638 3404 2866 3446 coronas
2894 3401 3202 3462 procurant.

1986 3483 2041 3536 4.
2072 3482 2143 3539 At
2171 3482 2259 3552 qui
2284 3525 2299 3547 ,
2347 3482 2591 3553 inquies,
2625 3482 2739 3537 fieri
2770 3482 2974 3552 possit,
3006 3491 3068 3538 ut
3111 3483 3361 3540 homines
3385 3500 3508 3543 cum

1916 3575 2084 3629 simus
2105 3615 2121 3640 ,
2149 3572 2334 3631 dolore
2361 3588 2466 3628 non
2497 3572 2832 3655 afï¬ciantur?
2852 3578 2921 3627 At
2945 3588 3044 3643 ego
3075 3584 3261 3629 contra
3287 3590 3509 3645 quaero:

1917 3668 2009 3740 qui
2040 3666 2153 3723 fieri
2180 3666 2347 3738 possit
2368 3678 2425 3722 ut
2450 3667 2629 3737 lugeat
2650 3666 2832 3733 homo,
2850 3667 2941 3737 qui
2968 3668 3190 3723 rationis
3214 3668 3513 3739 particeps,

1916 3770 1971 3813 et
1994 3760 2290 3814 futurorum
2320 3772 2417 3829 spe
2445 3757 2605 3811 fultus
2624 3756 2744 3813 est?
2765 3756 2984 3827 Ecquis,
3016 3757 3257 3828 'inquies,
3283 3774 3513 3829 unquam

1917 3853 2036 3920 fuit,
2052 3852 2141 3923 qui
2174 3852 2273 3906 hac
2288 3850 2604 3922 tegritudine
2629 3865 2737 3905 non
2758 3860 2947 3920 captus
2975 3850 3085 3905 sit?
3112 3850 3258 3905 Multi
3274 3858 3327 3905 et
3348 3850 3516 3920 pluri-

1917 3946 2018 4001 bus
2043 3946 2096 4000 in
2128 3945 2256 4000 locis
2275 3987 2291 4012 ,
2325 3955 2435 3999 tum
2467 3953 2654 3998 nostro
2674 3984 2689 4009 ,
2720 3952 2829 3998 tum
2861 3943 3260 4014 progenitorum
3297 3953 3511 4000 nostro-

1918 4052 2038 4091 rum
2060 4051 2196 4092 aevo.
2229 4035 2440 4091 Etenim
2472 4034 2596 4089 audi
2622 4033 2749 4104 quid
2776 4032 2898 4098 Job,
2919 4033 3118 4088 amisso
3147 4042 3257 4088 toto
3278 4033 3510 4090 ï¬liorum

1918 4137 2063 4185 coetu
2088 4170 2103 4195 ,
2146 4127 2291 4183 dicat
2321 4145 2334 4182 :
2361 4127 2611 4181 Dominus
2640 4125 2812 4190 dedit,
2844 4122 3091 4191 Dominus
3121 4123 3329 4178 abstulit
3358 4140 3377 4178 :
3404 4128 3509 4182 sic-

1916 4228 1971 4274 ut
2005 4218 2227 4272 Domino
2250 4217 2460 4288 placuit,
2488 4217 2560 4270 ita
2586 4217 2776 4286 factum
2803 4223 2876 4267 est
2924 4213 3043 4285 (Job
3071 4214 3122 4267 1.
3147 4212 3263 4284 Si).
3294 4213 3388 4268 Vel
3415 4229 3512 4268 au-

1922 4310 2036 4365 ditu
2061 4308 2279 4379 quidem
2308 4308 2423 4362 huic
2464 4304 2730 4360 mirabilia
2760 4312 2885 4361 sunt
2910 4323 2922 4359 :
2949 4312 3004 4358 at
3048 4304 3094 4359 si
3124 4305 3213 4359 illa
3262 4316 3516 4361 accurate

1916 4398 2392 4469 expenderis,tunc
2408 4397 2579 4466 majus
2593 4410 2783 4451 cernes
2801 4394 3140 4449 miraculum.
3155 4394 3339 4466 Cogita
3361 4411 3483 4451 nam
3497 4428 3513 4436 -

1915 4507 2020 4563 que
2035 4491 2329 4555 diabolum,
2350 4504 2456 4544 non
2473 4490 2763 4544 liberorum
2782 4486 3062 4542 dimidium
3085 4487 3390 4554 abstulisse;
3415 4506 3516 4545 ne-

1916 4598 2021 4653 que
2052 4583 2234 4652 plures
2257 4580 2542 4637 abstulisse
2561 4622 2577 4648 ,
2611 4581 2889 4650 pauciores
2905 4579 3210 4649 reliquisse;
3229 4579 3323 4635 sed
3352 4590 3518 4636 totum

1917 4675 2147 4730 fructum
2175 4666 2535 4729 demeSsuisse
2555 4712 2573 4738 ,
2618 4686 2720 4726 nec
2745 4669 2990 4726 arborem
3004 4669 3265 4740 dejecisse
3294 4689 3308 4725 :
3349 4680 3518 4726 totum

1919 4780 2068 4823 mare
2086 4782 2208 4822 cum
2224 4764 2471 4820 ï¬‚uctibus
2499 4763 2737 4831 induxit,
2758 4778 2931 4833 neque
2952 4771 3130 4817 tamen
3149 4763 3399 4834 scapham
3421 4764 3520 4818 de~

1918 4859 2105 4915 mersit
2127 4877 2140 4912 :
2162 4865 2324 4912 totam
2352 4858 2460 4910 vim
2490 4854 2760 4916 adhibuit.
2787 4870 2963 4924 neque
2989 4855 3175 4911 turrim
3204 4856 3519 4912 commovit.

1987 4947 2088 5004 Job
2116 4946 2404 5018 exemplum
2432 4946 2706 5016 patientiae.
2727 4943 2921 5000 -â€”Sed
2965 4946 3113 5000 stetit
3151 4946 3242 5000 ille
3286 4946 3521 5012 undique

1921 5043 2040 5098 telis
2056 5041 2350 5112 impetitus,
2370 5038 2765 5108 immobilisque
2792 5052 3047 5091 manens:
3072 5036 3175 5091 tela
3197 5038 3364 5091 instar
3383 5033 3530 5101 nivis

1920 5135 1972 5188 in
1995 5150 2115 5190 eum
2138 5133 2415 5189 confertim
2440 5130 2766 5198 ferebantur;
2795 5143 2968 5198 neque
2992 5128 3083 5182 ille
3106 5128 3516 5199 percellebaturâ€˜,

1920 5228 2027 5281 imo
2050 5224 2398 5281 mittebantur
2439 5222 2654 5292 quidem
2681 5263 2695 5286 ,
2727 5229 2781 5275 at
2804 5233 2908 5274 non
2936 5218 3303 5283 vulnerabant.
3337 5220 3523 5288 Cogita

1919 5329 2173 5390 quantum
2198 5319 2266 5373 sit
2288 5328 2365 5372 tot
2392 5316 2526 5371 filios
2550 5324 2786 5369 mortuos
2813 5326 3056 5368 cernere.
3084 5309 3223 5378 Quid
3248 5311 3387 5365 enim
3412 5329 3524 5367 non

1919 5411 2163 5467 dolorem
2217 5407 2518 5464 inferebat?
2553 5404 2705 5474 Quod
2752 5418 2942 5458 omnes
2985 5412 3300 5473 raperentur
3324 5444 3339 5469 ,
3371 5402 3513 5473 quod

1920 5517 2109 5557 omnes
2133 5501 2291 5556 simul
2318 5515 2424 5554 uno
2442 5499 2529 5555 die
2549 5539 2563 5563 ,
2595 5496 2736 5566 quod
2764 5496 2816 5550 in
2848 5496 2963 5565 ipso
2991 5495 3164 5562 anatis
3192 5494 3345 5562 llorc,
3375 5496 3517 5566 quod

1920 5612 2042 5652 cum
2068 5598 2176 5665 jam
2203 5595 2472 5664 egregium
2503 5590 2775 5646 dedissent
2804 5587 3011 5645 virtutis
3031 5587 3303 5657 specimen
3328 5630 3342 5651 ,
3366 5590 3507 5657 quod

1922 5688 2163 5758 supplicii
2210 5700 2360 5740 more
2399 5684 2563 5739 vitam
2608 5681 2823 5737 finirent
2847 5721 2860 5743 ,
2888 5677 3031 5750 quod
3063 5687 3183 5749 post
3213 5687 3291 5733 tot
3333 5679 3514 5748 plagas

1922 5780 2037 5836 haec
2061 5788 2325 5848 postrema
2348 5776 2652 5840 inferretur,
2681 5772 2823 5844 quod
2848 5780 2996 5843 pater
3035 5780 3178 5826 esset
3229 5769 3514 5827 liberorum

1923 5890 2107 5933 amans
2132 5914 2146 5943 ,
2182 5873 2321 5945 quod
2349 5870 2587 5939 defuncti
2612 5867 2889 5942 amabiles.
2912 5864 3048 5931 Cum
3074 5863 3216 5922 enim
3240 5861 3519 5947 improbus
