4006 6440
510 532 772 603 quispiam
799 529 996 584 liberos
1024 525 1250 592 amittit,
1276 524 1343 580 de
1363 524 1568 594 jactura
1589 520 1800 593 quidem
1823 516 1988 583 dolet,
2017 512 2111 568 scd

513 640 621 679 non
643 636 762 677 cum
787 629 927 674 tanta
954 616 1287 672 vehementia
1314 631 1329 668 :
1362 613 1732 669 defunctorum
1758 611 1899 665 enim
1921 609 2112 677 impro-

505 715 650 765 bitas
683 726 790 765 uon
830 709 903 764 ita
930 723 1107 764 acrem
1134 706 1259 762 sinit
1298 719 1417 760 esse
1443 703 1707 759 dolorem.
1752 702 1888 756 Cum
1933 710 2111 755 autem

511 796 711 867 virtute
741 801 947 871 praediti
978 806 1136 866 sunt,
1165 798 1357 852 vulnus
1399 796 1488 851 diu
1516 795 1811 867 perdurat,
1852 793 2110 847 memoria

517 893 629 963 ejus
657 907 762 946 non
784 890 1040 946 amittitur
1062 908 1076 944 :
1100 888 1296 944 malum
1318 903 1535 943 omnem
1554 885 1973 941 consolationem
1996 886 2115 940 vin-

517 986 609 1051 cit,
641 984 837 1055 duplex
859 982 1103 1039 stimulus
1122 989 1225 1047 est,
1251 980 1384 1035 alter
1413 995 1443 1034 a
1471 988 1681 1046 natura,
1713 978 1849 1033 alter
1869 993 1899 1032 a
1919 978 2115 1034 virtute

520 1078 909 1133 defunctorum.
938 1075 1089 1144 Quod
1118 1083 1295 1130 autem
1334 1073 1408 1129 illi
1439 1074 1633 1128 virtute
1678 1072 1851 1127 ornati
1893 1078 2073 1128 essent
2096 1112 2113 1138 ,

521 1171 644 1224 hinc
668 1170 839 1240 palam
865 1211 881 1235 ,
910 1168 1051 1239 quod
1078 1177 1227 1237 pater
1263 1182 1508 1237 magnam
1535 1181 1721 1220 eorum
1748 1181 1929 1220 curam
1953 1164 2116 1220 habe-

520 1262 876 1331 rct,quodque
898 1261 1099 1316 hostias
1124 1275 1218 1331 pro
1247 1259 1354 1314 illis
1379 1257 1689 1323 ofi‘erret,de
1709 1258 1933 1312 occultis
1951 1258 2112 1313 etiam

520 1370 706 1409 eorum
761 1355 998 1425 peccatis
1038 1353 1334 1419 sollicitus,
1376 1350 1616 1421 nihilque
1658 1349 1757 1420 ipsi
1806 1350 1925 1419 plus
1966 1348 2117 1403 cordi

525 1456 663 1502 erat.
706 1447 761 1502 ld
789 1461 918 1501 vero
948 1461 1052 1501 non
1076 1445 1236 1500 modo
1283 1444 1537 1515 virtutem
1564 1442 1793 1497 filiorum
1838 1440 2113 1507 declarat,

521 1539 617 1594 sed
643 1540 802 1595 etiam
832 1540 998 1610 patris
1023 1554 1280 1594 amorem.
1313 1537 1446 1593 Cum
1477 1536 1636 1607 igitur
1680 1543 1734 1590 et
1759 1543 1909 1605 pater
1932 1542 2117 1601 esset,

522 1642 579 1687 et
621 1647 787 1701 usque
807 1631 941 1688 adeo
963 1632 1128 1702 prolis
1153 1646 1358 1696 amans,
1384 1631 1474 1700 qui
1502 1644 1608 1684 non
1640 1628 1935 1684 naturalem
1958 1627 2120 1683 modo

522 1722 792 1791 affectum,
823 1723 916 1779 sed
946 1725 1105 1779 etiam
1135 1739 1281 1792 eum,
1310 1724 1400 1793 qui
1427 1739 1493 1778 ex
1518 1723 1711 1793 pietate
1737 1721 2117 1792 proficisceba-

523 1823 645 1881 tur,
674 1816 988 1881 exhiberet;
1014 1830 1135 1871 cum
1164 1816 1325 1871 etiam
1365 1814 1594 1870 defuncti
1638 1822 1800 1869 tautae
1837 1812 2118 1883 probitatis

523 1916 738 1975 essent,
768 1907 890 1963 hinc
920 1907 1114 1979 triplex
1152 1908 1401 1964 maeroris
1439 1907 1575 1978 ignis
1608 1906 1943 1978 gignebatur.
1974 1906 2121 1961 Przeo

520 2008 668 2057 terea
698 2016 817 2056 cum
849 2002 1039 2071 partim
1066 2008 1270 2057 tantum
1293 2000 1648 2071 abripiuntur,
1666 1999 1897 2070 aliquam
1926 2012 2122 2054 conso-

524 2092 775 2149 lationem
798 2093 900 2150 hoc
916 2094 1111 2149 malum
1138 2093 1315 2149 habet.
1354 2092 1489 2149 Nam
1518 2091 1717 2148 residui
1760 2091 1853 2147 filii
1877 2090 2121 2146 dolorem

524 2184 592 2240 de
616 2185 839 2239 aliorum
871 2194 1041 2240 morte
1071 2186 1357 2241 obscurant
1394 2195 1449 2241 et
1472 2185 1735 2255 mitigant.
1764 2185 1834 2239 At
1861 2198 1983 2239 cum
2013 2197 2120 2237 uno

525 2284 770 2344 tempore
797 2276 1029 2331 universi
1059 2277 1360 2331 moriuutur
1382 2317 1397 2341 ,
1440 2276 1506 2331 ad
1534 2291 1691 2347 quem
1720 2274 1991 2345 respicere
2019 2288 2119 2344 po-

527 2367 653 2422 terit
697 2367 819 2433 ille,
871 2369 959 2438 qui
999 2369 1287 2424 multorum
1327 2368 1557 2424 filiorum
1584 2378 1736 2438 pater
1768 2367 1877 2438 jam
1908 2366 2121 2438 penitus

522 2461 685 2515 orbus
710 2462 837 2516 est?
864 2461 944 2517 Ad
984 2461 1098 2517 hate
1127 2462 1363 2532 quintam
1390 2463 1549 2517 etiam
1580 2462 1784 2532 plagam
1832 2474 2117 2517 recensere

525 2551 669 2606 licet.
694 2552 950 2620 Quaenam
982 2554 1069 2608 illa
1098 2554 1227 2610 est?
1247 2554 1403 2624 Quod
1430 2555 1720 2625 derepente
1747 2569 1935 2610 omnes
1982 2553 2123 2609 inte-

525 2643 731 2698 ricriut.
768 2643 901 2698 Nam
937 2644 983 2699 si
1011 2660 1133 2702 cum
1173 2646 1313 2700 intra
1358 2654 1466 2701 tres
1495 2656 1586 2701 aut
1619 2646 1852 2717 quinque
1875 2645 1992 2701 dies
2020 2644 2125 2698 vita

525 2731 818 2803 funguntur
837 2735 1022 2806 aliqui,
1051 2745 1175 2790 tunc
1196 2738 1446 2793 mulieres
1469 2746 1524 2792 et
1550 2737 1760 2807 cognati
1783 2752 1971 2790 omnes
1997 2735 2126 2790 illud

526 2827 758 2880 maxime
793 2826 1109 2896 deplorant,
1143 2829 1285 2899 quod
1310 2829 1418 2884 cito
1446 2838 1501 2885 et
1529 2829 1822 2899 derepente
1846 2827 2128 2883 defunctus

527 2916 594 2970 ab
620 2931 804 2971 eorum
849 2919 1018 2973 oculis
1045 2919 1297 2990 abreptus
1335 2920 1439 2986 sit;
1482 2928 1683 2991 quanto
1728 2920 1897 2990 magis
1925 2919 2010 2973 hic
2048 2918 2129 2973 in-

527 3007 714 3075 doluit,
737 3008 826 3079 qui
849 3025 953 3065 non
980 3010 1115 3066 intra
1141 3021 1249 3068 tres
1272 3013 1354 3069 vel
1382 3012 1536 3079 duos,
1560 3013 1640 3068 vel
1668 3028 1830 3068 unum
1848 3013 2011 3082 diem,
2033 3011 2129 3067 sed

528 3097 659 3153 hora
694 3116 797 3155 uua
826 3116 1013 3157 omnes
1055 3106 1134 3159 sic
1161 3105 1359 3159 amisit.
1403 3104 1598 3159 Malum
1642 3102 1966 3175 aliquamdiu
2004 3112 2128 3160 ante

526 3192 848 3261 przcvisum,
899 3196 1106 3250 etiamsi
1152 3196 1440 3253 admodum
1485 3197 1819 3254 intolerabile
1858 3197 1965 3264 sit,
2014 3197 2129 3267 ipsa

528 3292 704 3338 tamen
736 3289 1134 3356 exspectatione
1172 3289 1327 3346 facile
1354 3290 1586 3346 lenitur:
1620 3290 1763 3360 quod
1792 3298 1969 3345 autem
2007 3290 2129 3345 iuo-

525 3372 762 3443 piuatum
788 3377 998 3444 accidit,
1032 3379 1424 3437 intolerandum
1464 3391 1567 3437 est.
1589 3380 1721 3437 Cum
1750 3381 1909 3452 igitur
1931 3380 2130 3452 aliquid

527 3476 623 3533 per
670 3476 727 3517 se
753 3479 946 3533 grave,
975 3469 1305 3539 inopinatum
1336 3482 1601 3544 prseterea
1630 3473 1922 3544 contingit,
1955 3473 2129 3544 cogita

529 3575 687 3628 quam
714 3555 1049 3617 intolerabile
1077 3562 1165 3625 sit,
1195 3574 1253 3617 ιιι
1274 3578 1374 3619 nec
1395 3564 1524 3619 satis
1550 3565 1728 3620 verbis
1755 3564 1980 3638 exprimi
2007 3579 2131 3636 pos-

529 3653 619 3706 sit.
666 3652 757 3707 Vis
783 3663 987 3712 sextam
1033 3652 1244 3722 plagam
1288 3656 1513 3712 audire?
1544 3655 1599 3711 ln
1644 3657 1764 3727 ipso
1800 3658 1970 3713 aetatis
1996 3656 2132 3713 flore

529 3756 717 3798 omnes
760 3746 1009 3813 perdidit.
1044 3742 1202 3804 Scitis
1246 3755 1503 3817 quantum
1540 3762 1828 3806 maerorem
1871 3757 1929 3807 et
1969 3763 2130 3823 quam

530 3835 735 3889 varium
757 3835 952 3891 luctum
976 3837 1203 3894 inferant
1217 3848 1560 3909 praematura:
1572 3850 1795 3899 mortes.
1823 3843 1949 3899 Hzec
1972 3859 2131 3914 porro

531 3939 678 3978 mors
706 3940 809 3979 non
840 3939 1153 3996 praematura
1184 3942 1408 3999 tantum,
1433 3933 1527 3989 sed
1554 3935 1714 3989 etiam
1739 3934 1967 3989 violenta
1989 3944 2127 4002 erat,

534 4013 604 4067 ita
632 4024 690 4068 ut
721 4016 833 4071 haec
863 4020 1088 4088 septima
1119 4022 1268 4094 plaga
1294 4032 1455 4079 esset.
1489 4024 1607 4079 Non
1627 4025 1770 4080 enim
1800 4026 1852 4080 in
1875 4026 2012 4081 lecto
2035 4012 2130 4082 eos

532 4107 811 4175 exspirare
852 4110 1190 4183 animamque
1218 4113 1403 4170 efflare
1430 4115 1596 4183 vidit,
1638 4115 1734 4172 sed
1757 4116 1949 4172 domus
1977 4118 2131 4172 ruina

532 4196 754 4254 obrutos
780 4214 986 4257 omnes.
1021 4204 1299 4275 Perpende
1339 4207 1528 4277 igitur,
1568 4223 1674 4278 quo
1699 4209 1878 4263 animo
1913 4218 2057 4263 esset
2087 4208 2133 4265 is

531 4290 621 4359 qui
651 4293 920 4348 cumulum
966 4295 1118 4351 illum
1149 4298 1409 4355 effodiens
1432 4341 1448 4367 ,
1496 4316 1637 4356 nunc
1667 4300 1899 4370 lapidem
1924 4343 1940 4369 ,
1987 4298 2132 4356 nunc

532 4380 832 4437 membrum
861 4384 1086 4456 alicujus
1111 4403 1143 4443 e
1170 4389 1296 4444 filiis
1323 4391 1651 4457 extraheret,
1677 4392 1766 4463 qui
1804 4408 2017 4447 manum
2046 4393 2131 4447 vi-

532 4470 684 4527 deret
711 4474 888 4530 adltuc
916 4478 1164 4547 poculum
1195 4489 1487 4550 tenentem,
1516 4499 1747 4554 moxque
1770 4484 2009 4540 dextram
2040 4500 2135 4555 pa-

537 4562 665 4617 tina:
695 4564 996 4636 impositam
1018 4612 1033 4637 ,
1064 4580 1338 4644 totumque
1362 4590 1559 4646 corpus
1583 4576 1937 4633 deformatum
1958 4620 1973 4646 ,
2004 4594 2134 4634 cun-

537 4655 663 4708 trito
695 4672 847 4723 naso,
875 4661 1151 4719 contracto
1176 4669 1369 4735 capite,
1393 4669 1670 4723 exstinctis
1694 4670 1881 4735 oculis,
1909 4669 2134 4725 cerebro

534 4742 641 4799 huc
660 4756 713 4801 et
736 4747 861 4805 illuc
889 4751 1133 4822 disjecto,
1167 4763 1298 4824 tota,
1323 4766 1382 4813 ut
1405 4773 1514 4813 uno
1544 4761 1708 4815 verbo
1728 4761 1922 4827 dicam,
1952 4760 2134 4829 specie

535 4835 871 4907 labefactata,
894 4843 963 4897 ita
984 4853 1040 4899 ut
1062 4860 1157 4915 per
1175 4847 1451 4905 vulnerum
1473 4853 1783 4909 varietatem
1812 4870 1916 4909 non
1948 4854 2138 4912 liceret

534 4932 898 4989 amantissimo
918 4937 1125 5005 parenti
1154 4939 1327 4996 vultus
1351 4941 1732 5000 internoscere.
1758 4944 1885 5002 Harc
1917 4946 2139 5002 audien-

537 5033 620 5080 tes
667 5028 1059 5088 conturbamitti
1102 5046 1165 5088 ac
1209 5031 1372 5089 fletis.
1424 5036 1616 5093 Animo
1642 5050 1884 5110 reputate
1931 5043 2132 5113 igitur,

537 5116 660 5187 quis
696 5118 785 5175 ille
826 5131 1008 5188 esset,
1048 5123 1140 5193 qui
1174 5122 1293 5181 hzec
1333 5128 1717 5197 conspiciebat.
1762 5131 1820 5187 Si
1865 5133 2004 5188 enim
2036 5146 2137 5187 nos

545 5217 667 5277 post
695 5219 898 5267 tantum
930 5216 1186 5284 temporis
1217 5217 1551 5274 intervallum
1581 5237 1685 5275 non
1712 5237 1997 5291 possumus
2024 5234 2133 5277 tra-

541 5303 768 5372 gmdiam
797 5305 942 5359 illam
973 5308 1090 5363 sine
1118 5308 1367 5382 lacrymis
1393 5312 1476 5367 vel
1504 5314 1686 5368 auditu
1732 5314 1892 5380 ferre,
1927 5316 2137 5371 etiamsi

542 5394 732 5450 aliena:
756 5397 1085 5455 calamitates
1116 5412 1439 5471 narrentur;
1473 5406 1590 5476 quis
1621 5418 1736 5461 erat
1763 5407 2136 5463 adamantiuus

545 5484 655 5547 ille,
687 5491 779 5556 qui
810 5487 912 5541 hoc
938 5490 1113 5544 oblato
1142 5495 1466 5563 spectaculo,
1505 5512 1609 5550 non
1638 5498 1689 5551 iu
1721 5499 1927 5565 alienis,
1962 5498 2056 5553 sed
2081 5499 2134 5553 in

546 5575 656 5630 suis
676 5578 829 5633 malis
841 5577 1309 5652 pbilosophabatur
1327 5585 1343 5617 ¹
1359 5587 1383 5641 ?
1400 5587 1581 5661 Neque
1601 5590 1741 5646 enim
1763 5590 1977 5661 indigne
1998 5590 2135 5654 tulit,

550 5733 962 5811 “infundentes.
986 5741 1056 5790 sic
1078 5742 1366 5794 terminatur
1401 5745 1508 5811 htec
1550 5748 1749 5811 Homilia
1774 5761 1796 5811 γε
1824 5745 2141 5811 nequeenim

543 5786 740 5894 satque
793 5797 903 5866 ιιιιερ
924 5786 1356 5875 ἀῶήαῐῐζῗὴὲῑῂξὲ
1391 5786 1520 5857 iiii:
1548 5786 2139 5881 Ξ”“ῥῶὶῒιὶοὲνέεῗῖ”ῖὲἱὶ

637 5861 672 5902 η
706 5869 724 5907 .'
748 5865 980 5911 οοπηηυδ
1013 5863 1165 5912 dedit.
1197 5871 1420 5912 Dominus
1445 5870 1656 5912 abstulit.
1700 5873 1833 5912 (mm!
1872 5887 1930 5912 sa-
1972 5887 2137 5912 arum.

706 5864 980 5911 :Domtnus
1013 5864 1165 5925 dedit,
1197 5866 1420 5920 Dominus
1445 5864 1656 5922 abstulit.
1700 5873 1833 5934 Quod
1871 5873 1933 5937 si,
1972 5864 2137 5927 exem-

1227 411 1283 467 s.
1322 407 1601 467 JOANNIS
1640 394 2115 462 CIIBYSOSTOMI
2154 391 2477 454 ARCHIEP.
2521 356 3054 458 CONSTANTINOP.

3673 408 3783 467 Ιοῖἑ

2220 526 2394 583 neque
2420 514 2595 571 simile
2621 516 2891 588 quidpiam
2928 518 3058 575 dixit
3085 537 3097 574 :
3127 518 3259 589 Quid
3286 520 3395 577 hoc
3422 525 3549 579 est?
3583 525 3787 588 Haecine

2220 606 2561 677 benignitatis
2605 622 2739 663 meat
2780 612 3187 667 remuneratio?
3213 612 3349 669 Num
3374 615 3501 673 ideo
3530 616 3787 691 hospitibus

2220 697 2438 754 domum
2467 714 2640 755 meam
2670 702 2891 769 aperui,
2917 712 2977 759 ut
2998 720 3115 761 eam
3148 705 3443 779 liberorum
3467 712 3710 766 tumulum
3728 731 3791 774 η.

2221 792 2447 848 derem?
2488 792 2685 851 ldeone
2716 804 2917 852 tantam
2959 813 3083 868 erga
3124 799 3243 855 illos
3281 801 3543 856 virtutem
3568 803 3785 873 exhibui,

2221 885 2408 941 uthac
2451 899 2627 943 morte
2676 889 3096 946 occumberent?
3121 891 3266 947 Nihil
3290 896 3501 948 horum
3529 894 3612 947 vel
3650 893 3788 962 dixit,

2221 977 2309 1031 vel
2337 978 2626 1047 cogitavit;
2655 980 2750 1036 sed
2772 981 2949 1038 omnia
2974 981 3182 1038 fortiter
3212 984 3362 1051 tulit,
3401 983 3530 1039 licet
3558 995 3670 1054 post
3695 996 3787 1040 tan-

2220 1075 2329 1123 tam
2351 1084 2535 1125 curam
2557 1071 2741 1127 orbus.
2764 1071 2915 1129 Sicut
2935 1076 3079 1130 enim
3102 1074 3304 1146 peritus
3325 1077 3620 1131 statuarius
3638 1091 3788 1132 aureas

2223 1163 2482 1235 imagines
2508 1164 2771 1235 effingens
2790 1207 2809 1234 ,
2838 1182 3033 1237 magno
3060 1182 3152 1223 cas
3182 1169 3360 1223 studio
3388 1179 3648 1233 exornat;
3674 1170 3729 1224 ita
3749 1181 3790 1226 et

2222 1255 2312 1313 ille
2340 1271 2527 1312 eorum
2565 1258 2775 1313 animos
2813 1259 3205 1329 componebat,
3237 1259 3564 1314 informabat
3584 1262 3790 1317 ornabat-

2222 1365 2349 1421 que.
2376 1353 2455 1408 Ac
2479 1352 2928 1421 quemadmodum
2949 1354 3249 1412 laboriosus
3271 1355 3511 1427 agricola
3536 1358 3789 1429 palmarum

2182 1472 2195 1478 —
2223 1442 2310 1496 vel
2334 1441 2574 1498 olearum
2622 1445 2817 1516 stirpes
2859 1446 3036 1517 rigat,
3082 1448 3255 1502 munit
3275 1456 3331 1503 et
3358 1449 3539 1519 sepit,
3581 1452 3792 1520 omnique

2222 1533 2429 1589 ratione
2448 1533 2625 1589 colere
2645 1550 2752 1591 non
2785 1546 2992 1602 cessat;
3020 1537 3091 1592 ita
3117 1546 3172 1593 et
3192 1538 3281 1594 ille
3310 1554 3420 1594 non
3449 1540 3686 1595 cessabat
3702 1543 3789 1596 sin-

2223 1624 2470 1695 gulorum
2488 1627 2742 1694 animam,
2769 1627 2921 1699 quasi
2946 1629 3138 1684 olivam
3160 1629 3515 1697 fructiferam,
3539 1631 3606 1685 ad
3625 1633 3788 1701 majora

2223 1716 2437 1772 virtutis
2481 1718 2807 1774 incrementa
2838 1719 3125 1776 deducere.
3169 1720 3276 1778 Sed
3321 1722 3462 1778 vidit
3486 1724 3672 1794 Stirpes
3697 1739 3786 1778 ma-

2225 1807 2353 1879 ligni
2376 1810 2593 1881 spiritus
2613 1810 2811 1881 impetu
2831 1813 3064 1880 avulsas,
3094 1820 3253 1883 atque
3278 1813 3330 1868 itt
3361 1823 3562 1869 terram
3583 1825 3783 1885 prostra-

2229 1909 2329 1965 tas,
2362 1901 2831 1974 miserabilemque
2858 1906 2982 1959 vitae
3001 1905 3199 1960 exitum
3224 1920 3514 1977 perpessas
3535 1948 3550 1975 ,
3580 1907 3698 1962 nihil
3724 1917 3783 1961 ta-

2225 2006 2350 2046 men
2377 1991 2644 2049 maledicti
2675 1995 2913 2063 protulit,
2942 1996 3037 2051 sed
3064 1997 3175 2053 Deo
3202 1999 3406 2070 gratias
3431 2013 3617 2070 agens,
3644 1998 3787 2053 letha-

2226 2082 2333 2138 lem
2359 2082 2576 2140 diabolo
2599 2084 2805 2155 plagam
2834 2085 3046 2143 inflixit.

2299 2175 2354 2231 5.
2395 2175 2450 2233 Si
2479 2191 2607 2233 vero
2634 2177 2835 2234 dixeris
2858 2220 2873 2240 ,
2904 2180 3097 2235 multos
3137 2180 3225 2236 ille
3265 2180 3408 2237 filios
3445 2178 3785 2240 habuitzalius

2230 2282 2360 2323 vero
2388 2283 2532 2339 saepe
2559 2270 2773 2342 unicum
2801 2270 3031 2342 perdidit
3062 2272 3231 2328 filium
3252 2315 3267 2339 ,
3297 2290 3479 2346 neque
3505 2276 3615 2346 pari
3637 2274 3786 2334 dolore

2228 2360 2450 2418 affectus
2470 2371 2573 2433 est,
2596 2363 2796 2435 optime
2818 2364 3054 2435 loqueris
3083 2384 3097 2422 :
3125 2376 3285 2438 atque
3316 2369 3371 2422 in
3399 2368 3503 2424 hoc
3527 2369 3615 2423 tibi
3637 2384 3785 2423 assea-

2232 2455 2354 2522 tior,
2377 2455 2519 2525 quod
2541 2470 2647 2511 non
2673 2470 2770 2527 par
2790 2455 2948 2512 fuerit
2972 2458 3144 2522 dolor,
3171 2459 3265 2514 sed
3285 2459 3412 2515 ,ιοὺὶ
3442 2460 3608 2516 multo
3630 2459 3783 2530 major.

2230 2549 2361 2618 Qua:
2398 2551 2540 2606 enim
2570 2550 2644 2606 illi
2683 2566 2750 2607 ex
2791 2566 3078 2608 numerosa
3115 2553 3300 2609 sobole
3325 2553 3785 2610 utilitasiEvidem

2231 2644 2422 2699 tiorem
2452 2644 2551 2714 ipsi
2580 2652 2740 2716 atque
2768 2645 3099 2703 acerbiorem
3128 2646 3376 2704 dolorem
3408 2647 3601 2704 vulnus
3623 2647 3793 2714 intulit,

2231 2736 2286 2791 in
2309 2736 2548 2806 pluribus
2572 2738 2888 2808 corporibus
2908 2748 3209 2809 acceptum.

2304 2827 2581 2883 Abrahami
2607 2829 2913 2900 exemplum.
2935 2860 3007 2871 —-
3026 2830 3178 2897 Quod
3207 2830 3251 2885 si
3281 2830 3436 2899 lubet
3462 2831 3617 2887 alium
3641 2828 3783 2885 videre

2231 2928 2496 2985 sanctum,
2520 2922 2605 2977 cui
2631 2921 2818 2978 unicus
2839 2931 2955 2978 erat
2981 2923 3141 2992 filius,
3169 2924 3303 2994 pari,
3335 2924 3450 2979 imo
3467 2922 3641 2993 majori
3657 2920 3783 2976 animi

2232 3014 2596 3085 magnitudine
2621 3031 2777 3071 usum
2798 3057 2813 3083 ,
2841 3015 3132 3073 recordare
3155 3017 3450 3074 Abrahami
3479 3016 3778 3090 patriarcha),

2231 3105 2323 3176 qui
2353 3104 2590 3161 lsaacum
2615 3106 2831 3177 quidem
2876 3109 3194 3173 morientem
3236 3125 3342 3165 non
3382 3110 3538 3175 vidit;
3566 3108 3650 3165 sed
3673 3105 3781 3178 quod

2232 3198 2389 3270 longe
2409 3200 2653 3254 acerbius
2675 3200 3012 3271 amariusque
3035 3208 3171 3267 erat,
3190 3200 3306 3273 ipse
3329 3216 3459 3258 eum
3479 3199 3781 3276 mactarejus-

2235 3308 2327 3349 sus
2347 3303 2464 3360 est;
2495 3309 2595 3351 nec
2622 3295 2873 3351 mandato
2896 3297 3229 3368 repugnabat
3256 3296 3368 3365 ille,
3394 3313 3498 3358 non
3522 3295 3779 3373 indignaha-

2235 3394 2323 3441 tur
2342 3402 2563 3457 ,ncque
2590 3387 2766 3443 simile
2805 3388 3076 3459 quidpiam
3118 3388 3327 3450 dicebat
3354 3411 3373 3449 :
3409 3395 3592 3450 ideone
3617 3408 3688 3448 me
3708 3406 3776 3462 pa-

2234 3484 2372 3532 trem
2393 3476 2583 3543 fecisti,
2621 3485 2681 3532 ut
2703 3476 2797 3532 ﬁlii
2818 3477 3139 3539 homicidam
3162 3484 3405 3540 faceres?
3442 3485 3616 3541 Melius
3637 3483 3779 3538 fuisset

2233 3570 2454 3626 omnino
2475 3585 2583 3626 non
2603 3570 2837 3644 dedisse,
2856 3592 3014 3648 quam
3035 3578 3216 3633 datum
3240 3578 3330 3633 tali
3352 3579 3515 3635 modo
3530 3576 3773 3633 sustulisse.

2234 3662 2370 3722 Eum
2409 3678 2627 3739 prorsus
2667 3661 2748 3724 vis
2792 3669 3024 3725 habere?
3070 3669 3177 3724 Cur
3226 3650 3348 3726 eum
3410 3687 3443 3726 a
3486 3687 3568 3726 me
3606 3665 3781 3724 mactari

2233 3758 2467 3829 imperas
2486 3799 2503 3826 ,
2530 3774 2811 3829 meamque
2835 3758 3109 3816 dexteram
3139 3762 3398 3829 sanguine
3430 3761 3546 3832 ejus
3569 3755 3776 3815 contami-

2233 3851 2389 3906 nari?
2431 3852 2629 3907 Annon
2676 3851 2944 3922 pollicitus
2991 3867 3113 3908 eras
3161 3869 3248 3908 me
3293 3869 3394 3924 per
3428 3855 3564 3909 hunc
3601 3862 3774 3922 puerum

2234 3951 2405 3999 totum
2442 3943 2630 3999 orbem
2678 3944 2826 4014 prole
2864 3959 2981 3999 mea
3028 3945 3421 4015 impleturum?
3460 3945 3555 4014 Qui
3596 3945 3773 3999 fructum

2233 4034 2389 4091 dabis
2407 4030 2587 4089 avulsa
2610 4035 2824 4091 radice?
2850 4035 3130 4105 Quomodo
3162 4036 3365 4107 prolem
3400 4036 3662 4108 promittis,
3684 4044 3774 4088 cum

2235 4127 2404 4182 filium
2451 4135 2690 4182 mactare
2726 4124 2953 4196 iubeas?
2990 4127 3120 4195 Quis
3161 4127 3285 4183 talia
3327 4128 3461 4183 vidit
3484 4126 3564 4183 vel
3588 4117 3774 4180 audivit?

2236 4217 2500 4289 Deceptus
2528 4233 2648 4273 sum
2674 4232 2739 4273 ac
2769 4217 3182 4274 circumventus.
3212 4217 3357 4273 Nihil
3380 4218 3555 4274 simile
3578 4215 3692 4271 dixit
3707 4220 3771 4265 aut

2234 4310 2506 4379 cogitavit,
2531 4325 2638 4366 non
2663 4310 2861 4366 restitit
2880 4309 3305 4380 iutperanti,non
3325 4310 3572 4381 expetivit
3591 4306 3690 4361 iacti
3711 4318 3769 4357 ra-

2238 4403 2460 4468 tionem,
2489 4400 2587 4456 sed
2607 4401 2691 4472 his
2716 4402 2912 4460 auditis
2940 4422 2953 4456 :
2982 4400 3166 4472 Accipe
3190 4403 3355 4473 [ilium
3382 4413 3520 4457 tuum
3537 4444 3550 4469 ,
3577 4415 3697 4472 quem
3713 4394 3767 4448 di-

2237 4495 2374 4565 ligis,
2403 4493 2576 4561 Isaac,
2601 4502 2649 4548 et
2676 4494 2844 4548 adduc
2874 4511 2995 4548 eum
3028 4495 3080 4548 in
3106 4511 3264 4549 unum
3288 4496 3549 4560 montium,
3568 4506 3692 4563 quem
3712 4485 3767 4538 di-

2236 4601 2358 4640 xero
2380 4584 2469 4639 tibi
2494 4584 2658 4654 (Gen.
2688 4583 2780 4638 2'2.
2801 4583 2896 4656 2),
2923 4599 3046 4639 cum
3075 4592 3222 4639 tanta
3248 4584 3519 4640 alacritate
3546 4580 3705 4652 paruit,
3726 4581 3765 4628 ut

2240 4681 2359 4751 plus
2378 4680 2560 4746 etiam,
2583 4694 2741 4749 quam
2766 4678 3084 4748 imperatum
3111 4687 3275 4746 esset,
3299 4677 3515 4734 faceret.
3539 4675 3653 4732 Nam
3672 4684 3765 4725 uxo-

2238 4788 2353 4827 rem
2382 4771 2485 4827 hoc
2510 4771 2701 4827 celavit
2727 4780 2783 4827 et
2809 4786 3020 4837 servos,
3053 4770 3285 4841 ipsisque
3314 4770 3368 4825 in
3407 4767 3593 4825 montis
3631 4760 3765 4818 radice

2240 4866 2476 4923 dimissis
2495 4908 2511 4935 ,
2543 4866 2654 4922 sola
2682 4881 2864 4922 secum
2894 4866 3054 4921 ducta
3083 4865 3299 4921 victima
3324 4863 3575 4920 ascendit.
3604 4858 3664 4912 Ita
3689 4867 3765 4908 non

2240 4960 2459 5026 invitus,
2481 4958 2576 5014 sed
2603 4973 2722 5013 eum
2753 4958 3039 5013 alacritate'
3055 4957 3220 5013 multa
3243 4957 3391 5028 jussa
3415 4950 3763 5024 exsequebatur.

2239 5050 2426 5122 Cogita
2454 5066 2583 5121 ergo
2609 5059 2864 5121 quantum
2893 5037 3166 5104 illttdfcrat
3184 5091 3199 5115 ,
3231 5049 3400 5104 solunt
3425 5062 3539 5103 cum
3563 5041 3664 5099 solo
3687 5035 3765 5089 filio

2241 5145 2492 5216 colloqui,
2516 5146 2778 5215 praesente
2804 5144 3036 5208 nemine,
3058 5159 3179 5199 cum
3205 5142 3408 5198 viscera
3430 5138 3637 5195 maxime
3655 5140 3763 5184 cum-

2241 5248 2542 5306 moventur,
2573 5239 2878 5307 amorisque
2903 5239 2979 5292 vis
3007 5237 3178 5306 major
3205 5243 3287 5292 est
3304 5275 3320 5301 ,
3347 5233 3501 5304 idque
3527 5242 3622 5283 non
3647 5219 3762 5276 unius

2241 5334 2324 5389 vel
2350 5334 2577 5388 duorum
2596 5371 2612 5397 ,
2644 5331 2738 5385 sed
2768 5331 2997 5400 plurium
3024 5328 3232 5383 dierum
3271 5327 3459 5397 spatio.
3486 5320 3603 5377 Nam
3626 5316 3663 5369 si
3682 5319 3759 5365 sta-

2243 5426 2338 5482 tim
2364 5426 2579 5482 fecissct
2606 5424 2744 5495 quod
2770 5424 3087 5494 imperatum
3116 5428 3251 5489 erat,
3280 5431 3518 5489 magnum
3546 5403 3758 5466 mirabile-

2241 5561 2376 5626 plum
2396 5561 2464 5611 ad
2485 5572 2572 5610 nos
2593 5558 2850 5626 flectentes,
2876 5557 3003 5626 ὁερζι
3029 5556 3143 5626 ,ιορι
3173 5556 3349 5626 agenda
3384 5560 3600 5626 rauougttf

2239 5608 2491 5686 ﬁgi-intus,
2507 5608 2765 5686 Mamilio
2786 5608 2859 5671 Vin
2877 5608 3228 5686 afﬂictionibus:
3253 5618 3337 5669 sed
3373 5631 3421 5668 tn
3449 5608 3755 5686 quifit}ng

2734 5667 2856 5751 ἑιςύἶ
2878 5667 3292 5751 ἆὲίζξὺὸῆιέάάιέί
3307 5667 3750 5751 ζηιὲδιτίυιιᾉαέιέῗέξὲξ

2370 5731 2922 5797 ’έιξιϋὲηάιῖέὲὶατῑάηὶε
2946 5743 3159 5794 tribunal
3201 5740 3377 5793 Christi
3411 5753 3427 5789 .-
3461 5747 3558 5797 qua:
3572 5731 3756 5797 εεςιιηξίξξ

2241 5789 2618 5872 ἱᾶἆὶῑίδόᾟῆὸῇἓ
2631 5789 2789 5872 aut;
2806 5789 3131 5872 gavisa};
3142 5789 3192 5857 ‘a
3207 5789 3575 5857 misericordiam
3610 5789 3750 5846 Domitii

2245 5873 2395 5926 nostri
2414 5882 2529 5925 Jcsu
2551 5870 2746 5933 Christi,
2775 5876 2868 5921 etc.
