4006 6372
155 352 287 411 Ιωὸ

147 473 310 528 Ὅταν
351 468 459 539 γὰρ
488 467 755 539 πονηροὺς
800 465 1047 536 ἀποϐάλῃ
1081 482 1164 529 τις
1195 467 1412 530 παῖδας,
1453 466 1708 519 δάκνεται

149 558 241 629 μὲν
273 550 349 624 τῷ
388 552 569 615 πάθει,
611 551 750 623 πλὴν
795 550 910 605 ἀλλ’
938 551 1000 603 οὐ
1034 550 1173 621 μετά
1201 550 1403 619 πολλῆς
1432 551 1532 621 τῆς
1580 567 1711 617 σφο-

146 642 426 711 δρότητος·
465 636 500 706 ἡ
547 635 657 706 γὰρ
697 634 931 706 πονηρία
972 633 1080 688 τῶν
1125 633 1466 687 ἀπελθόντων
1514 632 1709 703 δριμυ-

144 725 302 797 τέραν
328 722 427 775 οὑκ
458 719 654 791 ἀφίησι
687 713 936 788 γενέσθαι
964 718 1062 789 τὴν
1093 716 1286 789 ὀδύνην
1306 734 1319 747 ·
1353 718 1483 771 ὅταν
1514 716 1571 768 δὲ
1617 716 1714 768 καὶ

146 808 382 877 ἐνάρετοι
412 797 535 866 ὦσι,
569 801 793 873 μόνιμον
818 802 879 854 τὸ
906 800 1126 872 τραῦμα
1153 799 1383 868 γίνεται,
1419 798 1649 869 άληστος
1677 799 1711 869 ἡ

149 889 350 959 μνήμη,
380 884 809 956 ἀπαραμύθητον
828 884 889 937 τὸ
920 884 1109 947 κακὸν,
1134 883 1352 937 διπλοῦν
1378 884 1440 937 τὸ
1464 882 1709 952 κέντρον,

144 972 202 1024 τὸ
243 971 339 1041 μὲν
365 970 472 1023 ἀπὸ
522 969 620 1037 τῆς
654 967 888 1037 φύσεως,
920 967 983 1020 τὸ
1007 967 1064 1021 δέ
1094 967 1203 1020 ἀπὸ
1234 967 1335 1036 τῆς
1372 967 1574 1037 ἀρετῆς
1601 964 1712 1019 τῶν

146 1052 497 1107 ἀπελθόντων.
528 1052 649 1105 Ὀτι
675 1051 733 1105 δὲ
778 1046 918 1120 ἦσαν
951 1050 1193 1121 ἐνάρετοι
1213 1090 1227 1116 ,
1259 1050 1418 1121 δῆλον
1463 1048 1671 1102 ἐκεῖθεν
1693 1063 1707 1076 ·

147 1137 344 1208 Πολλὴν
381 1135 557 1190 αὑτῶν
586 1137 615 1188 ὁ
645 1134 825 1206 πατὴρ
854 1135 1089 1188 ἐποιεῖτο
1116 1134 1214 1206 τὴν
1251 1134 1589 1205 ἐπιμέλειαν,
1621 1133 1713 1185 καὶ

146 1220 493 1290 ἀνιστάμενος
543 1218 732 1280 θυσίας
792 1218 1130 1289 προσέφερεν
1180 1218 1322 1289 ὑπὲρ
1371 1216 1574 1279 αὑτῶν,
1620 1215 1715 1268 καὶ

146 1303 278 1373 ὑπὲρ
304 1300 415 1354 τῶν
444 1299 653 1371 ἀδήλων
683 1301 1097 1372 ἁμαρτημάτων
1124 1299 1400 1363 δεδοικὼς,
1432 1300 1528 1353 καὶ
1559 1298 1714 1352 οὐδὲν

146 1384 288 1456 αὑτῷ
313 1383 501 1438 τούτου
534 1383 923 1455 προτιμότερον
956 1380 1044 1455 ἦν.
1072 1383 1244 1437 Τοῦτο
1272 1382 1328 1436 δὲ
1357 1378 1425 1437 οὔ
1448 1381 1557 1435 τῶν
1589 1379 1715 1436 παί-

145 1468 244 1521 δων
272 1468 370 1540 τὴν
419 1468 621 1539 ἀρετὴν
659 1466 898 1522 δείκνυσι
955 1468 1136 1538 μόνον,
1168 1466 1304 1520 ἀλλά
1349 1466 1446 1519 καὶ
1477 1464 1574 1535 τὴν
1618 1460 1712 1517 τοῦ

147 1551 344 1622 πατρὸς
381 1550 780 1621 φιλοστοργίαν.
811 1550 981 1603 Ὅταν
1016 1545 1108 1602 οὖν
1152 1551 1247 1602 καὶ
1282 1547 1463 1620 πατὴρ
1495 1544 1593 1619 ἦν,
1618 1544 1713 1601 καὶ

145 1634 279 1687 οὑτω
326 1633 701 1704 φιλόστοργος,
734 1632 809 1704 μὴ
856 1631 948 1687 τὸν
997 1631 1104 1686 ἀπὸ
1134 1633 1234 1703 τῆς
1281 1630 1496 1701 φύσεως
1549 1627 1716 1691 πόθον

146 1715 543 1787 ἐνδεικνύμενος
577 1715 759 1787 μόνον,
808 1714 947 1769 ἀλλά
978 1715 1074 1769 καὶ
1122 1715 1213 1768 τὸν
1253 1714 1361 1769 ἀπὸ
1404 1714 1504 1784 τῆς
1553 1713 1715 1767 εὐλα-

147 1801 307 1864 ϐείας,
347 1800 486 1855 ἀλλά
516 1800 610 1854 καὶ
636 1800 686 1853 οἱ
727 1799 1051 1862 ἀπελθόντες
1080 1797 1252 1861 οῦτως
1299 1798 1564 1869 ἐνάρετοι,
1596 1812 1718 1867 τρι-

147 1885 245 1955 πλῆ
275 1883 485 1952 γίνεται
520 1884 620 1954 τῆς
651 1881 889 1954 ἀθυμίας
918 1883 952 1953 ή
990 1881 1156 1952 πυρά.
1184 1881 1375 1943 Πάλιν,
1406 1881 1536 1933 ὅταν
1570 1878 1717 1934 κατά

151 1967 303 2037 μέρος
340 1967 785 2039 ἀναρπάζωνται,
816 1964 930 2035 ἔχει
956 1965 1081 2019 τινὰ
1127 1963 1479 2036 παραμυθίαν
1520 1963 1583 2016 τὸ
1610 1960 1718 2017 πά-

147 2052 260 2114 θος·
291 2050 341 2102 οί
386 2050 501 2122 γὰρ
536 2048 940 2119 ἐπιλειπόμενοι
980 2050 1077 2121 τὴν
1124 2049 1216 2101 ἐπὶ
1259 2051 1371 2110 τοῖς
1420 2043 1718 2104 ἀπελθοῦσι

150 2131 525 2196 συσκιάζουσιν
571 2132 837 2203 ἀθυμίαν·
881 2134 1008 2187 ὅταν
1048 2132 1105 2185 δὲ
1155 2131 1447 2201 ὁλόκληρος
1496 2130 1524 2181 ὀ
1557 2127 1718 2200 χορὸς

149 2218 364 2292 ἀπέλθῃ,
390 2216 531 2287 πρὸς
554 2218 676 2271 τίνα
713 2217 997 2288 δυνήσεται
1029 2216 1154 2269 ἰδεῖν
1175 2218 1202 2269 ὁ
1229 2213 1496 2277 πολύπαις
1523 2212 1718 2281 ἀθρόον

151 2302 303 2366 ἅπαις
334 2301 661 2372 γενόμενοςς
702 2301 858 2354 Μετά
885 2299 1089 2352 τούτων
1120 2297 1279 2351 πάλιν
1306 2297 1421 2350 ἔστι
1453 2299 1544 2350 καὶ
1576 2295 1713 2365 πέμ-

148 2402 276 2457 πτην
311 2388 491 2438 εἰπεῖν
526 2384 761 2455 πληγήν.
811 2382 975 2436 Ποίαν
1022 2382 1086 2452 δὴ
1122 2380 1362 2450 ταύτην;
1410 2382 1471 2433 τὸ
1524 2378 1717 2451 ἀθρόον

147 2470 325 2532 αὑτοὺς
364 2468 791 2539 ἀναρπασθῆναι
831 2466 1055 2529 πάντας.
1088 2466 1151 2518 Εἰ
1199 2464 1308 2534 γάρ
1342 2466 1398 2515 ἐν
1445 2463 1644 2533 τρισὶν,
1681 2462 1715 2535 ἢ

148 2554 294 2607 πέντε
336 2553 447 2625 ήμέ
464 2569 583 2623 ραις
619 2550 962 2606 ἀπελθόντων
1008 2548 1192 2614 τινῶν,
1230 2549 1285 2601 αἰ
1321 2549 1579 2615 γυναῖκες
1624 2547 1719 2600 καὶ

147 2638 191 2689 οί
246 2639 624 2711 προσήκοντες
694 2633 933 2697 ἅπαντες
990 2631 1148 2685 τοῦτο
1209 2630 1444 2702 μάλιστα
1500 2630 1720 2684 πάντων

150 2721 527 2791 ὀλοφύρονται,
577 2720 660 2771 ὅτι
714 2716 921 2789 ταχέως
980 2715 1075 2769 καὶ
1124 2714 1383 2785 ἐξαίφνης
1427 2713 1719 2786 ἀνηρπάγη

158 2804 244 2872 τῆς
286 2804 505 2858 ἐκείνων
551 2802 725 2872 ὅψεως
756 2804 783 2854 ὀ
822 2799 1260 2871 τετελευτηκώς·
1305 2798 1485 2869 πολλῷ
1522 2797 1722 2869 μᾶλλον

159 2882 293 2950 οὗτος
327 2886 391 2939 ἂν
420 2886 659 2957 ῆλγησεν
686 2885 786 2937 οὑκ
813 2885 871 2938 ἐν
904 2884 1141 2956 ἡμέραις
1178 2884 1325 2955 τρισὶ
1354 2883 1448 2936 καὶ
1477 2881 1598 2935 δυσὶ
1629 2882 1724 2935 καὶ

159 2970 282 3039 μιᾷ,
325 2970 437 3022 ἀλλ’
487 2972 550 3024 ἐν
599 2966 720 3039 ὥρᾳ
773 2968 870 3039 μιᾷ.
917 2968 1124 3030 πάντας
1158 2967 1330 3028 οὕτως
1380 2962 1719 3035 ἀφαιρεθείς.

160 3052 224 3104 Τὸ
253 3053 345 3122 μὲν
378 3053 485 3125 γὰρ
522 3051 814 3124 μελετηθέν
845 3049 922 3120 τῷ
950 3050 1126 3122 χρόνῳ
1155 3050 1347 3113 δεινὸν,
1378 3048 1483 3103 κᾶν
1513 3047 1724 3119 σφόδρα

161 3136 413 3207 ἀφόρητον
454 3133 525 3210 ᾖ.
572 3137 640 3206 τῇ
692 3134 985 3205 προσδοκίᾳ
1035 3132 1236 3203 κοῦφον
1274 3132 1341 3186 ἂν
1373 3131 1580 3201 γένοιτο
1621 3134 1725 3203 κάφ’

158 3219 300 3284 δίως·
329 3221 393 3274 τὸ
416 3221 473 3273 δὲ
522 3219 650 3289 παρ’
682 3217 871 3271 ἐλπίδα
900 3216 1116 3288 συμϐὰν
1150 3216 1245 3270 καί⁸
1277 3215 1537 3286 ἐξαίφνης
1586 3213 1724 3284 ἀφό-

164 3319 308 3373 ρητον
356 3304 590 3374 γίνεται.
616 3301 781 3355 Ὅταν
812 3297 906 3354 οῦν
955 3316 1007 3353 τι
1051 3301 1173 3354 καθ’
1201 3299 1362 3353 ἐαυτδ
1396 3297 1629 3371 χαλεπὸν
1656 3292 1721 3369 ᾖ,

163 3389 245 3439 καὶ
273 3386 365 3458 τὴν
387 3389 452 3441 ἐκ
476 3384 575 3438 τοῦ
605 3383 733 3455 παρ’
760 3383 949 3436 ἐλπίδα
977 3382 1249 3454 συμϐῆναι
1281 3382 1532 3456 λαμϐάνῃ
1562 3399 1728 3453 προσ-

162 3468 347 3540 θήκην,
384 3469 640 3541 ἐννόησον
674 3466 789 3530 πῶς
821 3467 1093 3539 ἀφόρητον
1140 3466 1382 3534 γίνεται,
1418 3466 1511 3519 καὶ
1549 3465 1727 3519 πάντα

163 3551 458 3623 ὑπερϐαίνει
503 3552 683 3620 λόγον.
727 3549 915 3603 Βούλει
953 3551 1047 3603 καὶ
1090 3549 1256 3621 ἐκτην
1300 3548 1530 3603 ἀκοῦσαι
1586 3549 1728 3621 πλη-

169 3637 293 3704 γήνζ
352 3637 437 3689 Ἐν
470 3633 624 3704 αὑτῷ
661 3634 761 3705 τῆς
792 3633 1008 3704 ἡλικίας
1052 3632 1130 3703 τῷ
1171 3632 1321 3687 ἄνθει
1366 3633 1576 3697 πάντας
1624 3634 1730 3689 ἀπ-

170 3718 524 3774 ώλεσεν.“’1στε
554 3718 611 3771 δὲ
635 3718 780 3781 ὅπως
805 3719 854 3770 οί
886 3718 1054 3790 ἄωροι
1084 3719 1335 3773 δάκνουσι
1364 3716 1602 3783 θάνατοι,
1636 3718 1729 3771 καὶ

169 3803 392 3857 ποικίλον
439 3801 659 3858 ποιοῦσι
707 3800 769 3854 τὸ
803 3800 1012 3864 πένθος.
1069 3796 1239 3864 Οὗτος
1293 3802 1351 3855 δὲ
1399 3802 1498 3855 οὑκ
1551 3802 1729 3874 ἀωρος

165 3886 309 3955 μόνον
347 3883 435 3960 ἦν,
466 3885 619 3960 [769]
662 3886 800 3940 ἀλλὰ
845 3886 937 3940 καὶ
967 3885 1159 3957 βίαιος,
1190 3886 1265 3951 ὡς
1297 3882 1438 3941 εἶναι
1477 3887 1572 3940 καὶ
1602 3885 1732 3940 ταύ-

165 3983 253 4038 την
295 3971 528 4041 ἐϐδόμην
560 3970 773 4041 πληγήν
797 3985 811 3999 ·
848 3970 910 4022 οὑ
952 3970 1061 4042 γάρ
1098 3969 1192 4023 ἐπὶ⁵
1236 3971 1425 4043 κλίνης
1454 3965 1592 4024 εἶδεν
1630 3970 1731 4023 αὑ-

167 4054 281 4116 τοὺς
328 4054 702 4116 ἀποπνέοντας
749 4051 845 4105 καὶ⁵
897 4051 1414 4124 ψυχορραγοῦντας,
1469 4052 1607 4106 ἀλλά
1662 4058 1730 4127 τῇ

168 4137 304 4209 οἰκία
330 4137 778 4209 καταχωσθέντας
813 4136 1076 4198 ἅπαντας.
1116 4138 1397 4209 Ἐννόησον
1418 4140 1615 4205 τοίνυν,
1647 4140 1732 4202 τίς

164 4214 224 4290 ἦν
262 4221 571 4293 ἀνορύττων
603 4222 779 4274 ἐκεῖνο
827 4218 888 4273 τὸ
935 4219 1118 4290 χῶμα,
1162 4222 1256 4274 καὶ
1288 4221 1384 4274 νῦν
1419 4222 1517 4293 μὲν
1558 4223 1726 4289 λίθον,

167 4306 253 4356 νῦν
287 4305 343 4359 δέ
391 4306 555 4376 μέλος
582 4304 823 4359 ἀνέλκων
859 4304 1094 4368 παιδίου,
1128 4306 1221 4357 καὶ
1270 4307 1427 4378 χεῖρα
1458 4305 1602 4378 ὀρῶν
1649 4306 1730 4360 ἔτι

168 4386 350 4458 φιάλην
379 4390 740 4459 κατέχουσαν,
768 4388 862 4440 καὶ
908 4386 1087 4453 δεξιάν
1133 4386 1327 4458 ἑτέραν
1376 4388 1731 4461 ἐπικειμένην

164 4468 235 4539 τῷ
285 4471 493 4537 πίνακι,
546 4471 640 4524 καὶ
676 4470 837 4524 αὑτὸν
885 4468 977 4522 τοῦ
1026 4469 1278 4540 σώματος
1333 4470 1727 4542 διεφθαρμένον

167 4554 250 4606 τὸν
305 4556 491 4619 τύπον,
548 4554 691 4626 ῥινὸς
749 4553 1163 4626 συντριϐείσης,
1217 4553 1457 4625 κεφαλῆς
1506 4555 1731 4609 διαθλα-

169 4636 413 4710 σθείσης,
459 4637 755 4709 ὀφθαλμῶν
811 4637 1247 4706 ἀφανισθέντων.
1296 4637 1597 4707 ἐγκεφάλου
1655 4640 1733 4693 δι-

166 4722 521 4793 εσπαρμένου,
551 4721 731 4792 πάσης
747 4720 931 4783 ἁπλῶς
950 4721 1048 4791 τῆς
1074 4720 1288 4791 μορφῆς
1309 4720 1708 4794 διεφθαρμένης
1717 4762 1731 4786 ο

169 4803 255 4855 καὶ
299 4806 390 4875 τῆς
420 4804 532 4859 τῶν
559 4804 887 4875 τραυμάτων
922 4803 1191 4867 ποικιλίας
1229 4805 1331 4857 οὑκ
1357 4805 1612 4877 ἀφιείσης
1641 4809 1733 4859 τὸν

171 4885 370 4957 πατέρα
410 4887 521 4942 τῶν
559 4886 906 4957 ποθουμένων
950 4886 1127 4955 ὄψεων
1181 4886 1479 4957 ἐπιγνῶναι
1511 4889 1602 4942 τὸν
1638 4889 1732 4942 τύ-

168 4983 284 5022 πον.
329 4971 666 5042 Συνεχύθητε
717 4971 891 5024 ταῦτα
937 4971 1246 5035 ἀκούοντες,
1302 4973 1396 5026 καὶ
1427 4972 1729 5040 δακρύετε·

170 5050 450 5123 ἐννοήσατε
482 5053 681 5117 τοίνυν,
709 5052 792 5116 τίς
823 5049 891 5125 ἦν
919 5056 1123 5117 ἐκεῖνος
1148 5054 1319 5110 ταῦτα
1343 5055 1504 5126 ὁρῶν.
1549 5057 1611 5111 Εἰ
1630 5059 1734 5131 γάρ

170 5135 322 5207 ἡμεῖς
355 5139 493 5209 μετά
516 5138 768 5192 τοσοῦτον
795 5138 985 5211 χρόνον
1031 5139 1094 5191 οὑ
1142 5138 1417 5210 δυνάμεθα
1468 5140 1733 5213 ἀδακρυτὶ

170 5217 262 5287 τῆς
281 5221 580 5292 τραγῳδίας
606 5220 818 5293 ἐκείνης
841 5222 940 5291 τὴν
966 5221 1133 5291 ἀκοὴν
1153 5222 1416 5290 ἐνεγκεῖν,
1446 5225 1734 5281 καὶταῦτα

170 5298 444 5372 ἀλλοτρίας
494 5305 782 5368 ἀκούοντες
823 5304 1142 5375 συμφορὰς,
1199 5306 1282 5367 τίς
1330 5302 1399 5379 ἦν
1447 5308 1475 5360 ὁ
1521 5309 1735 5378 ἀδάμας

172 5382 365 5450 ἐκεῖνος
391 5386 491 5460 θέᾳ
511 5388 683 5441 ταῦτα
712 5388 1175 5459 παραλαμϐάνων,
1205 5391 1306 5443 οὐκ
1329 5392 1387 5443 ἐν
1407 5390 1729 5463 ἀλλοτρίοις,

173 5464 276 5548 ἀλλ’
304 5469 361 5520 ἐν
392 5470 612 5534 οἰκείοις
642 5471 947 5542 φιλοσοφῶν
974 5474 1197 5538 κακοῖς;
1227 5482 1253 5512 α
1300 5474 1433 5526 Οὐδὲ
1466 5476 1574 5548 γὰρ
1622 5478 1735 5531 ἀπα

173 5546 543 5621 εδυσπέτησεν,
571 5555 692 5608 οὐδὲ
717 5554 956 5607 τοιοῦτον
977 5554 1127 5607 οὐδὲν
1156 5552 1303 5608 εἷπε·
1328 5557 1393 5609 Τί
1428 5546 1557 5611 ποτε
1580 5559 1736 5613 τοῦτό

175 5627 346 5698 ἐστιν;
389 5633 529 5705 αὕτη
577 5653 666 5706 μοι
714 5637 813 5708 τῆς
847 5637 1330 5710 φιλοφροσύνηςλή
1368 5641 1612 5712 ἀμοιϐή,
1646 5642 1737 5697 διά

235 5777 263 5809 ⁸
283 5782 406 5832 οὐδέ
427 5786 516 5850 γάρ
552 5787 1217 5860 ἀπεδύσπέτησενῆοὺδέποτε,
1258 5790 1368 5838 οὑδέ
1396 5791 1515 5852 εἷπε,
1540 5791 1599 5841 Τί
1621 5809 1738 5843 ποτε

1374 350 1463 405 DE
1500 350 1778 407 LAZARO
1813 351 2063 414 CONCIU
2101 358 2163 419 ν.

3262 358 3401 413 1028

1820 465 1979 518 τοῦτο
2008 467 2122 528 τοῖς
2162 464 2332 531 ξένοις
2358 465 2569 537 ἀνέῳξα
2609 466 2709 536 τὴν
2748 464 2946 531 οἰκίαν,
2970 465 3054 519 ἵνα
3086 464 3254 534 τάφον
3293 468 3401 520 τῶν

1822 548 2026 601 παίδων
2047 547 2340 619 γινομένην
2363 548 2531 619 αὐτὴν
2556 549 2753 614 ἐπίδω;
2779 549 2865 601 διὰ
2892 547 3050 601 τοῦτο
3073 543 3252 602 πᾶσαν
3276 551 3401 622 περὶ

1819 632 2013 694 αὐτοὺς
2052 630 2251 703 ἀρετὴν
2287 631 2663 703 ἐπεδειξάμην,
2698 633 2782 684 ἵνα
2807 631 3045 685 τοιοῦτον
3072 631 3405 702 ὑπομείνωσι

1822 712 2084 777 θάνατον;
2135 713 2300 766 Οὐδὲν
2347 714 2551 767 τούτων
2591 716 2690 768 οὐκ
2726 710 2899 779 εἶπεν,
2948 715 3046 767 οὑκ
3090 715 3400 783 ἐνενόησεν·

1819 804 1933 858 ἀλλ’
1963 804 2123 874 ἔφερε
2164 803 2345 858 πάντα
2372 804 2634 872 γενναίως
2667 806 2761 858 καὶ
2795 806 2931 876 μετά
2980 805 3250 875 τοσαύτην
3285 805 3405 858 ἐπι-

1834 886 2052 957 μέλειαν
2092 887 2269 940 αὐτῶν
2320 887 2657 958 ἀφαιρεθείς.
2708 888 2974 960 Καθάπερ
3028 888 3139 957 γὰρ
3187 887 3404 960 ἀριστος

1820 969 2230 1039 ἀδριαντοποιδς
2264 969 2495 1039 χρυσοῦς
2524 969 2863 1024 διαπλάττων
2895 971 3234 1041 ἀνδριάντας,
3266 971 3406 1042 μετὰ

1823 1052 2025 1121 πολλῆς
2046 1042 2376 1116 καλλωπίζει
2396 1053 2495 1123 τῆς
2514 1052 2797 1124 ἀκριϐείας
2814 1068 2826 1081 ·
2846 1053 2987 1107 οὕτω
3008 1054 3101 1108 καὶ
3124 1052 3286 1117 αὐτὸς
3306 1053 3407 1117 τὰς

1820 1134 2041 1187 ἐκείνων
2066 1135 2365 1207 ἐρῥύθμιζε
2394 1134 2570 1205 ψυχὰς
2606 1135 2977 1202 διαπλάττων,
3015 1137 3400 1207 κατακοσμῶν.

1822 1218 1932 1270 Καὶ
1971 1216 2223 1289 καθάπερ
2266 1234 2351 1281 τις
2395 1216 2640 1289 γεωργὸς
2691 1218 2975 1287 φιλόπονος
3020 1219 3245 1289 στελέχη
3284 1234 3404 1287 φοι-

1820 1297 1985 1353 νίκων
2046 1299 2080 1371 ἣ
2134 1298 2331 1352 ἐλαιῶν
2392 1299 2600 1369 ἄρδων,
2662 1300 2935 1370 τειχίζων,
2993 1304 3401 1374 περιφράττων,

1822 1382 1984 1435 παντὶ
2038 1382 2357 1455 θεραπεύων
2390 1383 2578 1456 τρόπῳ
2623 1383 2884 1437 διατελεῖ·
2935 1384 3078 1438 οὓτω
3116 1386 3210 1437 καὶ
3252 1379 3404 1448 οὗτος

1820 1463 1882 1517 οὑ
1920 1464 2271 1535 διελίμπανε,
2306 1464 2560 1538 καθάπερ
2614 1466 2802 1519 ἐλαίαν
2854 1465 2977 1519 τινὰ
3023 1468 3401 1537 κατάκαρπον,

1820 1546 1920 1616 τὴν
1956 1546 2187 1601 ἑκάστου
2216 1546 2395 1618 ψυχὴν
2436 1549 2517 1611 είς
2563 1547 2783 1603 πλείονα
2813 1549 3016 1621 ἀρετῆς
3058 1548 3254 1614 αὔξων,
3286 1549 3406 1601 ἐπί-

1820 1626 1984 1680 δοσιν.
2024 1627 2161 1681 Ἀλλ’
2189 1624 2296 1681 εἶδε
2329 1629 2553 1702 στελέχη
2579 1633 2645 1702 τῇ
2678 1631 2771 1684 τοῦ
2813 1629 3051 1702 πονηροῦ
3097 1630 3408 1701 πνεύματος

1821 1711 2093 1782 προσϐολῇ
2150 1712 2599 1778 ἀνασπασθέντα,
2656 1714 2752 1767 καὶ
2799 1715 2891 1767 ἐπὶ
2941 1715 3045 1784 γῆς
3086 1712 3403 1775 ἐκταθέντα,

1821 1794 2034 1847 καὶτὸν
2061 1793 2292 1849 ἐλεεινὸν
2336 1796 2433 1866 τῆς
2469 1794 2723 1865 τελευτῆς
2763 1796 3133 1867 ὑπομείναντα
3180 1795 3402 1866 τρόπον,

1821 1876 1915 1929 καί
1946 1877 2098 1931 οὐδὲν
2139 1876 2459 1948 βλάσφημον
2497 1876 2819 1947 ἐφθέγξατο,
2863 1879 2998 1933 ἀλλά
3041 1879 3136 1933 καὶ
3178 1880 3406 1949 εὐχαρί-

1822 1975 2007 2029 στησε,
2040 1960 2259 2031 καιρίαν
2294 1960 2416 2023 δοὺς
2447 1960 2525 2031 τῷ
2552 1960 2783 2032 διαϐόλῳ
2813 1961 2913 2033 τήν
2937 1963 3174 2034 πληγήν.

1894 2039 1953 2095 ε’,
1988 2042 2051 2095 Et
2079 2042 2138 2096 δὲ
2175 2041 2382 2111 λέγοις,
2427 2043 2510 2097 ὄτι
2559 2041 2787 2106 πολλοὺς
2837 2038 3179 2115 εἷχεν“οῦτος
3222 2043 3408 2108 υἱοὺς,

1822 2123 1982 2188 ἄλλος
2018 2125 2074 2178 δὲ
2115 2124 2377 2189 πολλάκις
2406 2126 2501 2179 ἕνα
2533 2127 2797 2197 μονογενῆ
2838 2127 2978 2197 ἔχων
3010 2125 3281 2189 ἀπώλεσε,
3312 2126 3408 2178 καὶ

1823 2207 1923 2259 οὑκ
1952 2208 2064 2260 ἴσον
2091 2209 2152 2261 τὸ
2178 2208 2392 2273 πένθος,
2423 2208 2603 2273 καλῶς
2635 2208 2835 2276 λέγεις,
2865 2208 3021 2278 κάγώ
3046 2208 3128 2262 σοί
3155 2226 3297 2279 φημι
3326 2209 3408 2261 ὅτι

1825 2290 1923 2343 οὑκ
1968 2290 2081 2345 ἴσον
2120 2291 2180 2344 τὸ
2216 2292 2431 2359 πένθος,
2458 2291 2593 2346 ἀλλά
2622 2290 2800 2362 πολλῷ
2835 2290 3018 2363 μεῖζον
3048 2292 3113 2346 τὸ
3140 2293 3232 2346 τοῦ
3266 2291 3406 2346 Ἱώϐ.

1826 2373 1891 2425 Τί
1927 2373 2034 2445 γὰρ
2075 2373 2223 2444 αὑτῷ
2253 2374 2353 2443 τῆς
2395 2375 2752 2438 πολυπαιδίας
2799 2374 3018 2443 ὅφελος;
3066 2375 3409 2447 Τρανοτέραν

1826 2456 1975 2527 αὑτῷ
2016 2456 2111 2529 τὴν
2163 2458 2448 2529 συμφοράν
2500 2460 2724 2528 ἐποίησε
2784 2458 2880 2511 καὶ
2930 2458 3260 2529 πικροτέραν
3312 2457 3409 2527 τὴν

1826 2539 2018 2610 ὀδύνην
2045 2540 2105 2593 τὸ
2145 2542 2202 2594 ἐν
2235 2541 2440 2594 πλείοσι
2471 2540 2687 2612 σώμασι
2720 2540 2780 2594 τὸ
2809 2540 3031 2613 τραῦμα
3062 2540 3336 2605 δέξασθαι.

1899 2624 1961 2675 Εἰ
1999 2623 2055 2676 δὲ
2086 2622 2262 2694 βούλει
2290 2625 2382 2677 καὶ
2407 2622 2594 2695 ἕτερον
2626 2623 2755 2676 ἰδεῖν
2778 2622 2933 2692 ἀγιον
2957 2623 3217 2693 μονογενῆ
3241 2625 3410 2677 παῖδα

1829 2703 2040 2775 ἔχοντα,
2092 2706 2185 2759 καὶ
2218 2707 2318 2768 τὴν
2366 2707 2535 2776 αὑτὴν
2563 2706 2597 2778 ἢ
2629 2707 2725 2760 καὶ
2758 2706 2979 2759 πλείονα
3011 2705 3260 2776 ἀνδρείαν
3293 2709 3411 2761 ἐπι-

1828 2786 2160 2858 δειξάμενον,
2205 2788 2581 2860 ἀναμνήσθητι
2612 2788 2707 2842 τοῦ
2759 2788 3097 2860 πατριάρχου
3139 2788 3409 2860 Ἀϐραὰμ,

1828 2869 1888 2933 ὃς
1924 2872 2024 2924 οὑκ
2074 2866 2179 2924 εἶδε
2217 2872 2307 2924 τὸν
2345 2872 2528 2925 Ἰσαὰκ
2573 2872 2933 2936 ἀποθανόντα,
2980 2871 3116 2937 ἀλλ’,
3157 2872 3186 2924 δ
3232 2872 3411 2942 πολλῷ

1831 2954 2152 3026 πικρότερον
2196 2950 2264 3025 ἦν
2293 2954 2386 3008 καὶ
2428 2954 2836 3028 ὀδυνηρότερον,
2865 2955 3028 3019 αὑτὸς
3064 2955 3226 3009 αὑτὸν
3254 2973 3415 3008 κατα-

1832 3037 2030 3106 σφάξαι
2079 3037 2423 3101 ἐπετάττετο,
2473 3038 2567 3090 καὶ
2608 3038 2710 3090 οὐκ
2756 3038 2977 3090 ἀντεῖπε
3028 3038 3161 3109 πρὸς
3201 3038 3261 3091 τὸ
3288 3040 3412 3092 ἐπία

1831 3110 2038 3193 ταγμα,
2072 3120 2193 3174 οὑδέ
2239 3120 2614 3191 ἐδυσχέρανεν,
2662 3121 2784 3174 οὑδέ
2817 3119 3119 3190 ἐφθέγξατό
3148 3138 3202 3175 τι
3239 3122 3413 3175 τοιοῦ-

1832 3221 1956 3259 τον·
1989 3204 2089 3257 Διά
2112 3202 2269 3256 τοῦτό
2301 3220 2368 3274 με
2398 3203 2609 3275 πατέρα
2638 3203 2920 3275 ἐποίησας,
2950 3204 3038 3257 ἵνα
3064 3204 3414 3259 παιδοκτόνον

1834 3290 2147 3360 ἀπεργάσῃ;
2185 3285 2391 3356 βέλτιον
2422 3281 2489 3357 ἦν
2518 3286 2592 3357 μὴ
2620 3286 2802 3339 δοῦναι
2831 3286 2929 3358 τὴν
2954 3286 3150 3359 ἀρχὴν,
3184 3288 3217 3359 ἢ
3248 3288 3407 3341 δόντα

1832 3371 2069 3441 τοιούτῳ
2100 3368 2252 3443 [770]
2297 3368 2486 3439 τρόπῳ
2534 3369 2697 3422 αὑτὸν
2734 3369 3049 3437 ἀφελέσθαι.
3099 3369 3287 3423 Βούλει
3320 3371 3415 3424 λα-

1835 3455 1982 3522 ϐεῖν;
2024 3454 2168 3517 τίνος
2217 3453 2404 3505 ἐνεκεν
2443 3452 2589 3523 κάμὲ
2633 3450 2979 3521 κατασφάξαι
3026 3452 3291 3519 κελεύεις,
3322 3456 3416 3510 καὶ

1834 3538 1934 3610 τὴν
1977 3536 2156 3603 δεξιὰν
2215 3536 2405 3607 μιᾶναι
2448 3536 2547 3606 τὴν
2593 3536 2868 3607 ἐμαυτοῦ;
2907 3538 3022 3589 Οὑκ
3069 3536 3178 3590 ἀπὸ
3222 3538 3414 3592 τούτου

1840 3636 1931 3691 μοι
1961 3618 2056 3672 τοῦ
2095 3618 2308 3672 παιδίου
2342 3616 2442 3689 τὴν
2469 3618 2796 3689 οἰκουμένην
2835 3618 3110 3689 ἐμπλῆσαι
3144 3619 3254 3672 τῶν
3283 3620 3417 3673 ἀπο-

1796 3728 1799 3729 ν
1835 3703 2009 3773 γόνων
2041 3701 2314 3772 ὑπέσχου;
2356 3700 2473 3764 πῶς
2505 3697 2599 3755 οὖν
2639 3703 2766 3764 τοὺς
2819 3704 3066 3773 καρποὺς
3118 3702 3270 3766 δίδως
3316 3704 3416 3776 τὴν

1840 3786 1997 3858 ῥίζαν
2048 3783 2318 3857 ἀναιρῶν;
2361 3783 2479 3848 πῶς
2528 3784 2586 3837 δὲ
2634 3784 2938 3853 ἀπογόνους
2977 3786 3289 3860 ἐπαγγέλλῃ
3324 3787 3417 3841 τὸν

1838 3870 1953 3922 υίόν
2006 3867 2410 3937 κατασφάττειν
2469 3866 2739 3934 κελεύων;
2793 3867 2878 3932 τίς
2933 3868 3105 3922 ταῦτα
3160 3866 3290 3933 εἶδε,
3332 3871 3418 3934 τίς

1837 3950 2012 4005 ταῦτα
2061 3951 2331 4022 ῆκουσεν;
2379 3950 2734 4023 Ἦπάτημαι,
2794 3951 3214 4022 παρελογίσθην.
3252 3952 3417 4006 Οὑδέν

1837 4033 2050 4088 τοιοῦτο
2086 4033 2187 4087 οὑκ
2218 4030 2391 4098 εἶπεν,
2436 4034 2538 4086 οὑκ
2570 4034 2871 4104 ἐνενόησεν,
2921 4035 3021 4087 οὑκ
3070 4036 3291 4087 ἀντεῖπε
3339 4036 3417 4105 τῷ

1839 4116 2178 4182 κελεύσαντι,
2208 4117 2309 4169 οὑκ
2349 4116 2632 4186 ἀπῄτησεν
2670 4115 2923 4179 εὐθύνας,
2959 4116 3095 4169 ἀλλά
3134 4116 3373 4179 ἀκούσας
3397 4133 3411 4146 ·

1838 4198 1998 4253 Λαὸὲ
2022 4197 2131 4251 τὸν
2163 4199 2298 4251 υἱόν
2328 4215 2445 4252 σου
2481 4200 2588 4251 τὸν
2613 4199 2943 4268 ἀγαπητὸν,
2973 4198 3046 4252 ὃν
3069 4198 3412 4267 ἠγάπησας,

1837 4281 1944 4333 τὸν
1983 4280 2198 4344 Ἰσαὰκ,
2225 4280 2322 4333 καί
2349 4279 2613 4349 ἀνάγαγε
2644 4280 2832 4333 αὐτὸν
2863 4282 2956 4349 ἐφ’
2987 4280 3057 4333 ἓν
3088 4279 3205 4333 τῶν
3232 4283 3415 4348 ὀρέων

1837 4358 1925 4417 ὧν
1954 4362 2032 4416 ἄν
2061 4378 2160 4415 σοι
2197 4362 2364 4426 εἴπω,
2396 4364 2535 4432 μετά
2562 4362 2831 4434 τοσαύτης
2863 4363 3169 4434 προθυμίας
3194 4365 3254 4416 τὸ
3297 4363 3416 4417 ἐπί-

1838 4462 2025 4516 ταγμα
2052 4444 2391 4515 ἐπλήρωσεν,
2417 4445 2493 4508 ὡς
2519 4447 2612 4500 καὶ
2638 4445 2856 4499 πλείονα
2878 4444 2989 4521 τῷν
3014 4445 3416 4515 ἐπιταχθέντων

1841 4531 2085 4599 ποιῆσαι.
2138 4528 2249 4580 Καὶ
2299 4527 2407 4601 γὰρ
2446 4527 2506 4580 τὸ
2571 4527 2792 4597 γύναιον
2857 4527 3095 4599 ἔκρυψε,
3137 4530 3231 4581 καὶ
3288 4531 3415 4593 τοὺς

1840 4611 2039 4674 παῖδας
2088 4609 2245 4663 ἔλαθε
2292 4611 2446 4664 κάτω
2483 4611 2666 4682 μένειν
2698 4611 2877 4681 ἀφεὶς,
2926 4614 3019 4665 καὶ
3054 4612 3215 4681 μόνον
3246 4612 3306 4665 τὸ
3341 4614 3416 4665 ἰε-

1842 4698 1984 4768 ρεῖον
2016 4693 2198 4747 λαϐὼν
2247 4695 2432 4765 ἀνῄει·
2487 4694 2660 4759 οὕτως
2705 4698 2807 4749 οὑκ
2861 4696 3030 4759 ἄκων,
3078 4697 3215 4749 ἀλλά
3278 4696 3416 4766 μετὰ

1842 4777 2152 4849 προθυμίας
2184 4777 2384 4848 πολλῆς
2407 4778 2467 4831 τὸ
2493 4780 2781 4833 κελευσθὲν
2807 4780 3093 4851 ἔπραττεν.
3135 4780 3417 4849 Ἐννόησον

1838 4862 2018 4913 τοίνυν
2048 4861 2234 4932 ἡλίκον
2264 4857 2353 4932 ἦν,
2386 4862 2545 4933 μόνον
2577 4863 2723 4933 μόνῳ
2758 4863 3100 4932 διαλέγεσθαι
3131 4861 3208 4933 τῷ
3242 4862 3415 4926 παιδὶ,

1845 4942 2071 5015 μηδενὸς
2098 4944 2384 5014 παρόντος,
2412 4945 2502 4997 ὅτε
2536 4946 2735 5015 μᾶλλον
2770 4945 2840 4997 τά
2878 4946 3162 5014 σπλάγχνα
3200 4945 3415 5015 διαθερ-

1846 5028 2112 5098 μαίνεται,
2157 5028 2246 5080 καὶ
2289 5026 2641 5099 σφοδρότερον
2684 5028 2745 5081 τὸ
2784 5028 3005 5097 φίλτρον
3035 5030 3275 5096 γίνεται,
3323 5030 3418 5081 καὶ

1842 5109 2000 5163 τοῦτο
2028 5111 2129 5163 οὑκ
2165 5111 2222 5162 ἐν
2251 5112 2351 5182 μιᾷ
2375 5111 2408 5182 ἢ
2437 5111 2608 5175 δυσὶν,
2635 5110 2774 5164 ἀλλά
2802 5111 2896 5163 καὶ
2924 5114 2982 5163 ἐν
3016 5110 3252 5164 πλείοσιν
3283 5111 3418 5182 ἡμέ-

1847 5210 1991 5264 ραιςο.
2047 5194 2121 5246 Τὸ
2177 5194 2276 5264 μὲν
2324 5194 2432 5265 γὰρ
2466 5195 2678 5264 ταχέως
2715 5195 2934 5264 ποιῆσαι
2988 5194 3049 5247 τὸ
3102 5195 3413 5264 ἐπιταχθὲν,

1843 5275 2155 5347 θαυμαστὸν
2199 5276 2293 5329 καὶ
2329 5277 2491 5347 μέγα,
2538 5277 2654 5330 ἀλλ’
2680 5277 2778 5347 οὑχ
2808 5276 2951 5331 οὓτω
2996 5276 3308 5347 θαυμαστὸν
3342 5276 3415 5340 ὡς

1840 5371 1983 5436 τοῦτό
2029 5373 2214 5436 ἐστινς-
2236 5366 2584 5436 Ἀλλξέλεγεν,
2608 5390 2633 5415 α
2679 5371 2737 5422 ‘0
2770 5373 2942 5436 Κύριος
2982 5374 3173 5433 ἔδωκεν,
3196 5375 3223 5422 ὀ
3248 5372 3419 5436 Κύριος

1842 5434 2075 5509 ἀφείλετο.
2104 5452 2164 5513 ὦ
2187 5433 2284 5513 ΣΑν
2309 5433 2449 5509 ,οὕτω
2485 5434 2600 5513 κοξθζ
2623 5433 3109 5513 ἡμᾶςκοξκονομεῖξμεν
3151 5433 3419 5513 καθάπερ)

1844 5495 2071 5570 μακάριος
2104 5495 2231 5551 Ἰὼϐ,
2256 5495 2328 5567 ,οὐ
2365 5495 2504 5555 μόνον
2528 5495 2603 5541 ἐπὶ
2629 5502 2712 5553 τῆς
2733 5495 2959 5571 θλίψεως,
3120 5498 3200 5544 καὶ
3226 5496 3302 5544 ἐπὶ
3322 5495 3420 5543 τῶν

1843 5558 2000 5625 αλλων
2025 5557 2393 5625 ελαττωματων,
2415 5556 2715 5625 καὶῌκαθαροὶ
2746 5574 2862 5625 προς
2878 5574 2960 5625 τον
2977 5558 3421 5625 ἡμετέρῳ-ἀπελευ-

1844 5618 2023 5724 σὸιὸικῖθα
2063 5620 2327 5672 Δεσπότην,
2349 5617 2430 5663 καὶ
2467 5622 2552 5674 τῆς
2585 5616 2672 5665 τοῦ
2697 5616 2842 5681 πυρὸς
2861 5616 3045 5681 γεέννης
3080 5616 3424 5678 ἀπαὶλαγησὸοι

1845 5694 1903 5724 με
1929 5694 1978 5724 α.
2004 5679 2083 5724 καὶ
2107 5678 2224 5724 μετά
2245 5677 2508 5724 παόὀγισίαε
2528 5679 2801 5724 στησόμεθα
2826 5682 3085 5724 ἔμπροσθεν
3100 5677 3186 5724 τοῦ
3211 5682 3422 5724 ϐήματος

1845 5679 2083 5743 μεθαριαὶ
2107 5679 2224 5743 μετά
2245 5679 2508 5743 παῤῥῃσίας
2528 5679 2801 5743 στησόμεθα
2826 5679 3186 5743 ἔμπροσθεν-τοῦ
3211 5682 3422 5743 βήματος

1842 5737 1927 5811 imp
1971 5737 2197 5811 ξριστρῦ·
2234 5737 2515 5811 ᾐςυξγένοιτς
2542 5737 2719 5811 τεάνεοίς
2738 5737 2863 5811 ἡμᾴἀ
2896 5737 3127 5811 ἐᾶι-τξαεῖν
3157 5737 3313 5811 vi?“
3338 5739 3420 5788 καὶ

1845 5799 2162 5870 φιλανθρωπίᾳ
2186 5799 2272 5848 τοῦ
2296 5799 2472 5863 Κυρίου
2484 5802 2622 5863 ἡμῶν
2636 5799 2794 5861 Ἰησοῦ
2808 5806 2846 5851 Χ
2853 5799 3038 5866 ριστοῦ,
3047 5799 3255 5853 ’ρίυξῆίέο
3272 5814 3400 5852 unus
