4006 6406
627 367 761 426 ιοιε

617 499 676 549 τὸ
728 495 814 549 διὰ
867 495 1079 550 πολλῶν
1131 497 1353 568 ἡμερῶν
1410 496 1846 567 βασανιζομένης
1893 492 2060 549 αὐτοῦ
2112 491 2208 545 καὶ

618 579 1038 651 γυμναζομένης
1094 580 1192 650 τῆς
1245 579 1424 650 ψυχῆς
1483 581 1649 652 μηδὲν
1701 580 1896 634 παθεῖν
1958 578 2096 650 πρὸς
2147 578 2210 630 τὸ

618 663 833 718 παιδίον
862 665 1223 736 ἀνθρώπινον.
1252 666 1351 719 Διά
1379 666 1488 737 γὰρ
1526 666 1686 719 τοῦτο
1717 666 1852 719 αὐτὸ
1877 665 1972 719 καὶ
2001 663 2209 736 μακρό-

617 767 754 822 τερα
805 751 1107 822 σκάμματα
1154 749 1422 822 ἐπέθηκεν
1461 753 1488 804 ό
1526 751 1692 814 Θεὸς,
1749 751 1844 805 καὶ⁴
1888 750 1950 803 τὸ
1994 749 2208 803 στάδιον

619 833 886 900 ἐξέτεινεν
913 875 928 899 ,
962 834 1051 887 ἵνα
1091 833 1480 904 ἀκριϐέστερον
1517 833 1633 905 ἴδῃς
1664 834 1758 888 τὸν
1800 833 2064 904 ἀθλητήν.
2099 832 2209 885 Καὶ

620 919 728 987 γὰρ
758 913 828 990 ἦν
861 917 1102 990 ἀθλητὴς
1130 917 1318 982 ὅντως,
1347 919 1448 971 οὐκ
1475 917 1752 990 ἀνθρώπῳ
1788 918 2056 980 παλαίων,
2089 917 2207 971 ἀλλ’

617 1003 756 1074 αὐτῇ
791 1004 857 1072 τῇ
902 1001 1003 1071 τῆς
1056 999 1271 1070 φύσεως
1303 1001 1600 1074 τυραννίδι.
1631 1003 1790 1065 Ποῖος
1829 1001 1988 1070 λόγος
2023 1018 2204 1072 παραε

620 1086 814 1156 στῆσαι
857 1085 1146 1156 δυνήσεται
1187 1087 1286 1156 τὴν
1336 1084 1623 1156 ἀνδρείαν;
1663 1086 1932 1158 Ἀνήγαγε
1965 1084 2028 1138 τὸ
2079 1102 2207 1140 παι-

615 1167 748 1232 δίον,
780 1168 1118 1234 συνεπόδισε,
1153 1171 1266 1232 τοῖς
1297 1168 1475 1234 ξύλοις
1509 1169 1770 1239 ἐπέθηκε,
1798 1168 1898 1240 τὴν
1930 1169 2206 1238 μάχαιραν

614 1251 885 1322 ἥρπασεν,
916 1253 1144 1323 ἐπάγειν
1169 1251 1270 1318 τὴν
1295 1253 1513 1324 πληγὴν
1537 1252 1753 1324 ἔμελλε.
1787 1253 1913 1316 Πῶς
1941 1252 2081 1306 εἴπω
2110 1253 2206 1306 καὶ

615 1335 754 1406 ποίῳ
799 1336 1008 1408 τρόπῳ,
1061 1337 1162 1390 οὐκ
1196 1337 1334 1408 ἔχω·
1373 1337 1534 1408 μόνος
1586 1336 1750 1400 αὐτὸς
1782 1331 1924 1390 οἶδεν
1969 1338 1998 1390 ὁ
2030 1335 2206 1390 ταῦτα

615 1419 1020 1490 ἐργασάμενοςο
1051 1419 1209 1489 λόγος
1249 1420 1358 1492 γὰρ
1381 1420 1554 1484 οὐδεὶς
1585 1419 1939 1491 παραστῆσαι
1977 1418 2206 1490 δυνήσε-

613 1519 724 1566 ται,
759 1503 879 1568 πῶς
907 1505 1008 1558 οὐκ
1035 1505 1338 1578 ἐνάρκησεν
1369 1507 1402 1576 ἡ
1436 1506 1579 1576 χεὶρ,
1613 1504 1730 1568 πῶς
1759 1505 1860 1557 οὐκ
1895 1503 2059 1574 ἐλύθη
2095 1504 2206 1557 τῶν

613 1587 821 1659 νεύρων
879 1591 907 1643 ὁ
953 1589 1122 1654 τόνος,
1155 1590 1272 1655 πῶς
1323 1591 1382 1644 οὐ
1439 1591 1692 1660 συνέχεεν
1724 1589 1888 1642 αὑτὸν
1922 1590 1956 1660 ἡ
2007 1588 2205 1642 ποθου-

615 1673 752 1744 μένη
794 1672 888 1726 τοῦ
926 1673 1141 1726 παιδίου
1195 1673 1339 1742 ὄψις.
1391 1672 1575 1738 Ἀξιον
1633 1672 1868 1726 ἐνταῦθα
1921 1673 2203 1744 Θαυμάσαι

613 1755 826 1810 καὶτὸν
883 1757 1087 1811 Ἰσαάκ.
1125 1756 1336 1829 Ὥσπερ
1375 1756 1486 1829 γὰρ
1537 1758 1741 1821 ἐκεῖνος
1767 1756 1844 1827 τῷ
1878 1756 2019 1828 Θεῷ,
2059 1757 2204 1811 οὕτω

603 1841 706 1894 ’καὶ
760 1835 913 1906 οὗτος
964 1842 1215 1896 ἐπείθετο
1279 1842 1357 1914 τῷ
1409 1843 1608 1915 πατρί’
1673 1843 1923 1914 καθάπερ
1974 1843 2201 1907 ἐκεῖνος,

609 1924 703 1977 τοῦ
739 1923 874 1977 Θεοῦ
916 1925 1230 1989 κελεύοντος
1261 1925 1446 1990 θῦσαι,
1474 1929 1577 1980 ούκ
1608 1925 1889 1997 ἀπῄτησεν
1938 1925 2199 1989 εὐθύνας·

609 2007 756 2062 οὕτω
817 2009 912 2063 καὶ
956 2001 1140 2074 οὗτος,
1203 2009 1298 2063 τοῦ
1335 2010 1540 2081 πατρὸς
1573 2009 1930 2080 δεσμεύοντος
1974 2009 2067 2063 καὶ
2113 2009 2206 2062 ἀν-

611 2091 836 2159 άγοντος
854 2095 944 2146 ἐπὶ
974 2093 1063 2147 τὸν
1095 2094 1296 2165 βωμὸν,
1325 2094 1426 2148 οὐκ
1452 2089 1604 2148 εἷπε·
1636 2095 1792 2158 Τίνος
1817 2093 2002 2148 ἕνεκεν
2033 2093 2205 2149 ταῦτα

611 2180 816 2241 ποιεῖς;
850 2179 964 2231 ἀλλ’
991 2179 1246 2231 ὑπέκειτο
1281 2182 1346 2250 τῇ
1395 2178 1541 2250 χειρὶ
1577 2181 1641 2251 τῇ
1675 2182 1949 2252 πατρικῇ.
1992 2180 2104 2233 Καὶ
2135 2175 2204 2252 ἦν

614 2261 741 2314 ἰδεῖν
763 2263 972 2332 πατέρα
993 2263 1084 2316 καὶ
1104 2263 1256 2334 ἱερέα
1272 2263 1555 2332 γινόμενον
1576 2264 1668 2317 τὸν
1689 2263 1870 2327 αὑτὸν,
1892 2265 1986 2318 καὶ
2010 2264 2204 2320 Θυσίαν

609 2347 780 2416 χωρὶς
832 2346 1064 2414 αἵματος
1113 2347 1554 2417 ἀναφερομένην,
1625 2347 1986 2420 ὁλοκαύτωμα
2036 2350 2206 2419 χωρὶς

610 2428 802 2498 πυρὸς,
832 2429 1064 2483 θανάτου
1109 2431 1203 2483 καὶ
1235 2430 1587 2494 ἀναστάσεως
1620 2431 1792 2485 τύπον
1822 2433 1916 2485 ἐπὶ
1964 2431 2060 2486 τοῦ
2095 2434 2202 2502 βω-

611 2511 714 2582 μοῦ
761 2513 1068 2582 γινόμενον.
1120 2515 1230 2567 Καὶ
1273 2514 1381 2585 γάρ
1425 2513 1629 2584 ἔσφαξε
1668 2516 1758 2568 τὸν
1792 2516 1929 2580 υἱὸν,
1963 2516 2058 2569 καὶ
2103 2516 2205 2569 οὐκ

607 2595 867 2663 ἔσφαξεν·
895 2597 995 2650 ούκ
1019 2595 1220 2665 ἔσφαξε
1253 2599 1418 2669 χειρὶ,
1445 2599 1584 2653 ἀλλά
1613 2602 1679 2670 τῇ
1709 2599 2013 2670 προθυμίᾳ.
2050 2599 2204 2652 Ἐπεὶ

609 2680 702 2733 καὶ
728 2681 757 2732 ὁ
790 2681 923 2744 Θεὸς
949 2679 1036 2733 διὰ
1072 2680 1231 2734 τοῦτο
1265 2682 1574 2748 ἐκέλευσεν,
1624 2683 1721 2753 οὐχ
1757 2683 1993 2753 αἵματος
2044 2683 2203 2753 χύσιν

609 2761 934 2833 βουλόμενος
967 2763 1115 2828 ἰδεῖν,
1145 2765 1283 2832 ἀλλά
1324 2766 1644 2838 προαίρεσίν
1681 2784 1765 2820 σοι
1795 2767 1966 2834 δεῖξαι
2002 2768 2198 2834 θέλων,

608 2846 823 2901 καὶτὸν
857 2850 1102 2916 γενναῖον
1157 2851 1364 2902 ἐκεῖνον
1412 2851 1469 2902 ἐν
1521 2849 1672 2921 μέσῳ
1719 2852 1820 2921 τῆς
1868 2852 2202 2925 οἰκουμένης

605 2931 946 3003 ἀνακηρῦξαι
987 2933 1188 3003 πάσης,
1233 2933 1328 2987 καὶ
1361 2935 1649 2988 παιδεῦσαι
1683 2935 1810 2997 τοὺς
1853 2936 1990 3004 μετὰ
2024 2935 2200 2990 ταῦτα

607 3014 838 3078 πάντας,
861 3017 942 3070 ὄτι
977 3020 1070 3072 καὶ
1099 3018 1326 3082 παίδων,
1360 3019 1453 3072 καὶ
1488 3017 1729 3088 φύσεως,
1758 3021 1856 3072 καὶ
1887 3019 1996 3074 τῶν
2024 3019 2194 3074 ὄντων

605 3099 883 3166 ἁπάντων,
928 3103 1022 3154 καὶ
1055 3101 1226 3172 αὐτῆς
1257 3102 1356 3171 τῆς
1401 3101 1579 3172 ψυχῆς
1623 3101 1717 3155 τοῦ
1747 3101 1882 3155 Θεοῦ
1923 3103 2197 3174 τάπροσ-

603 3183 861 3252 τάγματα
913 3187 1185 3258 προτιμᾷν
1231 3186 1360 3256 χρή.
1399 3184 1611 3256 Κατῄει
1661 3184 1843 3238 τοίνυν
1893 3185 2073 3252 ζῶντα
2103 3186 2198 3240 λα-

603 3264 714 3318 ϐὼν
748 3267 1004 3340 μάρτυρα
1035 3270 1128 3322 τὸν
1164 3269 1370 3324 Ἰσαάκ.
1410 3269 1544 3322 Τίνα
1591 3264 1685 3323 οῦν
1719 3270 1916 3340 ἕξομεν
1949 3270 2197 3338 συγγνώ-

605 3365 735 3418 μην,
781 3351 901 3404 εἰπέ
938 3369 1048 3420 μοι,
1082 3352 1240 3406 ποίαν
1280 3353 1337 3406 δὲ
1380 3353 1699 3422 ἀπολογίαν,
1734 3356 1784 3406 εί
1816 3353 1909 3406 τὸν
1946 3357 2195 3422 γενναῖον

602 3431 810 3484 ἐκεῖνον
848 3434 984 3503 μετά
1035 3436 1306 3507 τοσαύτης
1351 3436 1568 3506 εἴδομεν
1613 3436 1923 3507 προθυμίας
1952 3437 2032 3508 τῷ
2074 3437 2195 3510 Θεῷ

603 3517 947 3584 πειθόμενον,
979 3511 1074 3572 καὶ
1111 3519 1328 3573 πάντων
1357 3519 1506 3590 αὐτῷ
1541 3520 1998 3590 παραχωροῦντα,
2040 3522 2192 3594 [771]

603 3599 699 3652 καὶ
724 3601 882 3670 ἡμεῖς
909 3601 1366 3673 δυσχεραίνομεν;
1407 3604 1498 3674 Μὴ
1539 3603 1602 3674 δή
1643 3621 1733 3675 μοι
1765 3604 1827 3656 τὸ
1869 3604 2064 3670 πένθος
2111 3606 2192 3658 εἴ-

603 3698 732 3753 πῃς,
785 3683 920 3755 μηδέ
951 3684 1013 3736 τὸ
1047 3687 1146 3756 τῆς
1181 3689 1469 3758 συμφορᾶς
1515 3687 1812 3758 ἀφόρητον.
1846 3688 1961 3741 ἀλλ’
2015 3691 2192 3742 ἐκεῖνο

603 3769 900 3838 σκόπησον,
925 3768 1006 3821 ὃτι
1035 3770 1130 3822 καὶ
1156 3769 1251 3823 τοῦ
1279 3770 1508 3834 πένθους
1539 3771 1776 3840 χαλεποῦ
1806 3772 1958 3834 ὄντος
1991 3770 2194 3826 ἀνώτε-

602 3866 694 3919 ρος
741 3849 832 3922 ἦν.
875 3851 1076 3906 Ἱκανὸν
1125 3849 1194 3924 ἦν
1244 3853 1306 3906 τὸ
1365 3855 1655 3925 ἐπιταχθὲν
1689 3855 1988 3926 θορυϐῆσαι
2023 3855 2190 3908 αὐτοῦ

599 3932 690 3986 τὸν
731 3933 1011 4003 λογισμὸν,
1047 3935 1146 3990 καὶ
1180 3937 1260 4001 εἰς
1297 3938 1530 4009 ἀπορίαν
1579 3937 1744 3991 αὐτὸν
1780 3939 2062 4009 ἐμϐαλεῖν,
2094 3938 2192 3992 καὶ

598 4016 698 4088 τὴν
744 4018 928 4072 πίστιν
975 4019 1242 4092 ὑπορύξαι
1288 4022 1388 4092 τὴν
1423 4023 1481 4075 ἐν
1514 4024 1628 4086 τοῖς
1681 4022 2034 4094 παρελθοῦσι.
2094 4023 2192 4087 Τίς

598 4101 708 4172 γὰρ
740 4100 848 4154 τῶν
882 4103 1093 4158 πολλῶν
1135 4107 1235 4159 οὐκ
1275 4103 1340 4158 ἂν
1391 4106 1642 4176 ἐνόμιζεν
1683 4107 1901 4177 ἀπάτην
1949 4104 2088 4161 εἶναι
2121 4106 2192 4160 τὰ

596 4187 864 4260 εἰρημένα
902 4189 1029 4260 περὶ
1068 4189 1164 4243 τοῦ
1208 4190 1446 4263 πλήθους
1486 4192 1595 4246 τῶν
1630 4192 1888 4263 ἐγγόνων,
1932 4186 2006 4248 ὧν
2039 4191 2190 4264 αύτῷ

1352 372 1411 426 S.
1452 370 1741 428 JOANNIS
1779 369 2266 428 CHRYSOSTOMI
2307 369 2630 430 ARCHIEP.
2668 367 3222 428 CONSTANTlNOP.

2312 479 2704 557 ἐπηγγείλατο;
2757 481 2896 536 Ἀλλ’
2945 483 3045 554 οὐχ
3090 485 3120 536 ὁ
3161 481 3431 554 Ἀϐραάμ.
3480 485 3592 541 Καὶ
3638 487 3726 542 τὸν
3764 491 3884 545 Ίὼὸ

2309 564 2367 618 δὲ
2412 569 2511 637 τῆς
2573 569 2666 622 ἐπὶ
2720 571 2785 640 τῇ
2847 572 3104 642 συμφορᾷ
3166 571 3483 640 φιλοσοφίας
3539 574 3639 644 οὐχ
3700 569 3885 647 ἦττον,

2311 649 2406 702 καὶ
2442 651 2584 721 ὑπὲρ
2610 651 2801 706 τούτου
2845 653 3081 723 μάλιστα
3128 655 3289 708 αὑτὸν
3321 654 3616 726 θαυμάζειν
3644 659 3772 729 χρὴ,
3807 660 3886 714 ὅτι

2314 733 2452 804 μετὰ
2480 738 2748 807 τοσαύτην
2788 737 3009 809 ἀρετὴν,
3045 739 3184 809 μετά
3227 735 3596 812 ἐλεημοσύνας
3627 743 3723 795 καὶ
3766 744 3888 811 φιλ-

2311 819 2658 891 ανθρωπίας,
2717 821 2854 893 μετά
2911 822 2973 875 τὺ
3023 823 3190 894 μηδὲν
3271 824 3410 896 μήτε
3480 824 3687 896 ἐαυτῷ,
3750 828 3888 897 μήτε

2309 906 2422 968 τοῖς
2479 905 2638 957 παισὶ
2703 906 3001 962 συνειδέναι
3065 907 3322 980 πονηρὸν,
3383 907 3634 962 τοσοῦτον
3694 910 3888 974 πένθος

2313 987 2438 1041 ἰδὼν
2480 987 2541 1042 ού
2551 1007 2622 1042 τω
2667 991 2854 1044 καινὸν
2893 993 2990 1046 καὶ
3041 991 3342 1063 παράδοξον
3394 992 3491 1047 κα)⁴
3543 993 3735 1064 μηδενὶ
3782 993 3887 1047 τῶν

2308 1070 2376 1122 τά
2416 1071 2616 1143 ἔσχατα
2679 1073 3093 1146 τετολμηκότων
3140 1074 3514 1148 συμϐεϐηκὸς,
3565 1077 3666 1130 οὐκ
3719 1077 3887 1132 ἔπαθε

2307 1154 2377 1207 τὰ
2420 1157 2528 1208 τῶν
2571 1157 2804 1222 πολλῶν,
2853 1159 2975 1212 οὑδέ
3011 1158 3263 1229 ἐνόμισεν
3309 1157 3565 1232 ἀνόνητον
3606 1156 3750 1215 εἶναι
3792 1163 3887 1235 τὴν

2309 1238 2533 1309 ἀρετὴν,
2588 1241 2711 1294 οὐδέ
2787 1243 2971 1305 κακῶς
3041 1241 3426 1312 βεϐουλεῦσθαι
3502 1247 3614 1308 τοῖς
3684 1246 3886 1317 παρελ-

2309 1321 2515 1378 θοῦσιν.
2549 1326 2714 1380 Ὥστε
2751 1327 2820 1380 δι’
2858 1328 3146 1400 ἀμφότερα
3194 1329 3391 1392 αὐτοὺς
3441 1327 3618 1383 ταῦτα
3660 1330 3728 1383 οὐ
3768 1329 3890 1383 θαυ-

2311 1411 2506 1481 μάζειν
2543 1413 2650 1484 χρὴ
2687 1413 2870 1484 μόνον,
2916 1413 3054 1468 ἀλλά
3097 1415 3192 1467 καὶ
3231 1413 3427 1484 ζηλοῦν
3477 1414 3570 1467 καὶ
3604 1414 3890 1486 μιμεῖσθαι

2307 1494 2406 1564 τὴν
2451 1495 2672 1567 ἀρετήν.
2719 1497 2829 1550 Καὶ
2873 1498 2948 1568 μὴ
2983 1496 3186 1566 λεγέτω
3225 1514 3341 1561 τις,
3383 1497 3467 1550 ὅτι
3509 1497 3714 1551 ἐκεῖνοι
3761 1498 3889 1552 θαυ-

2311 1579 2502 1647 μαστοί
2528 1597 2672 1643 τινες
2700 1575 2861 1651 ἦσαν.
2885 1581 3200 1652 Θαυμαστοὶ
3233 1583 3330 1652 μὲν
3358 1581 3468 1654 γὰρ
3498 1576 3639 1653 ἦσαν
3669 1584 3771 1636 καὶ
3803 1601 3888 1653 με·

2307 1663 2462 1730 γάλοι
2479 1679 2493 1694 ·
2518 1663 2634 1717 ἀλλ’
2659 1666 2822 1735 ἡμεῖς
2845 1665 3014 1719 τανῦν
3045 1665 3265 1718 πλείονα
3299 1666 3524 1720 ἐκείνων
3548 1668 3890 1738 ἀπαιτούμε-

2307 1747 2376 1801 θα
2411 1748 2729 1818 φιλοσοφίαν
2783 1749 2876 1803 καὶ
2906 1748 3016 1801 τῶν
3066 1749 3125 1802 ἐν
3159 1751 3225 1820 τῇ
3274 1749 3488 1821 Παλαιᾷ
3545 1750 3888 1822 βεϐιωκότων

2305 1832 2583 1887 ἁπάντων.
2628 1833 2770 1888 Ἐὰν
2801 1834 2911 1903 γὰρ
2938 1831 3024 1902 μὴ
3052 1833 3430 1902 περισσεύσῃ
3456 1836 3495 1904 ἡ
3523 1834 3884 1903 δικαιοσύνη

2304 1917 2473 1987 ὑμῶν
2498 1918 2688 1971 πλέον
2719 1917 2839 1971 τῶν
2860 1919 3249 1988 γραμματέων
3277 1921 3373 1973 καί
3399 1923 3769 1991 Φαρισαίων,
3799 1942 3886 1993 φη-

2308 2003 2413 2069 σὶν,
2449 2005 2520 2058 οὐ
2545 2003 2630 2071 μὴ
2664 2003 2976 2073 εἰσέλθητε
2999 2008 3088 2071 είς
3115 2005 3231 2074 τὴν
3247 2005 3578 2070 ,Βασιλείαν
3627 2004 3756 2060 τῶν
3793 2011 3884 2060 οἰν-

2297 2087 2524 2157 ρανῶν.
2551 2089 2828 2143 Πάντοθεν
2855 2090 3034 2144 τοίνυν
3060 2090 3542 2162 σωφρονισθέντες,
3579 2093 3681 2146 καὶ
3724 2093 3885 2146 ταῦτα

2307 2171 2684 2236 συλλέξαντες,
2717 2175 2812 2228 καὶ
2827 2175 2894 2227 τά
2919 2176 3047 2246 περὶ
3074 2175 3422 2238 ἀναστάσεως
3438 2177 3574 2246 ἡμῖν
3598 2176 3881 2247 εἰρημένα,

2305 2258 2400 2310 καὶ
2427 2257 2497 2311 τά
2521 2257 2785 2328 περὶτῶν
2825 2260 2996 2328 ἁγίων
3036 2261 3263 2324 τούτων,
3311 2260 3553 2330 συνεχῶς
3601 2261 3881 2331 ἐπᾴδωμεν

2305 2345 2424 2406 ταῖς
2448 2342 2669 2415 ψυχαῖς,
2705 2345 2779 2416 μὴ
2815 2345 2975 2414 μόνον
2999 2345 3141 2399 κατὰ
3164 2346 3254 2400 τὸν
3288 2345 3479 2416 καιρὸν
3505 2347 3602 2398 τοῦ
3633 2347 3879 2410 πένθους,

2303 2425 2440 2481 ἁλλά
2485 2429 2578 2480 καὶ
2631 2427 2799 2500 ἡνίκα
2851 2428 2918 2482 ἂν
2967 2429 3366 2499 καθαρεύωμεν
3399 2428 3616 2500 ὀδύνης.
3658 2430 3764 2483 Διὰ
3787 2429 3879 2498 γὰρ

2302 2511 2461 2565 τοῦτο
2491 2512 2585 2564 καὶ
2603 2511 2734 2581 ἐγὼ,
2765 2512 2942 2566 καίτοι
2973 2513 3199 2585 μηδενὸς
3235 2513 3389 2576 ὄντος
3426 2514 3484 2565 ἐν
3508 2512 3727 2582 ἀθυμίᾳ
3747 2555 3762 2577 ,
3797 2513 3884 2564 νῦν

2303 2596 2525 2660 τούτους
2577 2597 2803 2668 ἐκίνησα
2838 2598 2964 2662 τοὺς
2994 2598 3209 2666 λόγους,
3253 2598 3356 2664 ἶν’,
3389 2597 3520 2650 ὅταν
3551 2595 3882 2667 ἐμπέσωμεν

2303 2683 2383 2745 εἷς
2404 2699 2524 2736 τινα
2546 2681 2802 2754 τοιαύτην
2843 2682 3132 2755 συμφορὰν
3161 2723 3175 2747 ,
3214 2681 3552 2753 μεμνημένοι
3595 2680 3712 2735 τῶν
3737 2682 3881 2751 εἰρη-

2305 2766 2503 2838 μένων,
2548 2768 2738 2837 ἱκανῆς
2771 2766 3136 2838 ἀπολαύωμεν
3179 2765 3572 2837 παραμυθίαςο
3619 2766 3752 2819 ἐπεὶ
3799 2765 3881 2818 καὶ

2304 2850 2656 2924 στρατιῶται,
2681 2853 2906 2924 εἰρήνης
2938 2850 3128 2922 οὕσης,
3152 2850 3221 2904 τὰ
3250 2851 3344 2904 τοῦ
3368 2850 3613 2920 πολέμου
3651 2849 3880 2921 μελετῶ-

2303 2951 2407 2998 σιν,
2445 2935 2532 2988 ἴνα
2561 2935 2659 3005 τῆς
2712 2934 2893 3006 μάχης
2941 2934 3266 3004 ἐπιστάσης,
3312 2932 3528 2987 καὶτοῦ
3561 2933 3763 3006 καιροῦ
3791 2933 3880 3003 τὴν

2302 3016 2596 3088 ἐμπειρίαν
2645 3018 3023 3082 ἀπαιτοῦντος,
3059 3017 3334 3088 εὐκαίρως
3374 3017 3756 3083 ἐπιδείξωνται
3791 3016 3875 3085 τὴν

2301 3099 2519 3170 τέχνην,
2549 3100 2617 3170 ἢν
2650 3103 2707 3154 ἐν
2730 3103 2792 3172 τῇ
2818 3102 3011 3174 εἰρήνῃ
3041 3101 3432 3172 κατώρθωσαν.
3452 3102 3562 3156 Καὶ
3585 3103 3757 3171 ἡμεῖς
3780 3099 3871 3153 τοί·

2300 3201 2396 3236 νυν
2429 3185 2523 3237 καὶ
2551 3184 2693 3239 ὅπλα
2722 3185 2816 3238 καὶ
2846 3186 3114 3256 φάρμακα
3134 3185 3637 3254 κατασκευάσωμεν
3672 3185 3868 3244 ἑαυτοῖς

2299 3267 2358 3322 ἐν
2383 3267 2460 3338 τῷ
2478 3266 2653 3342 καιρῷ
2678 3268 2777 3339 τῆς
2793 3270 3035 3340 εἰρήνης,
3059 3269 3168 3334 ἵνα,
3188 3268 3241 3321 εῐ
3266 3285 3396 3322 ποτε
3422 3267 3660 3337 πόλεμος
3693 3269 3868 3334 ἐπιστῇ

2301 3350 2489 3404 παθῶν
2520 3351 2803 3422 ἀλόγων,ἥ
2833 3351 3082 3417 πένθους,
3111 3352 3144 3423 ἢ
3169 3352 3381 3424 ὀδύνης,
3414 3350 3448 3422 ἧ
3474 3351 3635 3405 ἄλλου
3666 3350 3868 3404 ὁτουοῦν

2298 3433 2566 3502 τοιούτου,
2620 3435 3067 3507 καθωπλισμένοι
3113 3435 3299 3499 καλῶς
3350 3435 3446 3488 καὶ
3497 3433 3864 3505 πεφραγμένοι

2301 3519 2588 3584 πάντοθεν,
2619 3519 2719 3582 τὰς
2748 3519 2840 3573 τοῦ
2874 3520 3120 3591 Πονηροῦ
3159 3518 3466 3592 προσϐολὰς
3505 3518 3644 3589 μετὰ
3681 3516 3862 3585 πολλῆς

2298 3603 2769 3674 ἀποκρουσώμεθα
2791 3603 2891 3674 τῆς
2920 3604 3231 3674 ἐμπειρίας,
3255 3604 3348 3657 καὶ
3369 3602 3648 3672 λογισμοῖς
3683 3601 3862 3673 ὀρθοῖς.

2297 3687 2394 3742 καὶ
2417 3679 2544 3749 ταῖς
2570 3686 2881 3755 ἀποφάσεσι
2913 3685 3007 3739 τοῦ
3041 3685 3200 3750 Θεοῦ,
3239 3685 3334 3740 καλ⁵
3361 3688 3474 3748 τοῖς
3512 3684 3861 3752 ὑποδείγματι

2295 3771 2403 3824 τῶν
2424 3769 2646 3839 ἀγαθῶν
2669 3769 2901 3841 ἀνδρῶν,
2929 3769 3024 3822 καὶ
3058 3771 3222 3824 παντὶ
3255 3769 3439 3840 τρόπῳ
3461 3767 3735 3823 πάντοθεν
3756 3769 3862 3819 ἐαυ-

2296 3856 2422 3919 τοὺς
2437 3854 2783 3926 τειχίσωμεν.
2805 3854 2960 3908 Ούτω
2979 3853 3086 3926 γὰρ
3102 3853 3442 3926 δυνησόμεθα
3456 3853 3547 3906 καὶ
3563 3852 3669 3922 τὴν
3689 3846 3862 3920 παρούο

2296 3955 2396 3992 σαν
2424 3939 2569 4009 ζωὴν
2596 3937 2736 4010 μετὰ
2791 3937 3056 4009 εὐθυμίας
3100 3938 3397 4006 διενεγκεῖν
3418 3979 3431 4001 ,
3463 3935 3558 3990 καλ⁵
3593 3934 3702 4004 τῆς
3731 3935 3857 4010 βασις

2293 4021 2448 4085 λείας
2479 4008 2869 4095 τῶνήούρανῶν
2899 4008 3200 4092 ἐπιτυχεῖν,
3233 4022 3290 4072 ἐν
3335 4018 3555 4092 Χριστῷ
3598 4008 3854 4090 Ἰησοῦιίῖί

2295 4105 2329 4176 ὴ
2369 4103 2498 4170 δόξα
2530 4106 2625 4158 καὶ
2677 4105 2740 4157 τὸ
2793 4104 2996 4175 κράτος
3027 4105 3142 4174 ἅμα
3180 4103 3258 4174 τῷ
3294 4103 3467 4173 Πατρὶ
3501 4101 3708 4173 καὶτῷ
3737 4099 3851 4169 ἁγίῳ

2295 4189 2595 4261 Πνεύματι,
2633 4191 2712 4255 είς
2740 4193 2865 4254 τοὺς
2896 4189 3100 4252 αίῶνας
3132 4188 3240 4241 τῶν
3265 4186 3496 4242 αἰώνων.
3549 4187 3745 4258 ’Δμήικ
