4006 6376
237 381 362 442 1025

231 516 325 573 que
354 495 554 552 facinus
581 492 806 561 fuisset;
833 489 931 549 sed
959 506 1062 546 non
1094 488 1316 562 perinde
1346 494 1523 544 tamen
1547 487 1808 552 mirabile,

228 605 381 663 atque
415 604 534 644 eum
567 603 666 659 per
695 587 893 644 multos
930 585 1049 640 dies
1084 585 1201 655 ejus
1230 583 1441 637 aninms
1476 580 1813 636 excruciatus

231 681 599 750 exercitusque
626 678 809 745 fuerit,
837 677 972 733 nihil
1000 676 1216 731 humani
1243 672 1386 729 circa
1411 673 1574 727 lilium
1598 684 1813 742 passum

229 789 363 830 esse.
390 771 512 827 Ideo
536 762 683 826 enini
704 770 943 841 longiora
966 768 1045 824 illi
1065 772 1357 824 scammata
1379 764 1652 835 proposuit
1675 762 1815 818 Deus

228 866 559 934 studiumque
604 864 889 934 spatiosius
911 904 926 929 ,
959 870 1018 918 ut
1060 860 1363 916 accuratius
1397 857 1653 913 athletam
1692 869 1817 926 spe-

227 968 414 1013 ctares.
446 955 585 1011 Vere
614 970 844 1025 namque
882 953 1086 1009 athleta
1122 962 1271 1019 erat,
1301 967 1407 1006 non
1444 965 1567 1006 cum
1598 947 1817 1002 homine

230 1048 522 1112 decertans,
545 1045 638 1101 sed
659 1061 778 1101 cum
801 1045 912 1116 ipsa
934 1054 1138 1100 natura:
1164 1043 1463 1117 tyrannide.
1485 1041 1615 1110 Quis
1637 1052 1816 1097 sermo

231 1140 392 1212 possit
424 1139 539 1209 ejus
567 1137 929 1194 fortitudinem
967 1126 1318 1209 exprimere?
1346 1135 1582 1192 Adduxit
1606 1134 1774 1190 ﬁlium
1795 1174 1813 1202 ,

230 1232 483 1297 devinxit,
514 1231 672 1302 lignis
700 1231 976 1301 imposuit,
1002 1245 1187 1286 ensem
1212 1229 1458 1299 arripuit,
1478 1227 1587 1298 jam
1611 1227 1817 1298 plagam

231 1324 505 1381 inllixurus
528 1333 664 1379 erat.
696 1323 832 1392 Quid
858 1325 994 1379 ultra
1020 1332 1107 1378 aut
1136 1338 1239 1394 qua
1264 1322 1471 1377 ratione
1495 1321 1683 1391 loquar
1710 1336 1817 1375 non

232 1415 400 1473 habeo
424 1417 606 1473 :solus
631 1418 721 1474 ille
747 1419 914 1483 novit,
943 1417 1035 1489 qui
1062 1417 1162 1472 ista
1186 1414 1428 1486 perfecit.
1457 1413 1640 1469 Oratio
1659 1414 1817 1483 quip-

238 1526 304 1581 pe
333 1510 475 1565 nulla
498 1510 799 1581 exprimere
822 1510 1041 1580 poterit,
1064 1507 1334 1579 quomodo
1360 1521 1550 1562 manus
1567 1506 1685 1575 ejus
1711 1519 1819 1559 non

232 1600 582 1672 obtorpuerit,
604 1600 871 1672 quomodo
899 1615 1185 1655 nervorum
1213 1598 1292 1655 vis
1311 1613 1416 1654 non
1442 1598 1613 1653 soluta
1637 1596 1816 1664 fuerit,

152 1708 161 1717 λ
226 1707 326 1762 quo
354 1699 511 1761 pacto
535 1692 776 1747 amabilis
807 1691 897 1745 ille
923 1690 1017 1745 lilii
1042 1701 1289 1761 aspectus
1314 1705 1435 1745 eum
1465 1705 1571 1743 non
1598 1699 1818 1744 contur-

228 1781 441 1838 baverit.
468 1783 572 1838 llic
595 1783 756 1838 etiam
793 1781 941 1837 Isaae
965 1781 1218 1836 admirari
1257 1781 1534 1837 convenit.
1576 1780 1644 1835 Ut
1672 1779 1816 1835 enim

216 1869 306 1931 ille
337 1876 465 1942 Deo,
499 1876 570 1929 ita
610 1874 697 1930 bic
723 1875 858 1945 patri
900 1875 1095 1946 paruit,
1118 1883 1178 1930 et
1218 1884 1274 1930 ut
1307 1874 1421 1940 ille,
1465 1874 1574 1929 Deo
1596 1874 1818 1943 jubente

223 1965 545 2033 sacrificare,
573 1967 807 2021 rationes
844 1980 952 2021 non
981 1966 1165 2037 exigit,
1195 1965 1265 2019 ita
1292 1973 1346 2019 et
1382 1965 1491 2031 ille,
1523 1973 1676 2034 patre
1702 1965 1820 2016 vin-

221 2058 391 2113 ciente
419 2066 481 2113 et
508 2073 672 2129 super
695 2073 843 2113 aram
890 2057 1175 2115 inducente
1200 2097 1215 2124 ,
1243 2072 1348 2112 non
1395 2057 1564 2123 dixit,
1596 2071 1693 2111 cur
1716 2056 1820 2111 hoc

221 2152 362 2221 agis?
386 2150 500 2207 Sed
519 2162 754 2222 paternae
772 2152 948 2207 manui
971 2150 1300 2221 subjacebat.
1321 2149 1516 2205 Videre
1532 2159 1648 2204 erat
1663 2166 1816 2204 enm-

220 2242 341 2297 dcm
385 2252 601 2313 patrem
635 2243 830 2298 factum
870 2251 924 2298 et
951 2242 1284 2298 sacerdotem
1305 2284 1320 2309 ,
1354 2242 1671 2298 sacrificium
1700 2243 1819 2298 sine

217 2335 482 2403 sanguine
511 2335 744 2389 oblatum
769 2377 783 2402 ,
816 2334 1186 2390 holocaustum
1212 2334 1413 2405 absque
1444 2334 1563 2404 igne
1586 2377 1600 2399 ,
1629 2335 1820 2390 mortis

216 2438 276 2479 ac
304 2426 724 2481 resurrectionis
768 2425 992 2496 figuram
1035 2426 1088 2480 in
1127 2425 1279 2480 altari
1322 2426 1569 2496 positam.
1604 2424 1816 2482 Etenim

222 2516 380 2571 lilium
407 2517 713 2571 immolavit
737 2557 752 2582 ,
785 2525 839 2571 et
868 2531 974 2571 non
1017 2517 1313 2572 immolavit
1340 2534 1353 2570 :
1386 2532 1489 2571 non
1512 2513 1815 2570 immolavit

222 2623 411 2675 manu,
441 2607 542 2663 sed
576 2609 868 2679 proposito.
908 2608 1040 2663 Nam
1080 2616 1134 2663 et
1175 2608 1319 2663 Deus
1357 2608 1477 2663 ideo
1517 2607 1815 2678 imperavit,

223 2717 324 2757 non
342 2702 484 2774 quod
509 2701 824 2757 effusionem
853 2702 1126 2773 sanguinis
1153 2702 1336 2759 videre
1356 2701 1537 2769 vellet,
1565 2700 1657 2756 sed
1676 2700 1818 2771 quod

224 2796 550 2867 propositum
577 2796 739 2849 animi
780 2796 875 2850 tibi
916 2795 1201 2851 ostendere
1240 2804 1492 2866 cuperet,
1521 2803 1682 2865 atque
1710 2808 1816 2848 una

221 2887 407 2944 fortem
433 2888 583 2943 illum
611 2887 785 2942 virum
811 2887 862 2942 in
894 2888 1041 2943 orbis
1067 2887 1242 2943 medio
1269 2888 1580 2958 prmdicare,
1604 2901 1819 2940 omnes-

148 3038 151 3045 ,
219 2994 318 3050 quc
347 2987 596 3049 posteros
622 2977 845 3043 docere,
876 2986 931 3032 et
964 2978 1146 3034 liberis
1165 3019 1181 3045 ,
1213 2988 1265 3034 et
1302 2988 1505 3033 natura:
1530 3020 1544 3045 ,
1575 2987 1629 3033 et
1655 2979 1818 3033 rebus

218 3071 463 3125 omnibus
485 3112 499 3136 ,
532 3071 740 3140 ipsique
765 3070 956 3125 animae
998 3069 1092 3125 Dei
1126 3068 1276 3140 jussa
1306 3069 1557 3140 anteponi
1594 3069 1812 3125 debere.

220 3160 505 3218 Descendit
558 3161 720 3232 igitur
764 3161 886 3215 vivo
927 3168 1146 3231 recepto
1195 3168 1432 3233 martyre
1481 3161 1646 3215 Isaac.
1685 3158 1817 3226 Quae

216 3269 340 3324 ergo
366 3254 528 3310 nobis
554 3253 708 3309 venia
734 3295 749 3321 ,
778 3268 963 3324 qumso
987 3295 1003 3317 ,
1036 3269 1154 3323 quze
1178 3252 1421 3309 defensio
1451 3254 1552 3309 erit
1573 3296 1588 3319 ,
1620 3255 1662 3308 si
1693 3269 1815 3308 cum

214 3332 506 3402 viderimus
550 3344 741 3401 fortem
788 3346 935 3400 illum
978 3349 1150 3401 virum
1193 3361 1313 3401 cum
1355 3354 1497 3401 tanta
1544 3346 1819 3404 alacritate

218 3435 328 3493 Deo
347 3438 758 3509 obsequentem,
779 3438 830 3492 in
852 3439 1207 3509 omnibusque
1222 3438 1700 3508 obtemperantem,
1721 3456 1818 3496 nos

216 3528 443 3585 moleste
467 3529 738 3583 feramus?
765 3529 843 3584 Ne
870 3531 998 3584 mihi
1024 3529 1248 3596 luctum,
1280 3545 1348 3585 ne
1369 3531 1687 3586 calamitatis
1707 3546 1819 3584 mae

213 3621 550 3691 gnitudinem
565 3620 787 3678 afferas:
808 3623 900 3677 sed
921 3610 1209 3693 perp'cnde,
1232 3625 1375 3678 illum
1396 3624 1559 3680 fuisse
1572 3625 1715 3680 luctu
1728 3640 1821 3679 su-

213 3715 507 3782 periorem.
531 3712 835 3767 Mandatum
863 3713 1164 3784 hujusmodi
1189 3723 1396 3785 poterat
1413 3715 1556 3769 illius
1577 3715 1815 3770 animum

211 3809 561 3873 conturbare,
591 3808 807 3861 anxium
837 3807 1083 3873 reddere,
1110 3817 1164 3863 et
1194 3808 1352 3863 fidem
1384 3810 1501 3878 ejus
1525 3809 1664 3863 circa
1691 3823 1819 3879 prs-

214 3898 365 3951 terita
390 3898 721 3968 subagitare.
746 3897 877 3965 Quis
899 3898 1040 3952 enim
1060 3899 1195 3954 alius
1218 3910 1413 3969 praeter
1430 3899 1811 3967 Abrahamum,

210 4000 313 4046 non
331 3995 592 4057 putasset
619 3988 855 4045 fraudem
885 4004 947 4045 ea
976 3990 1155 4045 omnia
1185 4005 1305 4047 esse
1328 4034 1341 4057 ,
1374 4006 1495 4062 quae
1535 3991 1603 4047 de
1630 3992 1813 4047 multi-

1428 369 1517 427 DE
1555 369 1828 426 LAZARO
1865 369 2109 429 CONCIO
2154 371 2217 429 ν.

3519 256 3535 284 \

3376 388 3514 446 £026

1920 487 2104 542 tudine
2129 488 2343 557 generis
2367 496 2422 545 et
2451 501 2702 562 nepotum
2732 493 2873 551 Deus
2901 496 3168 566 pollicitus
3194 502 3346 557 erat?
3386 504 3513 560 I‘hi-

1921 578 2218 650 losophiam
2253 580 2377 635 item
2402 581 2522 637 .lobi
2552 583 2604 638 in
2646 594 2789 640 tanta
2816 587 3124 645 calamitate
3150 592 3319 648 nihilo
3338 596 3516 653 minus

1918 672 2040 742 quis
2090 673 2339 729 admirari
2388 675 2570 743 debet,
2616 677 2758 749 quod
2807 690 2927 749 post
2974 691 3174 739 tantam
3217 687 3513 744 exhibitam

1918 765 2168 820 virtutem
2183 807 2199 832 ,
2224 775 2346 836 post
2361 767 2732 840 eleemosyuas
2757 781 2812 826 et
2833 771 3234 844 benignitatem,
3253 794 3375 834 cum
3395 780 3516 836 nul-

1919 856 2021 912 lius
2039 858 2123 914 vel
2145 858 2245 914 sibi
2270 860 2352 916 vel
2380 860 2505 917 ﬁliis
2524 863 2650 917 mali
2683 866 2932 921 conscius
2959 879 3134 935 esset,
3155 886 3276 927 cum
3310 882 3513 929 tantmu

1920 954 2136 1019 tamque
2158 949 2490 1021 inopinatum
2512 952 2721 1010 videret
2748 956 2966 1023 luctum,
2991 972 3222 1037 quantus
3244 978 3311 1020 ne
3339 965 3513 1020 scele-

1920 1040 2202 1096 ratissimis
2230 1042 2444 1113 quidem
2488 1060 2738 1116 umquam
2767 1049 3095 1121 contigerat,
3130 1068 3237 1109 non
3279 1056 3355 1111 sic
3381 1056 3514 1113 ati‘e-

1919 1138 2038 1185 ctus
2063 1129 2250 1199 fuerit,
2278 1141 2337 1188 ut
2363 1134 2451 1188 alii
2478 1136 2690 1206 solent,
2721 1155 2894 1210 neque
2931 1144 3193 1210 putaverit
3218 1145 3514 1203 infructuo-

1920 1235 2036 1275 sam
2063 1236 2185 1279 esse
2211 1223 2460 1280 virtutem
2486 1268 2501 1292 ,
2531 1236 2623 1282 aut
2650 1244 2709 1285 se
2738 1230 2877 1286 male
2904 1232 3064 1289 rebus
3091 1235 3206 1291 suis
3233 1246 3356 1293 ante
3385 1254 3517 1295 con-

1923 1316 2174 1373 suluisse.
2204 1317 2384 1390 Itaque
2408 1318 2571 1378 hosce
2596 1323 2740 1379 viros
2765 1324 2835 1380 ob
2859 1324 2971 1381 haec
2991 1335 3212 1399 utraque
3234 1345 3340 1386 non
3355 1334 3518 1389 modo

1921 1408 2173 1466 admirari
2193 1412 2473 1481 debemus,
2494 1416 2588 1471 sed
2622 1417 2782 1473 etiam
2803 1421 3064 1491 mmulari,
3087 1438 3382 1497 eorumque
3401 1428 3519 1483 vir-

1924 1510 2089 1557 tutem
2117 1503 2330 1559 imitari.
2348 1506 2458 1563 Nec
2476 1507 2620 1562 dicat
2643 1508 2908 1580 quispiam
2929 1511 3039 1568 :llli
3058 1515 3156 1570 viri
3177 1516 3519 1577 admirabiles

1921 1602 2069 1650 certe
2088 1603 2143 1649 et
2160 1596 2337 1668 magni
2357 1608 2510 1654 erant
2525 1616 2539 1667 ;
2554 1600 2648 1655 sed
2665 1615 2693 1656 a
2711 1602 2865 1658 nobis
2884 1604 3057 1674 major
3072 1621 3213 1662 nunc
3232 1610 3518 1680 requiritur

1922 1686 2281 1760 phiIOSOphia,
2299 1706 2458 1761 quam
2482 1693 2550 1747 ab
2572 1692 2677 1748 illis
2700 1695 2971 1764 omnibus,
2992 1698 3083 1767 qui
3111 1698 3163 1753 in
3189 1701 3358 1756 vereri
3385 1702 3517 1758 Tes-

1925 1788 2160 1836 tamento
2184 1782 2448 1837 vixerunt.
2472 1783 2591 1839 Nisi
2618 1786 2760 1841 enim
2781 1788 3109 1845 abundaverit
3126 1793 3330 1863 justitia
3353 1806 3517 1851 vestra

1923 1870 2039 1941 plus
2050 1888 2201 1942 quam
2215 1874 2495 1928 scribarum
2509 1886 2555 1930 et
2567 1874 2971 1943 Pharistcorum,
2990 1898 3092 1937 non
3112 1883 3361 1939 iutrabitis
3376 1886 3429 1940 in
3445 1905 3520 1941 re-

1922 1966 2326 2033 guumcwlorum
2344 1966 2553 2036 (Matth.
2574 1968 2626 2024 5.
2644 1967 2758 2040 20).
2776 1969 2857 2024 Ad
2877 1972 3152 2029 meliorem
3168 1989 3297 2047 ergo
3315 1975 3515 2048 frugem

1922 2053 2141 2108 omnino
2167 2056 2389 2124 reversi,
2418 2056 2607 2127 hisque
2630 2059 2889 2127 collectis,
2920 2077 2984 2117 ac
3012 2063 3170 2117 simul
3198 2065 3281 2132 iis,
3310 2082 3427 2136 qua:
3450 2069 3520 2125 de

1923 2145 2317 2201 resurrectione
2331 2161 2541 2203 necnon
2558 2148 2624 2203 de
2640 2151 2838 2205 sanctis
2855 2150 2959 2207 illis
2976 2152 3102 2208 viris
3120 2153 3352 2210 diximus
3369 2197 3384 2224 ,
3406 2157 3521 2214 lucc

1922 2236 2137 2292 assidue
2159 2237 2210 2290 in
2230 2238 2421 2293 animis
2442 2239 2921 2308 concinamus,non
2942 2242 3103 2299 modo
3124 2244 3176 2299 in
3194 2245 3371 2302 luctus
3389 2256 3522 2303 tem-

1922 2330 2170 2400 pore,sed
2182 2331 2340 2385 etiam
2355 2333 2567 2401 quando
2580 2334 2727 2388 vacui
2743 2334 2926 2392 dolore
2942 2352 3144 2392 sumus.
3158 2337 3281 2394 Ideo
3292 2356 3521 2412 namque

1896 2416 2040 2493 “ego,
2057 2423 2170 2478 etsi
2185 2423 2361 2495 nullus
2377 2424 2430 2478 in
2449 2440 2679 2481 maerore
2692 2426 2779 2493 sit,
2799 2425 2898 2483 hos
2908 2427 3018 2497 jam
3033 2444 3309 2487 sermones
3323 2431 3443 2499 feci,
3462 2443 3521 2489 ut

1922 2530 2043 2569 cum
2063 2516 2114 2569 in
2128 2516 2357 2572 similem
2379 2516 2732 2573 calamitatem
2752 2518 3119 2588 inciderimus,
3133 2522 3397 2580 dictorum
3417 2542 3521 2580 mc-

1922 2623 2120 2676 mores,
2137 2611 2297 2665 multa
2316 2609 2555 2665 fruamur
2566 2612 2953 2669 consolatione.
2971 2614 3160 2671 Milites
3171 2618 3312 2672 enim
3325 2618 3376 2673 in
3392 2635 3521 2689 pace

1924 2717 2013 2758 res
2035 2703 2255 2758 bellicas
2276 2698 2623 2770 ‘meditantur,
2657 2713 2715 2758 ut
2745 2705 2974 2761 instante
3003 2722 3174 2776 pugna
3204 2716 3258 2762 et
3282 2717 3521 2780 tempore

1925 2793 2168 2863 peritiam
2189 2792 2512 2863 postulante,
2532 2803 2831 2865 Opportune
2848 2805 3015 2851 artem
3036 2798 3342 2867 exhibeant,
3360 2815 3519 2870 quam

1925 2885 1977 2939 in
2006 2899 2138 2955 pace
2166 2885 2467 2941 coluerunt.
2511 2884 2579 2941 Et
2622 2900 2720 2943 nos
2750 2887 2909 2958 igitur
2929 2904 3077 2944 arma
3107 2898 3161 2945 et
3201 2891 3435 2946 remedia
3467 2891 3521 2948 in

1924 2975 2070 3044 pacis
2104 2985 2343 3044 tempore
2371 2976 2524 3031 nobis
2550 2991 2820 3046 paremus,
2851 2987 2907 3033 ut
2933 2979 2975 3033 si
3004 2979 3216 3050 quando
3243 2981 3521 3037 irrationa-

1923 3065 2107 3120 bilium
2129 3064 2435 3132 aﬂ'ectuum,
2458 3068 2635 3122 acerbi
2658 3068 2848 3133 luctus,
2872 3079 2967 3123 aut
2985 3070 3205 3139 doloris,
3227 3080 3318 3126 aut
3343 3073 3521 3143 cujus-

1923 3158 2063 3229 piam
2086 3157 2293 3213 adversi
2317 3159 2513 3214 bellum
2536 3160 2813 3232 ingruerit,
2841 3163 3062 3233 pulchre
3081 3166 3270 3218 armati
3291 3174 3347 3220 et
3366 3166 3521 3221 undi~

1922 3265 2028 3322 que
2052 3250 2240 3304 muniti
2266 3291 2279 3314 ,
2311 3249 2525 3321 maligni
2556 3253 2811 3322 impetum
2837 3252 2999 3306 multa
3026 3268 3147 3307 eum
3180 3256 3365 3325 peritia
3397 3272 3521 3327 pro-

1924 3344 2228 3413 pulsemus;
2266 3352 2424 3412 atque
2452 3343 2612 3398 rectis
2650 3344 3095 3413 cogitationibus,
3134 3345 3226 3399 Dei
3256 3346 3551 3417 eloquiis,_

1923 3436 2324 3506 proborumque
2353 3434 2587 3489 virorum
2619 3437 2879 3506 exemplis
2902 3478 2917 3502 ,
2946 3436 3257 3493 omnimode
3287 3438 3520 3509 undique

1923 3544 2023 3585 nos
2072 3530 2393 3585 muniamus.
2443 3526 2534 3583 Sic
2578 3527 2718 3582 enim
2765 3529 3055 3597 poterimus
3103 3537 3158 3582 et
3203 3538 3519 3599 prmsentem

1923 3610 2085 3675 vitam
2113 3635 2233 3675 cum
2272 3620 2414 3676 bono
2451 3620 2632 3676 animo
2677 3620 2966 3689 transigere
2985 3661 2999 3684 ,
3028 3627 3083 3674 et
3108 3634 3329 3689 regnum
3354 3620 3521 3676 eicio-

1922 3730 2042 3770 rum
2069 3714 2323 3782 consequi
2349 3757 2363 3781 ,
2391 3714 2443 3767 in
2466 3711 2681 3769 Christo
2709 3710 2835 3769 Iesu
2863 3751 2878 3777 ,
2908 3709 2991 3764 cui
3044 3709 3209 3780 gloria
3253 3719 3309 3765 et
3354 3708 3521 3780 impe-

1923 3806 2065 3862 rium
2082 3820 2203 3861 cum
2227 3805 2381 3861 Patre
2402 3814 2455 3861 et
2475 3814 2658 3862 saneto
2674 3805 2873 3877 Spiritu
2894 3803 2946 3861 in
2967 3799 3163 3861 saecula
3180 3801 3520 3859 saeculorum.

1924 3898 2119 3954 Amen.
