4006 6416
604 339 739 395 1027

1272 340 1332 396 S.
1367 339 1646 395 JOANNIS
1681 338 2166 396 CllRYSOSTOMl
2203 337 2519 395 ARClllEP.
2555 332 3096 394 COXOTANTINOP.

3675 336 3779 398 l028

3624 478 3776 493 —

1015 551 1122 609 AD
1154 548 1567 610 HOMILIAM
1604 551 1685 610 IN
1718 552 2005 612 TERR/E
2042 553 2359 625 MOTUM,
2399 554 2500 613 ET
2531 553 2871 615 DlVITEM
2905 555 3007 615 ET
3047 554 3449 615 LAZARUM.

666 648 822 723 [ΠΩ]
845 649 994 705 llanc
1042 651 1357 723 concionem
1394 652 1647 723 antehae
1680 652 1950 723 mutilam,
1982 652 2164 722 ingen-

596 719 745 787 tiq‘ue
777 719 1013 790 quatuor
1054 722 1370 789 paginarum
1394 721 1543 774 hiatu
1580 719 1983 787 labefactatam,
2021 719 2166 777 n'unc

593 793 883 859 integram,
949 800 1002 843 et
1050 791 1394 860 adduorum
1453 792 1953 860 manuscriptorum
2004 792 2162 846 ﬁdem

596 862 853 915 sarcitam
880 861 1095 931 damus.
1133 859 1265 931 Eam
1300 875 1430 914 vero
1460 876 1569 914 non
1608 859 2007 931 consequenter
2043 870 2167 931 post

595 931 753 994 alias,
799 930 892 1002 sed
912 930 1255 1002 aliquantulo
1285 931 1610 994 interposito
1652 940 1896 1002 tempore
1925 931 2169 1002 Chryso-

597 1008 809 1054 stomus
838 1000 1063 1065 habuit;
1092 999 1378 1054 ita'tamen
1416 1009 1475 1054 ut
1500 1015 1690 1054 recens
1730 1001 1908 1057 adhuc
1955 999 2169 1057 memo-

597 1070 677 1123 ria
714 1085 899 1124 eorum
929 1109 944 1131 ,
991 1085 1111 1138 quze
1157 1070 1224 1125 de
1285 1070 1492 1124 Lazaro
1546 1078 1600 1123 et
1632 1070 1699 1125 de
1738 1071 1904 1125 divite
1948 1088 2055 1125 non
2096 1071 2169 1125 ita

599 1140 808 1208 pridem
832 1139 986 1210 dicta
1021 1139 1263 1202 fuerant,
1321 1141 1634 1194 auditorqu
1674 1140 1878 1195 animis
1909 1141 2173 1210 haereret,

601 1218 659 1262 ut
690 1208 1014 1264 testificatur
1056 1211 1173 1277 ipse
1222 1226 1374 1264 num.
1407 1210 1462 1265 4.
1495 1209 1795 1265 Occasione
1844 1218 2025 1266 autem
2087 1208 2174 1265 in;

597 1279 769 1345 gentis
799 1289 957 1333 terrae
986 1290 1188 1344 motus,
1219 1280 1313 1349 qui
1347 1281 1527 1334 triduo
1559 1281 1748 1349 urbem
1784 1290 2133 1337 succusserat
2156 1322 2172 1347 ,

601 1350 717 1402 haec
745 1349 1107 1404 concionatus
1135 1356 1220 1404 est
1242 1348 1685 1419 Chrysostomus.
1713 1348 1815 1415 Qui
1844 1353 1913 1406 sit
1936 1367 2063 1405 vero
2089 1353 2175 1407 ille

603 1427 763 1473 terrae
798 1427 1004 1485 motus,
1039 1430 1092 1474 et
1125 1435 1236 1488 quo
1256 1420 1544 1488 contigerit
1567 1435 1733 1482 anno,
1765 1435 1872 1475 non
1916 1421 1988 1474 ita
2018 1420 2175 1475 facile

601 1497 687 1542 est
716 1491 998 1559 augurari,
1030 1491 1475 1560 quandoquidem
1513 1490 1830 1558 frequenter
1874 1490 2177 1546 Antiochiae

599 1568 758 1611 terrae
788 1569 965 1613 motus
999 1561 1247 1615 accidere
1276 1561 1542 1615 solebant.
1593 1560 1966 1615 Memorantur
2018 1569 2178 1617 terrae

602 1639 783 1681 motus
813 1630 1115 1684 Antiochiae
1146 1641 1272 1685 ante
1297 1638 1601 1685 statuarum
1642 1632 2001 1693 eversionem.
2032 1648 2177 1686 anno

600 1697 730 1759 587,
747 1707 801 1751 ct
818 1700 1160 1768 quidemjam
1186 1700 1499 1769 frequentes
1520 1701 1804 1763 accidisse,
1820 1701 2049 1756 Homilia
2073 1703 2107 1757 5
2123 1703 2175 1756 in

605 1776 834 1841 statuas,
870 1785 1022 1841 num.
1042 1771 1096 1834 7,
1122 1771 1233 1841 Καὶ
1276 1771 1387 1841 γὰρ
1409 1771 1647 1841 σεισμῶν
1669 1771 1927 1835 πολλάκις
1947 1774 2183 1825 καταλα-

606 1834 832 1904 ϐόντων,
868 1841 964 1892 καὶ
1003 1840 1162 1913 λιμοῦ
1204 1834 1299 1894 καῖ
1326 1834 1567 1912 σίὺχμοῦ,
1595 1843 1744 1913 τρεῖς
1780 1843 1875 1895 καὶ
1906 1834 2182 1915 λτέσσαρας

2264 657 2296 707 ἡ

2310 655 2479 725 μὲρας
2500 653 2981 725 σωφρονισθέντες,
3007 654 3101 707 καὶ
3123 653 3511 725 ἐπιεικέστερα
3532 654 3785 725 γενόμενοι,

2272 698 2282 707 '
2310 698 2476 725 F'rw’
2502 698 2862 723 'wT|""""
2881 698 2981 717 "3‘
3010 698 3101 707 ""'
3123 698 3511 724 """"""l’"'
3543 698 3785 725 l"'|'""'"

2272 698 2479 779 [ctenim
2512 736 2666 778 terra:
2698 724 2925 779 motibus
2964 725 3157 793 sarpius
3193 724 3565 787 accidentibus,
3594 734 3636 777 et
3681 727 3786 790 [ante

2270 806 2427 864 atque
2458 795 2712 859 siccitate,
2740 794 2810 847 ad
2841 803 2944 848 tres
2978 794 3055 848 rel
3084 805 3312 863 quatuor
3343 793 3453 847 dies
3502 793 3729 848 moderati
3750 808 3786 851 et

2271 866 2649 918 mansuetiores
2677 865 2864 933 effecti,
2896 874 3000 919 etc.
3030 865 3154 918 Haec
3177 866 3245 917 de
3274 873 3433 918 terra:
3460 866 3693 931 motibus,
3716 869 3786 932 qui

2272 944 2401 989 ante
2437 937 2926 1005 Quadragesimam
2958 937 3087 989 anni
3117 936 3222 988 587
3245 934 3355 1003 jam
3393 933 3684 1003 frequentes
3722 951 3789 991 ac-

2273 1007 2539 1060 ciderant.
2570 1006 2704 1061 Aliis
2755 1007 2881 1060 item
2917 1006 3375 1074 subseqin-ntibus
3404 1006 3562 1061 annis
3612 1007 3787 1059 crebros

2275 1077 2469 1129 iterum
2520 1077 2783 1131 accidisse
2820 1092 2922 1129 non
2967 1076 3193 1129 dubium
3244 1077 3476 1130 videtur.
3517 1077 3572 1128 ln
3600 1076 3787 1145 quadam

2276 1146 2421 1199 enim
2450 1146 2695 1210 homilia,
2736 1160 2765 1200 a
2794 1146 3125 1201 Combcfisio
3173 1146 3341 1210 edita,
3395 1147 3463 1200 de
3518 1145 3617 1198 alio
3665 1154 3789 1199 terra:

2278 1217 2571 1285 motu,qui
2597 1216 2765 1271 biduo
2797 1218 2984 1271 urbem
3037 1217 3462 1283 subagitaverat,
3497 1218 3653 1271 multa
3684 1232 3789 1283 ρεπεν

2275 1288 2422 1342 clare
2454 1287 2717 1353 loquitur,
2748 1302 2813 1341 ac
2842 1285 3156 1353 frequentes
3181 1287 3429 1343 accidere
3463 1297 3615 1340 terra!
3653 1295 3791 1337 Inoltts

2276 1356 2483 1428 indicat
2516 1352 2856 1428 his_verbis:
2902 1352 3070 1410 Εἶπον
3132 1359 3223 1411 καὶ
3273 1356 3401 1428 χθὲς
3430 1356 3512 1409 ὅτι
3539 1352 3596 1409 οὗ
3640 1353 3792 1428 tum;

2278 1425 2490 1496 καρπὸς
2541 1426 2647 1479 ἀπὸ
2696 1426 2804 1479 τῶν
2859 1428 3131 1498 σεισμῶν,
3185 1424 3460 1498 οἰέέὸαηῃ
3493 1428 3641 1498 etiam
3680 1424 3791 1498 lteri,

2278 1495 2382 1550 non
2434 1512 2655 1564 parvum
2713 1498 2945 1565 fructum
2984 1495 3064 1551 ex
3101 1509 3255 1552 terra:
3312 1496 3536 1549 motibus
3590 1495 3793 1548 derivari.

2279 1565 2611 1620 Memoratur
2664 1577 2843 1621 autem
2903 1568 2960 1621 in
3006 1568 3280 1622 Chronico
3330 1565 3622 1620 Marcellini
3674 1572 3795 1617 terra:

2284 1637 2697 1707 motus__ingens
2725 1637 2789 1691 ad
2823 1652 3025 1691 annum
3054 1637 3178 1697 594,
3215 1637 3310 1691 St‘d
3345 1636 3437 1706 qui
3468 1637 3656 1707 aliquot
3703 1643 3795 1707 tan-

2282 1717 2397 1759 tum
2450 1703 2682 1774 Europa:
2733 1707 2980 1776 regiones
3018 1707 3312 1760 concussit.
3363 1703 3517 1759 Alius
3565 1703 3794 1776 cedentia

2280 1776 2554 1834 Chronico
2581 1772 2876 1830 annotatur
2905 1786 3063 1830 terra,
3121 1787 3302 1830 motus
3355 1777 3422 1828 ad
3462 1789 3653 1828 annum
3699 1772 3795 1835 596,

2282 1847 2376 1915 qui
2416 1854 2591 1900 totum
2629 1848 2814 1902 orbem
2869 1846 3234 1902 commovisse
3288 1846 3484 1900 fertur.
3520 1844 3666 1897 llune
3699 1856 3796 1895 vero

604 2032 3807 2060 Μ

612 2172 617 2177 .
717 2133 782 2176 IN
824 2129 1054 2175 TERRB
1098 2127 1352 2184 MOTUM,
1386 2127 1466 2169 ET
1508 2125 1575 2169 IN
1618 2123 1893 2169 DIVITEM
1921 2123 2003 2166 ET
2037 2123 2359 2181 LAZARUM,
2389 2125 2599 2178 ATQUE
2644 2127 2815 2171 UNDE
2858 2127 3160 2176 SERVITUS
3203 2129 3375 2175 OBTA
3421 2131 3560 2177 ΘῙΤΔ
3603 2112 3704 2195 (α).

2184 2266 2269 2282 '—

653 2391 701 2444 l.
744 2388 845 2444 Cur
872 2394 1019 2442 terra:
1047 2394 1213 2441 motus
1240 2383 1352 2455 ﬁeri
1389 2381 1643 2453 permittat
1671 2378 1832 2434 Deus.
1858 2407 1926 2419 --
1952 2375 2174 2432 Vidistis

578 2485 667 2539 Dei
698 2482 1007 2554 potentiam,
1035 2479 1240 2535 vidistis
1274 2478 1366 2532 Dei
1396 2473 1814 2546 benignitatem?
1844 2471 2134 2543 potentiam
2158 2511 2174 2537 ,

577 2576 719 2647 quod
757 2575 942 2630 orbem
973 2584 1130 2630 terrae
1173 2569 1541 2634 concusserit;
1581 2564 1962 2637 benignitatem
1986 2606 2000 2630 ,
2034 2561 2178 2633 quod

575 2684 697 2721 eum
722 2666 998 2721 cadentem
1021 2662 1316 2718 ﬁrmaverit
1336 2678 1350 2715 :
1374 2661 1482 2716 imo
1507 2674 1635 2714 vero
1656 2658 1708 2713 in
1736 2666 1962 2726 utroque
1984 2666 2177 2726 poten-

576 2757 703 2810 tiam
742 2765 796 2810 et
823 2753 1224 2825 benignitatem.
1269 2751 1403 2807 Nam
1447 2760 1503 2805 et
1541 2748 1898 2805 commovisse
1927 2744 2179 2816 potentia:

578 2847 713 2912 fuit,
750 2854 805 2902 et
833 2845 1202 2914 composuisse
1229 2840 1609 2912 benignitatis;
1639 2838 1779 2910 quod
1810 2847 2003 2892 terram
2033 2850 2180 2890 com-

578 2940 804 2994 moverit
842 2947 896 2993 et
926 2938 1217 2993 tirmaverit
1241 2935 1425 2990 orbem
1456 2942 1613 2989 terrae
1635 2974 1650 3000 ,
1681 2931 1824 3002 quod
1858 2943 2178 2985 concussum

582 3042 637 3088 ct
657 3032 877 3103 jamjam
921 3031 1182 3086 ruiturum
1224 3028 1479 3084 erexerit.
1513 3026 1580 3080 At
1623 3024 1766 3080 enim
1810 3030 1968 3078 terra:
2004 3030 2181 3076 motus

582 3125 795 3193 quidem
826 3121 1086 3194 prmteriit
1109 3163 1124 3187 ,
1157 3129 1329 3174 metus
1353 3126 1532 3173 autem
1566 3125 1779 3172 maneat
1809 3132 1824 3169 :
1856 3112 2065 3169 transiit
2090 3112 2179 3167 illa

577 3222 899 3284 tempestas,
932 3211 1028 3268 sed
1072 3212 1233 3267 timor
1272 3226 1378 3265 non
1426 3217 1663 3264 transeat
1705 3225 1720 3262 :
1769 3204 2182 3277 supplicationes

577 3305 747 3374 spatio
782 3305 942 3359 trium
982 3302 1191 3358 dierum
1239 3301 1469 3355 obiimus
1491 3341 1508 3366 ,
1539 3307 1907 3355 verumtamen
1945 3296 2181 3351 studium

578 3413 684 3451 non
714 3395 1108 3466 restinguamus
1140 3411 1154 3447 :
1182 3387 1252 3448 ob
1280 3392 1384 3448 hoc
1408 3390 1551 3447 enim
1581 3398 1740 3447 terra:
1767 3398 1942 3444 motus
1964 3388 2179 3455 accidit,

580 3489 650 3542 ob
689 3497 924 3543 nostram
965 3486 1263 3542 socordiam
1304 3504 1319 3542 :
1361 3483 1615 3540 socordes
1655 3483 1892 3549 fuimus,
1933 3487 1988 3537 et
2027 3488 2183 3536 terra:

580 3591 783 3635 motum
822 3579 1246 3645 accersivimus;
1286 3577 1521 3639 studium
1565 3592 1630 3632 ac
1656 3575 1983 3647 diligentiam
2025 3573 2183 3629 adhi-

582 3672 814 3739 buimus,
832 3679 885 3727 et
907 3672 1038 3725 iram
1064 3670 1392 3740 repulimus;
1416 3684 1485 3725 ne
1507 3669 1762 3724 socordes
1783 3668 1975 3723 iterum
1993 3666 2182 3731 simus,

583 3773 640 3818 ut
669 3764 801 3818 iram
827 3778 890 3819 ac
927 3763 1248 3832 supplicium
1293 3763 1483 3817 iterum
1521 3776 1627 3816 non
1672 3775 2037 3816 accersamus.
2062 3759 2185 3816 Non

585 3856 726 3909 enim
755 3864 982 3908 mortem
1011 3853 1308 3924 peccatoris
1331 3854 1439 3907 vult
1462 3853 1624 3920 Deus,
1646 3852 1783 3907 sicut
1802 3867 1922 3908 eum
1946 3850 2184 3907 converti

582 3961 647 4001 ac
672 3947 850 4001 vivere
877 3944 1099 4015 (Ezech.
1130 3946 1219 4001 '55.
1252 3946 1371 4017 ll).
1400 3943 1620 3998 Vidistis
1646 3958 1806 4014 quam
1835 3942 2020 4014 fragile
2042 3943 2113 3998 sit
2132 3947 2187 3998 et

583 4037 842 4092 caducum
869 4052 1038 4106 genus
1074 4034 1404 4090 humanum?
1441 4036 1577 4091 Cum
1606 4035 1756 4090 fieret
1785 4042 1939 4089 terrae
1966 4042 2143 4089 motus
2165 4072 2184 4101 ,

586 4131 663 4185 sic
706 4144 805 4200 ego
842 4129 983 4199 apud
1025 4144 1113 4184 me
1155 4128 1453 4199 cogitabam
1486 4146 1500 4182 :
1535 4128 1621 4184 ubi
1662 4143 1804 4183 nunc
1836 4128 2070 4198 rapinae?
2095 4128 2187 4185 ubi

586 4220 990 4276 fraudationes?
1036 4221 1125 4276 ubi
1171 4220 1394 4290 imperia
1441 4219 1680 4289 injusta?
1722 4220 1809 4275 ubi
1851 4217 2054 4275 fastus?
2095 4219 2187 4274 ubi

587 4312 951 4382 principatus?
979 4311 1065 4366 ubi
1086 4310 1497 4382 oppressiones?
1525 4311 1617 4365 ubi
1645 4310 1963 4380 spoliatores
1990 4325 2187 4381 egeno-

585 4403 746 4457 rum?
795 4404 883 4457 nbi
923 4404 1143 4458 divitum
1186 4403 1416 4473 superba
1467 4402 1718 4458 fastidia?
1755 4403 1845 4458 ubi
1885 4404 2183 4473 principum

588 4494 849 4565 imperia?
876 4494 961 4548 ubi
988 4494 1182 4549 minae?
1207 4494 1293 4548 ubi
1317 4495 1571 4549 timores?
1598 4494 1771 4551 Unum
1796 4496 2051 4565 temporis
2065 4510 2184 4550 mo-

594 4595 832 4641 mentum
857 4585 1062 4640 facilius
1078 4602 1237 4656 quam
1255 4602 1567 4641 aranearum
1594 4588 1725 4642 telas
1750 4587 1926 4643 omnia
1948 4588 2182 4658 diripuit,

585 4679 766 4733 omnia
810 4678 1076 4733 deStruxit
1120 4695 1134 4731 :
1177 4686 1234 4734 et
1279 4678 1593 4734 audiebatur
1637 4676 1868 4734 civitatis
1917 4681 2181 4750 ejulatus,

583 4782 879 4839 omnesque
908 4769 973 4823 ad
1004 4768 1297 4824 Ecclesiam
1327 4771 1631 4825 currebant.
1669 4771 1910 4842 Cogitate
1930 4816 1944 4838 ,
1970 4772 2015 4827 si
2048 4790 2184 4827 cun-

584 4866 668 4914 cta
699 4859 1045 4929 pessumdare
1089 4859 1201 4915 Deo
1237 4861 1407 4915 visum
1451 4872 1636 4928 esset,
1680 4864 1807 4933 quid
1847 4864 2178 4920 fecissemus.

584 4952 712 5008 Haac
738 4961 915 5006 autem
938 4952 1079 5019 dico,
1107 4962 1165 5007 ut
1190 4968 1397 5018 eorum,
1423 4969 1540 5021 quae
1565 4954 1898 5022 acciderunt,
1925 4966 2186 5026 perpetuo

581 5044 759 5114 vigeat
796 5049 849 5098 in
881 5043 1031 5098 vobis
1075 5055 1287 5108 metus,
1326 5045 1677 5114 omniumque
1717 5058 1949 5103 mentem
1983 5043 2182 5104 'corro-
2211 5077 2216 5081 ν

586 5135 759 5190 boret.
787 5132 1087 5201 Concussit,
1117 5145 1172 5190 at
1200 5127 1305 5190 non
1335 5137 1639 5205 prostravit.
1681 5137 1737 5193 Si
1772 5140 1917 5194 enim
1945 5151 2183 5210 proster-

586 5242 716 5283 nere
753 5227 1049 5294 voluisset,
1084 5229 1305 5283 minimc
1345 5228 1587 5300 profecto
1626 5234 1983 5288 concussisset
2024 5247 2039 5286 :
2087 5233 2184 5289 sed

586 5326 837 5394 quoniam
868 5325 918 5379 id
962 5324 1207 5393 nolebat,
1238 5325 1514 5395 praecessit
1543 5335 1793 5397 tanquam
1824 5343 2000 5398 praeco
2026 5337 2183 5384 terrae

588 5423 786 5482 motus,
819 5415 952 5469 iram
986 5416 1079 5471 Dei
1109 5416 1357 5472 omnibus
1383 5426 1507 5474 ante
1534 5416 1874 5485 denuntians,
1907 5428 1967 5474 ut
1992 5420 2184 5477 timore

589 5505 841 5561 meliores
863 5506 1038 5562 ell‘ecti
1058 5546 1077 5574 ,
1099 5508 1416 5579 supplicium
1444 5510 1618 5581 reipsa
1649 5508 1980 5566 inferendum
2010 5514 2181 5583 repel-

652 5657 726 5734 ςσ)
743 5658 932 5734 folia-ta
955 5660 1200 5734 cumcod.
1243 5661 1468 5711 Vaticano
1493 5662 1608 5734 ἵιξΙιίν2
1647 5669 1699 5734 et
1720 5664 2037 5734 Ottoboniano
2057 5640 2181 5734 quo-

589 5715 698 5766 dam
707 5715 894 5780 aliquot
917 5721 963 5769 in
987 5721 1121 5781 locis,
1147 5725 1365 5785 itemque
1383 5735 1495 5772 cum
1515 5715 1626 5773 Cod.
1657 5730 1772 5788 Reg.
1797 5726 1943 5789 2345,
1965 5728 2025 5778 ad
2043 5715 2184 5792 cilqu

591 5773 733 5827 ﬁdem
758 5782 859 5829 [nec
881 5782 1068 5831 humilia
1091 5787 1294 5848 primum
1318 5784 1447 5834 edita
1473 5783 1651 5834 fuerat.

2284 2376 2485 2448 lamus;
2508 2379 2579 2433 ita
2606 2394 2818 2451 quoque
2841 2397 2961 2437 cum
2993 2382 3235 2438 barbaris
3256 2384 3364 2454 egit
3390 2401 3405 2439 :
3432 2384 3604 2439 Adhuc
3628 2387 3816 2449 tresdtu,

2283 2480 2330 2524 et
2353 2463 2547 2523 Ninive
2559 2473 2864 2529 subvertctur
2904 2474 3054 2545 (Jan.
3092 2478 3145 2533 5.
3171 2479 3256 2547 4).
3281 2477 3462 2547 Quare
3482 2494 3602 2534 vero
3620 2496 3708 2533 non
3724 2480 3816 2535 sub-

2286 2561 2491 2616 vcrtis?
2513 2563 2731 2619 Minaris
2755 2575 2803 2620 te
2823 2566 3202 2623 subversurum
3219 2585 3234 2635 ;
3260 2573 3393 2639 quin
3412 2569 3564 2640 igitur
3576 2568 3818 2624 subvenis?

2283 2649 2416 2718 Quia
2444 2653 2569 2707 nolo
2596 2655 2909 2712 subvertere
2930 2699 2945 2723 ,
2977 2657 3175 2714 idcirco
3204 2660 3407 2715 minor.
3436 2660 3539 2716 Cur
3562 2675 3673 2731 ergo
3691 2658 3818 2714 dicis?

2282 2743 2361 2800 Ne
2389 2745 2579 2802 faciam
2608 2764 2674 2805 ea
2692 2792 2709 2818 ,
2738 2766 2858 2821 qua:
2886 2751 3007 2807 dico
3050 2769 3063 2803 :
3113 2752 3382 2823 prteccdat
3426 2769 3626 2818 sermo,
3654 2764 3817 2820 etopus

2285 2835 2634 2908 impediatur:
2655 2841 2837 2898 Adhuc
2859 2852 2957 2898 tres
2976 2844 3103 2911 dies,
3122 2854 3168 2899 et
3192 2845 3378 2900 Ninive
3408 2848 3705 2901 subvertetur.
3720 2844 3815 2900 Tum

2285 2932 2540 3002 temporis
2560 2932 2768 2989 dicebat
2790 2935 3048 3005 prepheta
3073 2952 3084 2988 :
3112 2935 3270 2992 hodie
3291 2938 3432 2992 muri
3446 2954 3619 2995 vocem
3636 2938 3813 2991 mittunt.

2285 3022 2411 3078 Hmc
2436 3039 2565 3078 vero
2590 3024 2709 3082 dico
2729 3068 2742 3092 ,
2769 3042 2944 3098 neque
2972 3028 3153 3084 dicere
3192 3028 3450 3085 desistam
3471 3072 3487 3099 ,
3511 3046 3622 3086 cum
3646 3029 3699 3084 ad
3721 3044 3815 3099 paut-

2286 3130 2442 3185 peres
2469 3124 2580 3172 tum
2605 3116 2673 3173 ad
2712 3117 2902 3173 divites
2933 3135 2947 3173 :
2977 3120 3205 3190 cegitate
3245 3133 3446 3191 quanta
3476 3122 3564 3176 Dei
3589 3122 3650 3176 sit
3671 3121 3815 3186 ira,et

2285 3220 2391 3276 quo
2416 3215 2572 3277 pacto
2603 3207 2774 3264 facilia
2801 3211 2908 3265 sint
2938 3210 3012 3265 illi
3043 3219 3233 3266 cuncta
3257 3220 3313 3268 et
3340 3213 3610 3284 proclivia,
3635 3210 3814 3267 tandem-

2286 3312 2391 3368 que
2424 3299 2493 3354 ab
2531 3299 2873 3369 improbitate
2910 3300 3234 3358 desistamus
3280 3320 3295 3357 ε
3344 3304 3587 3374 perbrevi
3624 3300 3813 3371 temporis

2287 3400 2561 3447 momento
2579 3403 2811 3449 mentem
2829 3395 2846 3425 ¹
2859 3394 3201 3467 aninmmque
3213 3395 3621 3467 uniuscujusque
3634 3402 3813 3451 nostrum

2287 3483 2520 3557 infregit,
2553 3495 2606 3542 et
2634 3487 2810 3542 cordis
2840 3486 3184 3543 fundamenta
3210 3488 3504 3543 concussit.

2361 3575 2490 3632 Dies
2525 3579 2712 3650 judicii
2750 3595 2903 3649 quam
2946 3579 3251 3634 tremendus.
3273 3609 3344 3619 —-
3381 3578 3615 3649 Cogitate
3652 3575 3722 3631 die
3753 3572 3813 3626 illo

2290 3671 2590 3738 tremendo,
2621 3686 2742 3727 cum
2778 3686 2882 3727 non
2920 3687 3087 3728 unum
3119 3672 3375 3741 temporis
3408 3681 3706 3728 momentum
3724 3666 3811 3728 eril.

2289 3761 2386 3817 sed
2424 3761 2626 3817 infinita
2665 3761 2880 3828 sarcula,
2915 3771 2970 3817 et
3011 3761 3146 3832 ignis
3184 3761 3352 3827 ﬂuvii,
3382 3778 3451 3817 ac
3491 3763 3701 3816 minaces
3734 3757 3813 3818 ire.

2290 3861 2451 3921 atque
2479 3850 2546 3906 ad
2573 3851 2831 3920 judicium
2860 3852 3234 3922 pertrahentes
3259 3853 3484 3909 virtutes
3503 3896 3518 3919 ,
3549 3846 3811 3907 tremendum

2292 3941 2543 4007 tribunal,
2567 3941 2825 4012 judicium
2854 3943 3242 4012 incorruptum,
3272 3953 3329 3999 et
3361 3960 3484 4014 quae
3520 3943 3667 4014 gessit
3694 3948 3813 3992 unus-

2291 4036 2515 4106 quisque
2556 4034 2912 4090 versabuntur
2950 4035 3021 4090 ob
3067 4034 3274 4100 oculos,
3319 4051 3427 4095 nec
3469 4036 3600 4091 ullus
3637 4032 3720 4088 erit
3752 4026 3814 4096 qui

2292 4134 2599 4195 succurrat,
2633 4142 2738 4181 non
2766 4127 2991 4192 vicinus,
3020 4142 3126 4182 non
3156 4136 3370 4195 orator,
3403 4144 3510 4184 non
3536 4124 3811 4197 propinquus.

2293 4235 2401 4273 non
2440 4218 2623 4284 frater,
2666 4233 2772 4273 non
2811 4228 2982 4289 pater,
3021 4234 3128 4274 non
3167 4229 3356 4286 mater,
3398 4235 3508 4275 non
3547 4213 3810 4288 peregrinus.

2291 4327 2397 4366 non
2419 4312 2554 4368 alius
2574 4312 2732 4380 ullus,
2755 4312 2880 4382 quid
2908 4320 3017 4366 tum
3045 4327 3227 4382 qumso
3254 4311 3547 4368 faciemus?
3574 4311 3736 4364 Metam
3758 4304 3810 4355 in-

2291 4401 2428 4469 fero,
2459 4412 2516 4457 ut
2544 4403 2768 4457 salutem
2797 4403 3067 4473 perliciam
3098 4421 3113 4459 :
3142 4403 3438 4459 doctrinam
3470 4403 3604 4459 ferro
3623 4404 3809 4471 pcnetta'

2291 4494 2536 4549 biliorem
2584 4494 2872 4549 fabricatus
2919 4482 3073 4562 sum,
3124 4505 3183 4549 ut
3230 4506 3469 4551 vestrum
3510 4495 3722 4565 quisque,
3751 4481 3807 4539 ῡυί

2290 4585 2451 4641 fuerit
2480 4586 2649 4653 ulcus,
2679 4585 2807 4640 illud
2833 4585 3068 4655 abjiciat.
3101 4584 3289 4641 Nonne
3318 4601 3527 4657 semper
3555 4582 3752 4639 dicebam
3773 4581 3808 4627 ct

2290 4692 2432 4731 nunc
2457 4676 2597 4739 dico,
2621 4685 2675 4732 et
2699 4677 2880 4733 dicere
2905 4692 3011 4732 nou
3037 4678 3292 4733 desistam
3321 4696 3333 4731 :
3366 4670 3629 4749 quousque
3650 4669 3806 4728 tandem

2290 4770 2452 4825 rebus
2478 4770 2658 4826 saeculi
2688 4769 2845 4840 hujus
2873 4770 3017 4826 afﬁxi
3048 4772 3217 4827 estis?
3240 4772 3323 4827 Ad
3351 4787 3541 4837 omnes,
3557 4768 3734 4840 quidem
3755 4768 3809 4813 est

2290 4862 2421 4916 mihi
2446 4876 2647 4927 sermo,
2666 4862 2760 4917 sed
2784 4862 2848 4917 ad
2871 4879 2963 4917 eos
2985 4865 3271 4934 prmcipue.
3292 4865 3380 4934 qui
3404 4863 3583 4918 morbo
3609 4859 3808 4916 laborant,

2290 4969 2391 5010 nec
2411 4957 2476 5011 ad
2503 4972 2565 5011 ea
2589 4972 2708 5027 qua:
2723 4956 2992 5025 dicuntur,
3021 4958 3320 5012 attendunt.
3351 4958 3463 5013 lmo
3485 4970 3603 5012 vero
3630 4944 3809 5022 perulilis

2290 5057 2374 5104 est
2403 5049 2612 5118 utrique
2641 5036 2818 5104 sermo
2851 5066 2864 5103 :
2895 5049 2968 5103 illi
2996 5049 3209 5119 quidem
3240 5050 3332 5120 qui
3357 5048 3538 5102 morbo
3563 5045 3749 5103 laborat.
3771 5040 3809 5085 υι

2288 5140 2570 5197 sanitatem
2598 5151 2880 5212 recuperet
2912 5159 2925 5194 :
2955 5143 3006 5198 ei
3034 5157 3162 5197 vero
3186 5143 3275 5213 qui
3304 5156 3464 5199 sanus
3482 5149 3574 5203 est,
3594 5152 3654 5191 ne
3669 5128 3808 5188 morbo

2290 5234 2513 5290 laboret.
2531 5235 2817 5306 Quousque
2833 5235 3045 5291 tandem
3064 5235 3339 5306 pecuniae?
3359 5246 3618 5305 quousque
3630 5216 3807 5282 divitire.’

2289 5344 2566 5401 quousque
2577 5327 2925 5383 aediﬁciorum
2941 5326 3362 5398 magnificentia?
3379 5336 3637 5398 quousque
3646 5311 3807 5401 rabidus

2289 5399 2474 5477 eorum
2501 5420 2667 5487 furor,
2695 5421 2786 5491 qui
2812 5421 2968 5477 bruto
2982 5422 3310 5490 voluptatum
3340 5418 3504 5474 amori
3526 5412 3670 5471 dediti
3694 5399 3807 5462 sunt?

2290 5516 2429 5571 Ecce
2451 5515 2599 5570 venit
2626 5522 2782 5569 terra:
2812 5523 3016 5569 motus:
3035 5513 3160 5584 quid
3187 5512 3491 5585 profuerunt
3511 5504 3657 5578 opes?
3676 5496 3806 5555 Labor

2353 5670 2372 5703 ι
2392 5671 2577 5732 γνειῑίο..
2599 5680 2701 5719 (or.
2733 5669 2879 5719 Paulo
2919 5675 3033 5732 post
3068 5674 3198 5717 idem
3217 5703 3231 5729 ,
3270 5673 3317 5718 et

2290 5731 2435 5794 Paulo
2456 5740 2565 5794 post
2598 5732 2766 5789 \'atic.,
2791 5731 2934 5793 Quod
2962 5743 3054 5781 non
3091 5744 3295 5794 paruum

2291 5793 2412 5858 ignis
2436 5793 2740 5855 crepitant“.

3359 5656 3804 5739 WWQI‘m

3703 5706 3804 5772 Im“
