4006 6374
454 392 459 403 ’
534 394 672 451 ίῡὲθ

531 505 806 578 ἑκατέρων
832 506 1112 579 παρελύθη
1144 520 1168 546 δ
1188 526 1199 538 ·
1228 508 1300 579 τῷ
1324 525 1647 580 κεκτημένῳ
1676 509 1736 561 τὸ
1771 508 1955 579 κτῆμα
1983 524 2109 561 συν-

528 597 797 660 ἀπώλετο,
836 600 869 670 ἡ
908 600 1055 653 οἰκία
1080 599 1156 670 τῷ
1176 602 1646 655 κατασκευάσαντι
1669 616 1681 628 ·
1720 600 1898 665 κοινὸς
1942 601 2113 671 τάφος

531 689 843 760 άπάντωνή
875 690 1031 753 πόλις
1051 690 1279 759 ἐγίνετο,
1316 693 1485 763 τάφος
1523 692 1941 765 ἐσχεδιασμένος
1962 734 1976 760 ,
2012 695 2114 747 ούκ

531 781 587 833 ἐν
617 780 771 852 χερσί
790 782 1070 852 τεχνιτῶν,
1104 782 1239 838 ἀλλά
1269 787 1335 857 τῇ
1377 787 1631 859 συμφορᾷ
1668 786 2111 857 κατεσκευασμέ-

531 889 638 934 νος.
669 871 776 924 Ποῦ
810 874 838 925 ὁ
874 872 1131 939 πλοῦτοςς
1162 874 1264 929 ποῦ
1301 877 1357 930 αἰ
1398 877 1733 942 πλεονεξίαις
1795 878 1991 949 Ὁρᾶτε
2029 877 2112 930 ὅτι

533 962 778 1036 ἀράχνης
807 966 984 1019 πάντα
999 966 1354 1040 εὐτελέστερα
1376 987 1391 1035 ;

605 1077 667 1148 β’.
712 1078 848 1133 Ἀλλ’
866 1081 1009 1151 ἐρεῖς
1039 1099 1152 1153 μοι,
1189 1084 1283 1137 καὶ
1316 1082 1611 1151 τίὼφελεῖς
1630 1082 1838 1153 λέγων;
1882 1082 2109 1152 Ὠφελῶ,

532 1171 624 1222 ἐάν
656 1170 739 1233 τίς
770 1189 870 1242 μου
899 1172 1073 1245 ἀκούῃ
1094 1191 1106 1203 ·
1141 1172 1253 1243 ἐγὼ
1272 1174 1332 1228 τὸ
1350 1174 1589 1246 ἐμαυτοῦ
1614 1175 1755 1229 ποιῶ
1778 1193 1792 1208 ·
1817 1177 1847 1230 ό
1871 1175 2112 1247 σπείρων

531 1262 761 1333 σπείρει.
811 1265 1069 1335 Ἐξῆλθεν
1110 1267 1140 1320 ό
1171 1267 1410 1339 σπείρων
1442 1268 1537 1323 τοῦ
1591 1272 1843 1341 σπεῖραι·
1906 1270 2002 1323 καὶ
2042 1268 2111 1323 τὰ

530 1351 627 1420 μὲν
657 1352 819 1406 ἔπεσε
856 1354 1008 1427 παρά
1046 1355 1145 1427 τὴν
1175 1356 1313 1424 ὁδὸν,
1335 1356 1404 1412 τὰ
1437 1357 1494 1412 δὲ
1523 1359 1616 1412 ἐπὶ
1653 1359 1753 1431 τὴν
1782 1358 2007 1430 πέτραν,
2042 1358 2110 1414 τά

526 1443 583 1496 δὲ
617 1445 711 1499 ἐπὶ
740 1446 841 1511 τὰς
889 1447 1154 1517 ἀκάνθας,
1201 1452 1271 1506 τὰ
1313 1450 1370 1507 δὲ
1401 1452 1494 1507 ἐπὶ¹
1524 1453 1625 1525 τὴν
1647 1452 1753 1523 γῆν
1777 1453 1877 1524 τὴν
1900 1453 2073 1525 καλήν
2092 1469 2108 1486 ·

524 1536 653 1607 τρία
691 1537 829 1609 μέρη
879 1538 1149 1605 ἀπώλετο,
1184 1543 1375 1598 κανέν
1412 1543 1613 1616 ἐσώθη,
1640 1544 1735 1598 καὶ
1756 1546 1865 1599 οὐκ
1895 1545 2108 1617 ἀπέστη

524 1626 624 1696 τῆς
670 1628 964 1700 γεωργίας,
1007 1631 1123 1685 ἀλλ’
1155 1633 1344 1706 ἐπειδὴ
1372 1634 1432 1689 ἓν
1452 1633 1763 1705 διεσώζετο,
1790 1635 1892 1690 οὐκ
1936 1636 2110 1690 ἐπαύ-

527 1733 658 1775 σατο
690 1720 788 1791 τῆς
813 1723 1129 1794 γεηπονίας.

595 1828 700 1884 Καὶ
723 1830 817 1885 νῦν
852 1834 909 1886 δέ
954 1836 1235 1909 ἀμήχανον
1287 1841 1347 1895 ἐν
1388 1839 1629 1912 τοσούτῳ
1675 1838 1871 1910 πλήθει
1905 1839 2109 1912 σπόρον

526 1924 999 1997 καταϐαλλόμενον
1046 1930 1123 2001 μὴ
1167 1933 1414 2001 ἐνεγκεῖν
1449 1951 1540 2005 μοι
1598 1935 1801 2004 στάχυν
1824 1949 1839 1963 ’
1884 1933 1987 1987 κᾶν
2033 1935 2108 2005 μὴ

526 2019 726 2082 πάντες
753 2021 1082 2087 ἀκούσωσιν,
1114 2025 1163 2077 oi
1188 2026 1409 2096 ἡμίσεις
1431 2026 1757 2081 ἀκούσονται
1777 2042 1791 2055 ·
1825 2024 1928 2079 κᾶν
1956 2025 2032 2097 μὴ
2060 2027 2109 2078 οἱ

526 2112 765 2180 ἡμίσεις,
802 2115 835 2186 ή
876 2115 1034 2187 τρίτη
1086 2121 1285 2190 μοῖρα·
1331 2119 1436 2173 κᾶν
1476 2119 1553 2192 μὴ
1594 2122 1627 2192 ἡ
1662 2121 1821 2192 τρίτη
1855 2122 2040 2193 μοῖρα,
2073 2123 2107 2193 ἠ

524 2205 752 2277 δεκάτη·
788 2208 890 2262 κᾶν
922 2208 997 2282 μὴ
1027 2212 1060 2281 ἡ
1094 2210 1317 2282 δεκάτη,
1364 2213 1471 2267 κᾶν
1513 2207 1595 2278 εἷς
1633 2215 1699 2267 ἐκ
1728 2213 1824 2268 τοῦ
1870 2214 2110 2287 πλήθους

524 2296 751 2370 ἀκούσῃ,
776 2300 1041 2355 ἀκουέτω.
1074 2302 1150 2356 Οὐ
1188 2305 1384 2376 μικρὸν
1419 2305 1447 2346 δ
1472 2304 1581 2377 γὰρ
1603 2305 1663 2359 τὸ
1691 2306 1785 2360 καὶ
1813 2305 1872 2359 ἓν
1904 2307 2109 2378 πρόϐαο

523 2403 615 2439 τον
643 2387 1015 2461 διασωθῆναι·
1042 2394 1166 2446 ἐπεὶ
1197 2395 1292 2447 καὶ
1323 2397 1351 2449 ό
1382 2393 1586 2466 ποιμὴν
1615 2396 1822 2459 ἐκεῖνος
1864 2395 1931 2449 τά
1963 2396 2109 2448 ἐννε-

524 2485 917 2550 νηκονταεννέα
946 2486 1194 2557 πρόϐατα
1232 2487 1568 2554 καταλιπὼν,
1607 2489 1701 2542 ἐπὶ
1726 2488 1787 2542 τὸ
1822 2488 1882 2542 ἓν
1919 2488 1981 2544 τὸ
2013 2506 2111 2543 πε-

524 2572 868 2645 πλανημένον
900 2576 1156 2650 ἔδραμεν.
1190 2580 1267 2635 Ού
1299 2580 1627 2653 καταφρονῶ
1649 2581 1939 2654 ἀνθρώπου
1959 2599 1974 2614 ·
2007 2583 2111 2637 κᾶν

523 2657 605 2727 εἷς
627 2662 684 2738 ᾗ,
724 2666 1028 2737 ,ἄνθρωπός
1077 2672 1215 2735 ἐστι,
1244 2672 1305 2724 τὸ
1337 2673 1808 2743 περισπούδαστον
1844 2673 1939 2728 τοῦ
1971 2674 2108 2728 Θεοῦ

524 2752 662 2818 ζῶον
683 2771 698 2786 ·
726 2756 831 2811 κᾶν
853 2754 1115 2834 δοῦλοςῇ,
1141 2760 1241 2814 οὐκ
1264 2761 1378 2814 ἐστι
1403 2778 1492 2831 μοι
1514 2762 1989 2833 εὐκαταφρόνητος
2006 2779 2019 2792 ·
2046 2764 2111 2817 οὐ

524 2848 635 2919 γὰρ
656 2834 872 2922 ἀξίωμᾶ
901 2850 1081 2923 ζητῶ,
1120 2853 1235 2906 ἀλλ’
1277 2854 1510 2925 ἀρετήν·
1554 2854 1616 2907 ού
1654 2853 1996 2921 δεσποτείαν,
2045 2855 2109 2908 ού

516 2939 794 3006 δουλείαν,
829 2941 966 2996 ἀλλὰ
989 2942 1169 3016 ψυχήν
1189 2962 1205 2977 ·
1239 2944 1342 2999 κᾶν
1367 2941 1447 3011 είς
1478 2941 1537 3020 ᾖ,
1572 2944 1857 3017 ἄνθρωπός
1882 2946 2018 3010 ἐστι,
2042 2945 2109 2999 δι’

522 3040 581 3092 ὃν
611 3041 838 3113 οὐρανὸς
865 3043 1156 3117 ἐτανύσθη,
1190 3044 1285 3099 καὶ
1337 3044 1487 3116 ἥλιος
1539 3045 1739 3115 φαίνει,
1773 3044 1869 3099 καὶ
1912 3044 2109 3118 σελήνη

521 3134 728 3205 τρέχει,
760 3136 855 3190 καὶ
879 3136 989 3207 ἀὴρ
1022 3136 1269 3210 ἐξεχέθη,
1300 3138 1395 3190 καὶ
1424 3137 1601 3208 πηγαὶ
1630 3135 1877 3209 βρύουσι,
1902 3136 1995 3191 καὶ
2021 3137 2112 3191 θά-

521 3224 687 3279 λαττα
718 3225 965 3298 ήπλώθη,
996 3229 1090 3282 καὶ
1112 3229 1385 3301 προφῆται
1412 3228 1792 3299 ἐπέμφθησαν,
1823 3228 1918 3283 καὶ
1944 3228 2110 3299 νόμος

522 3320 679 3394 ἐδόθη
700 3341 713 3353 ·
744 3325 840 3377 καὶ
883 3324 937 3376 τί
966 3323 1048 3377 δεῖ
1091 3324 1269 3379 πάντα
1314 3324 1526 3395 λέγειν;
1566 3325 1632 3379 δι’
1672 3325 1731 3379 ὃν
1759 3326 1789 3379 ό
1815 3325 2110 3398 μονογενὴς

521 3412 653 3476 Υἱὸς
690 3412 786 3465 τοῦ
817 3412 952 3468 Θεοῦ
986 3413 1272 3486 ἄνθρωπος
1306 3416 1544 3485 ἐγένετο.
1597 3416 1657 3470 '0
1694 3417 1973 3487 Δεσπότης
2005 3434 2109 3486 μου

520 3506 761 3579 ἐσφάγη,
798 3509 891 3563 καὶ
922 3510 983 3563 τὸ
1003 3507 1142 3582 αἷμα
1170 3510 1337 3565 αὑτοῦ
1371 3511 1588 3582 ἐξέχεεν
1616 3512 1760 3583 ὑπὲρ
1794 3510 2105 3584 ἀνθρώπου·

522 3601 684 3661 κάγὼ
708 3604 1115 3675 καταφρονῆσαι
1140 3604 1283 3676 ἔχως
1310 3606 1402 3659 καὶ
1425 3605 1584 3659 ποίαν
1610 3605 1719 3676 ἔχω
1737 3604 2067 3678 συγγνώμην
2091 3622 2106 3671 ;

520 3692 641 3747 Οὐκ
665 3692 893 3748 ἀκούετε
925 3695 1005 3749 ὅτι
1038 3695 1390 3768 Σαμαρείτιδι
1421 3694 1740 3775 διελέγετοὸ
1769 3695 1996 3768 Κύριος,
2015 3697 2112 3750 καὶ

529 3784 757 3853 μυρίους
791 3785 1036 3855 ἡνάλωσε
1063 3786 1256 3855 λόγους
1277 3805 1290 3854 ;
1329 3786 1425 3841 καὶ
1446 3788 1547 3841 οὐκ
1570 3787 1756 3857 ἐπειδὴ
1777 3787 2112 3858 Σαμαρεῖτις

525 3874 615 3949 ἦν,
657 3882 1063 3952 κατεφρονεῖτο,
1086 3880 1200 3933 ἀλλ’
1234 3880 1423 3951 ἐπειδὴ
1444 3879 1622 3950 ψυχὴν
1647 3874 1813 3951 εἶχεν,
1848 3881 2112 3934 ἐσπουδάι

528 3966 678 4032 ζετο·
714 3969 814 4021 οὐκ
856 3968 1040 4040 ἐπειδὴ
1073 3969 1242 4041 πόρνη
1267 3964 1357 4040 ἦν,
1382 3969 1755 4040 ὑπερεωρᾶτο,
1786 3968 1902 4023 ἀλλ’
1924 3971 2113 4044 ἐπειδὴ

525 4061 719 4131 ἔμελλε
771 4060 1075 4128 σώζεσθαι,
1112 4064 1205 4118 καὶ
1258 4062 1442 4117 πίστιν
1475 4061 1805 4129 ἐπεδείξατο,
1851 4062 2113 4129 πολλάκις

525 4154 809 4227 ἁπήλαυσε
832 4155 931 4226 τῆς
964 4155 1301 4228 ἐπιμελείας.
1335 4157 1409 4210 Οὐ
1447 4155 1727 4227 παύσομαι
1766 4156 1947 4225 λέγειν
1978 4156 2108 4227 ἐγὼ,

525 4247 630 4303 κᾶν
681 4249 870 4320 μηδεὶς
975 4251 1003 4302 ὁ
1031 4248 1275 4304 ἀκούων·
1313 4249 1496 4320 ἰατρός
1538 4249 1675 4320 εἰμι,
1719 4248 2008 4320 ἐπιτίθημι
2043 4250 2113 4303 τά

527 4342 831 4415 φάρμακα·
875 4342 1196 4406 διδάσκαλός
1224 4344 1361 4413 εἰμι,
1409 4345 1699 4413 παραινεῖν
1740 4342 2071 4414 ἐκελεύσθην
2095 4359 2109 4374 ·

527 4433 675 4503 λέγει
705 4436 848 4506 γάρ·
891 4434 1134 4488 Σκοπὸν
1170 4433 1398 4489 δέδωκά
1429 4450 1503 4488 σε
1547 4432 1627 4499 τῷ
1655 4433 1801 4501 οἴκῳ
1838 4434 2110 4503 Ἰσραήλ.

527 4527 733 4582 οὐδένα
759 4526 1111 4602 διορθοῦμαι;
1140 4529 1250 4582 Καὶ
1279 4528 1333 4581 τί
1369 4527 1556 4593 τοῦτο;
1587 4527 1702 4581 ἀλλ’
1749 4525 1862 4596 ἐγὼ
1904 4529 1994 4583 τὸν
2021 4546 2113 4600 μι-

529 4619 656 4672 σθὸν
683 4618 811 4689 ἔχω.
846 4619 956 4672 Καὶ
979 4619 1139 4674 τοῦτο
1166 4620 1290 4674 καθ’
1324 4620 1634 4692 ὑπερϐολὴν
1662 4616 1817 4675 εἷπον
1842 4636 1858 4652 ·
1888 4621 2110 4693 ἀμήχα-

518 4720 620 4764 νον
667 4710 775 4780 γὰρ
810 4713 866 4763 ἐν
918 4710 1070 4783 [775]
1119 4710 1313 4783 πλήθει
1351 4711 1589 4780 τοσούτῳ
1627 4712 1702 4784 μὴ
1755 4711 2115 4784 διορθωθῆναί

527 4820 670 4858 τινα.
716 4803 856 4857 Ἀλλ’
872 4803 1034 4857 αὑταὶ
1071 4805 1127 4857 αἱ
1152 4804 1379 4874 σκήψεις
1407 4804 1503 4856 καὶ
1541 4805 1598 4856 αί
1644 4803 1952 4875 προφάσεις
1999 4803 2111 4858 εἰσὶ

527 4899 634 4952 τῶν
665 4896 922 4970 ῥᾳθύμων
940 4896 1246 4968 ἀκροατῶν.
1290 4896 1520 4964 Ἀκούω,
1545 4898 1700 4968 φησὶ,
1726 4897 1848 4951 καθ’
1873 4897 2111 4969 ἡμέραν,

527 4993 620 5047 καὶ
651 4993 711 5047 οὐ
765 4990 923 5045 ποιῶ.
977 4992 1196 5059 Ἄκουε,
1233 4990 1336 5044 κᾶν
1397 4989 1473 5061 μὴ
1512 4992 1708 5062 ποιῇς·
1758 4990 1823 5043 ἐκ
1860 4988 1970 5059 γὰρ
2020 4986 2114 5041 τοῦ

527 5084 743 5140 ἀκούειν
772 5084 864 5138 καὶ
896 5083 959 5137 τὸ
982 5082 1242 5155 πράττειν
1277 5081 1643 5150 περιγίνεται·
1673 5080 1881 5152 κᾶν·μή
1925 5082 2110 5151 ποιῇς,

527 5180 760 5252 αἰσχύνῃ
787 5180 882 5234 ἐπὶ
920 5180 991 5250 τῇ
1035 5177 1313 5248 ἁμαρτία·
1355 5176 1457 5230 κᾶν
1486 5174 1563 5246 μὴ
1592 5177 1774 5246 ποιῇς,
1803 5172 2113 5245 μεταϐάλλῃ

525 5272 624 5341 τὴν
666 5270 891 5341 γνώμην
916 5285 930 5300 ·
980 5269 1083 5322 κᾶν
1109 5269 1183 5339 μὴ
1223 5270 1404 5337 ποιῇς,
1439 5263 1825 5329 καταδικάζεις
1856 5263 2106 5329 σεαυτὸν,

524 5364 605 5417 ὅτι
632 5365 694 5416 ού
725 5364 919 5424 ποιεῖς.
938 5360 1108 5414 Τοῦτο
1133 5358 1269 5413 δὲτὸ
1292 5358 1617 5429 κατηγορεῖν
1641 5353 1892 5421 σεαυτοῦ,
1916 5353 2112 5421 πόθεν;

535 5453 594 5509 Ὀ
622 5455 835 5527 καρπὸς
857 5453 968 5507 τῶν
1013 5452 1163 5523 ἐμῶν
1211 5450 1403 5519 λόγων,
1446 5450 1657 5503 Ὄτανα
1701 5448 1884 5517 εἴπῃς·
1923 5446 2108 5517 Οῖμοι,

521 5730 529 5738 .
591 5686 612 5715 ⁸
641 5687 790 5736 ςυνίι.
815 5691 865 5736 et
884 5686 992 5735 cod.
1016 5684 1148 5746 Regi
1171 5682 1446 5746 παρελύετο.

526 5752 529 5761 ’
589 5747 615 5787 ὶε
650 5750 797 5809 S'atic.
821 5747 1024 5809 ἀκούσῃ·
1048 5742 1279 5809 κεῷαίνέο
1310 5743 1498 5809 ἐγώχού
1520 5742 1701 5809 μικρὸν.

592 5812 615 5881 ξ
645 5807 801 5881 Ϊαξῇο.
825 5807 969 5881 τοῦτο
985 5805 1169 5881 καρπὸς
1192 5806 1287 5852 τῶν
1307 5806 1524 5868 χειλέων,
1552 5805 1679 5852 ὅταν.

522 5914 555 5935 ,.
593 5872 619 5913 ὃ
645 5872 797 5944 τρυε.
822 5871 903 5926 τὰς
926 5869 1137 5930 ἀνομίας.

1234 398 1303 453 ‘S.
1345 397 1636 454 ’JOANNIS
1669 400 2161 457 CIIBYSOSTOMI
2204 402 2528 464 ARCHIEP.
2569 405 3113 464 CONSTANTINOP.

2219 506 2446 575 ἥκουσα,
2469 510 2563 562 καὶ
2589 510 2649 563 ού
2674 509 2809 563 ποιῶ
2828 528 2841 541 ·
2866 510 2926 564 τδ
2954 509 3099 582 οἴμοι
3135 510 3411 583 προοίμιόν
3438 513 3549 569 ἐστι
3567 514 3747 585 τῆςὲτὶ

2213 599 2275 653 τὸ
2302 598 2511 671 βέλτιον
2542 602 2866 673 μεταϐολῆς.
2889 604 3177 676 Ἦμαρτες
3194 621 3207 635 ·
3226 604 3560 678 ἐθρήνησας;
3585 607 3746 674 ἔλυσας

2212 691 2311 762 τὴν
2331 693 2627 765 ἁμαρτίαν.
2651 694 2800 765 Λέγε
2822 694 2934 766 γὰρ
2961 697 3041 750 σὺ
3066 696 3300 766 πρῶτος
3325 699 3427 764 τὰς
3449 700 3708 770 ἁμαρτίας
3725 699 3746 740 δ

2210 794 2350 857 ρὀυ,
2397 783 2499 836 ἵνα
2546 782 2882 854 δικαιωθῇς.
2924 786 3046 840 Κᾶν
3105 789 3432 861 στυγνάσῃς,
3469 786 3502 854 ἢ
3534 791 3748 861 κατηφὴς

2212 874 2365 946 γένῃ,
2401 873 2513 945 ἔχει
2541 875 2665 931 τινὰ
2695 878 2971 949 σωτηρίαν
2994 880 3355 950 ήκατήφεια,
3381 880 3440 936 ού
3459 881 3546 934 διὰ
3574 881 3660 953 τὴν
3676 884 3750 952 φύ-

2215 980 2299 1019 σιν
2327 966 2429 1036 τῆς
2459 969 2762 1038 κατηφείας
2785 1010 2800 1035 ,
2845 968 2984 1022 ἀλλὰ
3010 969 3097 1022 διά
3117 970 3214 1042 τὴν
3242 970 3640 1043 φιλανθρωπίαν
3675 975 3750 1029 τοῦ

2213 1057 2500 1113 Δεσπότου.
2534 1058 2624 1131 Τῷ
2650 1059 2825 1131 ἔχοντι
2855 1060 3137 1132 ἁμαρτίας
3161 1062 3263 1115 οὐκ
3287 1061 3440 1136 ὀλίγη
3468 1064 3750 1135 παραμυθία

2212 1145 2273 1200 τὸ
2299 1147 2487 1202 λυπεῖν
2520 1148 2734 1204 ἐαυτόν.
2769 1150 2954 1205 Εἶδον
2993 1149 3124 1223 γὰρ,
3160 1152 3348 1224 φησὶν,
3383 1152 3471 1207 ὅτι
3515 1154 3750 1225 ἐλυπήθη

2214 1238 2313 1293 καί
2342 1239 2707 1311 ἐστύγνασε,
2742 1242 2843 1297 καῖ
2892 1243 3161 1314 ἰασάμην
3186 1243 3373 1300 αὐτοῦ
3410 1246 3517 1312 τὰς
3545 1246 3750 1314 ὀδύνας.

2212 1333 2280 1385 Ὦ
2318 1333 2730 1405 φιλανθρωπίας
2761 1335 2996 1407 ἀφάτου,
3035 1338 3129 1393 καὶ
3159 1338 3493 1409 ἀγαθότητος
3525 1341 3752 1412 ἑρμηνευ-

2214 1423 2374 1495 θῆναι
2403 1426 2477 1499 μὴ
2510 1425 2850 1499 δυναμένηςί
2893 1428 3194 1502 Ἑλυπήθη,
3227 1430 3321 1486 καὶ
3343 1430 3579 1504 ἰασάμην
3603 1432 3751 1486 αὐτόν.

2213 1518 2326 1571 Καὶ
2353 1518 2406 1572 τί
2447 1519 2611 1590 μέγα,
2644 1520 2727 1575 ὅτι
2770 1521 3050 1595 ἐλυπήθη;
3087 1523 3162 1576 Ού
3196 1522 3341 1594 μέγα
3366 1522 3498 1593 μέν·
3528 1522 3635 1581 ἀλλ’
3667 1521 3757 1592 ἐγὼ

2212 1608 2470 1682 ἀφορμὴν
2489 1608 2681 1665 ἔλαϐον
2716 1611 2810 1665 τοῦ
2847 1612 3029 1667 ἰᾶσθαι
3062 1614 3160 1677 τὰς
3185 1613 3377 1676 ὀδύνας
3400 1612 3583 1671 αὐτοῦ.
3602 1613 3755 1672 Είδετε

2214 1700 2334 1765 πῶς
2353 1703 2412 1758 ἐν
2442 1702 2671 1777 βραχείᾳ
2704 1703 2898 1778 καιροῦ
2936 1708 3078 1779 ῥοπῇ
3109 1707 3290 1761 πάντα
3317 1708 3617 1778 συνήγαγε;

2283 1796 2561 1869 Διηνεκῶς
2584 1798 2767 1853 τοίνυν
2792 1798 2891 1870 τὴν
2921 1799 3161 1871 ἑσπέραν
3187 1799 3405 1871 ἐκείνην
3435 1799 3529 1854 τοῦ
3567 1798 3756 1871 σεισμοῦ

2211 1887 2492 1958 λογίζεσθε
2537 1890 2597 1945 ἐν
2635 1891 2869 1956 ἑαυτοῖς.
2913 1892 2978 1946 Οί
3017 1891 3119 1963 μὲν
3145 1893 3254 1962 γὰρ
3289 1891 3442 1947 ἄλλοι
3472 1893 3660 1957 πάντες
3688 1893 3759 1947 διὰ

2209 1981 2302 2035 τὸν
2335 1981 2560 2054 σεισμὸν
2589 1981 2929 2037 ἐδεδοίκεσαν
2948 2022 2963 2047 ,
2998 1981 3111 2053 ἐγὼ
3136 1982 3196 2036 δὲ
3221 1982 3310 2037 διὰ.
3336 1983 3448 2056 τὴν,
3479 1984 3650 2038 αἰτίαν
3679 1982 3756 2037 τοῦ

2213 2074 2460 2146 σεισμοῦ.
2491 2075 2770 2147 Συνήκατε
2807 2075 2860 2129 τί
2885 2071 3072 2141 εῖπον;
3109 2077 3173 2131 Οἱ
3215 2076 3315 2146 μὲν
3355 2054 3655 2147 ἐφθϐοῦντο,
3697 2078 3757 2148 μὴ

2212 2171 2354 2240 πέσῃ
2379 2168 2414 2239 ἠ
2437 2166 2613 2232 πόλις,
2643 2168 2740 2222 καὶ
2769 2167 3142 2223 ἀποθάνωσιν·
3165 2169 3277 2240 ἐγὼ
3297 2169 3356 2224 δὲ
3385 2168 3610 2233 δέδοικα,
3639 2170 3710 2223 ὅτι
3737 2170 3758 2221 6

2208 2259 2489 2333 Δεσπότης
2510 2261 2645 2332 ἡμῖν
2684 2260 2962 2332 ὀργίζεται
2981 2277 2997 2293 ·
3038 2261 3101 2317 οὐ
3120 2260 3242 2339 ’γὰρ
3284 2261 3522 2334 χαλεπὸν
3553 2261 3612 2314 τδ
3644 2262 3760 2315 ἀπο-

2211 2352 2415 2418 θανεῖν,
2469 2352 2607 2407 ἀλλά
2658 2353 2894 2425 χαλεπὸν
2917 2354 2981 2409 τὸ
3025 2354 3327 2427 παροξῦναι
3370 2355 3465 2411 τδν
3496 2355 3758 2426 Δεσπότην.

2213 2445 2377 2499 ’Ὥστε
2408 2446 2469 2500 οὐ
2524 2445 2614 2501 διὰ
2643 2447 2736 2501 τὸν
2777 2448 3002 2521 σεισμὸν
3046 2448 3383 2521 ἐφοϐούμην,
3420 2448 3557 2504 ἀλλά
3579 2447 3760 2519 διάτὴν

2210 2541 2392 2596 αἰτίαν
2431 2539 2526 2595 τοῦ
2576 2540 2836 2612 σεισμοῦ·
2878 2543 2913 2614 ἡ
2967 2541 3078 2614 γὰρ
3136 2542 3288 2596 αἰτία
3340 2542 3442 2598 τοῦ
3497 2541 3760 2614 σεισμοῦή

2209 2634 2347 2707 όργὴ
2374 2634 2469 2688 τοῦ
2490 2633 2648 2699 Θεοῦ,
2674 2633 2776 2705 τῆς
2790 2633 2848 2688 δὲ
2865 2634 3034 2705 ὀργῆς
3057 2633 3231 2688 αἴτιον
3247 2636 3304 2689 αἰ
3324 2635 3587 2708 ἁμαρτίαι
3610 2634 3758 2707 ἡμῶν.

2209 2725 2497 2798 Μηδέποτε
2528 2725 2694 2797 φοϐοῦ
2725 2725 2973 2791 κόλασιν,
3005 2724 3120 2778 ἀλλ’
3145 2724 3425 2796 ἁμαρτίαν
3455 2724 3550 2796 τὴν
3579 2723 3761 2796 μητέρα

2209 2821 2308 2891 τῆς
2336 2818 2629 2884 κολάσεως.
2662 2819 2874 2874 Σείεται
2901 2819 2935 2891 ἠ
2972 2818 3160 2883 πόλις;
3189 2818 3298 2872 Καὶ
3339 2816 3396 2871 τί
3428 2817 3620 2884 τοῦτο;
3650 2815 3761 2871 ἀλλὰ

2213 2913 2305 2968 σοῦ
2329 2914 2406 2986 μὴ
2436 2912 2754 2985 σαλευθήτω
2778 2913 2812 2985 ὴ
2840 2912 3049 2968 διάνοια
3067 2930 3081 2944 ·
3115 2913 3241 2967 ἐπεὶ
3271 2913 3368 2968 καὶ
3384 2913 3480 2968 ἐπὶ
3507 2913 3608 2967 τῶν
3626 2925 3757 2980 νοση-

2214 3007 2400 3078 μάτων
2433 3007 2527 3061 καῖ
2557 3005 2666 3060 τῶν
2705 3005 3041 3078 τραυμάτων
3075 3006 3176 3058 οὐκ
3201 3006 3450 3070 ἐκείνους
3493 3001 3760 3076 θρηνοῦμεν

2209 3096 2335 3162 τοῦς
2368 3095 2861 3169 θεραπευομένους,
2911 3095 3049 3151 ἀλλά
3103 3095 3233 3159 τοὺς
3270 3094 3339 3149 τά
3365 3095 3565 3150 ἀνίατα
3591 3091 3763 3151 νοσοῦν-

2211 3206 2333 3254 τας.
2367 3190 2542 3261 Ὄπερ
2570 3189 2700 3242 ἐστὶ
2748 3188 2907 3253 νόσος
2931 3188 3027 3242 καὶ
3075 3187 3317 3260 τραῦμα,
3376 3187 3538 3241 τοῦτό
3563 3182 3762 3240 ἐστικαὶ

2210 3281 2457 3354 ἁμαρτία
2479 3297 2493 3311 ·
2518 3281 2656 3353 ὅπερ
2686 3279 2806 3334 ἐστὶ
2834 3280 2976 3353 τομὴ
3008 3281 3103 3334 καὶ¹
3129 3279 3449 3352 φάρμακον,
3499 3276 3647 3333 τοῦτό
3671 3277 3761 3329 ἐστι

2212 3374 2307 3427 καὶ
2330 3373 2594 3446 τιμωρία.

2284 3526 2354 3584 γ’,
2370 3511 2881 3583 Συνήκατετίλέγως
2895 3511 3219 3585 Προσέχετε·
3237 3510 3529 3581 φιλόσοφον
3538 3508 3640 3579 γὰρ
3650 3507 3765 3578 ὑμᾶς

2215 3609 2475 3682 βούλομαι
2504 3605 2794 3662 παιδεῦσαι
2818 3604 2998 3675 λόγον.
3027 3604 3126 3657 Διὰ
3163 3603 3218 3657 τί
3252 3604 3379 3667 τοὺς
3409 3600 3763 3672 κολαζομένους

2213 3699 2540 3773 θρηνοῦμεν,
2564 3697 2680 3753 ἀλλ’
2711 3699 2774 3758 οὔ
2794 3698 2923 3762 τοὺς
2951 3696 3405 3769 ἀμαρτάνοντας;
3437 3695 3513 3750 Οὐ
3531 3693 3632 3765 γὰρ
3650 3689 3763 3745 οὕτω

2213 3793 2448 3866 χαλεπὸν
2484 3792 2707 3856 κόλασις
2728 3831 2744 3857 ,
2777 3791 2854 3856 ὡς
2884 3789 3120 3863 χαλεπὸν
3158 3789 3193 3860 ἡ
3231 3787 3512 3860 ἁμαρτία·
3563 3785 3654 3855 τῆς
3678 3780 3763 3852 γὰρ

2213 3887 2488 3951 κολάσεως
2520 3887 2776 3950 ὑπόθεσις
2804 3887 2840 3957 η
2861 3884 3125 3957 ἁμαρτία.
3175 3882 3302 3937 Ἐὰν
3330 3881 3514 3935 τοίνυν
3537 3880 3644 3952 ἴδῃς
3668 3872 3763 3929 τινὰ

2215 3979 2483 4053 σηπεδόνα
2505 3978 2718 4049 ἔχοντα,
2746 3977 2842 4031 καὶ
2872 3974 3161 4046 σκώληκας
3196 3974 3292 4029 καὶ
3336 3972 3541 4045 ἰχῶρας
3567 3969 3665 4025 ἀπὸ
3690 3963 3764 4020 τοῦ

2218 4071 2470 4145 σώματος
2497 4069 2957 4144 κατερχομένους,
2987 4066 3084 4121 καὶ
3122 4065 3434 4138 ἀμελοῦντα
3473 4062 3568 4119 τοῦ
3607 4062 3765 4121 ἕλκους

2217 4162 2313 4216 καὶ
2344 4160 2445 4231 τῆς
2482 4159 2800 4231 σηπεδόνος,
2822 4157 3010 4228 ἕτερον
3047 4156 3105 4211 δέ
3134 4156 3203 4210 τὰ
3236 4155 3375 4211 αὐτὰ
3406 4156 3674 4225 πάσχοντα
3698 4150 3789 4202 ίαν·

2216 4253 2419 4326 τρικῶν
2444 4252 2789 4308 ἀπολαύοντα
2814 4252 3036 4325 χειρῶν,
3059 4249 3371 4322 καιόμενον,
3400 4249 3497 4304 καὶ
3534 4245 3765 4318 τεμνόμε-

2217 4364 2327 4412 νον,
2359 4347 2456 4401 καὶ
2488 4346 2663 4419 πικρά
2710 4346 2937 4399 πίνοντα
2973 4345 3263 4417 φάρμακα,
3316 4341 3445 4397 τίνα
3482 4339 3762 4413 θρηνήσειςς

2217 4441 2341 4495 εἰπέ
2390 4457 2512 4513 μοι·
2542 4441 2635 4494 τὸν
2682 4438 2964 4504 νοσοῦντα,
3004 4437 3100 4491 καὶ
3151 4437 3227 4508 μὴ
3271 4424 3760 4506 θεραπευόμενον,ἢ

2215 4536 2307 4589 τὸν
2330 4532 2609 4601 νοσοῦντα,
2641 4533 2736 4588 καὶ
2765 4530 3233 4605 θεραπευόμενον;
3265 4527 3436 4598 Δῆλον
3468 4528 3551 4580 ὅτι
3589 4522 3672 4576 τὸν
3693 4533 3760 4570 νο·

2219 4624 2436 4692 σοῦντα,
2469 4626 2565 4679 καὶ
2601 4624 2677 4696 μὴ
2707 4622 3168 4696 θεραπευόμενον.
3208 4618 3394 4682 Οὕτως
3432 4616 3667 4671 ἔστωσαν
3691 4607 3763 4663 δύο

2218 4718 2554 4795 ἁμαρτωλοὶ,
2582 4719 2611 4769 ὁ
2638 4718 2738 4789 μὲν
2769 4714 3155 4787 κολαζόμενος,
3180 4715 3209 4766 ὁ
3233 4711 3290 4766 δὲ
3309 4712 3386 4783 μὴ
3414 4707 3761 4777 κολαζόμενος.

2219 4810 2370 4887 [Τῖίη
2403 4810 2495 4884 Μὴ
2520 4810 2668 4881 λέγε,
2707 4809 2976 4882 μακάριος
3005 4798 3184 4871 οὗτος,
3224 4805 3307 4859 ὅτι
3353 4803 3596 4867 πλουτεῖ,
3626 4798 3764 4887 ὀρφαῖ

2216 4882 2339 4968 νοῦς
2358 4882 2606 4965 ἀποδύει,
2641 4904 2817 4973 χήρας
2867 4899 3130 4970 βιάζεται.
3159 4896 3352 4951 Καίτοι
3389 4893 3451 4948 ού
3487 4893 3642 4953 νοσεῖ,
3673 4882 3762 4939 ἀλλ’

2219 4997 2482 5070 ἁρπάζων
2507 4996 2804 5066 εὐδοκιμεῖ,
2832 4993 3000 5064 τιμῆς
3020 4989 3283 5046 ἀπολαύει
3322 4987 3418 5042 καὶ
3454 4979 3760 5070 δυναστείας,
3783 4976 3787 4997 ί

2218 5069 2373 5144 οὐδὲν
2401 5087 2511 5142 τῶν
2541 5085 2898 5158 ἀνθρωπίνων
2922 5083 3208 5154 ὑπομένει,
3240 5082 3303 5135 οὐ
3335 5078 3588 5150 πυρετὸν,
3612 5074 3668 5128 οὺ
3692 5069 3765 5124 κά·

2218 5198 2410 5246 κωοοιν,
2440 5179 2542 5233 οὐκ
2572 5176 2738 5249 ἀλλην
2761 5174 2886 5229 τινὰ
2916 5173 3102 5227 νόσον·
3133 5171 3339 5225 παίδων
3359 5167 3521 5239 χορὸς
3544 5163 3663 5234 περὶ
3684 5158 3763 5214 αὖα

2214 5275 2342 5341 τὸν,
2379 5275 2555 5345 γῆρας
2602 5268 2860 5339 λιπαρόν·
2908 5266 3045 5322 ἀλλὰ
3072 5263 3262 5319 τοῦτον
3310 5260 3547 5332 μάλιστα
3586 5254 3762 5326 θρήνει.

2215 5367 2299 5422 ὅτι
2328 5364 2423 5419 καὶ
2452 5364 2619 5427 νοσεῖ,
2649 5362 2745 5415 καὶ
2776 5360 2837 5414 οὐ
2868 5355 3259 5429 ἀεραπεύεται·
3288 5354 3404 5416 πῶς
3423 5391 3439 5416 ,
3484 5347 3595 5419 ἐγὼ
3624 5345 3762 5410 λέγω.

2228 5458 2357 5511 Ἐὰν
2389 5456 2505 5528 ἴδῃς
2535 5453 2660 5509 τινὰ
2684 5453 2856 5522 ὑδέρῳ
2885 5449 3273 5521 κατεχόμενον,
3303 5447 3398 5501 καὶ
3420 5440 3616 5510 σπληνὶ
3635 5434 3767 5508 χαλε·

2217 5552 2454 5620 πωτάτῳ
2480 5548 2543 5601 τὸ
2581 5546 2740 5616 σῶμα
2789 5542 3207 5614 ὲξογκούμενον,
3261 5541 3356 5592 καὶ
3409 5535 3487 5609 μὴ
3534 5532 3764 5620 τρέχοντα

2216 5643 2356 5715 πρὸς
2382 5615 2475 5697 τδν
2508 5641 2711 5713 ἰατρὸν,
2740 5638 2877 5694 ἀλλά
2907 5635 3252 5709 ψυχροποσίᾳ
3281 5630 3627 5705 προσέχοντα,
3858 5678 3867 5689 .

2220 5711 2393 5801 πεξαν
2443 5711 2634 5803 ἔχοντα
2683 5726 3068 5802 Συϐαριτικὴν,
3120 5726 3242 5779 καθ’
3303 5721 3539 5791 ἑκάστην
3581 5711 3764 5803 ἡμέραν

2219 5800 2511 5904 μεθύοντα,
2555 5800 3041 5903 δορυφορούμενον,
3085 5822 3182 5879 καὶ
3210 5817 3546 5876 ἐπιτείνοντα
3578 5808 3666 5877 τὴν
3690 5800 3760 5858 νέ-
