4006 6376
296 407 420 465 102)

291 529 630 586 atrorumquc
653 514 891 570 sublatus
915 521 1032 578 cst;
1062 510 1215 582 periit
1243 524 1342 566 una
1377 524 1496 565 cum
1530 509 1864 580 prisscssione

289 625 581 682 possessor,
629 607 954 662 domicilium
1011 620 1131 658 eum
1183 618 1248 657 eo
1296 603 1384 674 qui
1433 610 1801 656 construxerat
1854 619 1866 654 :

277 701 516 758 omnium
550 713 833 753 connnune
858 696 1159 766 sepulcrum
1183 694 1316 748 facta
1344 703 1420 748 est
1452 693 1658 757 civitas,
1688 691 1869 760 sepul-

287 808 432 848 crum
455 807 520 845 ex
545 799 783 858 tempore
806 796 1198 852 structum,non
1228 785 1294 839 ab
1319 784 1579 838 artificum
1601 782 1865 843 manibus,

309 885 371 939 cd
387 899 414 936 a
429 883 728 938 calamitate
747 880 1077 935 fabricatum.
1096 878 1191 934 Ubi
1206 877 1420 942 divitiae,
1438 875 1526 930 ubi
1551 877 1766 946 rapimc,
1783 875 1869 928 ubi

305 973 680 1028 raudatioues?
713 972 912 1026 Videtis
933 1013 947 1038 ,
988 980 1048 1027 ut
1071 971 1246 1025 omnia
1275 973 1380 1024 sint
1415 969 1620 1024 araneis
1645 967 1871 1022 viliora?

352 1064 405 1119 2.
437 1067 508 1118 At
532 1064 674 1118 enim
704 1063 835 1118 mihi
859 1062 1026 1129 dices,
1053 1061 1179 1132 quid
1205 1061 1431 1116 dicendo
1463 1059 1712 1128 proﬁcis?
1739 1059 1872 1114 Pro-

289 1156 426 1221 ticio,
458 1155 500 1208 si
541 1153 661 1225 quis
701 1170 789 1208 me
830 1152 1009 1207 audiat
1037 1169 1050 1206 :
1079 1167 1178 1223 ego
1224 1151 1365 1222 quod
1411 1151 1645 1205 ofﬁcium
1692 1165 1870 1204 meum

287 1258 388 1315 est,
419 1247 470 1311 id
499 1255 694 1316 prazsto
727 1264 741 1300 :
771 1246 1060 1301 seminator
1089 1245 1334 1300 seminat.
1369 1241 1512 1296 Exiit
1536 1243 1624 1312 qui
1647 1241 1874 1296 seminat

287 1341 350 1395 ad
379 1339 770 1405 semiuandum,
801 1348 854 1394 et
882 1337 1124 1408 quaedam
1156 1335 1464 1390 ceciderunt
1503 1349 1658 1388 secus
1694 1333 1829 1386 viam
1854 1373 1870 1398 ,

287 1433 526 1504 qua'dam
548 1435 706 1502 supra
731 1441 953 1502 petram,
973 1429 1214 1500 quzedam
1237 1443 1396 1498 supra
1419 1427 1617 1496 Spinas,
1633 1425 1872 1496 qua‘dam

289 1535 340 1589 in
362 1535 558 1580 terram
579 1527 772 1580 bonam
800 1524 1008 1594 (Matth.
1028 1524 1095 1577 15
1128 1521 1182 1592 5)
1211 1539 1222 1575 :
1254 1532 1360 1576 tres
1388 1529 1563 1589 partes
1582 1519 1871 1589 perierunt,

287 1629 339 1674 et
364 1633 464 1672 nua
487 1625 693 1672 servata
716 1629 816 1683 est,
835 1631 932 1671 nec
953 1615 1018 1670 ab
1033 1614 1350 1684 agricultura
1372 1614 1606 1669 destitit:
1630 1612 1722 1668 sed
1745 1628 1877 1682 quo-

290 1709 429 1763 niam
457 1723 562 1762 uua
587 1715 903 1762 conservata
931 1714 1012 1760 est
1031 1747 1046 1771 ,
1079 1719 1263 1774 agrum
1293 1703 1470 1758 colere
1500 1718 1603 1756 non
1629 1701 1872 1757 cessavit.

359 1823 480 1878 Non
521 1825 711 1894 frustra
747 1821 949 1885 seritur,
978 1819 1173 1873 etiamsi
1199 1817 1348 1886 pauci
1375 1833 1541 1870 semen
1578 1815 1872 1885 suscipiant.

290 1946 355 1957 -—
381 1916 446 1970 Et
471 1930 602 1970 vero
633 1927 775 1967 nunc
812 1913 864 1966 in
906 1920 1104 1965 tantam
1147 1909 1536 1964 multitudinem
1582 1907 1874 1977 projectum

288 2021 470 2080 seuteu
504 2005 617 2060 ﬁeri
655 2021 760 2058 non
801 2010 976 2072 potest
1007 2002 1134 2071 quin
1177 2000 1306 2054 mihi
1348 2008 1555 2069 segetes
1597 1997 1830 2068 proferat
1861 2014 1874 2049 :

289 2097 498 2154 tametsi
527 2111 714 2152 omnes
743 2111 848 2150 non
877 2093 1132 2159 audiant,
1179 2091 1395 2146 dimidia
1424 2105 1546 2160 pars
1571 2089 1751 2144 audiet
1782 2108 1794 2142 :
1826 2098 1879 2143 ct

291 2191 411 2245 licet
434 2203 544 2243 non
570 2186 808 2253 dimidia,
839 2200 959 2255 pars
984 2185 1136 2240 tertia
1167 2199 1182 2237 :
1213 2192 1267 2237 et
1296 2183 1419 2237 licet
1448 2196 1547 2236 nec
1577 2179 1752 2247 tertia,
1781 2181 1877 2236 de-

286 2283 422 2336 cima
453 2298 467 2334 :
499 2289 550 2335 et
579 2280 701 2334 licet
729 2293 829 2333 nec
853 2276 1058 2332 decima
1081 2316 1096 2341 ,
1136 2275 1258 2329 licet
1289 2289 1422 2328 unus
1451 2289 1516 2326 ex
1545 2287 1608 2327 ea
1635 2271 1876 2326 multitu-

285 2373 410 2428 dine
433 2371 713 2425 auditurus
739 2369 827 2433 sit,
857 2367 1037 2423 audiat
1066 2383 1078 2419 :
1113 2381 1217 2419 non
1245 2364 1385 2419 enim
1415 2363 1659 2434 exiguum
1686 2373 1766 2418 est
1798 2362 1878 2417 vel

287 2481 445 2520 uuam
491 2480 648 2519 ovem
693 2462 896 2519 servari
927 2481 940 2515 :
971 2459 1400 2532 quandoquidem
1451 2467 1505 2512 et
1546 2439 1726 2527 pastor
1764 2457 1875 2520 ille,

289 2558 378 2629 qui
406 2557 694 2627 nonaginta
717 2569 906 2609 novetn
934 2553 1220 2622 reliquerat
1243 2565 1390 2615 oves,
1419 2549 1484 2603 ad
1509 2563 1664 2603 uuam
1692 2562 1882 2601 cucur-

295 2652 378 2716 rit,
406 2665 530 2719 qutc
557 2649 897 2703 aberraverat
930 2643 1158 2716 (Matth.
1183 2642 1270 2697 18.
1299 2640 1424 2712 12).
1465 2639 1744 2694 llominem
1775 2653 1879 2692 non

293 2751 578 2795 contemno
607 2755 620 2790 :
658 2738 778 2791 licet
804 2751 943 2790 unus
977 2735 1066 2800 sit,
1099 2733 1261 2788 homo
1292 2740 1396 2797 est,
1423 2729 1620 2784 animal
1657 2728 1768 2783 Deo
1794 2743 1883 2782 ea-

293 2833 583 2888 rissimutn.
625 2829 984 2884 Lieetscrvus
1022 2827 1110 2893 sit,
1141 2823 1562 2881 contemnendus
1608 2820 1736 2876 mibi
1776 2835 1881 2875 non

295 2925 497 2981 videtur
531 2941 544 2977 :
575 2939 680 2977 non
706 2922 848 2976 enim
875 2919 1186 2989 dignitatem
1223 2931 1437 2987 quairo,
1466 2914 1560 2969 sed
1587 2914 1836 2968 virtutem
1865 2929 1878 2965 :

293 3033 396 3073 non
427 3013 846 3072 dominationem
877 3021 968 3065 aut
987 3010 1320 3075 servitutem,
1349 3007 1442 3062 sed
1467 3006 1700 3062 animm
1723 3022 1737 3059 :
1761 3005 1882 3059 licet

296 3125 428 3165 unus
455 3110 552 3174 sit,
587 3107 745 3161 homo
771 3115 886 3171 cst,
924 3112 1139 3174 propter
1175 3117 1332 3172 quem
1373 3100 1561 3154 carlum
1602 3108 1882 3154 extensum

295 3213 394 3268 est,
423 3203 502 3257 sol
537 3202 698 3266 lucet,
729 3199 850 3252 luna
878 3197 1135 3261 decurrit,
1175 3209 1268 3248 aer
1305 3191 1504 3248 ell‘usus
1547 3198 1665 3257 est,
1707 3188 1884 3244 fontes

296 3295 612 3355 seatariunt,
635 3303 928 3359 expansum
957 3296 1040 3342 est
1067 3303 1233 3351 mare,
1258 3283 1537 3354 Propheta:
1565 3282 1710 3338 missi
1735 3290 1880 3348 sunt,

296 3396 348 3441 et
393 3387 475 3440 lex
531 3385 656 3438 data
699 3391 781 3436 est
807 3397 824 3439 :
855 3391 909 3436 et
935 3380 1060 3452 quid
1090 3394 1224 3448 Opus
1255 3386 1337 3432 est
1364 3385 1552 3431 cuncta
1595 3375 1884 3444 persequi?

300 3486 514 3548 pr0ptcr
554 3491 712 3546 quem
751 3474 1052 3544 unigenitus
1082 3470 1173 3526 Dei
1203 3471 1365 3524 Filius
1391 3467 1563 3523 factus
1589 3475 1673 3522 est
1701 3467 1880 3522 homo.

301 3571 558 3625 Dominus
600 3582 749 3622 meus
797 3565 1099 3620 immolatus
1141 3571 1242 3630 est,
1285 3577 1348 3616 ac
1390 3561 1698 3630 sanguinem
1729 3574 1882 3613 suum

301 3678 394 3732 pro
420 3660 641 3715 homine
671 3657 822 3723 fudit,
848 3668 900 3711 et
924 3656 1070 3710 illum
1097 3669 1196 3724 ego
1215 3654 1588 3709 contemnam?
1617 3652 1729 3718 Qua
1759 3665 1886 3705 vero

299 3756 485 3826 dignus
523 3753 674 3807 venia
720 3749 926 3805 fuero?‘
954 3748 1142 3803 Nonne
1187 3747 1410 3802 audistis
1453 3746 1732 3800 Dominum
1763 3759 1884 3798 cum

299 3846 628 3902 Samaritana
665 3843 1025 3912 colloquutum
1069 3854 1187 3894 esse
1212 3837 1436 3909 (Joann.
1472 3837 1526 3891 4.
1556 3837 1608 3890 6.
1637 3833 1794 3905 sqq.),
1823 3849 1887 3889 ac

301 3947 586 3992 sexcentos
613 3933 936 4003 impendisse
963 3945 1261 3994 sermones,
1295 3944 1394 3983 nec
1422 3927 1672 3998 quoniam
1699 3928 1886 3981 Sama-

302 4031 466 4085 ritana
491 4035 633 4090 erat,
663 4025 781 4080 ideo
808 4033 1164 4093 contemptam
1185 4037 1302 4076 eam
1335 4021 1515 4086 fuisse,
1528 4020 1620 4074 sed
1637 4017 1884 4089 quoniam

223 4192 232 4200 '
304 4124 537 4179 animant
569 4120 816 4184 habebat,
848 4119 902 4172 in
947 4118 1119 4187 pretio
1157 4117 1389 4171 habitam
1421 4115 1578 4169 esse?
1623 4113 1735 4167 Non
1765 4113 1885 4181 quia

304 4205 561 4261 meretrix
575 4210 712 4268 erat,
732 4203 986 4271 despecta
999 4211 1107 4267 θείς
1129 4201 1222 4256 sed
1247 4201 1372 4270 quia
1392 4196 1662 4253 servanda
1678 4204 1815 4259 erat,
1833 4205 1889 4250 et

305 4298 458 4353 Iidem
474 4295 926 4361 exhibuil,multa
941 4295 993 4348 in
1011 4295 1157 4348 illam
1173 4308 1304 4347 cura
1317 4292 1517 4348 collata
1531 4286 1891 4360 est(a).Equi-

305 4390 423 4444 dem
450 4391 639 4444 dicere
664 4404 770 4443 non
801 4388 1052 4451 cessabo,
1079 4388 1205 4440 licet
1224 4387 1409 4440 nullus
1436 4385 1530 4449 sit,
1553 4383 1643 4452 qui
1665 4380 1886 4438 audiat:

306 4482 552 4534 medicus
584 4495 730 4545 sum,
753 4479 986 4533 adhibeo
1019 4478 1422 4534 medicamenta
1461 4496 1474 4530 :
1512 4476 1706 4530 doctor
1743 4487 1887 4532 sum,

305 4575 620 4628 mandatum
646 4573 874 4627 mihiest
898 4581 955 4625 ut
976 4571 1296 4626 admoneam
1319 4587 1333 4637 ;
1360 4569 1441 4624 sic
1463 4569 1608 4623 enim
1628 4567 1738 4620 ait:
1759 4563 1892 4634 Spe-

307 4664 601 4718 culntorem
631 4665 752 4718 dedi
782 4674 829 4720 te
848 4664 1029 4719 domui
1062 4661 1462 4731 lsrael(EzecIt.
1501 4662 1554 4716 5.
1588 4659 1698 4730 l7).
1719 4658 1896 4713 Nemi-

310 4773 428 4810 nem
449 4758 670 4826 corrigo
698 4777 710 4810 :
742 4757 872 4827 quid
898 4766 1010 4811 tum
1032 4764 1222 4826 postea
1241 4754 1383 4809 ?Sed
1398 4769 1498 4824 ego
1518 4751 1768 4806 mercede
1784 4765 1892 4804 non

307 4864 490 4905 eareo.
519 4850 583 4903 Et
600 4851 702 4904 hoc
722 4850 787 4903 ad
812 4865 1087 4905 summum
1106 4849 1251 4903 dixi:
1279 4864 1400 4902 nam
1420 4847 1473 4901 in
1493 4854 1643 4899 tanta
1661 4844 1918 4898 multitu-

313 4942 441 4996 dine
463 4942 576 4996 fieri
607 4957 714 4996 non
741 4950 944 5012 potest.
966 4943 1097 5011 quin
1123 4941 1324 5012 aliquis
1349 4939 1695 5008 corrigatur:
1720 4935 1816 4991 sed
1845 4936 1897 4987 hi

313 5042 608 5102 praetextas
625 5043 776 5098 sunt,
807 5033 889 5088 hac
916 5033 1306 5104 negligentiam
1329 5037 1458 5087 sunt
1475 5030 1785 5084 auditorum
1803 5041 1900 5079 ex-

314 5126 649 5180 cusationes.
667 5125 842 5180 Audio
862 5124 1128 5195 quotidie,
1147 5124 1346 5193 inquit,
1364 5130 1546 5176 etnon
1566 5117 1900 5179 laciozatnli,

313 5217 440 5272 licet
458 5233 564 5272 non
583 5218 772 5284 facias;
799 5233 922 5272 nam
942 5233 1004 5272 ex
1023 5232 1088 5271 eo
1106 5217 1250 5286 quod
1268 5216 1391 5285 quis
1410 5214 1619 5276 audiat,
1635 5212 1904 5281 contingit

315 5309 476 5361 etiam
495 5319 552 5363 ut
572 5310 737 5363 l'aciat
759 5329 770 5362 :
792 5309 1006 5363 tametsi
1027 5324 1134 5361 non
1157 5307 1310 5370 facis,
1326 5306 1533 5376 pudore
1554 5303 1896 5375 perfunderis

317 5400 388 5450 oh
412 5409 694 5468 peccatum
723 5419 736 5453 :
762 5401 975 5454 tametsi
1002 5415 1110 5452 non
1134 5398 1290 5462 facis,
1317 5405 1500 5451 mutas
1527 5395 1850 5450 sententiam
1884 5413 1897 5448 :

327 5490 542 5544 tametsi
569 5507 676 5544 non
705 5489 862 5550 facis,
887 5490 1120 5558 teipsum
1145 5489 1496 5550 condemnas,
1525 5487 1670 5556 quod
1695 5501 1802 5539 non
1828 5485 1905 5540 fa-

321 5580 460 5634 cias.
481 5580 604 5636 llaec
625 5593 804 5637 autem
825 5584 938 5652 ipsa
964 5583 1041 5636 lui
1073 5582 1244 5650 ipsius
1271 5579 1550 5634 accusatio
1563 5578 1704 5633 unde
1721 5579 1906 5632 nasci-

324 5668 452 5721 tur?
470 5669 795 5725 Semnonum
823 5670 845 5724 f
846 5678 1034 5725 ructus
1050 5678 1136 5725 est
1153 5683 1419 5723 meorum.
1435 5668 1665 5732 Quando
1681 5665 1902 5730 dixeris,

388 5804 462 5863 la)
490 5805 579 5854 llic
600 5808 736 5857 locus
758 5808 940 5857 eitatur
959 5823 984 5856 a
1012 5806 1188 5857 Pbotio
1216 5805 1262 5854 in
1290 5804 1522 5856 Diblicth.

1488 397 1570 455 DE
1617 395 1889 452 LAZAIRO
1923 394 2166 450 CONClU
2199 395 2279 448 Vl.

3425 401 3444 451 l
3457 401 3559 453 {‘30

1981 506 2066 560 hei
2096 506 2222 560 milii
2250 524 2264 558 :
2288 506 2483 572 audivi,
2515 517 2567 560 et
2606 523 2711 561 non
2755 505 2888 560 l'atrio
2924 526 2935 559 :
2964 505 3112 571 illud,
3148 507 3229 562 hei
3262 509 3409 575 mihi,
3443 528 3562 567 nne.

1980 601 2190 655 talionis
2231 601 2282 654 in
2324 600 2513 654 melius
2545 609 2628 655 est
2671 599 3001 668 prmludium.
3045 599 3304 664 Peccasti,
3335 601 3514 656 luxisti
3541 603 3566 651 ?

1981 693 2258 747 Peccatum
2280 693 2482 746 solvisti
2507 709 2520 746 :
2543 691 2644 746 Dic
2657 692 2788 747 enim
2820 701 2872 746 tu
2899 694 3092 762 primus
3115 693 3398 764 iniquitates
3427 703 3555 759 tuas,

1981 795 2032 836 ut
2067 783 2366 852 justiﬁceris
2407 782 2561 851 (Isai.
2594 783 2682 837 45.
2715 781 2832 850 26).
2865 782 3014 851 Quod
3055 783 3097 836 si
3139 785 3470 838 contristeris
3511 797 3564 838 ct

1981 882 2201 927 IIKI‘SIUS
2228 874 2344 939 (ias,
2377 883 2459 928 est
2483 873 2678 944 aliquid
2705 874 2892 927 salutis
2919 874 2970 928 i't
2997 875 3268 940 mmstitia,
3297 892 3401 929 non
3437 893 3561 945 pro-

1981 975 2096 1032 pter
2121 964 2388 1018 moestitizc
2417 975 2654 1018 naturam
2677 1007 2691 1030 ,
2721 964 2813 1018 sed
2836 975 3052 1034 propter
3084 967 3289 1022 Domini
3321 961 3585 1031 benigni-

1982 1065 2160 1109 tatem.
2196 1056 2263 1110 Et
2290 1056 2373 1110 cui
2403 1054 2600 1110 fuerint
2629 1065 2859 1126 peccata,
2885 1071 2991 1110 non
3021 1057 3307 1112 mediocris
3334 1069 3412 1113 est
3443 1074 3568 1113 Onu-

1980 1146 2170 1200 solatio
2209 1146 2349 1217 quod
2394 1147 2626 1216 seipsum
2670 1147 2964 1201 contristet.
3017 1146 3132 1200 Vidi
3173 1149 3337 1211 enim,
3375 1151 3563 1218 inquit,

1979 1237 2113 1305 quod
2139 1238 2458 1291 contristatae
2495 1246 2566 1290 est
2608 1247 2655 1291 et
2693 1248 2892 1292 intextus
2927 1239 3040 1307 fuit,
3077 1249 3122 1292 ct
3159 1242 3334 1294 sanavi
3372 1243 3567 1298 dolores

1981 1331 2088 1399 ejus
2119 1327 2268 1401 (Isai.
2293 1330 2381 1384 57.
2413 1329 2521 1400 l8).
2572 1327 2615 1383 0
2653 1328 2968 1383 inell‘abilrm
2997 1329 3370 1401 benignitatem
3400 1341 3565 1401 atque

1981 1421 2292 1484 bonitatem,
2316 1437 2434 1492 quae
2457 1420 2688 1490 exprimi
2712 1435 2815 1475 non
2845 1431 3020 1490 potest
3044 1421 3057 1475 !
3088 1422 3441 1477 Contristatus
3462 1434 3564 1487 est,

1981 1523 2034 1568 ct
2062 1513 2243 1568 sanavi
2268 1528 2411 1566 eum.
2452 1512 2586 1579 Quid
2619 1527 2745 1567 vero
2772 1527 3041 1582 maguum,
3061 1512 3200 1581 quod
3220 1515 3563 1568 contristatus

1983 1607 2085 1661 sit?
2126 1606 2369 1676 Magnum
2415 1604 2466 1659 id
2513 1605 2727 1675 quidem
2757 1621 2861 1659 non
2892 1614 2992 1671 est,
3037 1606 3130 1660 sed
3176 1605 3302 1662 inde
3348 1609 3566 1664 sanmdi

1981 1699 2194 1754 dolores
2220 1701 2333 1768 ejus
2355 1698 2690 1754 occasionem
2712 1698 2932 1767 arripui.
2961 1697 3199 1765 Vidistis,
3225 1711 3278 1754 ut
3307 1717 3410 1755 uno
3435 1711 3572 1756 tem-

1985 1789 2129 1858 poris
2155 1797 2424 1844 momento
2446 1800 2636 1843 cuncta
2665 1788 2978 1858 collegerit?

2054 1878 2176 1933 Non
2201 1880 2262 1933 ob
2296 1888 2442 1933 teme
2468 1888 2679 1946 motum,
2709 1879 2798 1933 sed
2822 1881 2882 1932 ob
2906 1895 3109 1933 causam
3139 1882 3248 1952 ejus
3274 1882 3565 1939 timendum.

1983 2001 2052 2010 —-
2072 1969 2220 2024 Illam
2261 1971 2438 2040 itaque
2463 1985 2742 2040 vesperam
2775 1978 2929 2024 terrae
2960 1979 3136 2025 motus
3167 1982 3422 2041 perpetuo
3449 1988 3566 2026 cum

1984 2062 2177 2117 animis
2218 2063 2409 2118 vestris
2451 2062 2668 2116 volvite.
2712 2060 2845 2115 Nam
2883 2061 2974 2116 alii
3020 2063 3232 2133 quidem
3271 2079 3458 2119 omnes
3501 2059 3570 2111 0h

1986 2167 2141 2211 terrae
2172 2164 2372 2209 motum
2401 2153 2591 2209 timore
2619 2153 2848 2223 correpti
2877 2163 3050 2218 erant,
3079 2169 3179 2224 ego
3205 2170 3328 2210 vero
3355 2165 3557 2226 prt'plt'l

1984 2262 2200 2302 causam
2229 2255 2385 2302 terra:
2413 2254 2610 2301 motus.
2659 2244 2870 2300 Satisne
2908 2245 3096 2315 capitis
3115 2286 3128 2309 ,
3159 2246 3282 2316 quid
3307 2245 3572 2329 dixerim?

1989 2338 2065 2392 llli
2109 2336 2322 2407 quidem
2368 2337 2830 2407 pertimescebant,
2870 2352 2937 2391 ne
2975 2336 3283 2392 concideret
3309 2337 3495 2393 civitas
3521 2350 3569 2392 cl

1986 2429 2266 2485 interirent
2313 2445 2325 2480 :
2379 2443 2479 2498 ego
2519 2444 2666 2490 vero,
2715 2427 2855 2498 quod
2902 2427 3055 2482 nobis
3101 2428 3356 2482 Dominus
3409 2431 3570 2484 iratul

1986 2529 2146 2584 esset,
2167 2519 2487 2574 metuebam.
2515 2518 2629 2572 Non
2659 2518 2799 2573 enim
2826 2533 2984 2588 grave
3004 2531 3082 2572 e51
3107 2530 3331 2574 mortem
3353 2521 3569 2583 obiisse.

1985 2612 2081 2668 sed
2107 2627 2268 2683 grave
2297 2620 2380 2666 est
2408 2612 2689 2666 Dominum
2723 2611 2978 2666 irritassc.
3024 2609 3206 2681 Itaque
3236 2626 3339 2666 non
3361 2613 3471 2682 jam
3501 2615 3572 2668 ob

1989 2713 2148 2760 terra:
2173 2714 2377 2759 motum
2401 2701 2676 2772 pavebam,
2705 2702 2798 2757 sed
2828 2703 2897 2758 ob
2925 2717 3139 2757 causam
3165 2712 3322 2758 terrm
3352 2714 3531 2760 motus
3554 2748 3565 2758 .

1987 2811 2148 2854 causa
2189 2796 2330 2852 enim
2371 2804 2529 2850 terra:
2575 2802 2752 2852 motus
2799 2794 2889 2848 Dei
2933 2802 3014 2848 est
3060 2794 3174 2858 ira;
3223 2810 3379 2864 porro
3417 2811 3574 2850 causa

1988 2889 2187 2944 divinae
2214 2887 2308 2943 irae
2338 2898 2514 2942 nostra
2542 2895 2666 2942 sunt
2694 2893 2930 2955 peccata.
2959 2884 3075 2939 Noli
3101 2901 3348 2956 umquam
3375 2888 3574 2957 suppli-

1987 2981 2127 3036 cium
2160 2981 2348 3036 timere
2371 3020 2386 3046 ,
2420 2978 2514 3033 sed
2540 2978 2780 3048 supplicii
2807 2989 3078 3046 parentem
3107 2987 3404 3046 peccatum.
3431 2980 3574 3034 Con-

1988 3071 2184 3127 cutitur
2215 3070 2445 3126 civitas?
2469 3068 2605 3135 Quid
2634 3077 2743 3122 tum
2775 3069 2992 3137 postea?
3021 3068 3170 3124 Mens
3196 3085 3323 3125 vero
3354 3082 3438 3124 tua
3466 3087 3573 3126 non

1989 3170 2374 3232 conquassatur
2399 3177 2411 3213 :
2439 3158 2866 3228 quandoquidem
2896 3167 2949 3213 et
2979 3159 3030 3212 in
3060 3159 3261 3214 morbis
3297 3175 3360 3215 ac
3392 3161 3574 3216 vulne.

1988 3253 2136 3308 ribus
2166 3267 2270 3307 non
2298 3265 2390 3306 eos
2412 3250 2671 3320 lugemus,
2700 3250 2789 3318 qui
2821 3259 3095 3317 curantur,
3126 3250 3220 3306 sed
3245 3252 3332 3320 qui
3361 3252 3574 3307 insana-

1989 3344 2082 3401 bili
2107 3343 2296 3398 morbo
2316 3341 2576 3397 laborant.
2625 3340 2776 3406 Quod
2805 3349 2886 3395 est
2915 3341 3128 3395 morbus
3155 3351 3209 3395 et
3235 3343 3446 3408 vulnus,
3474 3343 3575 3397 hoc

1989 3445 2072 3492 est
2110 3435 2271 3492 etiam
2309 3442 2615 3504 peceatum;
2650 3433 2791 3502 quod
2828 3441 2912 3487 cst
2945 3432 3110 3489 sectio
3137 3441 3192 3488 et
3219 3434 3573 3490 medicamen-

1993 3537 2126 3593 tum,
2157 3525 2259 3580 hoc
2285 3533 2367 3580 est
2395 3524 2554 3578 etiam
2586 3538 2766 3593 poena.

2063 3621 2115 3675 5.
2161 3616 2284 3672 Non
2307 3618 2392 3686 qui
2421 3616 2719 3686 puniuntur,
2754 3615 2844 3670 sed
2881 3615 2969 3684 qui
3013 3625 3218 3685 peccant
3259 3619 3482 3687 lugendi.
3507 3649 3573 3660 ~—

1993 3709 2334 3767 lntellexistis
2360 3706 2499 3778 quod
2526 3707 2683 3762 dico?
2722 3706 2995 3762 Attendite
3022 3725 3035 3760 :
3067 3709 3186 3763 volo
3211 3710 3353 3763 enim
3381 3711 3576 3764 oratio-

1994 3818 2115 3856 nem
2154 3798 2500 3870 philosophiae
2538 3797 2744 3866 plenam
2772 3813 2867 3852 vos
2893 3797 3107 3853 docere.
3153 3798 3321 3865 Quam
3367 3801 3578 3857 tandem

1992 3893 2061 3949 ob
2090 3905 2302 3946 causam
2332 3904 2426 3944 eos
2453 3880 2545 3958 qui
2584 3887 2908 3956 puniuntur,
2951 3903 3054 3942 non
3097 3903 3190 3942 eos
3235 3889 3322 3959 qui
3361 3901 3579 3959 peccant

1993 3982 2274 4055 legemus?
2313 3981 2428 4037 Non
2467 3980 2609 4036 enim
2646 3994 2733 4034 res
2779 3978 2848 4032 ita
2887 3981 3062 4049 gravis
3086 3990 3168 4036 est
3200 3995 3373 4050 pmua,
3410 3993 3462 4035 ut
3493 3998 3579 4036 res

1993 4077 2169 4147 gravis
2193 4083 2276 4132 est
2301 4065 2578 4144 peccatum
2607 4091 2620 4127 :
2649 4090 2770 4128 nam
2813 4087 2983 4142 pmna:
2999 4085 3154 4126 causa
3181 4081 3454 4140 peccatum
3473 4085 3578 4125 est.

1993 4168 2050 4222 Si
2077 4179 2236 4236 quem
2265 4165 2420 4234 igitur
2443 4163 2639 4218 videris
2664 4162 2944 4217 habentem
2970 4162 3138 4224 ulcus,
3174 4175 3382 4214 vermes
3404 4170 3458 4214 et
3483 4179 3538 4214 sa
3556 4190 3570 4200 ν

1995 4259 2134 4312 uiem
2178 4271 2210 4310 a
2256 4269 2482 4324 corpore
2531 4252 2847 4314 deﬂuentes,
2895 4267 2994 4305 nec
3032 4250 3224 4304 vulnus
3268 4261 3442 4304 tamen
3489 4263 3576 4305 aut

1996 4350 2146 4404 ulcus
2185 4357 2460 4404 curantem
2491 4363 2504 4399 :
2536 4345 2762 4399 alterum
2788 4358 2915 4399 vero
2952 4346 3151 4413 pariter
3179 4341 3461 4406 allectum,
3487 4343 3575 4412 qui

1995 4444 2322 4498 medicorum
2371 4448 2549 4495 utatur
2587 4453 2746 4508 opera
2777 4479 2791 4503 ,
2834 4437 2922 4508 qui
2964 4445 3185 4503 uratur,
3227 4447 3476 4503 secetur,
3525 4450 3580 4491 et

1995 4534 2187 4590 acerba
2209 4531 2594 4586 medicamenta
2615 4529 2887 4599 deglutiat,
2907 4527 3354 4592 utrmn,istorum,
3375 4541 3577 4595 qumso,

1997 4622 2234 4693 lugebis?
2276 4635 2469 4676 eumne
2507 4621 2594 4690 qui
2626 4635 2768 4688 aeger
2805 4628 2905 4684 est,
2951 4633 3047 4670 nec
3089 4627 3326 4684 curatur,
3358 4631 3427 4669 an
3453 4632 3576 4671 eum

1997 4715 2088 4786 qui
2125 4730 2268 4785 aeger
2303 4721 2402 4777 est,
2431 4721 2484 4768 et
2515 4711 2769 4766 curatur?
2811 4709 2958 4764 ilaud
3002 4707 3256 4772 dubium,
3287 4707 3414 4776 quin
3456 4723 3578 4761 eum

2001 4807 2194 4877 potius,
2252 4805 2343 4876 qui
2391 4818 2512 4858 cum
2569 4817 2711 4872 aeger
2762 4802 2864 4868 sit,
2910 4816 3012 4855 non
3048 4809 3283 4854 curatur.
3327 4799 3402 4854 lta
3451 4815 3582 4867 qun-

1998 4913 2101 4969 quc
2125 4905 2430 4968 peccatores
2455 4895 2559 4949 sint
2585 4893 2709 4958 duo,
2732 4908 2956 4962 quorum
2983 4905 3118 4943 unus
3146 4889 3357 4959 quidem
3388 4891 3543 4957 punia
3567 4919 3575 4925 -

2001 5002 2105 5056 tur,
2135 4991 2272 5045 alter
2296 5002 2422 5044 vero
2447 5001 2549 5043 non
2575 4987 2858 5056 puniatur:
2885 4999 2950 5038 ne
2975 4983 3139 5048 dicas,
3166 4984 3348 5036 beatus
3367 4980 3453 5034 hic
3475 4990 3577 5045 est,

1999 5083 2121 5153 quia
2142 5081 2337 5136 divitiis
2360 5078 2548 5142 afﬂuit,
2573 5075 2841 5146 orphauos
2859 5073 3072 5143 Spoliat,
3095 5072 3276 5125 viduas
3292 5071 3545 5140 opprimit
3569 5091 3579 5124 :

2001 5173 2209 5228 tametsi
2239 5188 2340 5226 non
2371 5177 2611 5240 aegrotat,
2643 5167 2735 5222 sed
2764 5181 2884 5220 cum
2911 5164 3098 5233 rapiat,
3123 5172 3205 5217 est
3231 5163 3282 5216 in
3304 5163 3599 5222 existima-_

2003 5265 2166 5325 tione,
2198 5262 2497 5318 cumulatur
2527 5259 2762 5322 honore,
2801 5255 3123 5320 dominatur,
3156 5254 3314 5307 nullis
3342 5254 3581 5308 adversis

1998 5371 2179 5409 rerum
2223 5354 2569 5406 humanarum
2609 5350 2818 5404 casibus
2856 5347 3096 5414 lzcditur,
3133 5361 3237 5400 non
3281 5345 3445 5419 febri,
3477 5359 3581 5398 non

2002 5445 2374 5509 al‘llictatione,
2405 5459 2510 5496 non
2539 5442 2646 5496 alio
2669 5441 2856 5510 quovis
2885 5439 3071 5494 morbo
3104 5455 3118 5492 :
3146 5439 3434 5494 liberorum
3463 5437 3577 5490 ciu—

2001 5537 2141 5605 gitur
2179 5534 2363 5600 choro,
2401 5542 2729 5587 senectutem
2759 5531 2910 5585 beate
2940 5528 3223 5598 transigit:
3256 5535 3311 5580 at
3349 5525 3492 5581 hunc
3532 5539 3584 5580 tu

2005 5631 2232 5683 maxime
2261 5628 2401 5696 lnge,
2426 5624 2564 5695 quod
2593 5634 2812 5694 aegrotet
2833 5666 2848 5689 ,
2878 5638 2976 5678 nec
3004 5631 3178 5676 tamen
3202 5629 3437 5676 curetur.
3470 5617 3587 5686 Quo

2007 5720 2218 5774 tandem
2243 5727 2417 5789 pacto,
2445 5732 2544 5787 ego
2572 5716 2766 5772 dicam.
2797 5716 2852 5771 Si
2879 5729 3038 5786 quem
3065 5713 3260 5768 videris
3283 5719 3586 5780 correptum

2010 5815 2314 5887 liyilropisi,
2358 5813 2546 5885 cuique
2596 5811 2751 5868 lienis
2798 5828 2860 5868 ex
2904 5808 3178 5866 doloribus
3217 5822 3407 5876 corpus
3447 5805 3576 5857 intu-
