4006 6404
473 402 606 459 1031

470 519 688 585 muerit,
719 530 819 572 nec
862 524 1037 571 tamen
1075 517 1252 566 currat
1294 507 1360 561 ad
1403 505 1701 571 medicum,
1731 499 1825 559 sed
1858 498 2061 571 frigida:

474 621 603 683 potu
630 625 689 666 se
713 607 978 671 oblectet,
1009 617 1071 659 ac
1096 598 1393 675 Sybaritica
1426 610 1610 652 mensa
1638 599 1862 658 fruatur,
1883 591 2062 662 quoti-

471 707 560 762 die
580 695 1176 766 inebrietur,'satcllitio
1201 693 1448 761 stipetur,
1479 696 1536 744 et
1560 686 1806 742 morbum
1833 690 2058 753 augeat:

468 796 604 853 cedo
648 795 935 850 beatumne
973 785 1287 860 praedicabis
1330 778 1592 852 ejusmodi
1640 776 1943 843 hominem,
1992 788 2062 827 an

470 900 599 942 vero
628 884 883 939 miserum
910 874 1221 955 judicabis?‘
1234 872 1385 941 Quod
1413 871 1459 925 si
1486 869 1712 924 alterum
1739 864 1934 921 videris
1958 863 2059 934 hy-

470 978 670 1050 dropisi
700 982 1034 1044 correptum,
1068 968 1158 1040 qui
1183 964 1512 1022 medicorum
1539 958 1782 1016 manibus
1810 964 2026 1012 curetur
2043 995 2060 1021 ,

469 1071 560 1143 qui
588 1070 712 1124 fami
733 1066 966 1136 seipsum
988 1059 1167 1124 dedat,
1192 1058 1281 1128 qui
1311 1054 1475 1111 multa
1503 1059 1775 1123 prematur
1801 1054 2059 1143 egestate,

468 1135 558 1235 qui
582 1135 985 1216 medicamentis
1016 1149 1232 1209 assidue
1270 1143 1571 1218 peracerbis
1597 1149 1794 1235 utatur,
1822 1154 1942 1235 quae
1966 1135 2062 1191 do-

469 1230 639 1311 lorem
663 1250 876 1322 quidem
898 1245 1147 1310 afferunt,
1172 1240 1265 1297 sed
1292 1238 1574 1296 sanitatem
1597 1233 1785 1289 dolore
1807 1230 2021 1302 pariunt
2045 1246 2058 1283 :

468 1359 648 1403 nonne
675 1342 816 1398 hunc
845 1354 957 1412 pra:
986 1337 1079 1393 illo
1108 1335 1321 1390 beatum
1360 1329 1538 1386 dices?
1580 1324 1837 1383 Confessa
1868 1337 1955 1377 res
1981 1328 2064 1376 est

466 1454 529 1495 ac
556 1435 836 1493 manifesta
868 1449 883 1486 :
912 1444 1033 1485 nam
1060 1440 1196 1483 unus
1223 1422 1437 1495 quidem
1462 1433 1605 1489 :eger
1623 1427 1736 1481 est,
1778 1428 1878 1469 nec
1903 1426 2061 1467 cura-

470 1542 557 1590 tur
591 1547 607 1585 :
635 1526 774 1582 alter
798 1531 978 1578 autem
1001 1533 1144 1590 :rger
1167 1525 1272 1583 est,
1299 1511 1394 1568 sed
1421 1508 1751 1566 medicorum
1777 1517 1939 1578 opera
1968 1501 2064 1556 uti-

468 1631 576 1678 tur.
603 1620 676 1676 At
699 1617 843 1673 enim
866 1612 1086 1668 molesta
1109 1616 1190 1664 est
1211 1603 1415 1661 curatio
1439 1619 1453 1656 :
1473 1614 1654 1655 verum
1679 1597 1821 1652 utilis
1842 1604 1923 1650 est
1947 1595 2063 1663 ejus

470 1713 613 1768 finis.
643 1709 717 1765 lla
737 1719 949 1777 quoque
970 1711 1169 1758 nostrae
1189 1696 1350 1767 hujus
1368 1693 1492 1749 vita:
1511 1706 1571 1747 se
1595 1705 1684 1745 res
1706 1688 1934 1751 habent;
1966 1683 2061 1740 sed

470 1823 501 1861 a
532 1801 844 1874 corporibus
874 1806 1179 1852 sermonem
1212 1785 1440 1845 transfer
1465 1783 1531 1838 ad
1552 1781 1780 1846 animas,
1802 1795 1829 1832 a
1858 1776 2062 1833 morbis

468 1899 537 1953 ad
572 1872 809 1967 peccata,
834 1889 903 1945 ab
923 1886 1214 1945 acerbitate
1243 1880 1752 1937 medicamentorum
1779 1872 1844 1927 ad
1879 1883 2062 1967 poenas

467 2002 515 2045 cl
532 1961 788 2061 judicium
800 1981 1058 2039 divinum.
1082 1974 1236 2046 Quod
1252 1973 1392 2030 enim
1411 1978 1494 2027 est
1513 1961 2065 2061 medicatnenttimad-

466 2057 697 2135 hibitum
716 2090 747 2130 a
768 2072 1065 2139 medico,et
1079 2067 1246 2123 sectio
1259 2074 1314 2121 et
1334 2062 1490 2134 ignis,
1507 2062 1607 2117 hoc
1627 2068 1709 2115 est
1728 2075 1757 2114 a
1789 2058 1897 2113 Deo
1918 2057 2063 2111 illata

469 2192 649 2249 poma.
676 2174 809 2232 Nam
829 2177 1268 2238 utsmpenumero
1291 2160 1537 2216 admotus
1558 2157 1693 2228 ignis
1713 2155 1837 2218 urit,
1854 2164 1913 2249 et
1923 2152 2067 2249 sistit

471 2245 624 2324 ulcus
636 2263 777 2338 quod
793 2259 1059 2335 pascendo
1070 2255 1255 2329 serpit,
1268 2264 1324 2338 et
1335 2252 1716 2308 ferramentum
1731 2245 2062 2317 putredinem

471 2335 738 2426 exhaurit,
771 2357 1012 2414 dolorem
1041 2352 1256 2424 quidem
1284 2335 1519 2410 inurens,
1548 2342 1643 2400 sed
1676 2341 1953 2396 utilitatem
1981 2347 2062 2393 ta-

472 2471 595 2512 men
622 2452 835 2525 pariens
868 2467 881 2504 :
908 2449 979 2503 ita
1004 2453 1059 2502 et
1082 2445 1249 2498 fames
1270 2484 1285 2509 ,
1323 2449 1377 2495 et
1412 2448 1610 2510 pestes,
1638 2444 1692 2491 et
1714 2446 2064 2505 quzecumque

471 2547 611 2603 mala
635 2558 758 2601 esse
786 2540 1050 2606 videntur,
1099 2534 1226 2591 ferri
1286 2533 1403 2587 loco
1437 2540 1491 2585 et
1527 2527 1663 2599 ignis
1708 2525 2064 2580 admoventur

471 2640 684 2699 animae,
708 2642 768 2689 ut
783 2630 1188 2703 :rgrotationum
1210 2623 1327 2695 ejus
1351 2622 1502 2677 ulcus
1523 2618 1817 2689 depasecns
1830 2614 1898 2671 ad
1918 2614 2065 2671 simi-

471 2729 749 2788 litudinem
770 2736 1053 2794 corporum
1068 2717 1382 2781 cohibeant,
1405 2725 1628 2782 eamque
1650 2709 1922 2765 meliorem
1949 2704 2066 2759 effi-

472 2822 636 2876 ciant.
669 2818 873 2873 Rursus
897 2813 1005 2869 duo
1025 2819 1184 2866 sunto
1209 2814 1563 2869 scortatores;
1588 2801 1823 2857 sermoni
1846 2799 2066 2855 subesse

473 2910 798 2982 intelligatur
817 2909 992 2977 imago
1015 2921 1029 2959 :
1052 2903 1176 2968 duo,
1206 2902 1441 2970 inquam,
1464 2896 1806 2957 scurtatorcs,
1835 2905 2063 2961 quorum

473 3019 612 3060 unus
649 3002 798 3057 dives
824 2999 930 3066 sit,
973 3008 1170 3067 pauper
1193 2991 1373 3046 alter:
1406 2998 1525 3043 uter
1562 2999 1748 3042 eorum
1786 2983 2064 3038 meliorem

473 3095 637 3152 habet
663 3105 813 3164 spem
844 3087 1065 3145 salutis?
1106 3082 1256 3149 lland
1284 3081 1504 3138 dubium
1528 3077 1656 3149 quin
1689 3090 1906 3147 pauper.
1945 3073 2064 3129 Noli

473 3200 601 3258 ergo
651 3184 833 3240 dicere
863 3180 1058 3239 :Divcs
1107 3183 1411 3240 scortator,
1460 3179 1515 3225 et
1558 3169 1749 3238 opibus
1793 3164 2061 3231 abundat;

472 3279 672 3335 idcirco
719 3275 931 3332 beatum
973 3272 1145 3341 ipsum
1194 3266 1425 3339 pra-dico
1465 3280 1479 3319 :
1536 3261 1664 3333 quin
1713 3260 1887 3332 potius
1933 3259 2062 3313 bea-

475 3374 587 3420 tum
612 3363 760 3418 illum
780 3376 809 3414 a
832 3368 883 3415 te
903 3355 1179 3429 praedicari
1195 3352 1495 3425 oportebat,
1512 3351 1557 3405 si
1576 3363 1696 3404 cum
1716 3353 2059 3411 seortaretur,

472 3467 678 3527 pauper
701 3458 846 3509 esset
875 3467 890 3505 :
915 3449 964 3505 si
1000 3463 1122 3505 eum
1151 3451 1498 3508 seortaretur,
1524 3440 1666 3497 fame
1685 3446 2019 3512 premeretur
2046 3454 2061 3492 :

474 3545 697 3602 haberet
721 3541 863 3599 enim
886 3539 1135 3595 adactum
1172 3535 1489 3592 necessitate
1524 3532 1799 3589 doctorem
1828 3529 2066 3600 philoso-

475 3638 637 3710 phia‘,
664 3639 1052 3707 paupertatem.
1079 3629 1212 3685 Cum
1250 3628 1412 3699 igitur
1441 3624 1740 3697 improbum
1762 3621 1960 3678 videris
1979 3635 2063 3677 se-

474 3729 648 3789 cunda
689 3737 924 3784 utentem
956 3723 1188 3791 fortuna,
1213 3722 1509 3793 lacrymare
1533 3736 1546 3773 :
1575 3718 1683 3775 duo
1701 3717 1899 3789 quippe
1923 3715 2062 3772 mala

476 3821 834 3892 sutit,4norbo
859 3818 1058 3890 urgeri,
1081 3827 1136 3873 et
1163 3813 1509 3870 insanabilem
1537 3825 1676 3868 esse.
1703 3810 1837 3866 Cum
1865 3808 2065 3865 videris

474 3909 1195 3988 improbumcalamitatibus
1225 3907 1416 3979 premi,
1444 3905 1746 3974 consolare,
1769 3919 1876 3959 non
1902 3902 2065 3959 modo

476 4008 600 4080 quia
624 4002 1102 4066 melior'redditur,
1132 3999 1226 4056 sed
1250 3998 1373 4069 quia
1400 3996 1562 4052 multa
1591 3995 1707 4066 ejus
1733 4003 1951 4065 peccata
1978 3992 2065 4049 hic

390 4154 398 4165 ,
475 4097 777 4169 expiantur.
822 4092 1053 4149 Attende
1090 4091 1372 4161 diligenter
1394 4088 1460 4143 ad
1487 4101 1549 4144 ea
1575 4101 1694 4157 quae
1714 4086 1871 4152 dico;
1910 4084 2061 4139 multi

475 4191 722 4248 homines
743 4197 800 4244 et
823 4187 909 4242 hic
933 4186 1232 4257 expiantur,
1265 4189 1321 4237 et
1355 4180 1461 4236 illic
1491 4178 1793 4250 plectuntur
1820 4195 1836 4233 :
1865 4177 1954 4233 alii
1979 4178 2065 4232 hic

476 4292 704 4349 tantum,
750 4280 841 4336 alii
884 4278 1002 4335 illic
1050 4284 1274 4332 tantum.
1331 4271 1495 4344 hifige
1539 4271 1719 4326 animo
1763 4268 2061 4325 doctrinam

479 4389 654 4430 meam
684 4371 815 4429 :hic
840 4371 1036 4441 quippe
1060 4381 1241 4425 sermo
1260 4374 1449 4422 exacte
1475 4362 1747 4420 discussus
1772 4361 1967 4418 multas
1994 4376 2062 4418 ex

476 4466 659 4520 animo
681 4472 775 4517 tuo
795 4460 1233 4533 perturbationes
1256 4457 1455 4528 ejiciet.

548 4557 757 4612 Beatius
781 4567 853 4610 est
894 4555 948 4608 in
975 4553 1071 4607 hac
1105 4553 1208 4608 vita
1236 4551 1429 4623 puniri.
1471 4578 1540 4590 —
1566 4548 1675 4606 Sed
1720 4548 1950 4619 primum
1971 4589 1987 4615 ,
2017 4546 2061 4602 si

476 4650 671 4722 placet,
704 4648 760 4702 in
793 4646 1027 4701 medium
1054 4642 1388 4716 proferamus
1427 4654 1550 4697 eum
1571 4682 1586 4709 ,
1612 4643 1704 4712 qui
1734 4640 1842 4695 illic
1875 4639 2064 4711 punia-

478 4753 586 4809 tur,
618 4741 705 4796 hie
731 4754 860 4796 vero
880 4737 1087 4794 deliciis
1121 4735 1322 4807 potitus
1344 4736 1501 4790 fuerit
1531 4753 1544 4789 :
1568 4734 1845 4789 attendant
1872 4734 2064 4790 divites

474 4846 527 4892 et
567 4846 829 4905 pauperes
850 4831 914 4885 iis
946 4844 1063 4900 qua:
1084 4828 1334 4883 dicuntur
1361 4846 1375 4882 :
1409 4826 1648 4898 utrisque
1677 4841 1912 4896 namque
1938 4841 2065 4896 per-

475 4926 621 4981 utilis
660 4932 745 4979 est
779 4921 1042 4978 doctrina.
1069 4918 1140 4975 Ut
1177 4917 1321 4974 enim
1351 4917 1489 4972 scias
1525 4916 1611 4972 hic
1648 4925 1704 4972 et
1737 4917 1843 4972 illic
1869 4917 2066 4971 multos

479 5017 677 5087 puniri,
706 5012 978 5072 Christum
1008 5011 1272 5066 dicentem
1301 5008 1423 5064 audi
1453 5026 1466 5062 :
1490 5005 1557 5062 In
1577 5023 1942 5081 quamcumque
1966 5024 2063 5060 au-

481 5120 579 5163 tem
602 5108 849 5161 ciuitatem
888 5114 974 5159 aut
1003 5102 1210 5157 domum
1232 5100 1553 5163 ,intraueritis
1572 5141 1587 5165 ,
1618 5099 1862 5153 intrantes
1886 5100 1939 5152 in
1967 5100 2064 5152 do-

475 5216 615 5255 mum
659 5196 877 5253 salutate
918 5211 1031 5250 eam
1064 5195 1323 5249 dicentes:
1357 5197 1470 5251 Pax
1516 5191 1634 5245 huic
1677 5191 1849 5245 domui
1878 5208 1899 5258 ;
1940 5201 1987 5245 et
2024 5192 2069 5245 si

479 5290 682 5359 quidem
711 5288 864 5362 fuerit
885 5286 1066 5341 domus
1093 5286 1185 5339 illa
1209 5285 1383 5357 digna,
1406 5286 1573 5338 ueniat
1600 5299 1703 5355 paa:
1730 5292 1893 5339 uestra
1914 5299 2069 5354 super

477 5396 627 5446 eam;
651 5380 697 5434 si
731 5389 899 5433 autem
923 5393 1024 5432 non
1049 5377 1199 5448 fuerit
1239 5376 1413 5447 digna,
1441 5391 1546 5447 pax
1587 5384 1751 5429 vestra
1791 5384 2069 5429 revertatur

480 5474 549 5525 ad
572 5486 675 5525 vos.
706 5469 776 5525 Et
809 5469 1108 5543 quicumque
1136 5485 1234 5522 non
1268 5468 1508 5540 receperit
1531 5483 1636 5532 vos,
1659 5483 1816 5537 neque
1847 5468 2067 5521 audierit

478 5580 744 5622 sermones
780 5569 1001 5627 vestros,
1046 5569 1284 5614 exeuntes
1323 5558 1462 5629 foras
1501 5558 1565 5612 de
1601 5558 1818 5626 civitate,
1855 5558 2071 5614 excutite

483 5650 736 5716 puluerem
775 5653 839 5707 de
864 5653 1075 5723 pedibus
1107 5653 1299 5705 vestris.
1332 5651 1491 5704 Amen
1533 5651 1650 5705 dico
1682 5652 1849 5718 vobis,
1881 5653 2067 5707 tolera-

489 5738 641 5794 bilius
666 5744 757 5796 erit
795 5757 944 5799 terra:
969 5743 1316 5799 Sodomorum
1350 5751 1396 5796 et
1431 5740 1876 5812 Gomorrhtcorum
1913 5744 1966 5798 in
1991 5745 2074 5798 die

486 5828 696 5902 iudicii,
709 5851 859 5905 quam
884 5836 961 5890 illi
984 5835 1191 5889 civitati.
1224 5835 1289 5888 In
1319 5850 1682 5906 quamcumque
1706 5845 1871 5892 autem
1892 5836 2068 5892 civita-

1219 390 1276 447 S.
1317 388 1593 447 JO.\NNiS
1631 382 2106 442 CHRYSOSTOMI
2146 381 2464 438 Ali‘ClllEl’.
2507 379 3044 440 CONSTANTINOP.

3613 389 3632 443 1
3642 387 3729 444 031

2175 507 2274 551 tcm
2294 508 2383 553 aut
2403 500 2608 553 domum
2629 499 2956 567 intraceritis,
2979 501 3284 572 interrogate
3299 502 3405 570 quis
3430 502 3481 555 in
3503 519 3556 557 ea
3576 505 3731 575 dignas

2170 589 2266 649 sit,
2291 600 2341 644 et
2373 590 2442 644 ibi
2472 604 2699 659 manete,
2740 594 2900 646 donec
2927 594 3113 647 excatis
3139 592 3353 663 (Matth.
3392 596 3484 650 10.
3522 596 3624 665 11).
3662 598 3729 653 Ex

2171 678 2255 734 his
2281 681 2447 751 liquet
2490 684 2795 739 Sodomitas
2825 696 2879 740 et
2921 685 3302 742 Goniorrhwos
3337 698 3391 743 et
3428 688 3512 743 hic
3550 693 3733 758 punitos

2170 770 2355 838 fuisse,
2380 783 2434 828 et
2461 774 2567 829 illic
2589 777 2744 843 plecti
2770 793 2783 831 :
2815 792 2937 832 cum
2958 778 3101 832 enim
3122 780 3266 833 dicat
3292 780 3612 837 tolerabilius
3639 786 3733 839 fore

2169 864 2459 921 Sodomitis
2486 883 2644 938 quam
2675 868 2810 937 istis,
2838 868 3072 925 ostendit
3095 887 3189 926 eos
3221 871 3376 941 plecti
3407 873 3636 942 quidem,
3657 877 3732 928 sed

2169 971 2278 1012 non
2309 958 2381 1013 ita
2412 968 2470 1014 ut
2493 960 2599 1015 isti.

2241 1050 2292 1104 4.
2321 1049 2457 1106 Sunt
2497 1066 2711 1117 rursus,
2742 1053 2834 1123 qui
2861 1054 3166 1124 plectuntur
3206 1055 3294 1113 hic
3320 1067 3561 1125 tantum,
3586 1072 3635 1114 ut
3664 1062 3735 1118 ille

2169 1149 2470 1196 scortator:
2517 1143 2597 1198 sic
2639 1144 2782 1199 enim
2826 1145 2895 1199 ad
2939 1147 3247 1203 Corinthios
3296 1150 3540 1207 scribens
3576 1152 3734 1209 beatos

2169 1231 2363 1286 Paulus
2406 1233 2653 1289 dicebat:
2689 1234 2911 1290 Omnino
2946 1238 3153 1291 auditur
3188 1240 3318 1293 inter
3360 1255 3450 1295 vos
3474 1243 3730 1312 fornicatio,

2168 1338 2214 1378 ct
2239 1325 2355 1379 talis
2380 1328 2668 1398 fornicatio,
2699 1331 2866 1398 qualis
2891 1346 2981 1384 nec
3010 1332 3137 1384 inter
3157 1342 3344 1404 gentes,
3377 1335 3450 1387 ita
3474 1346 3529 1388 ut
3555 1352 3733 1391 uxorem

2169 1421 2328 1491 patris
2373 1423 2452 1476 sui
2495 1424 2679 1494 aliquis
2716 1424 2916 1478 habeat.
2960 1424 3025 1479 Et
3069 1441 3154 1480 vos
3194 1428 3362 1497 inﬂati
3398 1430 3547 1496 estis,
3575 1439 3618 1482 et
3650 1448 3732 1484 non

2167 1515 2329 1584 magis
2353 1513 2543 1569 luctum
2569 1515 2846 1580 habuistis,
2879 1526 2934 1569 ut
2981 1516 3190 1571 tollatur
3224 1519 3289 1571 de
3313 1519 3481 1572 medio
3514 1531 3731 1586 vestrum,

2167 1608 2254 1677 qui
2279 1608 2374 1661 hoc
2401 1625 2529 1678 opus
2558 1610 2695 1682 fecit.
2732 1607 2840 1681 Ego
2861 1611 3061 1680 quidem
3082 1610 3260 1666 absens
3285 1629 3515 1681 corpore,
3544 1630 3735 1682 presens

2167 1710 2332 1754 autem
2358 1701 2565 1771 spiritu,
2588 1702 2703 1773 join
2718 1702 2949 1771 judicavi
2970 1713 3026 1754 ut
3051 1719 3271 1773 prteseus
3296 1720 3414 1756 eum
3438 1705 3525 1774 qui
3546 1706 3613 1759 sic
3637 1722 3735 1775 ope-

2167 1801 2307 1846 ratus
2335 1792 2480 1846 estin
2515 1793 2718 1847 nomine
2745 1792 2950 1846 Domini
2975 1794 3135 1847 nostri
3152 1792 3277 1849 Iesu
3301 1794 3522 1862 Christi,
3549 1812 3735 1868 congre—

2167 1885 2299 1954 gatis
2327 1884 2489 1950 nobis,
2513 1896 2559 1941 et
2575 1887 2759 1956 spiritu
2789 1902 2920 1952 meo,
2954 1872 3153 1941 tradere
3180 1887 3474 1957 Itujusmodi
3499 1899 3675 1944 solante
3692 1892 3733 1943 in

2167 1975 2429 2030 interitum
2468 1977 2671 2041 carnis,
2699 1987 2751 2031 ut
2778 1978 2988 2047 spiritus
3030 1978 3200 2032 salvus
3245 1979 3308 2032 sit
3350 1979 3407 2033 in
3433 1980 3516 2034 die
3557 1979 3736 2034 Domini

2167 2066 2294 2122 Jesu
2350 2069 2426 2141 (1.
2464 2068 2582 2125 Cor.
2627 2069 2682 2125 5.
2735 2071 2810 2139 1).
2867 2068 3026 2124 Vides
3087 2078 3146 2124 ut
3199 2070 3286 2125 hic
3335 2071 3584 2140 puniatur
3621 2072 3732 2137 iste,

2116 2202 2125 2203 κ
2171 2176 2272 2216 nec
2323 2161 2431 2217 illic
2475 2161 2761 2232 puniatur?
2807 2161 2940 2217 Nam
2983 2161 3232 2232 quoniam
3282 2161 3375 2217 hic
3416 2163 3533 2233 ejus
3567 2178 3735 2233 corpus

2176 2253 2417 2323 punitum
2461 2261 2563 2317 est,
2604 2252 2715 2307 illic
2742 2269 2847 2307 non
2872 2254 3104 2323 punitur.
3139 2252 3256 2307 Jam
3293 2254 3576 2310 ostendere
3606 2254 3734 2308 illum

2171 2346 2317 2411 volo,
2345 2344 2436 2416 qui
2464 2344 2671 2401 deliciis
2699 2343 2786 2400 hic
2815 2344 3049 2410 fruatur,
3084 2353 3139 2400 et
3170 2345 3277 2400 illic
3301 2344 3580 2415 plectatur.
3606 2345 3734 2400 Dices

2169 2448 2279 2494 erat
2307 2438 2536 2508 quidam.
2568 2439 2639 2493 At
2669 2437 2881 2492 tametsi
2926 2436 3167 2492 historiae
3208 2437 3573 2494 narrationem
3607 2447 3733 2492 ante-

2168 2528 2375 2585 vertitis
2397 2568 2414 2596 ,
2443 2536 2753 2599 exspectate
2796 2528 2953 2583 linem
2990 2528 3284 2595 orationis;
3313 2527 3434 2584 haec
3474 2530 3608 2585 enim
3634 2544 3732 2584 mea

2170 2624 2288 2679 laus
2312 2633 2417 2691 est,
2450 2630 2798 2692 vestrumque
2841 2622 3167 2692 prazconium
3187 2663 3204 2689 ,
3235 2632 3294 2677 ut
3327 2622 3444 2692 jam
3469 2622 3589 2677 dum
3613 2620 3734 2692 prino

2170 2715 2308 2787 eipia
2347 2724 2633 2782 seruntur,
2673 2730 2770 2770 vos
2810 2722 3020 2785 segetes
3065 2712 3343 2785 colligatis.
3377 2732 3393 2769 :
3422 2714 3622 2770 assidua
3656 2727 3731 2767 ros

2169 2822 2478 2862 sermonum
2527 2805 2732 2861 auditio
2778 2806 3029 2861 doctores
3072 2804 3342 2860 reddidit:
3388 2805 3484 2861 sed
3515 2808 3730 2875 quoniam

2170 2900 2446 2957 vobiscum
2473 2909 2529 2955 et
2567 2898 2807 2953 nonnulli
2830 2898 3096 2968 peregrini
3143 2907 3269 2952 sunt
3303 2898 3564 2967 ingressi,
3594 2895 3729 2950 nolite

2170 3006 2410 3058 currere,
2436 2989 2533 3047 sed
2558 3004 2654 3045 eos
2670 2990 2761 3061 qui
2791 2989 3112 3056 claudieant,
3139 2997 3469 3060 exspectate.
3492 2989 3731 3060 Siquidem

2173 3097 2371 3154 corpus
2394 3091 2480 3138 est
2500 3082 2741 3138 Ecclesia
2768 3098 2784 3137 :
2813 3082 3027 3138 ocuium
3057 3081 3215 3137 habet
3235 3091 3293 3137 et
3313 3093 3477 3152 caput
3495 3082 3657 3137 habet.
3677 3079 3730 3136 lit

2170 3176 2333 3247 igitur
2361 3174 2408 3230 si
2431 3175 2682 3231 ealcaneo
2701 3175 2857 3245 spina
2899 3177 2966 3230 sit
3002 3176 3184 3242 infixa,
3214 3174 3468 3231 deorsum
3494 3175 3664 3230 oculos
3683 3188 3733 3234 se

2171 3268 2414 3335 inclinat,
2441 3266 2583 3337 quod
2624 3266 2926 3322 membrum
2960 3268 3030 3321 sit
3067 3267 3311 3337 corporis
3337 3309 3353 3333 ,
3391 3284 3562 3339 neque
3583 3266 3729 3322 dicit:

2173 3358 2614 3430 Quandoquidem
2645 3359 2700 3414 in
2727 3359 2838 3414 alto
2879 3359 3064 3426 sedeo,
3097 3360 3397 3415 membrum
3427 3359 3566 3431 quod
3600 3359 3730 3413 deor-

2170 3468 2288 3508 sum
2311 3462 2395 3508 est
2421 3452 2571 3507 nihili
2590 3451 2764 3518 facio;
2797 3452 2891 3507 sed
2920 3452 3137 3507 inclinat
3167 3467 3248 3518 se,
3277 3467 3541 3525 suamque
3559 3451 3729 3508 deserit

2170 3542 2509 3599 altitudinem
2538 3560 2552 3597 :
2584 3543 2795 3598 tametsi
2838 3543 2964 3614 quid
2998 3543 3251 3598 ealcaneo
3281 3543 3478 3600 vilius?
3502 3553 3588 3599 aut
3625 3540 3729 3613 quid

2172 3637 2332 3693 oculo
2361 3636 2628 3692 nobilius?
2654 3636 2761 3692 Sed
2806 3636 3221 3707 inmqttalitatem
3264 3637 3513 3706 cognatio
3557 3646 3730 3690 natura:

2170 3729 2412 3798 corrigit,
2445 3737 2498 3783 et
2525 3728 2720 3783 caritas
2745 3728 2925 3783 omnia
2954 3728 3162 3783 miscet.
3210 3726 3285 3782 Ita
3313 3727 3397 3782 fac
3430 3736 3483 3783 tu
3508 3740 3727 3798 quoque:

2170 3820 2414 3891 quamvis
2434 3821 2579 3874 celer
2603 3828 2661 3874 et
2682 3818 2965 3888 expeditus
3006 3819 3079 3873 sis
3095 3859 3112 3884 ,
3140 3831 3302 3890 atque
3327 3819 3395 3874 ad
3442 3816 3755 3874 audiendum

2170 3923 2409 3983 paratus,
2435 3912 2481 3966 si
2508 3911 2724 3966 fratrem
2758 3911 2977 3975 habeas,
3005 3911 3094 3981 qui
3119 3926 3182 3967 ea
3213 3927 3333 3982 qua:
3358 3917 3725 3983 proponuntur,

2170 4005 2380 4073 assequi
2413 4011 2677 4073 nequeat,
2718 4002 3010 4058 descendat
3042 4003 3108 4057 ad
3149 4004 3350 4059 calcem
3396 4004 3725 4063 oculustuus,

2172 4094 2524 4150 claudicantis
2549 4094 2772 4149 membri
2800 4095 3267 4150 commiseratione
3294 4103 3562 4167 tangatur,
3591 4094 3656 4148 ita
3679 4098 3728 4146 ut

2171 4187 2242 4243 ob
2274 4198 2418 4242 tuam
2445 4187 2772 4243 celeritatem
2799 4196 2854 4243 et
2894 4188 3034 4242 illius
3073 4186 3374 4243 tarditatem
3414 4202 3597 4259 expers
3634 4199 3727 4238 ser-

2171 4278 2349 4333 monis
2381 4278 2495 4348 ipse
2512 4291 2617 4333 non
2640 4288 2891 4333 maneat:
2925 4279 3031 4334 noli
3061 4289 3149 4334 tua
3176 4279 3519 4349 intelligentia
3542 4280 3590 4332 in
3613 4277 3727 4330 illius

2174 4368 2463 4440 perniciem
2489 4367 2657 4435 abuti,
2691 4368 2785 4424 scd
2807 4370 2877 4424 ob
2905 4379 3048 4424 tuam
3070 4369 3405 4426 celeritatem
3439 4372 3544 4425 Deo
3561 4368 3727 4440 gratias

2172 4474 2292 4530 age.
2321 4459 2478 4515 Dives
2514 4458 2612 4515 es?
2637 4460 2846 4530 gaudeo
2868 4460 3329 4531 -vchemenlerque
3365 4462 3552 4516 laetor:
3585 4468 3634 4514 at
3655 4457 3727 4512 ille

2175 4567 2377 4622 pauper
2400 4552 2576 4607 adhuc
2596 4562 2680 4608 est
2707 4570 2722 4607 :
2752 4568 2821 4609 ne
2845 4562 3062 4624 propter
3078 4554 3295 4609 divitias
3321 4565 3438 4608 tuas
3456 4555 3506 4609 in
3527 4557 3728 4622 egestate

2175 4654 2409 4702 maneat.
2460 4645 2679 4715 Spinam
2710 4646 2868 4703 habet
2895 4648 3018 4715 ille,
3051 4648 3414 4718 perturbatam
3455 4649 3725 4703 rationem:

2175 4748 2232 4793 tu
2258 4753 2387 4794 vero
2411 4738 2479 4793 ad
2502 4739 2649 4794 illum
2682 4734 2968 4806 descende,
3017 4755 3080 4796 ac
3100 4742 3306 4811 spinam
3344 4741 3583 4797 extrahe.
3614 4733 3725 4807 Quid

2176 4829 2336 4901 igitur
2363 4830 2476 4884 ait?
2514 4830 2667 4886 Dives
2705 4842 2812 4886 erat
2839 4832 3079 4905 quidam;
3117 4834 3363 4900 nomine,
3412 4849 3514 4888 non
3543 4832 3724 4901 reipsa;

2175 4923 2326 4979 dives
2351 4932 2467 4978 crat
2492 4924 2708 4995 quidam
2739 4940 2970 4996 purpura
3003 4926 3242 4991 indutus,
3266 4928 3351 4982 cui
3384 4941 3561 4982 mensa
3589 4937 3726 4995 appo-

2177 5015 2406 5070 nebatur
2423 5018 2642 5086 epipara
2667 5058 2682 5083 ,
2713 5019 2821 5073 vini
2855 5027 3091 5074 crateres
3118 5019 3320 5074 habens
3338 5030 3631 5083 coronatos,
3654 5012 3725 5083 qui

2176 5108 2420 5161 convivia
2447 5109 2685 5176 quotidie
2713 5110 3016 5164 celebrabat
3040 5127 3054 5173 ;
3083 5110 3217 5165 alter
3252 5126 3378 5166 vero
3406 5110 3607 5182 quidam
3635 5112 3724 5162 erat

2179 5213 2401 5268 pauper,
2429 5198 2662 5255 Lazarus
2686 5202 2900 5256 nomine
2933 5199 3087 5274 (Luc.
3116 5201 3203 5256 16.
3234 5202 3346 5274 19).

2252 5288 2356 5344 Cur
2394 5307 2575 5346 nomen
2618 5291 2787 5346 divitis
2831 5309 2931 5346 non
2971 5294 3036 5348 sit
3075 5310 3383 5365 expressum.
3412 5320 3480 5334 -~
3508 5291 3599 5348 Ubi
3623 5300 3724 5357 ergo

2182 5397 2380 5437 nomen
2406 5383 2585 5438 divitis
2611 5384 2635 5439 ?
2663 5383 2955 5456 Nusquam,
2984 5386 3179 5456 quippe
3202 5384 3292 5457 qui
3322 5387 3532 5441 nomine
3557 5390 3721 5437 careat.

2178 5473 2402 5543 Quantze
2446 5474 2687 5531 divitiae?
2737 5476 2845 5533 Nec
2890 5485 3065 5532 tamen
3120 5477 3198 5531 illi
3247 5491 3436 5532 nomen
3482 5474 3721 5544 reperitur.

2180 5564 2376 5633 Quales
2407 5565 2618 5621 tandem
2646 5563 2730 5622 ba:
2753 5566 3000 5622 divitiaa?
3029 5567 3204 5623 Arbor
3234 5568 3374 5624 foliis
3396 5578 3628 5628 vernans,
3649 5556 3723 5615 scd

2181 5656 2356 5713 fructu
2396 5659 2647 5714 destituta
2680 5678 2694 5714 :
2737 5676 2966 5730 quercus
3009 5660 3060 5715 in
3105 5661 3273 5716 altum
3317 5670 3553 5731 protenso
3578 5698 3591 5722 .
3631 5664 3724 5723 (1ηάε

2181 5750 2427 5820 glandem
2487 5752 2655 5806 brutis
2704 5752 3063 5807 animantibus
3115 5752 3166 5806 in
3220 5752 3395 5808 cibum
3445 5745 3721 5818 suppeditat.

2187 5841 2347 5897 homo
2376 5842 2463 5915 qui
2494 5843 2718 5899 fructum
2750 5859 2854 5898 non
2883 5841 3042 5898 habet
3074 5842 3319 5899 hominis.
3356 5841 3447 5899 Ubi
3472 5837 3602 5898 enim
3620 5829 3720 5892 dit'i'
