4006 6412
332 398 461 451 Ιυῦἰ

328 530 444 578 σον,
473 513 594 566 εἰπέ
629 531 739 583 μοι,
769 514 1089 586 μακαρίζεις
1129 513 1324 581 τοῦτον,
1361 512 1720 586 ῆταλανίζεις
1740 531 1755 580 ;
1776 514 1903 568 Ἐὰν

326 599 389 653 δὲ
412 600 597 670 ἕτερον
625 598 739 669 ἴδῃς
772 598 945 670 ὑδέρῳ
976 611 1000 640 ι
1029 598 1413 669 κατεχόμενον,
1461 598 1718 670 ἰατρικῶν
1767 600 1897 652 ἁπο-

331 682 567 737 λαύοντα
591 685 824 756 χειρῶν,
854 684 1001 757 λιμῷ
1034 684 1223 739 ἐαυτὸν
1254 683 1550 748 ἐκδιδόντα,
1599 685 1655 737 ἐν
1702 683 1906 755 ἀπορίᾳ

330 767 502 837 πολλῇ
534 768 684 830 ὄντα,
740 769 1053 839 φαρμάκοις
1101 766 1623 843 προσκαρτεροῦνταπ
1666 768 1903 838 πικροῖς,

327 850 515 921 ἔχουσι
554 852 657 920 μὲν
687 851 902 924 ὀδύνην,
918 853 1161 905 τίκτουσι
1182 852 1239 904 δὲ
1265 851 1352 905 διὰ
1370 852 1470 921 τῆς
1484 850 1673 921 ὀδύνης
1695 849 1902 918 ὑγείαν,

327 933 454 1004 οὐχὶ
487 933 676 989 τοῦτον
698 935 839 1006 ὑπὲρ
867 937 1074 989 ἐκεῖνον
1108 934 1430 1006 μακαρίζεις
1454 950 1468 999 ;
1509 933 1865 1004 Ὢμολόγηται
1888 947 1902 962 ·

328 1017 359 1069 6
389 1016 487 1087 μὲν
515 1015 624 1088 7&9
653 1020 820 1081 νοσεῖ,
843 1017 940 1072 καὶ
970 1018 1031 1071 οὐ
1059 1016 1420 1091 θεραπεύεται
1444 1032 1458 1045 ·
1485 1018 1514 1070 6
1537 1016 1595 1070 δέ
1626 1018 1788 1079 νοσεῖ,
1813 1013 1905 1068 καὶ

329 1098 594 1153 ἀπολαύει
643 1100 901 1172 ἰατρείας.
946 1101 1085 1154 Ἀλλ’
1128 1101 1385 1163 ἐπίπονος
1413 1100 1447 1170 ὴ
1489 1098 1717 1169 ἰατρεία.
1767 1098 1905 1151 Ἀλλ’

328 1181 606 1253 ὠφέλιμον
633 1184 803 1255 αὐτῆς
832 1183 893 1237 τὸ
908 1184 1079 1247 τέλος.
1113 1183 1299 1247 Οὕτως
1323 1184 1440 1237 ἐστί
1459 1183 1554 1236 καὶ
1575 1182 1736 1252 ἐντῷ
1762 1199 1905 1253 παρ-

328 1264 447 1318 όντι
509 1266 630 1337 βίῳ.
673 1266 810 1320 Ἀλλ’
841 1267 949 1322 ἀπὸ
979 1266 1086 1321 τῶν
1118 1267 1385 1338 σωμάτων
1427 1265 1607 1335 ἄπαγε
1629 1265 1720 1319 τὸν
1750 1264 1907 1333 λόγον

328 1349 429 1401 ἐπὶ·
451 1348 550 1412 τὰς
580 1348 778 1419 ψυχάς,
811 1350 921 1404 ἀπὸ
952 1351 1059 1403 τῶν
1081 1348 1404 1421 νοσημάτων
1432 1347 1529 1401 ἐπὶ
1564 1348 1631 1402 τὰ
1653 1347 1904 1419 ἁμαρτή-

332 1448 500 1501 ματα,
532 1431 640 1485 ἀπὸ
656 1433 755 1504 τῆς
784 1433 1009 1504 πικρίας
1035 1433 1144 1486 τῶν
1165 1432 1472 1504 φαρμάκων
1500 1432 1593 1485 ἐπὶ
1619 1432 1717 1495 τὰς
1732 1448 1906 1501 τιμω-

332 1514 465 1584 ρίας
490 1515 583 1569 καὶ
614 1517 725 1587 τὴν,
766 1517 950 1589 κρίσιν
1006 1516 1101 1569 τοῦ
1146 1515 1302 1570 Θεοῦ.
1346 1516 1522 1587 Ὅπερ
1547 1516 1654 1586 γάρ
1700 1515 1819 1567 ἐστι
1844 1513 1907 1567 τὸ

328 1598 623 1670 φάρμακον
673 1598 733 1653 τὸ
781 1600 932 1672 παρά
959 1600 1052 1653 τοῦ
1090 1598 1298 1670 ἰατροῦ,
1335 1599 1430 1652 καὶ
1461 1599 1493 1668 ή
1523 1597 1664 1667 τομὴ
1718 1597 1813 1650 καὶ
1845 1596 1907 1650 τὸ

327 1680 464 1752 πῦρ.
488 1681 647 1735 τοῦτό
662 1686 810 1736 ἐστιν
840 1684 873 1754 ἡ
903 1682 1141 1753 τιμωρία
1165 1685 1197 1753 ἡ
1229 1681 1377 1754 παρά
1396 1681 1490 1735 τοῦ
1514 1679 1669 1734 Θεοῦ.
1695 1679 1906 1751 ’Ὠσπερ

326 1763 440 1835 γὰρ
470 1764 533 1817 τὺ
567 1764 677 1835 πῦρ
711 1765 968 1828 πολλάκις
993 1766 1330 1836 ἐπαγόμενον
1364 1763 1530 1827 καίει,
1573 1763 1668 1817 καὶ
1694 1761 1795 1833 τὴν
1822 1778 1907 1814 νο-

332 1846 441 1918 μὴν
470 1847 691 1912 κωλύει,
726 1849 822 1901 καὶ
847 1849 909 1901 τὸ
939 1848 1177 1918 σιδήριον
1197 1848 1509 1918 ἀφαιρεῖται
1551 1844 1648 1916 τὴν
1674 1843 1906 1917 σηπεδό-

326 1948 418 1991 να,
446 1930 566 2001 ἕχον
595 1930 695 2001 μὲν
730 1931 943 2002 ὀδύνην,
980 1932 1215 2003 παρέχον
1232 1932 1289 1985 δὲ
1318 1930 1615 2001 ὠφέλειαν
1643 1927 1786 1982 οὕτω
1811 1928 1906 1981 καὶ

325 2015 487 2085 λιμὸς
519 2017 613 2069 καὶ
640 2016 818 2088 λοιμοὶ
857 2017 952 2069 καὶ
978 2018 1078 2071 ὅσα
1105 2014 1252 2070 κακὰ
1287 2013 1552 2069 δοκοῦντα
1573 2009 1741 2079 εἶναι,
1785 2014 1906 2067 ἀντὶ

328 2098 548 2169 σιδήρου
582 2101 674 2153 καὶ
706 2100 878 2171 πυρὸς
907 2101 1203 2168 ἐπάγονται
1226 2101 1291 2168 τῇ
1323 2099 1494 2171 ψυχῇ,
1513 2097 1601 2152 ἴνα
1619 2098 1719 2168 τὴν
1736 2095 1906 2167 νομὴν

324 2181 435 2235 τῶν
463 2183 782 2254 νοσημάτων
805 2182 949 2238 κατὰ
978 2184 1076 2254 τὴν
1119 2183 1303 2237 εἰκόνα
1337 2181 1445 2235 τῶν
1495 2180 1761 2252 σωμάτων
1794 2197 1906 2233 κω-

325 2264 464 2336 λύσῃ
501 2267 595 2319 καὶ
649 2265 896 2336 βελτίονα
941 2265 1262 2337 ἐργάσηται.
1312 2265 1485 2319 Πάλιν
1542 2263 1785 2318 ἐστωσαν
1813 2261 1906 2315 δύο

327 2349 538 2419 πόρνοι,
575 2351 666 2403 καὶ
694 2349 1001 2403 ὑποκείσθω
1023 2348 1261 2420 τῷλόγῳ
1352 2347 1516 2402 εἰκών
1537 2364 1551 2379 ·
1577 2346 1672 2402 δύο
1692 2347 1900 2419 πόρνοι·

325 2432 445 2485 ἀλλ’
475 2434 503 2485 6
544 2433 642 2503 μὲν
676 2432 949 2497 πλούσιος.
985 2435 1012 2487 ό
1034 2433 1089 2487 δὲ
1120 2432 1309 2502 πένης.
1335 2431 1431 2494 Τίς
1461 2431 1662 2502 μᾶλλον
1683 2429 1906 2493 ἐλπίδας

328 2516 605 2587 σωτηρίας
628 2515 777 2588 ἔχεις
818 2516 1174 2587 Ὠμολόγηται
1206 2514 1448 2586 δηλονότι
1500 2516 1528 2568 ὀ
1571 2513 1760 2583 πένης.
1811 2512 1903 2584 Μὴ

322 2599 507 2651 τοίνυν
533 2599 692 2669 εἴπῃς
717 2642 730 2662 ,
761 2600 842 2653 ὅτι
883 2601 913 2651 6
959 2598 1213 2662 πλούσιος
1250 2596 1505 2669 πορνεύει
1538 2597 1631 2649 καὶ
1661 2596 1902 2661 πλουτεῖ,

325 2684 425 2737 καὶ
453 2683 539 2738 διά
570 2685 726 2737 τοῦτο
759 2683 1051 2756 μακαρίζω
1077 2683 1261 2737 αὐτόν.
1304 2681 1521 2736 Μᾶλλον
1557 2681 1665 2734 ἔδει
1706 2697 1766 2734 σε
1797 2697 1905 2750 μα·-

324 2767 574 2835 καρίζειν
606 2766 789 2833 αὐτὸν,
836 2768 885 2819 εἰ
918 2766 1199 2839 πορνεύων
1227 2765 1469 2830 ἐπένετο,
1525 2766 1574 2818 εἰ
1629 2763 1905 2834 πορνεύων

324 2850 644 2920 ἐλίμωττεν
677 2845 790 2920 εἶχε
807 2849 915 2922 7&9
937 2850 1251 2905 διδάσκαλον
1270 2847 1792 2919 κατηναγκασμένον
1808 2847 1907 2917 τῆς

327 2933 649 3003 φιλοσοφίας
674 2934 772 3006 τὴν
794 2934 1004 2988 πενίαν.
1034 2936 1202 2988 Ὅταν
1230 2935 1346 3007 ίδῃς
1375 2933 1543 2988 κακὸν
1571 2931 1907 3004 εὐημεροῦν-

320 3037 415 3086 τα,
449 3019 744 3092 δάκρυσον·
781 3018 874 3073 δύο
902 3019 1012 3089 γὰρ
1042 3019 1208 3082 κακὰ,
1246 3020 1339 3072 καὶ
1361 3019 1517 3082 νόσος
1542 3017 1636 3072 καὶ
1664 3017 1728 3071 τὸ
1752 3017 1907 3071 ἀνία-

320 3122 437 3160 τον.
462 3105 630 3159 Ὅταν
651 3104 764 3178 ίδῃς
788 3104 956 3158 κακὸν
982 3106 1039 3156 ἐν
1062 3105 1366 3176 συμφοραῖς
1382 3101 1531 3166 ὄντα,
1551 3098 1904 3174 παραμυθοῦ,

326 3191 406 3261 μὴ
430 3190 517 3243 διὰ
536 3188 691 3242 τοῦτο
715 3189 897 3259 μόνον,
926 3187 1008 3241 ὅτι
1035 3187 1254 3258 βελτίων
1276 3187 1509 3256 γίνεται,
1536 3185 1651 3241 ἀλλ’
1675 3187 1756 3240 ὅτι
1784 3186 1908 3240 πολ-

320 3272 394 3325 λὰ
421 3272 528 3324 τῶν
546 3272 956 3343 ἁμαρτημάτων
984 3271 1147 3325 αὐτοῦ
1167 3269 1397 3324 ἐνταῦθα
1409 3267 1702 3324 διαλύεται.
1731 3269 1907 3340 Πρόσ-

319 3373 419 3426 εχε
457 3357 594 3427 μετά
616 3356 902 3427 ἀκριϐείας
931 3353 1008 3425 τῷ
1035 3354 1198 3426 λόγῳ.
1233 3353 1426 3408 Πολλοί⁸
1460 3355 1570 3408 τῶν
1603 3352 1905 3425 ἀνθρώπων

319 3443 422 3494 καὶ
468 3440 700 3493 ἐνταῦθα
753 3438 1094 3503 διαλύονται,
1130 3439 1225 3492 καὶ
1251 3441 1370 3492 ἐκεῖ
1410 3438 1718 3509 κρίνονται·
1768 3438 1816 3491 οἰ
1850 3437 1908 3492 δὲ

320 3522 561 3576 ἐνταῦθα
603 3522 780 3593 μόνον.
806 3523 856 3575 οἰ
878 3522 935 3575 δὲ
960 3524 1077 3576 ἐκεῖ
1106 3522 1284 3593 μόνον.
1321 3521 1536 3592 Κάτεχέ
1571 3538 1673 3592 μου
1705 3520 1804 3592 τὴν
1828 3520 1907 3573 δι-

317 3605 619 3660 δασκαλίαν
638 3623 651 3636 ·
684 3599 840 3669 οὗτος
867 3604 976 3676 7&9
1004 3603 1400 3676 διευκρινηθεὶς
1424 3606 1452 3658 6
1477 3603 1635 3673 λόγος
1676 3603 1905 3667 πολλοὺς

318 3689 586 3761 θορύϐους
610 3688 830 3742 ἐκϐαλεῖ
858 3705 950 3742 σου
981 3686 1077 3741 τοῦ
1108 3686 1391 3758 λογισμοῦ.

413 3771 571 3836 Ἀλλ’,
607 3773 655 3825 εἰ
696 3771 863 3834 δοκεῖ,
899 3771 1315 3842 παραγάγωμεν
1360 3772 1442 3834 εἰς
1477 3769 1641 3841 μέσον
1691 3769 1905 3843 πρῶτον

317 3857 418 3911 τὸν
466 3858 581 3910 ἐκεῖ
619 3856 718 3927 μὲν
759 3854 1140 3925 κολαζόμενον,
1181 3852 1416 3907 ἐνταῦθα
1436 3852 1494 3906 δὲ
1522 3853 1906 3907 ἀπολαύσαντα

317 3941 559 4012 τρυφῆς.
592 3938 1016 4011 Προσεχέτωσαν
1044 3938 1139 3991 καὶ
1164 3936 1409 3991 πλούσιοι
1440 3935 1534 3991 καὶ
1565 3936 1798 4006 πένητες
1826 3934 1906 4005 τῷ

318 4026 623 4097 λεγομένην
674 4022 956 4095 ἑκατέροις
1010 4022 1121 4092 γὰρ
1179 4022 1448 4093 χρήσιμος
1491 4022 1525 4092 ἡ
1565 4020 1903 4075 διδασκαλία.

324 4112 453 4162 Ὀτι
480 4109 586 4179 7&9
615 4107 707 4162 καί
741 4105 890 4179 [777]
922 4106 1156 4159 ἐνταῦθα
1188 4105 1282 4159 καὶ
1327 4106 1444 4158 ἐκεῖ
1479 4103 1665 4157 πολλοὶ
1694 4102 1907 4174 κρίνον-

316 4213 435 4254 ται.
461 4193 623 4247 ἄκουε
643 4192 736 4245 τοῦ
760 4190 994 4262 Χριστοῦ
1020 4189 1286 4258 λέγοντος
1316 4193 1423 4254 Εἰς
1450 4187 1530 4256 ἢν
1554 4188 1605 4242 δ’
1629 4187 1705 4242 ἂν
1725 4189 1908 4242 πόλιν

318 4280 365 4345 ἢ
396 4278 591 4330 οἰκίαν
616 4273 946 4342 εἰσέλθητε,
975 4273 1384 4342 εἰσερχόμενοι
1420 4273 1510 4337 εἰς
1533 4269 1648 4340 τὴν
1682 4270 1900 4336 οἰκίαν,

318 4352 692 4417 ἀσπάσασθε
742 4357 958 4425 αὐτὴν,
1010 4355 1312 4426 λέγοντες
1350 4353 1574 4424 Εἰρήνη
1627 4352 1709 4419 τῷ
1759 4354 1904 4419 οἴκῳ

316 4445 534 4507 τούτῳ.
565 4443 694 4496 Κᾶν
716 4442 835 4512 μὲν
869 4436 911 4513 ᾖ
937 4442 975 4509 η
1013 4440 1171 4495 οἰκία
1194 4439 1357 4504 ἀξία,
1398 4438 1715 4493 εἰσελθέτω
1748 4439 1787 4507 ἡ
1824 4441 1903 4493 εἰ-

313 4526 477 4600 ρήνη
501 4525 668 4595 ὑμῶν
689 4526 781 4579 ἐπ’
804 4524 1015 4593 αὑτήν·
1048 4524 1157 4578 ἐὰν
1183 4523 1251 4577 δὲ
1269 4522 1356 4593 μὴ
1382 4518 1425 4594 ᾗ
1448 4522 1609 4588 ἀξία.
1632 4524 1671 4591 ἠ
1697 4522 1903 4592 εἰρήνη

319 4610 493 4680 ὑμῶν
517 4611 609 4680 ἐφ’
639 4610 795 4680 ὑμᾶς
826 4606 1245 4677 ἐπιστραφήτω
1265 4607 1315 4661 ιι.
1344 4607 1453 4662 Καὶ
1481 4607 1550 4673 ὃς
1593 4606 1670 4661 ἂν
1690 4606 1776 4677 μὴ
1808 4606 1905 4661 δέ·

318 4696 502 4763 ξηται
524 4695 702 4766 ὑμᾶς,
727 4694 884 4764 μηδὲ
911 4695 1149 4761 ἀκούσῃ
1183 4692 1328 4758 τοὺς
1345 4694 1570 4762 λόγους
1595 4692 1782 4762 ὑμῶν,
1804 4693 1904 4758 ἐξ-

316 4781 639 4849 ερχόμενοι
689 4778 804 4844 ἔξω
864 4776 976 4847 τῆς
1039 4778 1309 4843 πόλεως,
1384 4774 1731 4840 ἐκτινάξατε
1797 4776 1907 4831 τὸν

318 4863 641 4932 κονιορτὸν
687 4860 806 4916 τῶν
846 4860 1049 4915 ποδῶν
1090 4858 1278 4929 ὑμῶν.
1332 4859 1510 4930 Ἀμὴν
1539 4860 1695 4930 λέγω
1738 4862 1902 4930 ὑμῖν,

316 4949 718 5015 ἀνεκτότερον
748 4945 920 4999 ἔσται
951 4942 1027 5013 γῇ
1052 4943 1331 5013 Σοδόμων
1360 4944 1460 4997 καί
1490 4944 1811 5013 Γομόρρων
1835 4945 1906 4998 ἐν

317 5032 517 5101 ἡμέρᾳ
554 5029 828 5098 κρίσεως,
861 5028 899 5095 ἢ
928 5025 1003 5095 τῇ
1043 5029 1217 5081 πόλει
1243 5028 1464 5097 ἐκείνῃ.
1492 5029 1596 5093 Εἰς
1629 5026 1711 5095 ἦν
1745 5028 1797 5082 δ’
1828 5028 1907 5084 ἂν

318 5117 511 5170 πόλιν
542 5112 582 5181 ἢ
615 5113 812 5166 οἰκίαν
841 5111 1173 5178 εἰσέλθητε,
1208 5109 1534 5175 ἐξετάσατε
1577 5111 1668 5177 τίς
1691 5111 1762 5166 ἐν
1799 5115 1906 5167 αὐ-

318 5197 404 5265 τῇ
442 5196 611 5262 ἄξιός
649 5194 801 5258 ἐστι,
837 5192 1015 5249 κάκεῖ
1039 5193 1303 5262 μείνατε,
1348 5193 1459 5260 ἕως
1487 5194 1565 5247 ἂν
1593 5194 1900 5263 ἐξέλθητε.

326 5282 473 5335 Ἀπὸ
494 5280 697 5334 τούτων
725 5278 884 5348 δῆλον
913 5279 996 5331 ὅτι
1016 5278 1066 5329 οἰ
1093 5277 1342 5347 Σοδόμων
1371 5280 1466 5332 καὶ
1490 5280 1782 5352 Γομόρρων
1809 5281 1905 5335 καὶ

317 5362 563 5419 ἐνταῦθα.
616 5360 931 5433 ἐκρίθησαν,
988 5360 1082 5414 καὶ
1128 5361 1245 5413 ἐκεῖ
1294 5370 1318 5399 ο
1360 5360 1698 5426 κολάζονται.
1734 5363 1904 5418 Ὅταν

318 5447 440 5522 7&9
476 5446 631 5519 λέγῃ,
681 5447 763 5499 ὅτι
806 5444 1157 5516 ἀνεκτότερον
1208 5443 1360 5500 ἔσται
1404 5445 1660 5516 Σοδόμοις
1703 5446 1736 5519 ἦ
1779 5448 1903 5502 τού-

382 5681 401 5749 ξ’
422 5684 793 5749 γριίρῶδερείᾳ.

383 5746 410 5783 b
439 5745 593 5810 vuig.
618 5745 733 5810 πρὸς
754 5745 875 5810 ὗμᾷς
890 5745 1245 5810 ἆναστραφέτῳ.

384 5813 411 5842 ⁸
435 5809 519 5858 Sic
542 5806 719 5870 Vatia,
750 5806 799 5857 in
836 5806 1006 5857 Morel.
1031 5806 1078 5857 ει
1106 5807 1259 5861 Savil.
1282 5819 1398 5858 vero
1422 5809 1501 5858 καί
1520 5809 1707 5860 ἐκεῖθεν.

1551 378 1636 447 DE
1672 389 1950 446 mzano
1987 389 2237 448 CONCIO
2279 392 2363 447 ιιι.

3453 383 3592 442 107.2

2009 506 2464 582 τοις,’δείκνυσιν,
2502 515 2585 569 ὅτι
2623 501 2940 578 κολάζονται
2969 509 3091 582 μὲν,
3118 508 3218 579 οὐχ
3237 507 3380 561 οὕτω
3421 506 3479 561 δὲ
3515 506 3590 560 (in

2038 591 2065 614 τ

2008 613 2173 653 ουτοι.

2080 689 2141 743 δ’.
2163 689 2332 744 Πάλιν
2352 689 2491 743 εἰσὶν
2519 690 2569 742 οί
2587 687 2820 742 ἐνταῦθα
2834 683 3185 748 κολαζόμενοι
3207 678 3589 753 μόνον,ὥσπερ

2006 775 2036 827 6
2068 772 2476 844 πεπορνευκώς.
2504 771 2812 844 Κορινθίοις
2849 769 2958 840 γὰρ
2987 765 3317 821 ἐπιστέλλων
3352 768 3380 820 6
3406 765 3588 836 μακά-

2010 873 2126 927 ριος
2175 855 2407 921 Παῦλος,
2455 855 2628 920 οὕτως
2686 855 2891 922 ἐλεγενο
2946 853 3134 917 Ὄλως
3181 850 3463 905 ἀκούεται
3519 849 3591 902 έν

2006 938 2150 1008 ὑμῖν
2172 940 2438 1009 πορνεία,
2460 939 2561 993 καί
2589 940 2834 1007 τοιαύτη
2868 935 3137 1006 πορνεία,
3179 928 3489 1002 ἤτιςόὐδὲ
3519 933 3592 987 ἐν

2008 1022 2133 1089 τοῖς
2173 1022 2418 1077 ἔθνεσιν
2455 1020 2817 1092 ὀνομάζεται,
2851 1020 3006 1075 ὥστε
3035 1016 3291 1090 γυναῖκά
3318 1034 3453 1071 τινα
3480 1010 3590 1071 τοῦ

2008 1105 2231 1173 πατρὸς
2255 1106 2439 1174 ἔχειν.
2470 1106 2581 1159 Καὶ
2607 1105 2778 1174 ὑμεῖς
2814 1102 3255 1173 πεφυσιωμένοι
3294 1100 3457 1163 ἐστὲ,
3491 1098 3589 1154 καί

2008 1188 2146 1258 οῠχί
2183 1189 2427 1259 μᾶλλον
2469 1187 2860 1255 ἐπενθήσατε,
2894 1187 2995 1242 ἵνα
3023 1183 3248 1253 ἐξαρθῇ
3285 1184 3353 1237 ἐκ
3391 1183 3591 1253 μέσου

2007 1270 2176 1341 ὑμῶν
2197 1275 2230 1326 ό
2250 1271 2318 1326 τὸ
2341 1271 2519 1341 ἔργον
2545 1271 2721 1325 τοῦτο
2743 1268 3023 1337 ποιήσας.
3061 1267 3208 1338 Ἐγὼ
3231 1266 3349 1336 μὲν
3371 1264 3482 1336 γὰρ
3509 1265 3593 1332 ὡς

2007 1353 2179 1409 ἀπὼν
2211 1353 2290 1420 τῷ
2328 1353 2576 1424 σώματι,
2627 1354 2833 1422 παρὼν
2883 1351 2952 1406 δὲ
2988 1351 3069 1417 τῷ
3113 1350 3425 1419 πνεύματι,
3471 1348 3590 1417 ἤδη

2008 1437 2275 1507 κέκρικα,
2305 1437 2386 1502 ὡς
2423 1436 2630 1506 παρὼν
2657 1436 2767 1490 τόν
2793 1436 2946 1491 οὕτω
2977 1433 3153 1488 τοῦτο
3184 1429 3590 1500 κατεργασμέ-

2006 1536 2137 1583 νον,
2164 1520 2233 1574 έν
2255 1519 2337 1586 τῷ
2363 1520 2607 1589 ὀνόματι
2634 1517 2742 1574 τοῦ
2765 1519 2986 1586 Κυρίου
3022 1516 3192 1586 ἡμῶν
3231 1513 3429 1583 Ἰησοῦ
3456 1516 3590 1582 Χρι-

2006 1604 2157 1658 στοῦ
2180 1602 2610 1672 συναχθέντων
2641 1600 2853 1672 ἡμῶνά
2879 1600 2979 1656 καὶ
3019 1600 3123 1655 τοῦ
3152 1598 3301 1669 ἐμοῦ
3330 1597 3594 1667 πνεύμαο

2006 1701 2130 1751 τος,
2165 1685 2538 1754 παραδοῦναι
2588 1685 2695 1739 τὸν
2746 1684 3021 1739 τοιοῦτον
3079 1681 3162 1748 τῷ
3211 1678 3449 1747 σατανᾷ
3501 1681 3595 1747 εἰς

2007 1768 2259 1836 ὀλεθρον
2279 1768 2391 1837 τῆς
2416 1768 2664 1837 σαρκὸς,
2713 1769 2815 1822 ἵνα
2843 1768 2908 1822 τὸ
2944 1766 3182 1836 πνεῦμα
3219 1762 3389 1832 σωθῇ
3421 1764 3491 1818 ἐν
3515 1761 3594 1833 τῇ

2005 1851 2197 1920 ἡμέρᾳ
2218 1852 2324 1907 τοῦ
2345 1853 2570 1922 Κυρίου
2602 1853 2820 1921 Ἰησοῦ.
2861 1849 3014 1915 Εἶδες
3044 1850 3163 1913 πῶς
3189 1845 3342 1912 οὗτος
3367 1843 3470 1904 ὧδε
3499 1864 3593 1901 κο·

2005 1934 2247 2000 λάζεται,
2297 1936 2393 1989 καὶ
2440 1937 2558 1989 ἐκεῖ
2607 1936 2668 1989 ού
2711 1935 3033 2001 κολάζεται;
3081 1933 3298 2001 Ἐπειδὴ
3335 1930 3445 2003 7&9
3485 1923 3592 1984 ὧδε

2006 2018 2275 2089 ἐκολάσθη
2319 2017 2484 2073 αὐτοῦ
2515 2018 2579 2073 τὸ
2614 2019 2794 2090 σῶμα,
2829 2021 2945 2072 ἐκεῖ
2974 2019 3033 2072 ού
3079 2017 3390 2081 κολάζεται.
3438 2014 3592 2069 Θέλω

2008 2099 2110 2173 [δὲ]
2131 2100 2318 2156 λοιπὸν
2356 2102 2528 2170 δεῖξαι
2556 2102 2649 2157 τὸν
2678 2099 2782 2156 ὧδε
2805 2102 3185 2173 τρυφήσαντα,
3214 2102 3331 2153 ἐκεῖ
3353 2100 3410 2154 δὲ
3431 2099 3594 2153 κολα-

2007 2184 2256 2256 ζόμενον.
2283 2182 2396 2242 Ἦν
2416 2204 2508 2254 τις
2530 2188 2851 2253 πλούσιος.
2888 2185 3029 2239 Ἀλλ’
3060 2186 3109 2239 εἰ
3145 2185 3241 2238 καὶ
3269 2182 3592 2255 προλαμϐά-

2004 2284 2125 2321 νετε
2160 2269 2259 2341 τὴν
2297 2270 2539 2341 ἱστορίαν
2588 2269 2684 2323 τοῦ
2717 2269 3080 2340 διηγήματος,
3121 2268 3451 2339 ἀναμείνατε
3493 2267 3592 2337 τὴν

2004 2350 2158 2407 λύσιν
2183 2353 2276 2407 τοῦ
2309 2353 2491 2424 λόγουο
2512 2353 2671 2407 τοῦτο
2690 2353 2799 2424 7&9
2828 2353 2960 2423 ἐμὸν
3000 2352 3302 2422 ἐγκώμιον,
3333 2353 3429 2406 καὶ
3450 2352 3590 2421 ὑμέ-

2003 2453 2162 2508 τερος
2192 2435 2430 2505 ἔπαινος,
2461 2437 2763 2510 προοιμίων
2789 2436 3303 2507 καταϐαλλομένων,
3320 2437 3419 2507 ῆδη
3444 2437 3591 2506 ὑμᾶς

2003 2519 2096 2575 τὸν
2127 2521 2326 2591 στάχυν
2356 2521 2671 2592 δρέπεσθαι.
2703 2520 3073 2584 Διδασκάλους
3108 2521 3255 2590 ὑμᾶς
3295 2519 3591 2592 εἰργάσατο

2005 2605 2038 2674 ή
2073 2607 2301 2676 συνεχὴς
2342 2605 2452 2658 τῶν
2489 2604 2663 2673 λόγων
2715 2605 3036 2668 ἀπόλαυσις·
3084 2603 3200 2658 ἀλλ’
3233 2601 3422 2675 ἐπειδὴ
3470 2602 3590 2674 μεθ’

2006 2687 2161 2757 ὑμῶν
2209 2690 2316 2742 εἰσι
2357 2688 2453 2743 καὶ
2492 2688 2635 2756 ξένοι
2666 2688 2813 2751 τινὲς
2841 2687 3119 2753 εἰσιόντες,
3165 2686 3239 2759 μὴ
3279 2686 3503 2758 τρέχετε
3539 2697 3588 2749 θ,

2006 2770 2123 2825 ἀλλ’
2167 2771 2497 2842 ἀναμείνατε
2545 2772 2674 2836 τοὺς
2713 2770 3069 2842 χωλεύοντας.
3107 2770 3220 2823 Καὶ
3261 2767 3371 2840 7&9
3404 2770 3439 2838 ἡ
3475 2768 3593 2822 Ἐκ-

2007 2854 2206 2926 κλησία
2257 2854 2419 2926 σῶμά
2473 2856 2642 2909 ἐστιν’
2695 2854 2972 2926 ὀφθαλμὸν
3020 2853 3154 2923 ἔχει,
3206 2852 3303 2906 καὶ
3347 2850 3592 2923 κεφαλὴν

2005 2938 2138 3010 ἔχει.
2171 2940 2383 3011 Ὥσπερ
2427 2934 2522 2993 οὖν
2562 2939 2657 2993 ἐὰν
2695 2940 2729 3010 ἡ
2776 2938 2985 3010 πτέρνα
3017 2937 3236 3007 δέξηται
3267 2935 3526 2999 ἄκανθαν,
3560 2936 3592 2988 6

2004 3021 2279 3093 ὀφθαλμὸς
2307 3021 2459 3076 κάτω
2497 3020 2714 3086 κύπτει,
2744 3021 2906 3091 μέλος
2944 3019 3020 3074 ὢν
3055 3019 3150 3073 τοῦ
3191 3019 3462 3089 σώματος,
3493 3020 3591 3073 καὶ

2003 3106 2065 3159 οὐ
2095 3105 2262 3174 λέγει,
2303 3104 2522 3175 Ἐπειδὴ
2570 3105 2627 3158 ὲν
2663 3102 2788 3175 ῦψει
2826 3103 3091 3176 κάθημαι,
3129 3103 3457 3173 καταφρονῶ
3492 3103 3589 3157 τοῦ

2005 3186 2158 3241 κάτω
2184 3188 2398 3258 μέλους,
2433 3187 2569 3242 ἀλλά
2598 3187 2795 3242 κύπτει
2820 3187 2912 3241 καὶ
2945 3186 3347 3257 καταλιμπάνει
3381 3185 3442 3238 τὸ
3463 3187 3590 3238 ἐαυ-

2004 3270 2098 3325 τοῦ
2163 3271 2317 3341 ὕψος
2383 3272 2563 3327 καίτοι
2613 3270 2666 3325 τί
2715 3270 2954 3342 πτέρνης
3001 3269 3398 3339 εὐτελέστερον,
3446 3268 3480 3339 ἢ
3533 3269 3589 3322 τί

2003 3355 2284 3427 ὀφθαλμοῦ
2308 3356 2719 3428 εὐγενέστερον;
2742 3355 2857 3410 ἀλλ’
2880 3357 2912 3426 ή
2942 3354 3256 3424 συμπάθεια
3282 3353 3341 3407 τὸ
3366 3354 3590 3423 ἀνώμα-

2005 3440 2096 3494 λον
2122 3438 2423 3510 διώρθωσε,
2464 3440 2560 3493 καλ⁸
2597 3441 2631 3511 ἡ
2668 3440 2855 3508 ἀγάπη
2881 3439 2942 3492 τὸ
2976 3440 3086 3492 πᾶν
3134 3436 3416 3508 ἐκέρασεν·
3445 3436 3590 3490 οὕτω

2006 3522 2101 3577 καὶ
2144 3524 2208 3577 σὺ
2255 3522 2418 3577 ποίειο
2467 3523 2570 3577 κᾶν
2601 3522 2772 3593 ταχὺς
2806 3518 2896 3594 ᾗς,
2930 3520 3033 3575 κᾶν
3069 3521 3588 3593 παρεσκευασμένος

2005 3604 2144 3675 πρὸς
2191 3605 2475 3678 ἀκρόασιν,
2525 3605 2600 3677 μὴ
2655 3604 2785 3677 ἔχῃς
2834 3606 2891 3660 δὲ
2937 3604 3452 3678 παρακολουθοῦντα
3494 3605 3588 3658 τὸν

2006 3685 2236 3755 ἀδελφὸν
2279 3688 2392 3750 τοῖς
2430 3684 2947 3756 καταϐαλλομένοις,
2984 3685 3279 3756 καταϐήτω
3317 3686 3347 3738 6
3384 3682 3588 3753 ὀφθαλ-

2010 3770 2109 3843 μός
2139 3786 2234 3823 σου
2265 3769 2401 3839 πρὸς
2427 3767 2524 3840 τὴν
2547 3765 2804 3841 πτέρναν*
2838 3786 2900 3821 συ
2909 3768 3206 3839 μπασχέτω
3228 3767 3308 3840 τῷ
3329 3766 3590 3838 χωλεύον-

2002 3871 2058 3907 τι
2108 3853 2282 3925 μέλει,
2324 3851 2465 3906 ὥστε
2502 3852 2576 3924 μὴ
2617 3852 2707 3906 διά
2747 3850 2848 3923 τὴν
2892 3852 2989 3922 σὴν
3020 3851 3318 3922 ταχυτῆτα,
3353 3852 3446 3904 καί
3488 3851 3588 3921 τὴν

2007 3936 2218 3991 ἐκείνου
2281 3935 2612 4008 βραδυτῆτα,
2671 3934 2879 4006 ἔρημον
2924 3934 3086 3988 αὐτὸν
3148 3936 3439 4005 άπομεῖναι
3490 3932 3586 3986 τοῦ

2007 4018 2158 4091 [778]
2194 4018 2374 4086 λόγου.
2425 4018 2517 4089 Μὴ
2546 4020 2611 4089 τῇ
2647 4018 2860 4072 συνέσει
2901 4019 2966 4088 τῇ
3010 4019 3074 4089 σῇ
3116 4018 3194 4080 είς
3236 4016 3445 4069 ἐκείνου
3483 4016 3590 4069 ἀπ’·

2003 4102 2202 4157 ὡλειαν
2253 4103 2565 4174 άποχρήσῃ,
2604 4100 2741 4155 ἀλλὰ
2770 4101 2931 4172 χάριν
2965 4101 3056 4171 ἔχε
3090 4100 3169 4170 τῷ
3196 4099 3316 4170 Θεῷ
3357 4098 3447 4152 διὰ
3484 4099 3588 4169 τὴν

2007 4187 2107 4258 σὴν
2126 4187 2423 4257 ταχυτῆτα.
2456 4184 2720 4258 Πλούσιος
2748 4181 2834 4250 εἰς
2871 4184 3047 4256 χαίρω
3077 4185 3171 4238 καί⁵
3196 4182 3580 4253 εὐφραίνομαι·
3614 4222 3619 4227 ς

2004 4257 2119 4323 ἀλλ’
2148 4270 2357 4335 ἐκεῖνος
2393 4257 2750 4322 ἑτιπένεταιο
2779 4267 2853 4339 μὴ
2876 4266 2966 4320 διὰ
2994 4267 3086 4320 τὸν
3117 4266 3206 4320 σὺν
3227 4265 3456 4320 πλοῦτον
3485 4283 3580 4337 με·

2005 4354 2144 4409 νέτω
2182 4355 2243 4407 ἐν
2265 4355 2332 4425 τῇ
2355 4351 2618 4422 πτωχείᾳ.
2652 4349 2929 4403 Ἀκανθαν
2959 4348 3070 4420 ἔχει
3103 4350 3328 4414 ἐκεῖνος,
3357 4349 3583 4423 τεθορυ-

2006 4436 2245 4507 ϐημένον
2286 4432 2567 4505 λογισμόνο
2611 4432 2749 4488 ἀλλά
2787 4432 3059 4505 κατάϐηθι
3099 4432 3235 4504 πρὸς
3273 4432 3455 4497 αὑτὸν,
3491 4435 3588 4488 καὶ

2007 4520 2155 4586 ἔξελε
2180 4517 2280 4590 τὴν
2302 4517 2565 4573 ἄκανθαν.
2584 4517 2649 4570 Τί
2682 4512 2775 4571 οῦν
2797 4533 2958 4588 φησιν
2978 4534 2993 4581 ;
3021 4513 3133 4571 *Ην
3153 4534 3243 4584 τις
3265 4517 3584 4584 πλούσιος,

2006 4603 2252 4674 ὀνόματι,
2271 4601 2390 4673 οὐχὶ
2417 4596 2839 4672 πράγματι.Ἦν
2861 4618 2951 4665 τις
2966 4601 3284 4666 πλούσιος,
3299 4599 3588 4673 πορφύραν

2006 4686 2446 4756 ἐνδιδυσκόμενος
2473 4727 2488 4751 ,
2522 4681 2803 4755 τράπεζαν
2835 4684 3272 4756 παρατιθέμενος
3296 4684 3582 4755 πολυτελῆ,

2007 4770 2290 4842 κρατῆρας
2339 4767 2479 4838 ἔχων
2529 4767 2895 4839 ἐστεμμένους
2932 4768 3099 4836 οἰνου,
3145 4768 3421 4839 συμπόσια
3462 4767 3584 4821 καθ’

2008 4853 2245 4923 ἐκάστην
2271 4851 2485 4924 ἡμέραν
2515 4852 2705 4906 ποιῶν·
2740 4851 2929 4925 ἔτερος
2958 4852 3016 4907 δέ
3048 4869 3133 4916 τις
3154 4847 3223 4925 ἦν
3251 4852 3443 4923 πένης,
3478 4851 3584 4905 Λά-

2007 4936 2173 5009 ζαρος
2194 4935 2438 5006 ὀνόματι.

2080 5020 2191 5071 Καὶ
2219 5017 2324 5072 ποῦ
2355 5017 2418 5071 τὸ
2440 5017 2611 5089 ὄνομα
2639 5018 2732 5072 τοῦ
2764 5017 3053 5083 πλουσίου;
3084 5014 3356 5087 06609.06-
3381 5015 3585 5070 ἀνώνυ-

2010 5118 2108 5173 μος
2150 5100 2261 5173 γάρ
2296 5102 2431 5156 ἐστι.
2467 5101 2641 5164 Πόσος
2674 5101 2928 5165 πλοῦτος;
2962 5100 3058 5153 καὶ
3102 5100 3273 5170 ὀνομα
3306 5097 3455 5168 αύτῷ
3487 5098 3584 5168 ούχ

2005 5183 2339 5257 εὑρίσκεται.
2370 5184 2528 5248 Ποῖος
2582 5183 2811 5248 πλοῦτος
2862 5177 3048 5249 οῦτος;
3104 5182 3327 5254 Δένδρον
3367 5181 3586 5252 φύλλοις

2011 5267 2113 5337 μὲν
2164 5266 2373 5339 κομῶν,
2424 5266 2636 5337 καρποῦ
2673 5267 2731 5321 δὲ
2776 5267 3242 5339 ἀπεστερημένον,
3286 5265 3418 5339 δρῦς
3450 5267 3584 5337 πρὸς

2007 5350 2140 5420 ὖψος
2188 5350 2587 5421 ἀνατεταμένη,
2640 5349 2859 5419 ἀλόγοις
2892 5349 3098 5422 τροφὴν
3137 5350 3451 5421 παρέχουσα
3487 5351 3585 5420 τὴν

2009 5432 2259 5501 βάλανον,
2318 5433 2605 5506 ἄνθρωπος
2657 5433 2759 5487 οὐκ
2818 5432 2957 5504 ἔχων
3004 5433 3293 5506 ἀνθρώπου
3348 5435 3583 5505 καρπόν.

2009 5515 2181 5569 Ὅπου
2214 5515 2324 5584 7&9
2358 5511 2712 5580 πλοῦτοξκαὶ
2759 5516 3027 5588 ἁρπαγαὶ,
3059 5517 3222 5580 λύκος
3254 5518 3283 5572 ό
3322 5516 3571 5588 βλεπόμε-

2007 5616 2116 5663 νος·
2147 5600 2278 5653 ὄπου
2308 5598 2538 5665 πλοῦτος
2561 5600 2655 5654 καὶ
2684 5600 2965 5672 θηριωδία,
2991 5600 3177 5656 λέοντα
3202 5600 3334 5675 ὁρῶ,
3370 5604 3466 5657 καὶ
3488 5603 3591 5657 wax

2066 5753 2095 5794 (ι
2122 5754 2246 5820 ﬁeg.
2273 5767 2381 5820 cum
2415 5757 2562 5806 Savil.
2591 5759 2741 5820 ὑμῶν.

2074 5822 2097 5849 θ
2122 5815 2271 5866 Vafic.
2300 5819 2363 5880 μὴ
2381 5835 2455 5882 τη..
2473 5815 2749 5881 λαμϐάνετε.
3583 5876 3629 5918 ,
