4006 6374
321 325 344 380 1
354 324 462 380 653

237 507 242 510 _
319 443 410 496 tia:
439 453 501 492 ac
531 434 751 507 rapinae,
785 433 938 502 lupus
967 438 1050 484 est
1081 427 1125 481 is
1152 425 1240 496 qui
1281 421 1516 479 cernitur
1549 439 1561 478 :
1590 419 1678 474 ubi
1708 415 1912 474 divitia:

320 545 376 589 et
420 531 625 594 feritas,
671 529 878 582 leonem
915 522 1070 578 video
1107 523 1214 574 non
1243 517 1551 572 hominem:
1581 512 1913 569 nobilitatem

322 621 553 696 perdidit
582 618 910 690 ignobilitate
955 612 1190 669 malitize.
1225 609 1376 664 Dives
1404 615 1509 661 erat
1551 605 1755 678 quidam
1780 645 1796 670 ,
1824 602 1913 673 qui

319 695 560 789 quotidie
585 725 814 784 purpura
842 707 1158 763 induebatur
1181 721 1194 757 :
1222 703 1397 757 anima
1419 714 1546 756 vero
1571 699 1685 767 ejus
1705 695 1915 752 araneis

321 809 520 866 referta
549 812 665 862 erat
705 821 719 858 :
765 809 1031 873 unguenta
1061 797 1327 868 spirabat,
1374 801 1429 848 at
1475 791 1680 849 femoris
1729 789 1927 860 plenus

321 908 442 957 erat
473 916 490 954 :
520 909 705 953 mensa
735 894 810 950 illi
857 890 1224 962 apponebatur-
1266 887 1484 957 opipara
1516 901 1531 938 :
1559 883 1821 955 parasitos
1862 887 1919 936 et

323 995 627 1052 adulatores
668 989 843 1045 alebat
889 1005 903 1040 :
947 999 1164 1042 carnem
1195 981 1475 1052 saginabat
1498 977 1744 1032 ancillam
1779 994 1792 1030 :
1823 974 1920 1029 do-

324 1089 525 1143 minam
579 1091 757 1139 autem
787 1080 1014 1136 animam
1045 1077 1185 1133 fame
1214 1073 1512 1131 confectam
1565 1068 1867 1141 negligebat
1899 1084 1914 1121 :

324 1180 521 1235 domus
555 1177 630 1231 illi
661 1183 775 1231 erat
808 1172 967 1228 sertis
995 1167 1239 1224 redimita
1260 1209 1276 1233 ,
1307 1165 1402 1220 sed
1432 1162 1769 1218 hmdamenta
1799 1171 1921 1228 pee-

325 1273 430 1328 cati
458 1271 606 1326 calce
649 1266 910 1329 obducta,
954 1270 1008 1318 et
1034 1261 1210 1316 anima
1242 1258 1296 1313 in
1323 1256 1447 1311 vino
1475 1252 1709 1309 defossa.
1761 1251 1919 1305 Dives

325 1365 489 1436 igitur
535 1362 628 1417 ille
673 1373 858 1414 mensa
905 1355 1174 1411 fruebatur
1213 1351 1429 1422 opipara
1477 1347 1786 1418 poculisque
1810 1344 1917 1398 vini

325 1454 597 1512 coronatis
627 1470 640 1506 :
673 1451 936 1522 parasitos
976 1456 1031 1504 et
1065 1452 1428 1500 assentatores
1457 1440 1665 1502 alebat,
1695 1451 1916 1507 pravum

326 1545 527 1602 diaboli
557 1542 822 1599 theatrum
845 1582 860 1607 ,
901 1539 1054 1608 lupos
1081 1537 1198 1591 illos
1217 1577 1230 1600 ,
1265 1533 1354 1604 qui
1383 1531 1578 1586 multos
1606 1527 1833 1583 divitum
1865 1527 1918 1580 in

327 1638 640 1694 servitutem
673 1633 951 1703 redigunt,
999 1629 1088 1700 qui
1134 1625 1420 1698 perniciem
1470 1622 1684 1676 illorum
1717 1617 1920 1673 ventris

329 1729 414 1785 sui
442 1727 745 1798 expletione
775 1731 1109 1787 mercantur,
1138 1719 1228 1790 qui
1269 1715 1479 1771 divitias
1514 1713 1717 1767 honore
1753 1709 1920 1764 multo

330 1834 387 1880 et
415 1821 775 1878 assentatione
803 1815 1140 1888 p0pulantur.

407 1918 506 1974 Ubi
541 1916 692 1973 rente!
727 1914 972 1968 inclinata
1008 1925 1087 1963 res
1118 1916 1212 1974 est,
1235 1904 1384 1958 amici
1417 1902 1480 1956 de
1515 1899 1790 1954 medio.—
1819 1895 1922 1951 Ne—
1963 1923 1981 1938 κ

329 2026 597 2084 quaquam
623 2009 835 2064 aberret
859 2003 946 2075 qui
971 2001 1103 2057 laies
1123 1998 1366 2054 homines
1393 1996 1548 2065 lupos
1570 1989 1922 2061 compellave-

331 2078 423 2170 rit,
456 2078 543 2174 qui
572 2099 722 2171 quasi
751 2112 906 2153 ovem
935 2093 1155 2148 divitem
1185 2090 1238 2144 in
1265 2087 1442 2142 medio
1470 2082 1721 2154 positum,
1753 2078 1924 2133 laudi-

332 2198 434 2252 bus
449 2170 710 2251 e’xtollunt
735 2199 788 2244 et
811 2185 1088 2260 prmconiis
1111 2181 1316 2246 inflant,
1349 2193 1411 2232 ac
1436 2191 1504 2231 ne
1527 2171 1745 2246 quidem
1771 2170 1924 2225 ulcus

331 2289 515 2345 videre
544 2287 758 2348 sinunt,
799 2280 894 2337 sed
924 2279 1039 2349 ejus
1067 2284 1299 2330 mentem
1330 2275 1633 2334 excmcant,
1681 2261 1924 2334 putredi-

332 2395 458 2436 nem
489 2383 702 2448 augent.
736 2370 936 2428 Deinde
961 2366 1033 2442 (a)
1057 2374 1256 2420 mutata
1282 2371 1458 2416 rerum
1487 2356 1638 2422 facie,
1660 2353 1816 2408 amici
1842 2350 1926 2406 fu—

329 2473 505 2543 giunt,
542 2444 640 2523 nos
679 2479 806 2520 vero
845 2461 936 2532 qui
975 2455 1401 2527 increpabamus,
1455 2444 1924 2504 commiseratione

331 2534 614 2620 movemur
643 2577 656 2613 :
689 2558 850 2612 larva:
880 2553 982 2608 illae
1002 2593 1018 2619 ,
1053 2547 1197 2621 quod
1223 2547 1535 2616 plerumque
1571 2539 1680 2609 jam
1709 2534 1922 2602 accidit,

329 2656 686 2713 occultantur.

405 2749 460 2803 5.
503 2746 660 2800 Dives
702 2755 830 2812 ergo
861 2739 950 2794 ille
995 2733 1256 2806 parasitos
1299 2729 1476 2784 alebat
1515 2735 1568 2780 ct
1597 2722 1923 2786 adulatores,

331 2841 552 2896 domum
600 2834 870 2907 propriam
918 2829 1181 2883 theatrum
1233 2822 1470 2886 fecerat,
1518 2818 1643 2872 vino
1688 2813 1927 2885 singulos

332 2906 676 2995 resolvebat,
726 2925 886 2980 rebus
935 2917 1221 2975 admodum
1280 2910 1554 2985 prosperis
1605 2906 1924 2963 fruebatur:

331 3025 468 3080 alius
497 3037 625 3076 vero
655 3016 870 3088 quidam
898 3019 1014 3068 erat
1041 3009 1292 3071 Lazarus,
1323 3001 1592 3059 ulceribus
1620 2998 1828 3069 plenus,
1860 2993 1928 3049 ad

332 3117 528 3170 ostium
559 3110 734 3167 divitis
761 3107 954 3162 sedens
973 3145 988 3170 ,
1032 3102 1124 3173 qui
1152 3100 1236 3154 vel
1268 3099 1432 3152 micas
1459 3093 1706 3163 cupiebat
1737 3107 1750 3145 :
1777 3090 1927 3160 juxta

333 3209 536 3264 fontem
569 3204 796 3266 sitiebat,
828 3200 880 3254 in
911 3211 970 3252 re
997 3205 1102 3250 tam
1132 3206 1386 3263 proSpera
1415 3189 1551 3243 fame
1577 3183 1930 3241 consumeba-

334 3312 444 3357 tur.
475 3301 538 3353 Et
557 3310 791 3369 quonam
813 3291 1083 3363 projectus
1109 3283 1321 3342 fuerat?
1350 3282 1464 3338 Non
1491 3281 1542 3334 in
1571 3279 1792 3344 bivium,
1822 3291 1927 3331 non

335 3398 390 3449 in
419 3393 614 3454 vicum,
648 3403 753 3443 non
781 3386 835 3440 in
861 3383 1216 3453 angiportum,
1242 3391 1346 3431 non
1377 3372 1607 3429 medium
1634 3371 1688 3426 in
1716 3370 1926 3434 forum;

333 3485 430 3542 sed
459 3484 525 3539 ad
555 3482 750 3536 ostium
799 3474 975 3532 divitis
995 3515 1012 3540 ,
1052 3485 1155 3542 qua
1199 3469 1534 3538 ingressurus
1563 3462 1653 3518 ille
1681 3474 1930 3531 egressu-

334 3594 536 3650 rusque
561 3573 866 3631 necessario
882 3576 998 3625 erat
1026 3584 1039 3618 :
1063 3581 1131 3620 ne
1156 3565 1377 3626 diceret,
1411 3575 1518 3614 non
1546 3556 1675 3623 vidi,
1704 3563 1930 3625 practer-

337 3674 409 3729 ivi
437 3647 474 3737 ί,
505 3685 608 3725 non
641 3667 810 3722 oculis
839 3660 1065 3733 inspexi.
1097 3657 1177 3713 Ad
1219 3656 1515 3726 ingressum
1572 3658 1722 3705 tuum
1762 3647 1927 3717 jacet,

336 3771 624 3835 margarita
651 3761 700 3815 itt
729 3772 905 3822 coeno,
934 3763 988 3809 et
1017 3768 1120 3807 non
1149 3747 1338 3803 vides?
1368 3744 1604 3800 Medicus
1623 3741 1690 3796 ad
1713 3739 1929 3805 ostium,

335 3867 390 3913 et
419 3830 522 3911 non
560 3849 807 3909 curaris?
852 3846 1189 3903 Gubernator
1219 3842 1269 3894 in
1297 3847 1489 3909 portu,
1517 3844 1573 3891 et
1599 3830 1933 3901 naufragium

337 3945 585 4021 pateris?
630 3940 897 3997 Parasitos
925 3936 1045 4001 alis,
1090 3943 1146 3988 et
1174 3942 1434 4002 pauperes
1472 3941 1576 3980 non
1621 3921 1763 3978 alis?
1807 3920 1934 3977 Htec

339 4011 468 4096 tunc
494 4042 642 4108 gesta
671 4040 828 4096 sunt,
865 4027 1128 4095 hodieque
1172 4030 1450 4092 geruntur.
1500 4017 1621 4072 Ideo
1646 4015 1788 4069 enim
1821 4011 1936 4066 haec

336 4107 536 4201 scripta
567 4136 725 4190 sunt,
770 4132 830 4178 ut
859 4119 1056 4192 posteri
1103 4131 1167 4171 ex
1208 4114 1368 4169 rebus
1413 4109 1540 4180 ipsis
1571 4107 1930 4168 erudirentur,

337 4241 405 4281 ac
432 4241 498 4279 ne
545 4219 731 4277 eadem
764 4218 876 4287 ipsa
920 4219 1264 4285 paterentur,
1307 4220 1425 4274 qua:
1471 4215 1659 4272 passus
1699 4199 1789 4252 ille
1830 4204 1933 4250 est.

339 4317 425 4374 Ad
455 4315 651 4370 ostium
679 4311 837 4380 igitur
858 4305 1070 4377 jacebat
1097 4313 1306 4372 pauper
1335 4314 1348 4348 :
1383 4309 1582 4366 pauper
1608 4290 1758 4355 foris,
1785 4288 1936 4342 dives

340 4411 486 4465 intus
515 4424 528 4459 :
558 4415 784 4471 corpore
831 4395 1098 4453 ulceribus
1129 4391 1288 4461 pleno
1325 4385 1537 4458 jaeebat
1572 4399 1587 4436 :
1630 4381 1934 4442 thesaurus,

338 4501 432 4572 qui
462 4500 513 4553 in
553 4492 834 4566 superﬁcie
862 4489 1060 4558 spinas,
1093 4485 1236 4539 intus
1262 4493 1390 4534 vero
1422 4473 1736 4545 margaritas
1775 4466 1936 4524 habe-

341 4566 454 4648 bat.
487 4587 640 4657 Quod
684 4585 826 4641 enim
855 4583 930 4636 illi
973 4583 1349 4634 nocumentum
1378 4586 1445 4625 ex
1477 4566 1783 4623 inﬁrmitate
1810 4578 1936 4618 cor-

341 4684 494 4757 poris
514 4723 528 4748 ,
559 4679 732 4732 anima
763 4675 901 4730 bene
929 4667 1182 4725 valente?
1209 4664 1440 4719 Audiant
1469 4673 1762 4731 pauperes,
1791 4663 1846 4710 et
1871 4669 1941 4709 ne

343 4792 580 4836 ment-ore
610 4771 972 4844 prmfocentur
997 4784 1010 4820 :
1039 4763 1259 4819 audiant
1298 4757 1489 4813 divites
1511 4797 1526 4821 ,
1560 4763 1616 4809 et
1642 4768 1672 4806 a
1704 4749 1940 4820 nequitia

342 4878 748 4930 convertantur.
797 4865 920 4920 Ideo
967 4871 1197 4928 namque
1227 4854 1311 4909 hae
1340 4852 1458 4907 dua:
1499 4847 1653 4903 nobis
1681 4843 1941 4912 imagines

345 4969 626 5037 prostant,
673 4958 976 5012 divitiarum
1020 4961 1072 5005 et
1114 4943 1480 5020 paupertatis,
1525 4935 1859 4995 crudelitatis
1888 4942 1944 4988 et

347 5024 690 5116 tolerantiae,
741 5045 1009 5118 patienlizn
1053 5050 1108 5096 et
1150 5036 1406 5093 avaritiae.
1455 5033 1525 5088 Ut
1571 5043 1694 5084 cum
1741 5024 1944 5081 videris

345 5159 642 5223 pauperem
669 5117 937 5196 ulceribus
968 5135 1180 5206 plenum
1210 5137 1264 5184 et
1291 5128 1598 5195 despectum
1625 5163 1640 5187 ,
1683 5134 1752 5174 ne
1777 5117 1941 5171 mise-

349 5221 471 5302 rum
503 5234 874 5311 prmdicaveris
901 5249 916 5287 :
947 5243 1070 5286 eum
1099 5225 1294 5281 videris
1317 5221 1534 5276 divitem
1565 5223 1842 5276 ornatmn,
1876 5224 1948 5264 ne

351 5305 570 5394 beatum
598 5330 819 5388 dixeris.
867 5325 1102 5382 Gradum
1149 5319 1290 5376 refer
1325 5316 1392 5370 ad
1432 5311 1738 5384 parabolam
1772 5325 1785 5361 :
1816 5305 1859 5360 si
1890 5313 1944 5359 te

349 5429 536 5486 turbet
562 5423 894 5493 naufragium
923 5413 1323 5486 cogitationum.
1355 5408 1477 5477 fuge
1507 5407 1558 5458 in
1589 5411 1801 5473 portum
1832 5416 1846 5453 :
1878 5412 1943 5450 ex

346 5526 472 5597 ejus
519 5518 824 5575 narratione
865 5508 1282 5569 consolationem
1314 5502 1494 5569 accipe
1525 5515 1536 5549 :
1571 5495 1738 5564 cogita
1783 5491 1948 5544 Laza-

423 5689 440 5721 ⁸
478 5665 690 5740 Βέυῑθιον
715 5687 817 5730 Non
962 5685 1072 5724 cm"
1095 5662 1361 5740 pﬁq?‘e.£ivi'
1385 5738 1397 5740 _
1416 5721 1547 5740 ,._,_._e:
1574 5717 1776 5740 ...η-..κρυ
1797 5715 1921 5740 -.I:.I:

422 5715 1089 5813 (aj'iﬂ'r'r’aﬁtiﬁtiiﬁin'c'ﬁih
1097 5715 1776 5813 rali‘islclirysostqfllwvi“?
1795 5715 1948 5789 ῼάίάίι

471 5812 479 5813 ,
700 5806 709 5813 .
821 5809 846 5813 _
977 5798 1005 5813 ..
1029 5811 1066 5813 -_
1094 5808 1129 5813 __
1337 5799 1406 5813 μη,
1766 5794 1810 5813 ...

350 5781 624 5867 γίτυίιίιᾶἓέ
640 5781 1070 5858 Eti'c‘GS's'éEEL-.titi's
1092 5794 1149 5845 ad
1169 5781 1520 5840 ﬁletn'tzodicis
1543 5781 1831 5831 Barocciani.

1565 304 1651 361 Dii
1691 301 1960 361 LAZARO
2000 301 2240 361 CONCIO
2281 305 2366 360 Vl.

3480 312 3616 366 ιθδι

2023 434 2141 476 rum
2189 420 2537 492 despectum,
2588 423 2758 494 cogita
2803 420 3020 478 divitem
3065 439 3318 493 prospere
3367 436 3610 494 agentem

2023 510 2337 582 deliciisque
2367 510 2628 568 fruentem
2655 555 2669 578 ,
2718 513 2952 584 nihilque
2992 524 3046 569 te
3090 515 3361 584 perturbet
3399 532 3609 582 eorum,

2023 617 2142 672 qua:
2187 602 2238 658 in
2289 604 2394 658 vita
2442 614 2718 674 geruntur.
2769 604 2900 660 Nam
2948 605 2991 660 si
3039 617 3288 661 accurato
3338 609 3616 664 ratiocinio

2025 697 2225 762 utaris,
2276 713 2379 751 non
2413 708 2464 753 te
2509 697 2701 752 ﬂuctus
2743 698 3060 768 demergunt
3090 715 3104 753 :
3134 699 3282 754 navis
3323 717 3428 755 non
3459 701 3617 756 undis

2025 787 2301 854 obruitur,
2347 789 2390 844 si
2437 789 2699 844 ratiocinii
2758 790 3044 861 sagacitate
3090 806 3272 846 rerum
3322 793 3618 864 distinguas

2025 887 2290 934 naturam.
2320 879 2456 945 Quid
2490 888 2544 934 tu
2567 880 2694 934 mihi
2722 881 2890 947 dicis,
2921 897 3115 951 corpus
3143 898 3319 937 meum
3351 885 3403 938 in
3443 901 3612 955 angu-

2026 978 2110 1023 sto
2148 969 2334 1039 jacet?
2377 969 2524 1024 Mens
2566 987 2631 1026 ne
2663 971 2903 1026 laedatur.
2939 973 3030 1027 ille
3056 974 3206 1029 dives
3240 983 3296 1030 et
3340 975 3616 1045 improbus

2027 1073 2108 1118 est
2134 1081 2146 1116 :
2171 1064 2296 1133 quid
2325 1073 2434 1117 tum
2462 1065 2691 1134 postea?
2723 1067 2786 1119 At
2811 1065 3124 1134 improbitas
3144 1082 3249 1122 non
3278 1067 3378 1123 sub
3399 1084 3616 1123 sensum

2026 1154 2188 1209 cadit.
2217 1155 2296 1210 Ne
2324 1155 2453 1209 mihi
2500 1156 2768 1210 hominem
2799 1156 2866 1211 ab
2902 1157 3159 1212 exteriori
3209 1157 3341 1213 facie
3383 1168 3613 1228 Spectas,

2025 1246 2122 1301 sed
2150 1247 2290 1303 hunc
2315 1249 2551 1303 exterius
2580 1249 2766 1318 proba.
2793 1248 2927 1304 Cum
2954 1250 3105 1305 vides
3126 1250 3393 1316 arborem,
3422 1251 3617 1308 foliane

2026 1340 2357 1408 consideras,
2389 1357 2456 1396 an
2489 1343 2758 1396 fructum?
2787 1341 2860 1396 Ita
2887 1355 2940 1398 et
2979 1343 3030 1397 in
3060 1342 3294 1400 homine.
3337 1345 3392 1400 Si
3423 1346 3616 1402 videris

2028 1431 2335 1499 hominem,
2384 1449 2452 1488 ne
2493 1433 2759 1488 exteriora
2801 1435 3133 1505 perpendas,
3177 1435 3271 1490 sed
3319 1435 3614 1491 interiora:

2028 1523 2257 1579 fructum
2282 1523 2610 1590 consideres,
2632 1541 2736 1579 non
2765 1523 2888 1580 folia
2916 1527 2931 1558 ί
2960 1541 3060 1581 :ne
3090 1527 3225 1582 forte
3247 1527 3361 1582 olea
3385 1529 3452 1582 sit
3469 1545 3626 1598 agre-

2029 1614 2126 1669 stis
2146 1656 2161 1679 ,
2207 1614 2333 1669 dum
2373 1616 2602 1685 genuina
2646 1616 2764 1670 olea
2796 1625 3008 1686 putatur
3037 1635 3049 1669 :
3080 1632 3147 1671 ne
3181 1617 3316 1673 forte
3346 1619 3498 1688 lupus
3526 1621 3615 1682 sit,

2027 1705 2152 1761 dum
2182 1706 2419 1761 creditur
2460 1722 2580 1763 esse
2624 1708 2806 1762 homo.
2846 1707 2924 1763 Ne
2954 1709 3131 1778 itaque
3165 1723 3195 1762 a
3223 1719 3412 1764 natura
3443 1708 3627 1764 homi-

2029 1815 2150 1854 nem
2195 1800 2391 1870 proba,
2436 1800 2531 1856 sed
2561 1816 2588 1854 a
2617 1801 2902 1857 voluntatis
2939 1803 3212 1872 proposito
3241 1820 3256 1858 :
3286 1819 3352 1857 ne
3385 1819 3414 1858 a
3448 1781 3614 1870 vultu,

2029 1892 2123 1948 sed
2147 1908 2178 1947 a
2219 1894 2483 1949 sententia
2513 1912 2525 1948 :
2557 1909 2654 1949 nec
2681 1910 2711 1948 a
2740 1895 3002 1950 sententia
3044 1905 3285 1962 tantum,
3330 1896 3424 1951 sed
3455 1897 3618 1952 vitam

2028 1987 2311 2058 diligenter
2354 1987 2603 2059 inquire;
2653 1989 2697 2044 si
2741 2004 3032 2060 pauperum
3077 1998 3159 2044 est
3203 2005 3409 2057 amans,
3457 1989 3620 2045 homo

2028 2086 2110 2134 est
2138 2097 2151 2132 :
2183 2079 2225 2134 si
2268 2083 2320 2134 in
2347 2082 2682 2137 commerciis
2711 2091 2982 2148 versatur,
3011 2097 3240 2153 quercus
3273 2092 3355 2138 est
3392 2101 3406 2136 :
3453 2082 3499 2136 si
3541 2092 3620 2138 est

2029 2173 2210 2228 animo
2237 2173 2399 2240 ferus,
2433 2175 2518 2229 leo
2543 2184 2625 2230 est
2654 2193 2666 2228 :
2699 2175 2744 2230 si
2773 2191 2934 2246 rapax
2955 2217 2971 2242 ,
3014 2175 3169 2247 lupus
3199 2185 3282 2232 est
3310 2192 3322 2230 :
3354 2176 3398 2230 si
3427 2175 3622 2231 subdo-

2029 2265 2132 2331 lus,
2163 2266 2326 2336 aspis.
2364 2267 2431 2321 Et
2453 2266 2559 2332 dic,
2593 2265 2862 2322 hominem
2894 2282 3094 2338 qua-ro,
3129 2269 3254 2338 quid
3282 2259 3413 2323 mihi
3445 2277 3498 2322 tu
3526 2283 3623 2338 pro

2030 2354 2247 2411 homine
2269 2357 2433 2412 feram
2456 2358 2739 2413 ostendis?
2766 2359 2915 2414 Disce
2936 2359 3061 2430 quid
3086 2360 3158 2414 sit
3177 2359 3344 2414 virtus
3366 2359 3619 2426 hominis,

2029 2457 2084 2502 et
2121 2462 2190 2502 ne
2227 2448 2476 2503 turberis.
2510 2447 2639 2503 Erat
2680 2449 2837 2520 igitur
2864 2448 3098 2504 Lazarus
3139 2450 3192 2504 in
3225 2450 3362 2504 ostio
3403 2449 3620 2517 sedens,

2031 2541 2301 2597 ulceribus
2354 2542 2585 2612 plenus,
2631 2542 2772 2596 fame
2819 2541 3147 2608 labefactus,
3196 2541 3625 2610 accedentesque

2031 2647 2194 2688 canes
2240 2634 2516 2704 lingebant
2563 2636 2678 2703 ejus
2724 2633 2987 2698 vulnera;
3035 2649 3195 2688 canes
3246 2633 3460 2687 homine
3507 2633 3624 2702 ipso

2034 2723 2376 2780 humaniores
2405 2726 2675 2796 lingebant
2703 2726 2820 2796 ejus
2849 2724 3102 2793 vulnera,
3131 2724 3336 2780 saniem
3370 2724 3626 2778 tollebant

2033 2826 2087 2871 ct
2111 2817 2492 2873 emundztbant.
2534 2816 2755 2873 Jacebat
2797 2817 2886 2872 ille
2915 2817 3064 2887 quasi
3104 2833 3293 2871 aurum
3327 2816 3376 2870 in
3407 2814 3626 2870 fornace

2034 2903 2262 2976 Sedens,
2305 2917 2359 2963 et
2385 2909 2662 2978 probatior
2684 2909 2924 2964 eil‘ectus.
2973 2907 3087 2962 Non
3115 2907 3326 2962 dicebat
3352 2906 3442 2972 id,
3485 2907 3627 2976 quod

2033 3001 2250 3074 plurimi
2295 3017 2556 3072 pauperes
2599 3003 2820 3057 dicunt:
2850 3001 3084 3056 hmecitte
3124 3010 3204 3055 est
3251 3000 3630 3070 providentia!

2037 3096 2249 3150 Deusne
2278 3093 2508 3148 humana
2541 3093 2800 3162 reSpicit?
2845 3092 2959 3163 Ego
2989 3093 3040 3148 in
3063 3093 3265 3161 jnstitia
3288 3092 3472 3146 vivens
3499 3107 3628 3162 pau-

2035 3202 2131 3258 per
2175 3201 2332 3252 sum,
2379 3196 2433 3241 et
2479 3185 2571 3240 ille
2621 3185 2834 3254 iniquus
2879 3185 3029 3238 dives
3073 3185 3200 3242 est?
3245 3183 3385 3239 Nihil
3435 3183 3627 3238 horum

2034 3279 2320 3350 cogitabat,
2366 3276 2461 3333 sed
2505 3275 3034 3346 incomprehensibili
3079 3275 3172 3329 Dei
3218 3291 3340 3344 erga
3384 3274 3630 3330 homines

2036 3371 2334 3428 clementia:
2377 3369 2557 3425 omnia
2603 3368 3001 3433 committebat,
3051 3367 3287 3420 animum
3332 3366 3628 3420 enmndans

2037 3477 2192 3517 suum
2214 3504 2228 3529 ,
2260 3461 2554 3517 cruciatum
2583 3460 2849 3525 tolerans,
2880 3458 3189 3528 patientiam
3221 3456 3513 3522 exhibens,
3543 3455 3632 3527 ja-

2036 3568 2166 3610 cens
2195 3567 2424 3624 corpore
2444 3593 2458 3618 ,
2498 3565 2718 3606 currens
2749 3559 2924 3605 mente
2945 3591 2961 3617 ,
3001 3549 3182 3604 animo
3209 3548 3394 3604 volans
3424 3558 3479 3602 et
3505 3547 3631 3603 bra-

2036 3647 2183 3702 vium
2231 3645 2532 3716 arripiens,
2577 3659 2862 3714 emergens
2915 3659 2982 3699 ex
3029 3643 3222 3709 malis,
3267 3652 3323 3697 et
3366 3641 3633 3696 bonorum

2039 3740 2212 3796 testis.
2257 3738 2371 3794 Non
2401 3737 2535 3792 dixit
2569 3755 2581 3792 :
2613 3736 2837 3809 parasiti
2868 3735 3094 3789 ubertim
3128 3732 3375 3802 fruuntur
3404 3733 3631 3799 deliciis,

2038 3848 2139 3904 ego
2169 3831 2419 3887 ne'micis
2447 3831 2661 3901 quidem
2690 3830 2879 3900 dignus
2911 3827 3131 3884 habeor.
3176 3827 3282 3883 Sed
3311 3827 3480 3897 quid?
3520 3827 3634 3883 Deo

2039 3927 2265 3999 gratiam
2292 3935 2344 3981 et
2374 3924 2598 3998 gloriam
2629 3923 2913 3978 referebat.
2947 3921 3157 3976 Accidit
3191 3927 3250 3974 ut
3277 3919 3435 3974 ambo
3461 3933 3637 3973 more-

2041 4027 2228 4073 rentur
2260 4035 2273 4071 :
2304 4025 2549 4071 mortuus
2595 4024 2677 4070 est
2719 4013 2901 4075 dives,
2949 4012 3294 4081 sepultusque
3332 4008 3432 4064 fuit
3464 4027 3476 4063 :
3507 4009 3640 4063 abiit

2041 4119 2096 4166 et
2125 4111 2358 4166 Lazarus
2378 4149 2394 4176 ,
2431 4123 2608 4177 neque
2633 4106 2777 4161 enim
2806 4103 3034 4160 dixerim
3053 4144 3068 4169 ,
3099 4112 3341 4157 mortuus
3367 4109 3468 4157 est.
3500 4100 3636 4156 Nam

2041 4201 2223 4258 divitis
2249 4200 2465 4271 quidem
2494 4213 2641 4254 mors
2664 4212 2792 4253 vere
2820 4211 2967 4250 mors
2991 4203 3072 4250 est
3098 4204 3154 4250 et
3181 4193 3474 4262 sepultura.
3504 4207 3640 4264 pau-

2043 4295 2188 4365 peris
2217 4308 2344 4348 vero
2375 4306 2520 4346 mors
2557 4299 2639 4346 est
2665 4287 3025 4360 peregrinatio
3051 4295 3103 4340 et
3133 4285 3405 4340 translatio
3431 4285 3496 4338 ad
3526 4299 3639 4338 me-

2045 4389 2178 4443 liora
2198 4429 2213 4453 ,
2250 4399 2546 4456 curSusque
2571 4399 2599 4436 a
2631 4392 2921 4437 scammate
2959 4379 3024 4433 ad
3053 4379 3327 4449 prmmittm
3350 4420 3364 4446 ,
3395 4393 3423 4430 a
3451 4377 3638 4448 pelago

2044 4479 2110 4535 ad
2148 4486 2396 4552 portum,
2445 4476 2513 4532 ab
2555 4475 2672 4531 acie
2717 4473 2784 4528 ad
2830 4483 3090 4541 tropaeum
3117 4512 3133 4533 ,
3179 4485 3206 4522 a
3257 4469 3540 4524 sudoribus
3571 4469 3638 4522 ad

2045 4586 2320 4626 coronam.
2352 4568 2526 4624 Ambo
2566 4567 2692 4622 illuc
2719 4565 3002 4626 abierunt,
3032 4562 3121 4617 ubi
3169 4575 3257 4616 res
3282 4577 3424 4614 verte
3454 4579 3468 4616 :
3497 4561 3642 4616 solu—

2048 4673 2158 4720 tum
2185 4672 2267 4717 est
2297 4661 2564 4716 theatrum
2587 4701 2601 4725 ,
2635 4659 2855 4713 sublatae
2885 4655 3065 4710 larvato.

2119 4756 2222 4811 Res
2264 4755 2501 4808 humanm
2542 4765 2705 4805 suum
2749 4756 3131 4819 comparantur.
3171 4773 3244 4785 --
3283 4742 3642 4811 Quemadmo-

2049 4849 2178 4904 dum
2209 4845 2283 4920 (a)
2316 4847 2460 4902 enim
2505 4845 2558 4899 in
2602 4843 2810 4896 theatro
2849 4842 2902 4895 in
2931 4839 3154 4894 meridie
3186 4825 3445 4890 velamina
3477 4835 3642 4888 multa

2050 4951 2211 5008 sunt,
2257 4940 2519 5008 multique
2549 4935 2745 4993 scenici
2777 4932 3003 5004 ingressi
3045 4927 3411 4985 hi~trionicam
3440 4930 3643 4980 larvam

2052 5038 2106 5092 in
2135 5036 2287 5091 vultu
2328 5034 2560 5100 habent,
2600 5041 2838 5086 veterem
2883 5025 3109 5080 fabulam
3156 5029 3420 5085 tractant,
3452 5034 3647 5088 resque

2053 5139 2230 5200 gestas
2262 5133 2482 5181 narrant
2523 5141 2536 5177 :
2579 5132 2631 5176 et
2669 5121 2804 5173 alius
2833 5117 3044 5187 quidem
3095 5111 3467 5183 philosophum
3516 5110 3643 5192 agit,

2052 5223 2141 5292 qui
2185 5236 2289 5275 non
2333 5229 2416 5274 est
2457 5213 2806 5288 philosophus
2835 5227 2848 5264 :
2879 5211 3013 5264 alius
3042 5222 3218 5277 regem
3242 5245 3255 5267 ,
3289 5203 3378 5273 qui
3413 5218 3504 5257 rex
3541 5180 3645 5255 non

2055 5323 2158 5382 est,
2189 5311 2283 5367 sed
2311 5309 2452 5379 regis
2481 5307 2713 5361 habitmn
2740 5303 2899 5356 habet
2925 5316 3019 5370 per
3045 5298 3438 5355 enarrationem
3469 5311 3482 5347 :
3512 5294 3650 5349 alius

2056 5405 2297 5461 medicus
2318 5445 2331 5469 ,
2363 5401 2450 5472 qui
2478 5416 2544 5454 ne
2579 5398 2780 5468 lignntn
2811 5393 3025 5466 quidem
3057 5401 3284 5446 tractare
3314 5397 3523 5459 potest,
3553 5386 3646 5440 sed

2121 5587 2148 5656 ‘_
2171 5581 2488 5656 _Hic_qu:rdam
2511 5574 2853 5656 desideraptur
2868 5571 2924 5656 .in
2961 5564 3176 5627 Benzel.,
3198 5579 3306 5628 quze
3328 5563 3574 5614 habentur
3595 5561 3645 5611 in

2056 5650 2202 5698 Codd.
2228 5639 2350 5704 aliis,
2378 5650 2429 5691 et
2445 5639 2680 5704 quadrent
2702 5639 2759 5684 ad
2779 5641 2986 5704 textum.

2381 5687 2688 5768 peticiorihus
2720 5703 2891 5748 tractat
2933 5705 3078 5757 supra
3112 5687 3278 5740 homil.
3308 5691 3342 5734 ll
3374 5688 3438 5737 de
3461 5690 3659 5742 Lazaro,

2060 5787 2190 5824 ῐιιιιιι.
2213 5787 2261 5821 ι).
