4006 6426
424 288 559 348 1035

424 400 614 458 medici
643 396 879 456 vestibus
904 394 1129 454 amictus
1157 403 1239 447 est
1264 410 1275 445 :
1308 392 1444 446 alius
1470 403 1681 454 servus,
1711 387 1798 457 qui
1828 395 2004 441 tamen

423 495 560 550 liber
585 501 667 548 est
690 508 705 546 :
732 490 870 547 alius
901 489 1109 554 doctor,
1136 486 1224 557 qui
1254 501 1320 540 ue
1350 484 1555 539 litteras
1580 481 1794 552 quidem
1823 478 1968 534 novit
1992 497 2005 532 :

425 586 574 641 nullo
613 582 775 639 modo
813 595 963 636 suam
986 621 1001 645 ,
1046 579 1142 634 sed
1172 577 1396 633 alienam
1427 574 1661 645 speciem
1693 575 2008 628 referentes.

424 678 558 734 Nam
586 675 825 733 medicus
855 679 1108 744 apparet,
1139 669 1228 741 qui
1260 683 1367 723 non
1395 674 1478 722 est
1518 664 1757 721 medicus
1790 680 1803 716 :
1835 660 2012 733 philu-

426 771 629 842 snpbus
653 774 896 843 apparet,
919 764 1008 834 qui
1033 777 1240 818 comam
1268 760 1428 815 habet
1449 759 1586 813 intra
1613 757 1836 818 larvam,
1858 752 2014 808 miles

425 871 647 933 apparet
684 861 753 926 is,
794 859 885 932 qui
926 856 1109 912 militis
1155 854 1357 910 cultum
1402 853 1588 906 refert.
1640 845 1861 903 Etiamsi
1888 858 2015 901 vero

426 952 588 1011 larvce
632 952 839 1024 species
880 948 1045 1010 fallat,
1086 946 1182 1003 sed
1226 960 1334 1000 non
1381 944 1515 999 fallit
1552 949 1819 1006 naturam,
1864 937 2017 1008 cujus

427 1048 704 1102 veritatem
733 1043 910 1115 Specie
953 1049 1294 1098 transmutat.
1341 1037 1522 1093 Donec
1562 1045 1740 1091 autem
1772 1048 1932 1089 scena
1962 1041 2018 1087 et

431 1139 697 1193 theatrum
740 1143 855 1201 est,
903 1133 1116 1205 ltequue
1159 1136 1489 1201 spectatores
1532 1126 1809 1190 assident,
1856 1123 2019 1177 larva:

429 1237 648 1288 manent
688 1244 702 1281 :
746 1242 868 1282 cum
912 1234 1091 1280 autem
1133 1221 1455 1277 adveniente
1483 1231 1704 1288 vespera
1752 1214 2018 1269 theatrum

430 1321 677 1385 solvitur,
709 1314 1087 1373 recedentibus
1113 1312 1381 1377 omnibus,
1423 1310 1589 1365 larva:
1626 1306 2017 1379 projieiuntur:

431 1426 557 1470 tunc
581 1413 672 1485 qui
718 1412 859 1466 intus
885 1424 981 1465 rex
1012 1416 1147 1472 erat,
1194 1403 1325 1461 foris
1367 1402 1589 1459 aerarius
1630 1409 1733 1455 est.
1764 1397 2023 1467 Projectze

431 1515 557 1563 sunt
577 1505 760 1571 larvte,
786 1502 1047 1557 abscessit
1073 1498 1302 1563 fallacia,
1324 1495 1523 1552 veritas
1546 1493 1793 1564 apparuit
1818 1508 1829 1544 :
1853 1500 1909 1547 et
1931 1490 2023 1561 qui

433 1600 580 1654 intus
608 1596 747 1651 liber
776 1602 913 1659 erat,
947 1590 1076 1646 lâ€˜nris
1105 1603 1293 1645 servus
1318 1584 1757 1659 deprehenditur.
1789 1580 1855 1639 Ut
1878 1582 2023 1637 enim

430 1691 539 1764 jam
563 1688 694 1757 dixi,
718 1687 863 1741 intus
886 1682 1110 1749 fallacia,
1134 1679 1265 1737 foris
1285 1678 1485 1739 veritas
1506 1695 1520 1735 :
1542 1674 1759 1735 advenit
1778 1687 2024 1744 vespera,

433 1782 669 1836 solutum
696 1787 778 1833 est
806 1777 1093 1841 theatrum,
1120 1770 1364 1845 apparuit
1388 1767 1604 1823 veritas.
1635 1766 1708 1820 Ita
1736 1777 1948 1842 quoque
1973 1764 2026 1821 in

433 1874 541 1927 vita
572 1881 626 1927 ct
651 1871 704 1925 in
734 1869 840 1923 fine
867 1867 987 1921 vitai
1015 1880 1102 1920 res
1129 1870 1422 1934 praesentes
1447 1868 1572 1919 sunt
1601 1858 1865 1915 theatrum
1895 1871 1914 1922 ;
1941 1853 2028 1910 hi-

435 1966 749 2022 strionicam
792 1969 957 2033 agunt
1000 1958 1203 2016 divitia:
1240 1966 1295 2012 et
1335 1963 1655 2026 paupertas,
1702 1951 1951 2023 princeps
1976 1957 2032 2007 et

436 2057 701 2121 subditus,
731 2062 785 2109 et
813 2052 896 2106 his
919 2050 1110 2107 similia
1136 2066 1151 2115 ;
1186 2063 1309 2103 cuin
1336 2056 1516 2101 autem
1543 2044 1659 2100 dies
1687 2043 1779 2098 illa
1807 2041 2032 2099 transie-

437 2152 528 2218 rit,
556 2161 610 2206 et
637 2165 741 2203 nox
773 2148 862 2202 illa
892 2143 1168 2201 tremenda
1196 2141 1510 2205 advenerit;
1556 2138 1664 2193 imo
1695 2136 1871 2208 potius
1893 2135 2027 2199 dies,

438 2256 559 2312 quae
587 2235 961 2311 peccatoribus
988 2250 1116 2302 nox,
1141 2232 1406 2304 justisque
1430 2230 1545 2286 dies
1569 2230 1672 2284 erit
1699 2245 1712 2282 :
1742 2242 1861 2283 cum
1888 2225 2035 2281 solu-

440 2344 551 2389 tum
594 2330 760 2386 fuerit
804 2329 1095 2392 theatrum,
1139 2340 1261 2380 eum
1307 2325 1559 2392 projeetm
1602 2319 1799 2375 fuerint
1847 2318 2030 2385 larvtn,

439 2438 560 2481 eum
589 2421 957 2495 unusquisque
995 2428 1051 2473 et
1080 2430 1240 2487 opera
1286 2414 1355 2469 ad
1394 2427 1619 2469 examen
1663 2411 2030 2467 vocabuntur:

440 2534 547 2574 non
577 2514 941 2586 unusquisque
967 2521 1019 2568 ct
1046 2510 1244 2567 divitia:
1270 2509 1389 2582 ejus
1408 2549 1423 2574 ,
1459 2521 1566 2562 non
1594 2505 1958 2577 unusquisque
1982 2510 2038 2558 et

441 2609 775 2687 principatus
815 2604 955 2674 ejus,
1000 2617 1108 2657 non
1160 2599 1525 2671 unusquisque
1571 2605 1627 2652 et
1672 2595 1848 2653 honor
1895 2593 2032 2664 ejus,

442 2684 547 2756 non
577 2697 943 2767 unusquisque
987 2703 1042 2748 et
1070 2691 1306 2767 potentia
1335 2689 1493 2760 ejus;
1538 2687 1633 2743 sed
1673 2684 2038 2761 unusquisque

440 2805 496 2849 et
523 2806 688 2869 opera
715 2789 852 2861 ejus,
885 2796 940 2843 et
969 2786 1217 2855 princeps
1245 2792 1300 2840 et
1339 2783 1649 2854 imperator,
1681 2789 1737 2835 et
1763 2778 1956 2834 mulier
1985 2786 2041 2833 et

442 2886 526 2939 vir
545 2924 562 2950 ,
594 2898 714 2937 cum
747 2896 776 2934 a
809 2879 963 2934 nobis
992 2877 1154 2936 vitam
1198 2875 1416 2946 probam
1445 2881 1500 2929 et
1528 2872 1666 2927 bona
1696 2887 1859 2943 opera
1885 2884 2041 2941 repe-

445 2989 555 3045 tet,
584 2991 691 3032 non
717 2974 1033 3045 dignitatum
1065 2984 1335 3042 pompam,
1378 2983 1481 3022 non
1510 2965 1838 3038 paupertatis
1864 2964 2038 3018 vilita-

444 3081 595 3136 tem,
642 3082 747 3122 iinn
797 3065 1082 3134 despectus
1135 3059 1492 3132 tyrannidem.
1545 3058 1618 3113 Da
1667 3055 1797 3111 mihi
1853 3070 2038 3125 opera,

444 3161 653 3219 etiamsi
684 3172 873 3214 servus
902 3156 998 3221 sis,
1041 3169 1201 3225 quani
1229 3151 1383 3209 liberi
1414 3149 1513 3205 viri
1542 3149 1802 3213 meliora;
1831 3145 2041 3201 etiamsi

448 3254 639 3310 mulier
679 3251 785 3313 sis,
819 3264 977 3319 quam
1010 3246 1108 3301 viri
1152 3243 1395 3304 fortiora.
1426 3240 1561 3297 Cum
1591 3239 1814 3313 abjecta:
1842 3236 2043 3295 fuerint

448 3346 630 3410 larvas,
664 3351 789 3395 tunc
820 3345 1083 3409 apparent
1112 3344 1165 3391 et
1190 3334 1339 3394 dives
1368 3342 1423 3388 et
1449 3346 1669 3404 pauper.
1700 3331 1767 3386 Et
1788 3329 2045 3403 quemad-

449 3434 667 3495 modum
697 3433 806 3498 hic,
834 3441 1115 3501 postquam
1146 3428 1381 3483 solutum
1410 3425 1507 3483 fuit
1537 3424 1828 3492 theatrum,
1851 3424 1898 3478 si
1923 3422 2045 3497 quis

453 3536 696 3582 nostrum
728 3524 782 3577 in
811 3521 956 3578 edito
998 3521 1120 3575 loco
1163 3519 1360 3574 sedens
1394 3516 1588 3572 viderit
1628 3530 1752 3571 eum
1782 3514 1873 3585 qui
1902 3515 2046 3570 intus

452 3614 804 3697 philosophus
839 3622 992 3680 erat,
1044 3610 1174 3666 foris
1203 3608 1451 3665 :rrariuni
1492 3622 1641 3673 esse,
1684 3604 2042 3662 exclamabit:

456 3696 617 3766 hem!
662 3708 854 3764 Annon
885 3704 973 3761 liie
1010 3703 1152 3758 intus
1176 3699 1531 3773 philosophus
1555 3699 1713 3759 erat?
1758 3698 1875 3755 Jam
1915 3696 2046 3752 foris

456 3801 704 3860 sei-arium
731 3797 888 3853 video
917 3815 932 3855 :
958 3810 1138 3854 annon
1186 3793 1273 3847 hic
1315 3807 1407 3846 rex
1456 3792 1600 3845 intus
1626 3788 1791 3845 erat?
1828 3788 1898 3843 Et
1934 3788 2046 3858 jam

461 3893 592 3948 foris
617 3892 776 3945 vilem
807 3886 1090 3957 quemdam
1119 3884 1390 3943 hominem
1417 3897 1601 3939 cerno.
1632 3881 1826 3941 Annon
1855 3878 1943 3934 hic
1970 3880 2051 3933 in-

460 3994 548 4041 tus
586 3981 736 4037 dives
766 3978 923 4035 erat?
953 3979 1023 4032 At
1056 3976 1185 4030 foris
1217 3987 1505 4047 pauperem
1536 3971 1692 4027 video
1722 3987 1735 4025 :
1767 3971 1836 4025 ita
1862 3979 1915 4024 et
1946 3969 2052 4024 illic

458 4076 582 4131 erit.
1786 4072 1794 4079 '

532 4168 585 4223 6.
618 4166 931 4222 Sermonem
962 4175 1065 4233 non
1087 4159 1315 4215 ulterius
1340 4155 1655 4228 producam,
1678 4170 1747 4216 ne
1770 4153 2050 4209 verborum

459 4259 612 4328 copia
642 4256 939 4311 auditorem
970 4253 1193 4308 obruam
1222 4268 1236 4302 :
1264 4248 1359 4305 sed
1386 4247 1592 4303 duabus
1619 4245 1906 4325 propositis
1933 4260 2053 4315 per-

458 4350 606 4405 sonis
636 4357 799 4402 totaiii
842 4344 1035 4401 theatri
1066 4342 1436 4401 histrionicam
1473 4339 1775 4396 declarabo.
1812 4339 1885 4394 De
1924 4338 2055 4393 dna-

460 4443 562 4497 bus
593 4438 837 4511 personis
868 4435 1124 4500 tractavi,
1156 4449 1328 4511 exque
1359 4433 1465 4488 illis
1501 4430 1708 4486 duabus
1734 4430 1889 4484 vobis
1913 4430 2053 4484 viam

461 4531 648 4601 aperui
694 4538 750 4588 et
793 4528 1130 4587 occasionem
1174 4524 1377 4596 praebui
1425 4541 1436 4578 :
1481 4539 1576 4594 per
1612 4523 1736 4578 vitae
1779 4521 2057 4592 praesentis

464 4624 860 4681 enarrationem
907 4628 1140 4675 mentem
1183 4618 1401 4673 dilatavi
1444 4626 1677 4671 vestram
1702 4657 1718 4679 ,
1763 4622 1821 4668 ut
1862 4612 2057 4684 singuli

464 4730 646 4772 rerum
672 4712 962 4769 discrimen
987 4709 1246 4763 ediscant.
1276 4707 1405 4762 Diue
1426 4706 1586 4778 igitur
1604 4714 1759 4761 erant
1780 4718 2055 4775 personat:

464 4807 603 4862 alter
628 4816 912 4876 personam
937 4798 1157 4871 gerebat
1182 4796 1382 4863 divitis,
1409 4796 1544 4851 alter
1572 4795 1821 4867 pauperis
1852 4812 1864 4848 :
1892 4793 2061 4849 Laza-

469 4915 561 4956 rus
603 4908 889 4968 personam
917 4889 1167 4969 pauperis
1186 4931 1201 4957 ,
1230 4888 1381 4942 dives
1424 4888 1514 4943 ille
1546 4901 1828 4957 personam
1856 4885 2057 4942 divitis.

466 4991 564 5053 lla:
593 4998 718 5046 sunt
761 4986 922 5042 larvte
951 4991 1008 5038 et
1040 4996 1284 5054 personas
1308 5020 1323 5047 ,
1360 4994 1466 5035 non
1501 4994 1680 5035 rerum
1719 4980 1916 5034 veritas
1954 4976 2057 5050 (a).

464 5079 598 5141 lllne
632 5081 793 5138 ambo
817 5079 1095 5142 abierunt,
1126 5075 1278 5131 dives
1306 5073 1513 5130 scilicet
1538 5083 1589 5128 et
1619 5088 1820 5145 pauper
1848 5091 1863 5126 :
1890 5072 2059 5128 Laza-

469 5192 585 5237 runi
614 5176 967 5242 susceperunt
989 5166 1198 5239 angeli,
1225 5174 1351 5243 post
1375 5180 1536 5221 canes
1566 5164 1685 5220 illos
1710 5164 1917 5234 angeli,
1945 5171 2066 5234 post

528 5374 603 5486 an)
636 5382 764 5447 cave
786 5373 933 5443 putes
952 5367 1354 5440 Chrysostomum,
1378 5366 1467 5439 qui
1489 5365 1537 5421 in
1558 5362 1953 5435 praecedentibus
1974 5361 2063 5410 ho-

528 5455 532 5485 l
555 5439 615 5486 iis
630 5437 887 5486 historiam
904 5435 1060 5478 laxari
1082 5435 1136 5478 et
1154 5428 1317 5477 divitis
1331 5440 1469 5486 quasi
1504 5437 1669 5476 veram
1694 5424 1941 5486 historiam
1957 5435 2063 5485 pro-

468 5424 615 5487 Î¹Î¹Î¹á½¶á½¶á½·á¼°á½³
630 5424 887 5486 historiam
904 5424 1062 5478 laxari
1082 5435 1136 5478 et
1154 5428 1317 5477 divitis
1331 5424 1469 5490 quasi
1504 5424 1669 5490 veram
1694 5424 1944 5490 historiam
1951 5435 2066 5490 pro-

472 5485 609 5558 tulit,
619 5485 1044 5560 jam_palinodiam
1067 5502 1268 5546 canere,
1293 5485 1405 5539 cuin
1425 5488 1542 5560 dicit
1563 5487 1628 5536 de
1650 5493 1819 5535 Lazaro
1842 5493 1895 5535 et
1915 5485 2065 5560 divite

474 5545 697 5622 tinens,
894 5558 1003 5603 sunt
1025 5564 1100 5612 ea,
1138 5545 1522 5622 quwâ€™apporent,
1554 5561 1651 5599 non
1672 5560 1838 5598 rerum
1871 5545 2063 5622 ueritas.

474 5608 585 5671 tiiÃ©c
597 5608 789 5682 quippe
807 5615 1031 5666 dicuntur
1050 5608 1412 5682 eonsequen'ter
1434 5611 1495 5661 ad
1516 5623 1596 5669 ea,
1618 5622 1730 5673 qute
1746 5621 1891 5672 supra
1914 5608 2069 5682 fusius

476 5634 585 5671 Î¹Î¹Î¹ÎµÎ¿
636 5634 789 5682 mppe
807 5634 1031 5666 uncumur
1050 5634 1412 5673 consequenter
1434 5634 1495 5661 au
1516 5634 1596 5669 ea,
1618 5634 1730 5673 quae
1746 5634 1891 5672 aupns
1915 5634 2066 5658 tuatua

476 5634 673 5741 extulit,
692 5689 873 5741 nempe
896 5682 1045 5725 totam
1062 5674 1320 5741 humanam
1340 5676 1485 5723 vitam
1508 5683 1671 5725 scena
1700 5670 2066 5735 comparandam

481 5754 595 5797 esse
616 5754 629 5789 :
649 5738 781 5806 Quod
801 5738 964 5788 tamen
984 5748 1151 5787 rerum
1179 5738 1443 5792 veritatem
1465 5753 1564 5792 non
1585 5740 1736 5801 tollit.

1165 277 1222 336 S.
1263 275 1540 334 JOANNIS
1576 272 2046 332 CHRYSOSTOMI
2082 267 2399 327 ARCHIEP.
2441 265 2970 325 CONSTANTINOP.

3553 266 3687 327 Ï‰Ï„Î¹

2123 382 2517 439 divitis'ostiiim
2542 384 2691 440 sinus
2708 384 2956 453 Abrahae,
2979 395 3099 457 post
3121 384 3319 444 famem
3341 404 3521 446 rerum
3541 394 3685 462 copia

2120 473 2282 531 finem
2300 489 2406 530 non
2431 474 2698 543 habitura,
2717 484 2838 545 post
2860 492 3127 533 azruiniias
3144 480 3494 550 tranquillitas
3513 497 3693 555 perpe-
3713 473 3723 497 â¸

2122 574 2247 632 tua;
2275 564 2425 662 illum
2449 564 2670 638 (a)vero
2688 575 2807 662 post
2834 567 3047 625 divitias
3071 582 3376 643 paupertas,
3401 584 3523 644 post
3551 590 3692 630 men-
3727 598 3761 662 á¼

2122 672 2238 713 sani
2262 659 2537 730 opiparam
2564 660 2881 730 supplicium
2908 672 2962 718 ct
2980 663 3272 732 cruciatus,
3301 676 3418 735 post
3442 669 3700 738 tranquil-

2123 745 2328 803 litatem
2368 748 2689 805 intolerandi
2721 750 2960 807 dolores.
3007 752 3075 809 Et
3109 754 3389 812 considera
3418 756 3551 811 mihi
3579 759 3701 829 quid

2123 836 2325 894 factum
2364 840 2455 895 sit.
2488 840 2617 897 Illuc
2647 841 2929 910 abierunt,
2961 852 3019 901 et
3043 846 3283 902 solutum
3304 858 3388 904 est
3414 849 3701 918 theatrum,

2124 930 2346 1000 abjectie
2370 932 2532 988 larvas
2561 950 2574 987 :
2600 934 2775 990 vultus
2801 935 3015 992 demum
3043 950 3421 1008 apparuerunt.
3446 942 3707 999 Abierant

2125 1025 2307 1094 ambo,
2330 1026 2577 1099 videtque
2601 1029 2752 1087 dives
2776 1030 2866 1087 ille
2888 1032 3206 1088 torrefactus
3228 1034 3486 1092 Lazarum
3516 1036 3570 1094 iii
3592 1039 3707 1093 sinu

2126 1118 2359 1176 Abraha:
2401 1120 2542 1177 bene
2581 1132 2848 1193 agentem,
2894 1125 3099 1181 deliciis
3140 1125 3437 1196 fruentem,
3479 1131 3707 1202 dicitque

2129 1212 2204 1268 illi
2235 1229 2248 1266 :
2280 1211 2437 1267 Pater
2461 1213 2716 1269 Abraham
2733 1255 2749 1283 ,
2777 1216 2915 1271 mitte
2936 1215 3191 1272 Lazarum
3219 1228 3273 1273 ut
3308 1231 3532 1277 extremo
3560 1223 3707 1295 digito

2127 1304 2338 1362 instillat
2380 1306 2435 1360 in
2463 1308 2693 1379 linguam
2720 1325 2904 1377 meam,
2942 1311 3062 1381 quia
3087 1313 3285 1369 crucior
3307 1314 3363 1369 in
3388 1314 3487 1369 hac
3509 1316 3708 1386 ï¬‚amma

2131 1395 2283 1471 (Luc.
2314 1397 2401 1453 16.
2432 1397 2504 1453 24
2523 1399 2566 1470 ).
2607 1398 2743 1468 Quid
2783 1400 2943 1472 igitur
2968 1401 3279 1460 Abraham?
3314 1403 3451 1473 Fili,
3488 1408 3708 1478 recepisti

2132 1491 2263 1545 bona
2288 1500 2396 1558 tua,
2418 1500 2465 1545 et
2485 1488 2717 1547 Lazarus
2738 1493 2873 1547 mala
2896 1510 2993 1549 sua
3020 1509 3040 1549 :
3064 1504 3111 1550 et
3138 1511 3271 1550 nunc
3293 1497 3375 1551 hic
3401 1499 3708 1568 consolatur,

2132 1591 2186 1636 tu
2214 1597 2330 1636 vero
2359 1583 2633 1638 cruciaris;
2652 1583 2891 1656 Alioquin
2921 1595 3094 1641 autem
3116 1595 3163 1640 et
3199 1586 3355 1643 chaos
3392 1587 3527 1645 inter
3555 1606 3645 1646 nos
3665 1601 3710 1647 et

2133 1689 2220 1732 vos
2242 1674 2501 1744 ï¬rmatum
2526 1687 2636 1744 est;
2682 1688 2735 1733 ut
2761 1680 2806 1734 si
2832 1680 2946 1751 quis
2985 1681 3195 1736 uoluerit
3222 1682 3342 1737 hinc
3373 1684 3509 1739 illuc
3532 1687 3601 1740 ad
3633 1702 3712 1741 sos

2135 1766 2476 1837 pertransire,
2522 1785 2624 1823 non
2672 1770 2851 1841 possit.
2900 1773 3152 1830 Animum
3196 1773 3451 1832 adhibete
3483 1794 3500 1832 :
3529 1776 3599 1832 de
3635 1777 3713 1834 his

2136 1864 2278 1920 enim
2308 1864 2453 1920 utilis
2475 1878 2653 1921 sermo
2681 1865 3009 1935 instituetnr,
3032 1869 3121 1939 qui
3145 1876 3342 1927 terreat
3364 1871 3604 1942 quidem,
3625 1873 3713 1928 sed

2136 1959 2226 2028 qui
2268 1967 2495 2029 purget;
2538 1960 2628 2029 qui
2673 1960 2976 2027 excruciet,
3021 1960 3117 2018 sed
3145 1960 3237 2034 qui
3279 1963 3577 2021 emendet:
3605 1981 3715 2036 quat

2138 2049 2387 2105 dicuntur
2427 2049 2634 2121 excipe.
2665 2049 2801 2106 Cum
2830 2051 2883 2106 in
2927 2053 3251 2112 cruciatibus
3291 2054 3518 2124 degeret
3553 2057 3713 2124 dives,

2139 2154 2354 2196 sursum
2377 2142 2611 2211 aspexit,
2641 2150 2695 2197 et
2717 2142 2848 2198 vidit
2873 2142 3137 2205 Lazarum
3166 2162 3185 2206 Î¹
3209 2146 3341 2201 vidit
3364 2163 3483 2203 rem
3512 2164 3713 2206 novam.

2141 2231 2198 2286 lii
2225 2231 2365 2286 ostio
2393 2240 2483 2286 tuo
2506 2231 2745 2302 quotidie
2774 2242 2886 2287 erat
2919 2250 2933 2287 :
2969 2234 3051 2291 bis
3080 2246 3224 2291 terve
3261 2235 3644 2307 ingrediebaris
3669 2249 3717 2294 et

2140 2322 2521 2394 egrediebaris,
2549 2334 2604 2379 et
2644 2338 2751 2380 non
2773 2324 3096 2395 reSpicicbas
3125 2343 3288 2395 eum;
3317 2343 3441 2383 cum
3468 2339 3644 2386 autem
3667 2331 3715 2387 iu

2141 2416 2414 2487 sartagine
2441 2416 2691 2484 versaris,
2720 2432 2788 2473 ex
2815 2425 2961 2473 tanto
2987 2419 3277 2478 interstitio
3300 2421 3450 2476 vides
3472 2422 3496 2482 â€˜2
3519 2423 3644 2477 Cum
3669 2424 3719 2479 in

2141 2508 2343 2564 divitiis
2367 2523 2584 2580 ageres,
2610 2523 2732 2564 cum
2760 2523 2929 2581 penes
2966 2520 3018 2569 te
3044 2518 3163 2574 erat
3183 2521 3244 2567 ut
3271 2513 3487 2569 videres
3504 2555 3520 2578 ,
3547 2514 3718 2569 videro

2142 2601 2289 2657 illum
2320 2602 2538 2658 nolebas
2557 2644 2573 2669 ,
2599 2616 2697 2658 cur
2738 2618 2881 2659 nunc
2909 2612 3013 2659 tam
3043 2614 3197 2661 acute
3237 2607 3416 2662 cernis
3440 2606 3507 2661 á½·á¿–
3543 2610 3718 2666 Annon

2143 2692 2197 2749 in
2226 2693 2367 2748 ostio
2412 2703 2502 2749 tuo
2547 2694 2710 2749 erat?
2752 2693 2859 2750 Cur
2904 2695 3055 2751 illum
3100 2705 3225 2752 tunc
3265 2711 3298 2752 e
3341 2698 3586 2768 proximo
3622 2713 3715 2753 non

2144 2785 2390 2853 videbas,
2432 2800 2575 2842 nunc
2611 2794 2789 2842 autem
2823 2801 2890 2842 ex
2928 2794 3078 2842 tanto
3102 2788 3390 2845 interstitio
3415 2789 3586 2856 vides,
3610 2804 3719 2844 cuni

2147 2884 2353 2932 tantum
2403 2879 2473 2932 sit
2519 2876 2895 2935 intermedium
2939 2877 3148 2935 chaos?
3192 2878 3331 2949 Quid
3384 2889 3564 2937 autem
3602 2879 3719 2935 ille?

2146 2968 2417 3024 Abraham
2439 2977 2647 3041 patrem
2666 2979 2839 3025 vocat.
2864 2969 3148 3030 Patremne
3163 2986 3325 3028 vocas
3340 2973 3568 3048 eum(b),
3584 2973 3721 3044 cujus

2148 3061 2567 3133 hospitalitatem
2598 3077 2705 3119 non
2748 3078 2809 3120 es
2850 3064 3136 3120 imitatus?
3176 3064 3276 3123 llic
3317 3075 3525 3136 patrem
3563 3074 3717 3132 vocat,

2150 3155 2240 3211 ille
2266 3154 2434 3211 lilium
2461 3172 2476 3213 :
2505 3157 2722 3213 nomina
2753 3157 3088 3227 cognationis
3114 3166 3258 3227 sunt,
3292 3159 3387 3215 sed
3417 3160 3618 3215 nullum
3641 3175 3720 3230 pa-

2151 3247 2457 3306 trocinium.
2486 3249 2685 3306 Verum
2714 3250 2931 3306 nomina
2958 3251 3194 3321 profert,
3233 3260 3290 3307 ut
3326 3250 3547 3308 discatis
3571 3266 3721 3323 genus

2151 3345 2283 3401 nihil
2310 3343 2589 3415 prodesse.

2225 3437 2480 3493 Nobilitas
2511 3448 2583 3495 est
2616 3455 2719 3494 non
2750 3438 3003 3511 majorum
3045 3436 3306 3509 splendor,
3340 3439 3430 3494 sed
3471 3440 3639 3495 uirtus.
3662 3465 3723 3483 -Î¹

2151 3531 2412 3591 Nobilitas
2435 3532 2631 3604 quippe
2659 3542 2741 3588 est
2769 3549 2874 3587 non
2905 3532 3166 3603 majorum
3197 3533 3477 3604 splendor,
3505 3533 3595 3590 sed
3620 3546 3722 3587 mo-

2154 3640 2243 3680 res
2269 3625 2463 3680 virtute
2493 3623 2721 3695 prtediti.
2756 3623 2835 3680 Ne
2873 3625 3003 3679 mihi
3031 3625 3266 3695 dixeris,
3307 3635 3458 3697 pater
3494 3635 3576 3681 est
3610 3623 3723 3681 mihi

2154 3719 2363 3774 consul.
2398 3717 2536 3786 Quid
2572 3717 2675 3774 hoc
2714 3717 2780 3772 ad
2826 3719 2956 3773 me?
2983 3718 3099 3774 Non
3130 3719 3234 3775 hoe
3257 3734 3463 3790 qmero.
3506 3719 3581 3775 Ne
3611 3717 3726 3773 mihi

2155 3809 2373 3875 dixeris,
2394 3818 2598 3880 patrem
2618 3808 2786 3865 habeo
2808 3809 3104 3865 consulem.
3127 3810 3353 3866 Etiamsi
3377 3811 3601 3867 Paulum
3615 3824 3724 3880 apo-

2156 3904 2355 3960 stolum
2380 3914 2583 3973 patrem
2612 3903 2840 3960 haberes
2864 3944 2877 3969 ,
2906 3904 2951 3959 si
2980 3912 3242 3975 martyres
3272 3902 3468 3960 fratres
3490 3946 3505 3968 ,
3539 3914 3589 3959 tu
3614 3918 3727 3959 vero

2158 3998 2408 4052 virtutem
2436 3995 2647 4050 illorum
2680 4011 2783 4050 non
2821 3996 3107 4052 in.itareris
3130 4039 3146 4063 ,
3179 3997 3308 4052 nihil
3338 3998 3431 4053 tibi
3472 3999 3724 4069 prodesset

2160 4089 2246 4144 illa
2267 4088 2550 4160 cognatio;
2572 4088 2681 4142 imo
2703 4088 2877 4157 potius
2900 4088 2991 4142 tibi
3010 4097 3229 4144 noceret
3250 4098 3404 4159 teque
3422 4090 3723 4145 condemna-

2161 4192 2259 4240 ret.
2283 4183 2470 4249 Mater,
2495 4184 2719 4255 inquiet,
2744 4198 2859 4239 mea
2883 4182 3279 4255 eleemosynam
3307 4196 3513 4254 erogat.
3545 4180 3721 4252 Ecquid

2163 4278 2265 4334 hoc
2289 4277 2354 4332 ad
2386 4286 2437 4333 te
2458 4318 2472 4343 ,
2504 4279 2593 4347 qui
2632 4276 2955 4332 inhumanus
2979 4276 3074 4333 es?
3110 4275 3242 4330 Nam
3284 4277 3400 4346 ejus
3446 4275 3723 4331 humanitas

2164 4370 2270 4429 tuis
2299 4367 2556 4438 improbis
2595 4366 2839 4423 moribus
2866 4367 3107 4422 accessio
3146 4366 3607 4423 eoiideiunatimiis
3635 4374 3720 4421 est.

2162 4461 2299 4530 Quid
2325 4460 2469 4516 enim
2499 4459 2628 4515 dicit
2659 4458 2894 4515 Joannes
2921 4458 3155 4529 Baptista
3191 4457 3258 4512 ad
3292 4458 3542 4527 pupulum
3570 4454 3723 4510 iudai-

2164 4554 2323 4609 cum?
2340 4551 2516 4607 Facite
2538 4551 2757 4621 fructum
2775 4550 2984 4623 dignum
3008 4549 3333 4621 pwnitentiw,
3359 4561 3403 4603 et
3420 4566 3485 4603 ne
3502 4546 3723 4610 dixeritis,

2166 4657 2360 4718 patrem
2381 4644 2620 4700 habemus
2652 4644 2906 4699 Abraham
2932 4642 3085 4714 (Luc.
3117 4644 3172 4699 5.
3200 4642 3281 4701 8i.
3311 4644 3621 4698 Praeclarum
3644 4640 3721 4691 ha-

2166 4740 2262 4798 bes
2289 4750 2501 4794 atavnm
2528 4756 2540 4791 :
2570 4738 2615 4792 si
2645 4738 2879 4793 imitatus
2908 4735 3073 4791 fueris
3095 4779 3109 4800 ,
3140 4735 3267 4790 hinc
3306 4736 3506 4789 lucrum
3547 4733 3722 4791 habes;

2167 4834 2212 4889 si
2229 4836 2344 4887 'nnn
2373 4832 2628 4897 imitatus,
2655 4830 2971 4901 prmelaiâ€˜um
3001 4829 3148 4883 illum
3179 4826 3343 4882 habes
3366 4835 3721 4887 accusatorem,

2168 4928 2309 5000 quod
2337 4943 2404 4983 ex
2432 4926 2573 4981 dulci
2603 4924 2785 4981 radice
2818 4939 3032 4979 amarus
3058 4924 3133 4978 sis
3158 4933 3308 4980 ortus
3342 4921 3556 4978 fructus.
3586 4921 3724 4976 Niiiii-

2168 5037 2326 5091 quam
2357 5021 2569 5076 beatum
2599 5018 2854 5086 praidices
2876 5017 3170 5082 hominem,
3191 5015 3342 5086 ciijus
3357 5025 3606 5086 cognatus
3623 5027 3703 5083 pro

2176 5112 2275 5167 bus
2303 5120 2406 5177 est,
2436 5110 2535 5165 nisi
2562 5110 2678 5179 ejus
2707 5122 2884 5164 mores
2915 5108 3171 5163 imitetur.
3197 5106 3418 5163 Matrem
3447 5108 3606 5163 habes
3627 5120 3705 5159 san

2169 5220 2311 5266 ctam
2330 5208 2353 5262 ?
2375 5207 2514 5263 Nihil
2543 5206 2609 5261 ad
2639 5215 2692 5262 te
2724 5203 2917 5260 attinet
2945 5221 2959 5258 :
2990 5211 3215 5258 matrem
3246 5201 3411 5260 habes
3437 5202 3721 5261 scelistani.

2238 5416 2255 5447 Î¹
2275 5409 2488 5469 Benzel.,
2504 5417 2625 5476 Cum
2646 5406 2698 5457 in
2711 5403 2890 5476 divitiis
2908 5402 3207 5476 immundus
3227 5414 3322 5451 non
3338 5400 3487 5476 sides,
3499 5405 3677 5476 cingite
3690 5397 3726 5476 tu

2172 5457 2667 5542 pmi'ticitÃ©'cÃ©mis.
2687 5476 2783 5519 ÎµÎ¹Î¿-
2809 5469 3092 5542 salientis
3108 5457 3730 5542 á½·ÎµÎµÎ¾Ï‰Î»Î¾Î¾Î¹Î¾Î¹Î¼ÎµÎ¹Î¹Î¹Î¹á½³Î¹Îµá½·Îµá½²Î¾á½²Î·Î¶Îµ

2334 5522 2451 5586 Î—á½½Ï‚
2488 5522 2750 5598 parumper
2775 5522 2961 5580 variant
2998 5528 3048 5577 in
3073 5527 3193 5577 edit.
3218 5522 3431 5585 Beuzel.,
3455 5522 3541 5575 sed
3582 5522 3733 5570 sensus

2174 5603 2324 5778 Îºá½¶á¿—á¿–á¿—á½³
2343 5668 2405 5712 Fa
2442 5657 2551 5711 fere
2573 5655 2759 5721 repetit
2792 5666 2903 5721 qua:
2942 5652 3175 5707 concione
3217 5651 3366 5705 tertia
3388 5661 3544 5713 supra,
3576 5635 3727 5697 nuntii

2181 5737 2232 5778 st
2327 5761 2338 5776 .

2181 5737 2232 5785 81.
2265 5737 2338 5778 Î¹Î¹Î¹.
