4006 6436
252 367 274 423 ί
284 367 406 426 035

243 486 393 542 ἀλλά
424 484 616 558 ἰατροῦ
642 485 835 559 ἱμάτια
866 489 1351 564 περιϐεϐλημένος,
1369 494 1398 547 6
1426 493 1483 548 δὲ
1499 494 1684 560 δοῦλος
1706 494 1855 555 ἐλεύὶ

243 580 416 651 θερος
445 579 547 646 ὢν,
588 582 616 636 6
641 580 697 635 δὲ
724 582 1044 650 διδάσκαλος
1068 585 1189 640 οὐδὲ
1227 587 1533 658 γράμματα
1555 588 1856 658 ἐπιστάμε-

243 688 360 734 νος,
399 670 562 725 οὐδὲν
591 665 667 727 ὧν
695 675 802 727 εἰσι
826 676 1131 745 φαίνονται,
1156 679 1193 730 δι
1227 677 1282 731 δέ
1306 678 1443 731 είσιν
1467 678 1529 731 οὐ
1572 678 1852 747 φαίνονται

243 763 550 834 (φαίνεται
596 765 706 839 γὰρ
760 768 944 840 ἰατρὸς
968 770 1069 822 οὐκ
1096 769 1172 823 ὣν
1206 770 1413 840 ἰατρὸς,
1460 770 1558 824 καὶ
1597 770 1852 841 φαίνεται

240 855 556 928 φιλόσοφος
588 857 764 931 κόμην
798 859 937 931 ἔχων
968 862 1026 914 ὲν
1058 860 1135 932 τῷ
1158 863 1511 934 προσωπείῳ,
1539 863 1635 917 καὶ
1666 864 1852 933 φαίνε-

236 966 331 1003 ται
373 949 730 1019 στρατιώτης
755 950 1088 1022 στρατιώτου
1128 954 1315 1025 σχῆμα
1355 955 1849 1028 περιϐεϐλημένος·

236 1042 337 1093 καὶ
369 1041 573 1113 ἀπατᾷ
605 1036 787 1114 ήἪψις
816 1043 913 1097 τοῦ
950 1047 1317 1116 προσωπείου,
1343 1047 1459 1100 ἀλλ’
1502 1048 1565 1102 ού
1598 1049 1852 1119 ψεύδεται

236 1131 341 1200 τὴν
377 1131 573 1201 φύσιν,
612 1128 677 1204 ἦς
737 1136 1063 1205 μεταϐάλλει
1107 1138 1208 1209 τὴν
1256 1137 1696 1209 ἀλήθειανμΚαί¹
1746 1141 1853 1205 ἕως

239 1221 346 1289 μὲν
401 1223 736 1290 καθέζονται
782 1228 833 1280 οἱ
868 1229 1219 1301 τερπόμενοι,
1244 1229 1314 1284 τὰ
1352 1234 1673 1302 προσωπεῖα
1695 1232 1850 1286 ἵστα-

234 1329 330 1368 ται
359 1331 377 1346 ο
439 1306 665 1372 ἐπειδάν
692 1333 719 1361 ι
747 1320 803 1374 δὲ
835 1320 1048 1394 ἐσπέρα
1098 1323 1421 1397 καταλάϐῃ,
1473 1325 1570 1378 καὶ
1613 1323 1747 1395 λυθῇ
1789 1325 1850 1379 τὸ

236 1404 517 1480 θέατρον,
578 1412 673 1465 καὶ
718 1414 920 1480 πάντες
977 1417 1397 1488 ἀναχωρήσωσι,
1445 1417 1727 1489 ρίπτονται
1779 1417 1847 1472 τά

235 1503 600 1569 προσωπεῖα,
632 1505 727 1556 καὶ
746 1506 775 1558 6
800 1505 946 1560 ἔνδον
967 1506 1225 1578 βασιλεὺς
1248 1509 1560 1581 εὑρίσκεται
1587 1508 1692 1576 ἔξω
1718 1508 1849 1581 χαλ-

235 1591 509 1658 κότυπος.
556 1594 863 1673 Ἀπερρίφη
903 1598 974 1653 τά
1001 1603 1343 1671 προσωπεῖα,
1369 1601 1613 1673 ἀπῆλθεν
1641 1605 1675 1674 ή
1704 1602 1848 1657 άπά-

233 1703 327 1757 τη,
363 1686 595 1764 ἐδείχθη
621 1691 653 1762 ή
697 1691 928 1763 ἀλήθεια
949 1706 963 1721 ·
995 1694 1092 1748 καὶ
1122 1694 1438 1766 εὑρίσκεται
1466 1697 1495 1749 6
1523 1695 1669 1750 ἔνδον
1692 1695 1845 1750 ἐλεύ-

235 1777 426 1849 θερος,
456 1779 568 1847 ἔξω
587 1781 773 1847 δοῦλος
791 1801 805 1818 ο
833 1784 972 1857 ὅπερ
989 1784 1097 1858 γάρ
1118 1781 1292 1851 εἷπον,
1320 1784 1429 1839 ἔσω
1455 1786 1556 1858 μὲν
1580 1789 1610 1858 ἡ
1634 1787 1842 1860 ἀπάτη,

232 1871 344 1939 ἔξω
375 1872 435 1926 δὲ
465 1873 502 1945 ἡ
531 1872 794 1947 ἀλήθειαο
830 1877 1130 1933 κατέλαϐεν
1160 1878 1216 1932 δέ
1249 1881 1283 1951 ή
1312 1879 1522 1952 ἑσπέρα
1542 1897 1555 1911 ·
1593 1880 1756 1953 ἐλύθη
1781 1880 1844 1935 τδ

235 1961 496 2035 θέατρον,
526 1965 702 2040 ἐφάνη
734 1969 767 2041 ή
795 1968 1041 2041 ἀλήθεια)
1061 1989 1075 2002 ·
1108 1968 1251 2025 οὕτω
1275 1971 1368 2025 καὶ
1405 1972 1463 2027 ἐν
1499 1971 1578 2044 τῷ
1614 1972 1715 2044 βίῳ
1749 1973 1842 2027 καὶ

232 2056 292 2111 ἐν
321 2056 406 2128 τῷ
431 2058 621 2113 τέλει·
654 2061 725 2115 τά
742 2062 988 2134 παρόντα
1014 2062 1257 2136 θέατρον,
1280 2064 1350 2119 τά
1371 2065 1677 2138 πράγματα
1704 2065 1842 2120 ὑπό-

234 2167 447 2222 κρισις,
482 2151 717 2218 πλοῦτος
754 2156 850 2209 καὶ
894 2155 1084 2220 πενία,
1121 2156 1217 2211 καὶ
1252 2156 1561 2228 ἅρχων-καὶ
1601 2157 1842 2228 ἀρχόμε-

231 2260 343 2315 νος,
406 2244 509 2298 καὶ
542 2245 645 2298 ὅσα
708 2246 956 2301 τοιαῦτα·
990 2249 1120 2303 ὅταν
1156 2248 1214 2303 δὲ
1266 2248 1551 2320 ἁποϐληθῇ
1590 2250 1623 2320 ἡ
1655 2249 1839 2321 ἡμέρα

233 2334 444 2405 ἐκείνη,
476 2337 576 2391 καὶ
606 2337 736 2413 ἔλθῃ
762 2340 795 2411 ή
824 2339 920 2405 νὺξ
944 2340 1129 2411 εκείνη
1151 2341 1184 2412 ἡ
1208 2340 1437 2414 φοϐερὰ,
1474 2342 1677 2414 μᾶλλον
1712 2340 1770 2394 δέ
1802 2342 1836 2414 ή

230 2428 442 2502 ήμέρα,
474 2430 575 2498 νὺξ
605 2432 703 2502 μὲν
730 2436 843 2497 τοῖς
877 2434 1244 2507 ἁμαρτωλοῖς,
1274 2435 1459 2507 ήμέρα
1505 2435 1564 2489 δὲ
1597 2436 1711 2498 τοῖς
1761 2433 1838 2488 δι-

233 2521 441 2586 καίοις·
497 2524 630 2578 ὅταν
660 2524 793 2597 λυθῇ
823 2527 884 2579 τὸ
918 2526 1166 2599 θέατρον,
1221 2530 1350 2584 ὅταν
1384 2530 1514 2601 ριφῇ
1556 2529 1627 2583 τὰ
1661 2546 1835 2601 προσο

229 2615 430 2679 ωπεῖα,
456 2614 593 2670 ὅταν
615 2615 977 2689 δοκιμάζηται
1007 2618 1238 2684 ἕκαστος
1262 2620 1359 2673 καὶ
1386 2620 1454 2674 τά
1476 2619 1614 2693 ἔργα
1642 2620 1832 2685 αὑτοῦ,

233 2704 333 2777 οὐχ
361 2706 605 2772 ἕκαστος
633 2710 727 2763 καὶ
755 2712 783 2763 6
814 2710 1044 2777 πλοῦτος
1068 2711 1259 2778 αὑτοῦ,
1287 2713 1389 2785 οὐχ
1414 2714 1646 2779 ἕκαστος
1675 2716 1768 2769 καὶ
1800 2717 1834 2788 ή

231 2798 375 2871 ἀρχὴ
408 2800 607 2866 αὑτοῦ,
638 2803 740 2874 οὐχ
763 2802 996 2869 ἕκαστος
1019 2806 1114 2859 καὶ
1145 2806 1179 2876 ή
1211 2805 1346 2878 τιμὴ
1368 2804 1557 2875 αὑτοῦ,
1587 2807 1687 2878 οὐχ
1706 2808 1837 2861 έκα-

235 2906 357 2955 στος
380 2893 479 2946 καὶ
507 2894 545 2964 ή
583 2893 874 2948 δυναστεία
891 2893 1080 2961 αὐτοῦ,
1103 2896 1218 2950 ἀλλ’
1240 2897 1470 2962 ἕκαστος
1489 2900 1582 2952 καὶ
1608 2898 1675 2952 τὰ
1698 2898 1836 2972 ἔργα

233 2984 421 3049 αὐτοῦ,
457 2987 560 3041 καὶ
582 2988 789 3060 ἄρχων,
813 2989 909 3043 καὶ
942 2989 1215 3060 βασιλεὺς,
1253 2990 1348 3044 καὶ
1374 2992 1533 3062 γυνὴ,
1561 2992 1832 3065 καὶὰνὴρ,

232 3076 320 3130 ὅτε
343 3080 496 3150 ἡμᾶς
525 3079 641 3151 βίον
662 3082 888 3135 ἀπαιτεῖ
907 3081 1002 3136 καὶ
1020 3082 1250 3155 πράξεις
1280 3082 1514 3153 ἀγαθὰς,
1541 3085 1641 3138 οὐκ
1670 3082 1834 3149 ἀξιω-

235 3171 423 3241 μάτων
448 3174 642 3244 δγκον,
670 3174 732 3229 οὐ
760 3175 949 3241 πενίας
967 3175 1262 3244 εὐτέλειαν,
1279 3177 1340 3230 οὐ
1372 3178 1833 3250 καταφρονήσεως

229 3268 556 3337 τυραννίδαο
598 3261 722 3341 ἐμοὶ
759 3269 896 3345 ἔργα
916 3271 1027 3337 δὺς,
1065 3270 1217 3345 [781]
1245 3270 1348 3327 κᾶν
1374 3271 1562 3337 δοῦλος
1586 3268 1654 3348 ᾗς
1678 3315 1691 3331 .
1733 3272 1830 3328 τοῦ

233 3358 522 3432 ἐλευθέρου
553 3362 812 3433 ἀμείνων,
842 3364 946 3420 κᾶν
968 3365 1105 3437 γυνὴ
1135 3361 1223 3440 ᾖς,
1248 3367 1344 3422 τοῦ
1377 3365 1568 3440 ἀνδρὸς
1593 3367 1833 3439 ἀνδρειο-

232 3453 365 3521 τέρα
384 3469 399 3483 ·
434 3452 668 3508 ἐπειδάν
693 3457 824 3527 ῥιφῇ
857 3455 927 3510 τά
950 3459 1292 3528 προσωπεῖα,
1316 3457 1439 3511 τότε
1469 3458 1833 3528 φαίνεταικαὶ

234 3541 261 3592 6
287 3541 573 3608 πλούσιος,
591 3544 686 3598 καὶ
703 3546 732 3598 6
761 3545 933 3618 πένης
954 3563 968 3577 ·
997 3546 1091 3601 καὶ¹
1116 3548 1306 3621 ὥσπερ
1328 3542 1431 3603 ὧδε
1453 3550 1674 3603 ἐπειδάν
1694 3549 1830 3623 λυθῇ

230 3632 290 3686 τὸ
313 3634 573 3709 θέατρον,
598 3637 693 3691 καί
719 3656 806 3702 τις
832 3638 988 3710 ήμῶν
1017 3639 1130 3694 ἀνω
1157 3640 1465 3713 καθήμενος
1490 3642 1575 3715 ἴδῃ
1602 3642 1694 3697 τὸν
1722 3642 1831 3697 έσω

233 3724 548 3798 φιλόσοφον,
573 3728 681 3796 ἐξω
701 3730 1063 3801 χαλκότυπον,
1088 3730 1266 3801 λέγει’
1298 3732 1437 3796 Οὐὰ,
1463 3727 1616 3798 οὗτος
1637 3735 1737 3787 οὐκ
1761 3731 1831 3807 ἦν

232 3815 336 3871 ἔσω
361 3819 660 3890 φιλόσοφος
682 3840 697 3887 ;
737 3822 842 3889 ἔξω
876 3823 1214 3895 χαλκότυπον
1236 3825 1347 3897 ὁρῶ
1367 3843 1381 3857 ·
1412 3820 1565 3891 οὗτος
1586 3827 1687 3881 οὐκ
1722 3827 1831 3881 ἔσω

235 3908 526 3983 βασιλεύς;
562 3914 666 3980 ἔξω
688 3915 879 3989 εὐτελῆ
906 3936 1029 3972 τινα
1065 3919 1210 3991 ὁρῶ·
1244 3913 1399 3986 οὗτος
1437 3923 1536 3976 οὐκ
1584 3917 1653 3994 ἦν
1684 3922 1830 3977 ἔνδον

234 4001 522 4074 πλούσιος;
556 4005 661 4077 ἔξω
686 4009 896 4081 πένητα
932 4010 1046 4084 ὁρῶ
1065 4028 1078 4042 ⁸
1105 4011 1281 4078 οὕτως
1303 4015 1400 4067 καὶ
1446 4016 1564 4071 ἐκεῖ
1595 4014 1826 4084 γίνεται.

303 4102 377 4161 ς’.
401 4099 501 4155 Διὰ
525 4099 686 4154 τοῦτο
712 4100 814 4155 οὐκ
840 4100 959 4171 άγω
985 4102 1077 4156 τὸν
1108 4103 1266 4172 λόγον
1292 4105 1370 4166 εἰς
1395 4105 1617 4172 πλάτος,
1643 4104 1730 4159 ἵνα
1753 4105 1829 4178 μὴ

234 4190 449 4266 συγχέω
509 4191 604 4245 τὸν
650 4194 932 4267 ἀκροατὴν
976 4194 1056 4266 τῷ
1094 4195 1287 4267 πλήθει
1326 4198 1435 4250 τῶν
1479 4196 1827 4266 λεγομένων·

233 4278 344 4332 ἀλλ’
374 4283 455 4347 είς
488 4283 586 4337 δύο
636 4289 959 4355 προσωπεῖα
1004 4286 1104 4357 τὴν
1128 4286 1420 4359 ὑπόκρισιν
1460 4286 1555 4339 τοῦ
1595 4285 1827 4359 θεάτρου

234 4375 590 4445 παραστῆσαι
618 4375 900 4448 βούλομαι.
958 4375 1063 4430 Δύο
1094 4378 1415 4448 προσωπεῖα
1448 4375 1830 4448 μετεχειρισά-

238 4479 365 4533 μην,
399 4467 514 4520 ἀπὸ
562 4468 671 4520 τῶν
703 4467 795 4521 δύο
840 4468 1046 4523 τούτων
1106 4469 1321 4542 τέμνων
1358 4470 1487 4542 ὑμῖν
1544 4471 1695 4535 666v,
1734 4472 1829 4527 καὶ

235 4551 407 4622 διδοὺς
458 4561 738 4632 ἀφορμήν.
777 4554 1146 4616 Ἐνεπλάτυνα
1176 4546 1333 4635 ὑμῶν
1362 4563 1461 4636 τὴν
1484 4562 1728 4620 διάνοιαν
1757 4567 1825 4637 τῇ

235 4646 483 4722 διηγήσει
517 4653 612 4707 τοῦ
641 4654 910 4727 παρόντος
965 4655 1104 4726 βίου,
1139 4655 1281 4709 ὥστε
1312 4656 1545 4710 ἕκαστον
1575 4673 1829 4728 καταμα-

237 4737 348 4796 ύεῖν
364 4744 463 4821 τὴν
489 4747 758 4816 διαφοράν
786 4746 896 4801 τῶν
923 4748 1287 4820 πραγμάτων.
1321 4748 1426 4802 Δύο
1457 4749 1640 4802 τοίνυν
1662 4766 1829 4822 προσ-

237 4837 441 4895 ωπεῖα·
474 4838 504 4891 6
546 4836 647 4909 μὲν
705 4839 1053 4907 προσωπεῖον
1085 4834 1200 4908 εἶχε
1241 4838 1522 4904 πλουσίου,
1555 4840 1583 4892 6
1615 4839 1672 4894 δὲ
1731 4839 1828 4893 πέ-

237 4941 419 4994 νητος·
452 4932 481 4984 ὁ
507 4930 757 5003 Λάζαρος
787 4933 1131 5002 προσωπεῖον
1158 4931 1412 5004 πένητος,
1438 4934 1466 4986 6
1485 4933 1542 4986 δὲ
1571 4931 1826 4999 πλούσιος

239 5027 579 5088 προσωπεῖον
599 5023 891 5077 πλουσίου·
932 5028 1253 5096 προσωπεῖα
1291 5026 1359 5080 τά
1409 5025 1735 5097 φαινόμενα,
1763 5027 1825 5081 ού

239 5112 581 5182 πραγμάτων
609 5114 838 5187 ἀλήθεια
853 5114 899 5167 δ.
918 5115 1185 5187 Ἀπῆλθον
1212 5116 1515 5188 ἀμφότεροι
1544 5118 1682 5180 ἐκεῖ,
1712 5118 1740 5171 ὃ
1767 5134 1825 5171 τε

244 5201 515 5271 πλούσιος,
562 5209 655 5263 καὶ
689 5211 719 5261 6
763 5208 966 5280 πένης’
998 5208 1192 5261 ἔλαϐον
1244 5209 1336 5263 τὸν
1364 5209 1617 5281 Λάζαρον
1650 5212 1700 5264 οἱ
1726 5210 1826 5279 ἄγ-

243 5292 411 5358 γελοι·
461 5300 601 5370 μετὰ
634 5301 760 5365 τοὺς
810 5301 980 5365 κύνας
1011 5301 1255 5370 ἄγγελοι,
1304 5302 1443 5374 μετὰ
1474 5304 1566 5358 τὸν
1602 5305 1826 5359 πυλῶνα

305 5592 333 5672 ξ
356 5594 569 5672 Βυηζιξιλ-
589 5603 823 5672 ἀλήθειαν.
871 5602 999 5672 καθὸ
1022 5602 1105 5663 μὲν
1133 5603 1405 5672 γάρρκῃκή
1431 5605 1462 5667 ᾖ
1494 5606 1577 5654 καὶ
1602 5607 1822 5672 θέατρον,

245 5656 323 5702 καὶ
342 5656 698 5729 σνγκαθέζονται
722 5670 767 5715 οἱ
785 5656 1062 5729 τερπόμενοι
1095 5656 1177 5725 μέν
1200 5656 1265 5720 εἰς
1282 5656 1344 5715 τά
1374 5656 1672 5729 πρόσωπεῖα,
1696 5656 1824 5720 ιὲτέιζ

248 5729 412 5788 013.9
437 5728 668 5775 nunnuila
694 5727 860 5788 pnsIvi:
887 5727 1210 5775 observantur
1232 5727 1422 5778 modici
1441 5729 1739 5780 discrimina.

310 5775 639 5856 ξήρρσωπεῖα
663 5775 719 5838 76
744 5790 1015 5855 φαινόμενον,
1047 5789 1099 5836 ού
1132 5791 1419 5856 πραγμάτων
1454 5793 1662 5852 ἆὶὴίεια.
1694 5795 1822 5845 Beu-

250 5839 334 5888 lel.
358 5839 605 5904 πρόσωπα.

1470 374 1558 429 DE
1595 372 1873 429 LAZARO
1912 373 2163 433 CONCIO
2202 376 2287 433 Vl.

3410 385 3546 442 1056

1961 496 2058 551 τοῦ
2087 499 2346 555 πλουσίου
2371 502 2399 555 6
2431 500 2628 566 κόλπος
2654 500 2747 556 τοῦ
2793 500 3064 573 Ἀϐραὰμ,
3102 500 3241 572 μετά
3267 501 3359 556 τὸν
3390 501 3548 573 λιμὸν

1956 593 2185 665 εύθηνία
2211 595 2386 667 πέρας
2419 597 2521 650 οὐκ
2563 595 2784 667 ἔχουσα,
2820 595 2962 666 μετὰ
3000 596 3100 666 τὴν
3135 595 3316 667 θλῖψιν
3358 597 3549 662 ἄνεσις

1955 687 2322 752 ἁκατάλυτοςο
2396 690 2602 743 ἐκεῖνον
2655 688 2713 741 δὲ
2777 689 2869 742 τὸν
2934 687 3190 743 πλούσιον
3253 690 3394 762 μετὰ
3453 688 3548 743 τὸν

1959 775 2191 830 πλοῦτον
2241 779 2427 843 πενία,
2485 779 2624 850 μετὰ
2676 779 2776 852 τὴν
2820 778 3101 852 τράπεζαν
3145 781 3261 855 τὴν,
3284 780 3547 834 πλουσίαν

1958 867 2182 933 κόλασις
2211 869 2305 924 καὶ
2329 871 2593 942 τιμωρία,
2638 872 2777 942 μετὰ
2814 871 2911 942 τὴν
2939 873 3123 944 ἄνεσιν
3150 871 3331 927 ὀδύναι
3368 874 3545 944 ἀναρ-

1955 962 2194 1035 τέρητοι.
2211 964 2321 1018 Καὶ
2347 965 2449 1036 ὅρα
2464 964 2519 1017 τί
2539 964 2780 1033 γίνεται·
2801 965 3070 1037 Ἀπῆλθον
3090 967 3226 1032 ἐκεῖ,
3256 967 3351 1021 καὶ
3375 966 3542 1038 ἐλύθη

1952 1054 2015 1109 τὸ
2060 1056 2316 1126 θέατρονο
2370 1057 2733 1129 ἀπεκαλύφθη
2762 1057 2834 1112 τά
2864 1063 3210 1131 προσωπεῖα,
3259 1060 3543 1130 φαίνονται

1952 1145 2143 1201 λοιπὸν
2178 1149 2234 1201 αί
2262 1147 2436 1217 ὄψεις.
2475 1148 2746 1219 Ἀπῆλθον
2770 1150 3087 1229 ἀμφότεροι
3103 1152 3241 1216 ἐκεῖ,
3270 1151 3365 1205 καὶ
3388 1152 3490 1223 ὁρᾷ
3512 1152 3544 1205 6

1955 1240 2221 1305 πλούσιος
2252 1243 2795 1315 άποτηγανιζόμενος
2829 1242 2919 1296 τὸν
2949 1241 3200 1315 Λάζαρον
3234 1243 3292 1295 ὲν
3320 1243 3543 1308 κόλποις

1951 1330 2047 1385 τοῦ
2085 1330 2341 1405 Ἀϐραὰμ
2363 1331 2785 1404 εύθηνούμενον,
2812 1331 3175 1399 ἀπολαύοντα,
3216 1332 3538 1404 τρυφῶνταο

1952 1422 2048 1478 καὶ
2092 1422 2251 1493 ’λέγει
2297 1424 2436 1495 πρὸς
2478 1424 2678 1480 αὐτόν·
2714 1423 2908 1494 Πάτερ
2947 1425 3238 1495 Ἀϐραὰμ,
3294 1426 3542 1498 πέμψον

1956 1502 2246 1586 Λάζαρον,
2277 1518 2379 1572 ἵνα
2399 1517 2561 1587 ἄκρῳ
2587 1516 2669 1585 τῷ
2687 1516 2971 1586 δακτύλῳ
3011 1518 3200 1573 αὑτοῦ
3243 1519 3539 1587 ἐπιστάξῃ

1944 1625 2067 1679 μου
2109 1607 2187 1679 τῇ
2232 1608 2493 1682 γλώττῃ,
2553 1610 2648 1665 ὅτι
2674 1607 3204 1681 ἀποτηγανίζομαι.
3257 1611 3323 1664 Τί
3369 1606 3463 1665 οὖν
3511 1613 3540 1665 6

1962 1701 2244 1776 ’Δϐραάμ;
2285 1702 2531 1771 Τέκνον,
2561 1703 2865 1770 ἀπέλαϐες
2900 1704 2975 1758 τὰ
3017 1701 3210 1772 ἀγαθά
3251 1720 3400 1769 σου,
3436 1705 3537 1759 καὶ

1947 1794 2219 1865 Λάζαρος
2249 1797 2324 1850 τὰ
2358 1796 2516 1851 κακὰ
2533 1796 2721 1851 αὐτοῦ
2746 1813 2761 1828 ο
2784 1795 2886 1852 καί
2919 1796 3038 1851 νῦν
3067 1792 3246 1863 οὗτος
3267 1812 3537 1866 παρακα-

1952 1886 2166 1951 λεῖται,
2213 1885 2297 1941 σὺ
2337 1886 2408 1941 δὲ
2455 1885 2773 1941 ὀδυνᾶσαι.
2825 1888 3066 1953 Ἄλλως
3117 1885 3188 1939 δὲ
3238 1885 3339 1939 καὶ
3390 1883 3543 1954 χάος

1940 1979 2172 2050 μεταξὺ
2200 1978 2373 2050 ήμῶν
2399 1979 2500 2034 καὶ
2516 1979 2686 2050 ὑμῶν
2711 1979 3085 2048 ἐστήρικται,
3123 1980 3256 2041 ἵνα,
3291 1977 3402 2032 ἐάν
3443 1995 3538 2044 τις

1940 2072 2246 2141 ,βούληται
2271 2072 2556 2127 ἐντεῦθεν
2588 2070 2718 2126 ἐκεῖ
2751 2070 3034 2140 διαϐῆναι
3063 2069 3213 2140 πρὸς
3237 2068 3416 2140 ὑμᾶς,
3446 2069 3534 2139 μὴ

1944 2164 2216 2233 δύνηται.
2303 2164 2611 2238 Προσέχετε
2658 2179 2674 2195 ο
2764 2163 3039 2235 χρήσιμος
3113 2161 3223 2234 γὰρ
3300 2162 3330 2214 6
3405 2162 3536 2232 περὶ

1943 2254 2151 2310 τούτων
2179 2255 2360 2325 λόγος,
2391 2255 2574 2326 φοϐῶν
2619 2255 2743 2327 μὲν,
2772 2254 3055 2326 καθαίρων
3075 2254 3151 2319 δέ,
3182 2252 3386 2307 ὀδυνῶν
3413 2253 3533 2323 μὲν,

1942 2347 2322 2420 διορθούμενος
2337 2348 2416 2405 δέ.
2440 2348 2607 2420 Δέχου
2631 2349 2700 2402 τὰ
2726 2348 3127 2419 λεγόμενα.Ὢν
3154 2346 3218 2417 δὴ
3236 2347 3294 2398 ἐν
3314 2347 3428 2408 τοῖς
3448 2343 3538 2414 βα·

1944 2442 2127 2504 σάνοις
2141 2445 2169 2496 6
2186 2440 2441 2505 πλούσιος
2457 2441 2740 2510 ἀνέϐλεψε,
2760 2441 2855 2509 καὶ
2881 2435 2988 2493 εἶδε
3016 2438 3109 2493 τὸν
3126 2437 3396 2509 Λάζαρονο
3425 2432 3535 2490 εἶδε

1941 2533 2108 2589 καινά
2140 2535 2463 2605 πράγματα.
2495 2535 2591 2597 Εἰς
2605 2533 2698 2587 τὸν
2719 2531 2941 2587 πυλῶνά
2957 2548 3049 2586 σου
3062 2527 3130 2602 ἦν
3154 2529 3275 2585 καθ’
3294 2529 3534 2600 ἑκάστην

1941 2626 2154 2701 ἡμέραν
2169 2641 2183 2655 ⁸
2198 2626 2453 2698 δεύτερον
2469 2627 2563 2679 καὶ
2577 2625 2761 2697 τρίτον
2778 2625 2897 2697 εξσή
2908 2642 3036 2696 ρχου
3055 2624 3148 2677 καὶ
3171 2624 3263 2694 ὲξή
3273 2640 3422 2694 ρχου,
3439 2622 3534 2675 καὶ

1940 2720 2042 2773 οὐκ
2084 2718 2308 2783 ἔϐλεπες
2353 2718 2546 2773 αὐτόν’
2579 2719 2676 2772 καὶ
2709 2719 2800 2772 ὅτε
2836 2718 2917 2781 είς
2957 2715 3026 2770 τά
3071 2716 3284 2789 τήγανα
3322 2710 3394 2779 εἷ,
3423 2714 3534 2768 67:6

1938 2812 2311 2883 διαστήματος
2349 2811 2603 2882 βλέπεις;
2658 2811 2788 2863 Ὅτε
2842 2810 2900 2863 ὲν
2945 2807 3025 2880 τῷ
3067 2807 3285 2880 πλούτῳ
3322 2808 3529 2879 διῆγες,

1936 2902 2028 2955 ὅτε
2058 2903 2117 2955 ἐν
2136 2904 2203 2973 τῇ
2233 2901 2397 2973 βουλῇ
2434 2917 2530 2954 σου
2556 2900 2618 2954 7:6
2646 2901 2780 2972 ὁρᾷν
2812 2894 2902 2972 ἦν,
2933 2900 2994 2954 ού
3021 2898 3252 2972 προέθου
3284 2897 3380 2953 τοῦ
3403 2899 3541 2953 ἰδεῖν

1937 2993 2132 3049 αὐτόν·
2195 2992 2338 3046 ίνατί
2375 2992 2471 3046 νῦν
2505 2992 2816 3065 ὀξυδερκεῖς
2839 3003 2904 3056 c;
2958 2990 3062 3043 οὐκ
3108 2992 3167 3043 ἐν
3213 2989 3292 3060 τῷ
3325 2989 3532 3043 πυλῶνι

1939 3099 2033 3136 σου
2076 3078 2177 3153 ἦν;
2214 3081 2333 3145 πῶς
2380 3082 2545 3135 αὐτὸν
2593 3082 2696 3135 οὐκ
2751 3080 3010 3145 ἔϐλεπες;
3063 3080 3232 3149 ἐγγὺς
3270 3079 3398 3133 ὅντα
3429 3079 3532 3132 οὐκ
3566 3086 3569 3089 ’

1935 3170 2095 3237 εἶδες,
2128 3174 2223 3227 καὶ
2243 3172 2339 3227 νῦν
2366 3175 2476 3226 ἀπὸ
2500 3173 2869 3244 διαστήματος
2898 3172 3138 3244 βλέπεις,
3161 3171 3254 3226 καὶ
3273 3172 3527 3226 τοσούτου

1934 3266 2100 3337 χάους
2149 3265 2334 3331 δντοςς
2370 3267 2481 3318 Καὶ
2524 3264 2577 3317 τί
2627 3267 2812 3330 ποιεῖς
2847 3264 2953 3317 Τὸν
3004 3264 3259 3335 Ἀϐραὰμ
3312 3263 3528 3335 πατέρα

1936 3358 2113 3412 καλεῖ.
2167 3358 2234 3411 Τί
2291 3356 2473 3426 λέγεις
2522 3355 2770 3427 πατέρα,
2831 3349 2895 3410 οὗ
2943 3356 3043 3410 οὐκ
3101 3356 3360 3426 ἐμιμήσω
3426 3355 3527 3427 τὴν

1937 3449 2281 3520 φιλοξενίαν;
2315 3448 2537 3518 Πατέρα
2565 3446 2723 3500 καλεῖ
2758 3438 2934 3511 οὗτος,
2971 3447 3160 3499 τέκνον
3186 3447 3426 3510 ἐκεῖνος’
3456 3445 3527 3500 τὶ

1935 3542 2176 3613 ὀνόματα
2229 3542 2328 3612 τῆς
2362 3539 2703 3610 συγγενείας,
2731 3538 2825 3592 καὶ
2871 3538 3109 3609 οὐδαμοῦ
3143 3538 3179 3609 ή
3220 3537 3524 3608 ἀντίληψις.

1948 3634 2109 3690 Ἀλλά
2134 3634 2400 3708 προφέρει
2444 3634 2511 3687 τά
2542 3632 2807 3703 ὀνόματα,
2840 3630 2927 3685 ἵνα
2966 3631 3197 3704 μάθητε,
3223 3632 3304 3685 ὅτι
3335 3631 3524 3701 γένους
3572 3678 3579 3684 .

1934 3728 2126 3799 ὃφελος
2151 3727 2304 3786 οὐδέν
2338 3726 2511 3800 [78-Ξ].
3089 3779 3093 3782 .

2007 3820 2276 3891 Εὐγένεια
2303 3820 2415 3893 γάρ
2444 3820 2506 3879 οὐ
2530 3817 2812 3891 προγόνων
2840 3817 3191 3889 περιφάνεια,
3238 3816 3377 3871 ἀλλὰ
3404 3817 3524 3890 τρό-

1935 3934 2053 3970 πων
2085 3916 2276 3987 ἀρετή.
2316 3914 2407 3984 Μή
2458 3931 2547 3986 μοι
2576 3913 2738 3982 λέγε-ε’
2775 3911 2997 3983 Πατέρα
3045 3910 3153 3981 ἔχω
3192 3910 3417 3964 ὕπατον.
3458 3910 3524 3964 Τί

1934 4007 2073 4081 πρὸς
2101 4007 2236 4079 ἐμέ;
2265 4006 2340 4060 Οὐ
2364 4004 2506 4073 λέγω
2528 4004 2706 4059 τοῦτο.
2735 4005 2827 4074 Μή
2868 4021 2958 4075 μοι
2978 4001 3104 4070 λέγε
3122 4018 3135 4031 ⁸
3163 4000 3386 4072 Πατέρα
3412 4002 3523 4072 ἔχω

1934 4102 2141 4156 ὕπατον
2169 4101 2217 4154 ά.
2253 4099 2467 4154 Παῦλον
2500 4099 2592 4153 τὸν
2639 4097 2935 4151 ἀπόστολον
2967 4096 3062 4149 ἐὰν
3100 4093 3232 4165 ἔχῃς
3278 4092 3516 4163 πατέρα,

1933 4193 2028 4247 καὶ
2054 4193 2316 4261 ἀδελφοὺς
2343 4191 2439 4245 ἐὰν
2464 4189 2594 4261 ἔχῃς
2626 4190 2935 4261 μάρτυρας,
2982 4188 3047 4240 σὺ
3079 4186 3136 4239 δέ
3180 4185 3256 4257 μὴ
3304 4185 3522 4257 μιμήσῃ

1932 4286 2115 4341 αὐτῶν
2142 4286 2241 4357 τὴν
2267 4283 2491 4357 ἀρετὴν,
2525 4282 2678 4335 οὐδέν
2719 4298 2803 4334 σοι
2828 4280 3022 4349 ὄφελος
3049 4279 3149 4349 τῆς
3177 4277 3518 4347 συγγενείας,

1930 4376 2069 4431 ἀλλά
2095 4376 2295 4448 μᾶλλον
2323 4374 2526 4445 ἔϐλαψε
2548 4373 2642 4427 καὶ
2666 4371 3043 4425 κατεδίκασεν.
3086 4370 3151 4423 Ἦ
3178 4370 3363 4441 μήτηρ
3392 4385 3517 4440 μου,

1934 4470 2122 4543 φησὶν,
2158 4469 2408 4541 ἐλεήμων
2436 4466 2606 4521 ἐστίν.
2632 4466 2744 4518 Καὶ
2777 4463 2830 4518 τί
2852 4463 2989 4534 πρὸς
3019 4464 3078 4518 σὲ
3105 4460 3197 4516 τὸν
3224 4460 3521 4534 ἀπάνθρωο

1934 4581 2070 4629 πον;
2127 4564 2161 4634 ή
2211 4561 2320 4632 γὰρ
2352 4558 2570 4630 ἐκείνης
2616 4554 2998 4628 φιλανθρωπία
3052 4552 3341 4625 προσθήκη
3384 4568 3518 4607 κατ-

1936 4654 2172 4726 ηγορίας
2202 4653 2300 4724 τῆς
2337 4652 2437 4721 σῆς
2470 4647 2862 4720 κακοτροπίας.
2882 4646 2949 4699 Τί
2988 4646 3100 4717 γὰρ
3125 4647 3154 4700 6
3207 4643 3520 4714 Βαπτιστὴς

1945 4748 2205 4816 Ἰωάννης
2262 4744 2395 4816 φησὶ
2442 4742 2580 4815 πρὸς
2642 4740 2735 4794 τὸν
2792 4738 2966 4810 δῆμον
3025 4737 3117 4791 τὸν
3180 4734 3515 4801 ’Ῑουδαῖκόν;

1931 4836 2235 4904 Ποιήσατε
2290 4832 2528 4902 καρπὸν
2556 4831 2732 4897 ἀξιον
2759 4829 2870 4900 τῆς
2902 4828 3247 4900 μετανοίας,
3300 4826 3401 4880 καὶ
3430 4824 3517 4896 μὴ

1930 4930 2150 4998 δόξητε
2185 4926 2417 4998 ,λέγειν’
2444 4923 2680 4993 Πατέρα
2703 4923 2923 4993 ἔχομεν
2951 4921 3061 4975 τὸν
3096 4917 3374 4987 Ἀϐραάμ.
3408 4917 3517 4970 Εὐ-

1929 5024 2153 5094 δόκιμον
2198 5020 2345 5092 ἔχεις
2386 5017 2687 5090 πρόγονον;
2727 5016 2821 5070 ἐὰν
2860 5013 3136 5086 ζηλώσῃς,
3170 5011 3468 5082 ἐκέρδανας
3497 5025 3514 5040 ⁶

1930 5114 2116 5170 ἐὰν.δέ
2153 5114 2228 5186 μὴ
2257 5110 2532 5185 ζηλώσῃς,
2563 5110 2871 5179 κατήγορος
2901 5105 3112 5175 γίνεται
3138 5107 3166 5158 6
3198 5104 3482 5175 εὐδόκιμος

1928 5209 2012 5263 ὅτι
2050 5206 2159 5261 ἀπὸ
2195 5204 2353 5278 ῥίζης
2379 5203 2595 5265 δικαίας
2636 5200 2835 5271 πικρὸς
2881 5198 3015 5267 ἔφυς
3059 5197 3290 5270 καρπός.
3338 5195 3519 5265 Μηδέ-

1929 5319 2062 5357 ποτε
2115 5297 2430 5371 μακαρίσῃς
2468 5295 2756 5366 ἄνθρωπον
2796 5290 2991 5362 ἔχοντα
3020 5286 3261 5358 συγγενῆ
3289 5286 3517 5346 δίκαιον.

1928 5396 2027 5451 ἐὰν
2062 5393 2138 5466 μὴ
2175 5392 2408 5464 μιμῆται
2454 5386 2622 5442 αὐτοῦ
2663 5386 2791 5449 τοὺς
2820 5383 3078 5457 τρόπους.
3114 5380 3344 5452 Μητέρα
3377 5381 3519 5451 ἔχεις

1930 5488 2119 5559 ἀγίαν;
2141 5485 2308 5541 Ούδέν
2342 5482 2479 5555 πρὸς
2501 5479 2581 5537 σέ.
2606 5477 2841 5552 Μητέρα
2864 5476 3010 5549 ἔχεις
3038 5474 3283 5547 πονηράν
3306 5491 3322 5540 ;
3354 5473 3520 5526 Ούδέν

1992 5731 2014 5759 ⁸
2057 5727 2253 5777 Remel.
2276 5727 2356 5790 ὅτε
2382 5725 2428 5790 έν
2447 5727 2537 5790 τῷΔ
2556 5722 2749 5790 πλούτῳ
2789 5721 3113 5790 γεγανωμένος
3134 5719 3189 5790 οὐ
3213 5718 3415 5790 βλέπεις,
3443 5718 3458 5751 ν’
3472 5731 3525 5764 τε

1928 5792 1975 5839 ἐν
2000 5796 2056 5849 τῇ
2080 5790 2277 5837 κολάσει
2299 5780 2577 5850 ὀξυδερκεῖς.
2602 5780 2871 5850 δοίμὶςιιιίεἰ
2892 5780 3013 5850 item
3041 5780 3240 5847 paulum
3261 5780 3515 5830 dill‘erum.

1995 5850 2022 5893 ἀ
2038 5845 2193 5905 Addit
2216 5851 2412 5901 Bcnzcl.
2439 5845 2583 5898 τοῦτο
2607 5845 2699 5912 γὰρ
2715 5845 2855 5910 μῦθὸς
2881 5849 3024 5897 ἐστινι
