4006 6428
266 357 396 415 1057

260 470 401 525 Nihil
426 469 494 525 ad
524 476 578 525 te
602 468 790 525 attinet
820 487 833 524 :
863 477 921 525 ut
956 468 1097 525 illius
1123 470 1291 527 virtus
1316 470 1410 529 tibi
1453 488 1558 528 non
1589 474 1843 545 prodest,

259 564 304 618 si
327 562 579 618 virtutem
610 578 716 616 non
744 562 986 630 imiteris,
1016 562 1086 618 ita
1114 579 1214 620 nec
1238 562 1383 621 illius
1410 565 1725 637 improbitas
1751 569 1847 624 tibi

260 651 547 724 quidquam
580 660 771 721 nocet,
809 654 853 709 si
896 654 1186 725 nequitiam
1218 654 1456 726 deponas
1491 676 1504 713 :
1535 659 1630 714 sed
1653 669 1709 713 ut
1739 660 1849 716 illic

262 746 436 816 majus
458 757 540 802 est
569 747 771 801 crimen
797 788 813 813 ,
842 746 985 819 quod
1009 764 1129 804 cum
1156 750 1459 820 exemplum
1492 730 1719 807 haberes
1746 752 1844 807 do-

260 838 537 894 mesticum
562 879 579 906 ,
603 840 853 895 virtutem
884 857 990 895 non
1029 826 1105 896 sis
1138 840 1374 896 imitatus
1404 860 1417 898 :
1450 841 1524 898 ita
1562 842 1734 913 major
1762 842 1849 900 hic

259 927 378 983 laus
408 936 628 1000 surget,
657 929 797 1000 quod
828 930 946 1001 quis
979 946 1100 986 cum
1145 930 1363 987 haberet
1401 941 1627 989 matrem
1673 933 1849 989 scele-

259 1028 420 1086 stam,
447 1022 585 1077 illius
612 1022 1006 1093 improbitatem
1037 1039 1142 1079 non
1169 1025 1238 1079 sit
1268 1024 1524 1092 imitatus,
1557 1025 1649 1081 sed
1678 1025 1851 1082 dulcis

259 1113 462 1170 fructus
509 1115 581 1169 sit
622 1115 689 1171 ab
726 1116 917 1171 acerba
962 1115 1142 1171 radice
1182 1127 1492 1188 prognatus.
1541 1117 1655 1172 Non
1705 1118 1849 1172 enim

258 1207 511 1277 splendor
552 1208 815 1280 majorum
841 1250 857 1277 ,
898 1209 993 1266 sed
1024 1210 1217 1266 virtute
1247 1211 1452 1280 praediti
1496 1226 1673 1266 mores
1699 1226 1850 1281 quie—

259 1307 469 1354 runtur.

329 1427 558 1484 Servitus
585 1445 701 1483 vera
731 1440 1009 1501 peccatum.
1032 1461 1104 1472 —
1133 1431 1246 1503 Ego
1269 1432 1353 1488 vel
1377 1447 1590 1487 servum
1618 1431 1849 1487 nobilem

257 1519 490 1589 appello,
521 1528 577 1574 et
600 1519 875 1576 dominum
901 1536 1086 1578 eatena
1117 1524 1387 1588 vinctum,
1419 1524 1464 1578 si
1492 1523 1622 1578 mibi
1650 1524 1849 1595 cogniti

260 1606 461 1663 iuerint
485 1609 600 1680 ejus
624 1625 804 1666 mores
829 1628 843 1665 :
873 1612 1003 1667 mihi
1025 1613 1108 1668 vel
1152 1614 1219 1680 is,
1254 1614 1342 1684 qui
1371 1614 1422 1668 in
1443 1614 1700 1686 dignitate
1722 1630 1851 1669 con-

257 1702 477 1757 stitutus
501 1712 618 1769 est,
648 1704 895 1774 ignobilis
923 1704 1155 1769 videtur,
1181 1707 1225 1761 si
1250 1707 1484 1761 animam
1515 1723 1727 1762 servam
1756 1706 1852 1761 ha-

256 1793 379 1848 beat
404 1810 419 1847 :
447 1796 571 1863 quis
590 1797 736 1851 enim
765 1810 951 1854 servus
975 1806 1098 1865 est,
1124 1799 1226 1854 nisi
1252 1800 1342 1869 qui
1372 1798 1499 1855 facit
1524 1798 1851 1871 peceatum?

259 1886 374 1942 Alia
394 1887 613 1957 quidem
629 1889 857 1944 servitus
881 1891 950 1944 ab
969 1891 1207 1945 adversis
1232 1907 1411 1946 rerum
1435 1892 1719 1948 eventibus
1736 1891 1849 1946 ori-

260 1990 362 2043 tur,
391 1978 512 2035 haec
541 1995 670 2034 vero
700 1981 930 2036 servitus
958 1981 1244 2037 discrimen
1275 1992 1356 2037 est
1384 1982 1584 2049 animi;
1611 1981 1853 2053 quando-

258 2071 473 2140 quidem
503 2086 535 2126 a
568 2071 830 2143 principio
855 2074 1088 2129 servitus
1113 2074 1237 2130 bine
1264 2075 1501 2145 irrepsit.

328 2184 382 2239 7.
409 2184 523 2239 Non
546 2194 664 2241 erat
686 2185 826 2242 nllus
852 2202 1040 2242 servus
1068 2188 1195 2241 olim
1221 2206 1234 2242 :
1269 2188 1408 2243 Deus
1435 2187 1577 2243 enim
1603 2202 1722 2242 enm
1757 2186 1854 2241 bo-

260 2275 453 2331 minem
487 2275 745 2331 formaret
769 2318 786 2343 ,
818 2293 1027 2332 servum
1059 2279 1205 2333 illum
1243 2295 1574 2349 nequaquam
1608 2278 1735 2333 fecit
1756 2321 1771 2346 ,
1799 2287 1855 2333 at

261 2369 509 2425 liberum.
542 2370 807 2425 Adamum
834 2372 1037 2426 ereavit
1066 2383 1121 2426 et
1152 2372 1336 2439 Evam,
1365 2382 1518 2426 erant
1545 2371 1759 2441 quidem
1787 2371 1852 2426 li-

260 2459 371 2514 beri
412 2460 623 2515 ambo:
657 2460 797 2516 unde
838 2461 997 2531 igitur
1035 2472 1151 2517 orta
1193 2472 1276 2518 est
1317 2463 1588 2519 servitus?
1631 2462 1856 2535 [inpegit

262 2549 552 2607 humanum
581 2568 770 2624 genus,
799 2569 863 2609 ac
890 2556 1105 2610 modum
1134 2556 1438 2627 cupiditatis
1467 2557 1768 2625 excedens,
1788 2558 1854 2612 in

266 2642 540 2698 lasciviam
567 2654 651 2700 est
673 2645 956 2716 impulsum
989 2664 1004 2701 :
1033 2662 1142 2717 quo
1168 2662 1295 2702 vero
1325 2655 1480 2718 pacto
1504 2648 1652 2703 audi.

327 2754 618 2827 Descriptio
648 2756 827 2812 diluvii
854 2757 1067 2812 Noe.—
1092 2758 1315 2814 Factum
1346 2767 1430 2815 est
1457 2759 1735 2827 diluvium,
1764 2775 1856 2814 or-

261 2844 339 2901 bis
366 2853 633 2921 terrarum
674 2864 959 2904 commune
1008 2850 1340 2921 naufragium
1367 2892 1382 2918 ,
1425 2861 1710 2906 cataractae
1738 2852 1855 2907 ρειτιί

260 2948 454 3010 aperta:
484 2919 646 3009 sunt,
677 2949 731 2996 et
755 2941 933 3013 abyssi
962 2919 1383 3015 profusazlGen.
1412 2944 1466 2997 7.
1496 2944 1602 3013 10)
1634 2961 1646 2998 :
1676 2945 1855 2998 omnia

261 3040 410 3086 erant
434 3046 576 3104 aqua
601 3074 617 3099 ,
645 3039 701 3087 et
728 3047 846 3104 quae
875 3034 1045 3088 oculis
1083 3033 1353 3088 cernimus
1382 3034 1433 3088 in
1461 3034 1724 3089 elementa
1764 3050 1855 3089 re-

261 3123 627 3188 solvebantur,
659 3138 722 3178 ae
752 3124 1189 3189 destruebantur,
1227 3139 1326 3179 nec
1353 3125 1642 3195 apparebat
1671 3136 1807 3179 terra
1834 3140 1849 3191 ;

261 3214 351 3269 sed
371 3217 555 3271 omnia
582 3216 799 3286 pelagus
819 3226 992 3284 erant,
1022 3215 1171 3271 radix
1198 3224 1378 3271 autem
1407 3215 1507 3270 illis
1535 3215 1752 3270 suberat
1779 3217 1855 3271 ira

264 3309 349 3364 Dei
374 3327 389 3376 ;
421 3308 620 3365 fluctus
644 3322 798 3365 erant
828 3309 1028 3377 omnia,
1055 3317 1109 3364 et
1136 3311 1314 3364 omnia
1341 3308 1528 3375 maria,
1561 3318 1772 3363 montes
1802 3308 1855 3364 in

261 3402 420 3456 altum
449 3402 620 3457 erecti
658 3401 1014 3472 proetninent,
1052 3382 1242 3457 atfeos
1282 3401 1501 3472 pelagus
1531 3409 1851 3470 operuerat,

262 3502 576 3567 tantumque
619 3495 833 3566 pelagus
854 3537 869 3561 ,
902 3495 1168 3549 eteadem
1195 3503 1347 3561 erat,
1381 3494 1644 3563 perditum
1686 3493 1857 3549 fuerat

261 3602 424 3655 genus
454 3588 751 3642 humanum
784 3603 798 3641 :
830 3586 1059 3642 scintilla
1089 3586 1259 3641 neStri
1286 3586 1500 3657 generis
1522 3573 1653 3642 'Nde
1682 3594 1857 3641 resta-

263 3679 377 3746 bat,
404 3678 639 3734 scintilla
669 3680 721 3732 in
754 3678 931 3733 medio
957 3677 1114 3746 mari,
1148 3693 1248 3733 nec
1271 3689 1448 3733 tamen
1478 3678 1857 3748 exstingueba-

264 3782 364 3839 tur,
394 3772 660 3843 primitias
688 3773 901 3843 generis
924 3771 1089 3826 nostri
1117 3786 1299 3826 secum
1328 3770 1529 3825 habens
1555 3785 1776 3825 uxorem
1802 3778 1857 3825 et

264 3866 474 3934 liberos,
514 3866 818 3921 columbam
840 3875 895 3920 et
919 3879 1138 3921 corvum
1164 3872 1219 3920 et
1247 3872 1440 3919 caetera
1466 3864 1644 3918 omnia
1668 3880 1681 3916 :
1714 3863 1857 3917 intus

262 3968 411 4013 erant
435 3973 654 4021 omnes,
684 3966 738 4013 et
767 3956 1039 4012 ferebatur
1064 3970 1187 4012 arca
1219 3972 1380 4026 super
1405 3971 1572 4027 aquas
1597 3956 1650 4010 in
1677 3955 1857 4011 medio

264 4050 511 4116 procellae
542 4092 557 4117 ,
597 4065 770 4121 neque
809 4048 1141 4119 naufragium
1188 4048 1453 4115 faciebat;
1500 4048 1696 4119 quippe
1738 4063 1856 4118 quae

264 4143 670 4211 gubernatorem
717 4141 990 4196 dominum
1036 4138 1259 4195 haberet
1306 4140 1689 4195 universitatis.
1736 4138 1856 4195 Non

263 4232 403 4288 enim
447 4247 659 4290 asseres
696 4232 846 4288 illum
880 4239 1163 4287 servarunt
1185 4272 1200 4298 ,
1231 4229 1327 4285 sed
1368 4230 1586 4285 robusta
1617 4230 1709 4285 Dei
1739 4245 1854 4285 ma-

265 4337 384 4381 nus.
414 4325 491 4379 Ac
529 4323 650 4379 vide
691 4323 1006 4378 miraculum
1032 4339 1047 4388 ;
1078 4337 1197 4377 cum
1235 4321 1416 4376 abluta
1452 4321 1642 4377 fuisset
1669 4330 1812 4378 terra
1836 4363 1852 4389 ,

263 4428 381 4467 cum
408 4415 602 4469 sublati
623 4423 805 4469 essent
828 4430 859 4469 e
888 4412 1086 4477 medio,
1109 4413 1198 4485 qui
1222 4413 1362 4466 mala
1391 4421 1852 4482 perpetraverant,

262 4517 380 4558 eum
423 4505 609 4561 sedata
639 4516 931 4575 tempestas
970 4515 1152 4571 esset,
1195 4514 1557 4575 apparuerunt
1594 4505 1855 4561 montium

265 4599 513 4664 vertices,
543 4599 785 4654 consedit
815 4614 960 4665 arca,
988 4597 1291 4654 columbam
1322 4597 1466 4653 misit
1495 4597 1629 4653 Noe.

334 4708 565 4765 Ecclesia
593 4727 708 4764 cum
732 4727 852 4765 arca
880 4708 995 4765 Noe
1016 4711 1222 4765 collata.
1257 4708 1387 4764 Vide
1410 4710 1463 4765 in
1495 4709 1690 4765 Homil.
1721 4711 1773 4772 1,
1799 4711 1855 4766 in

269 4797 504 4870 Paulum,
527 4812 575 4858 et
614 4803 678 4857 de
718 4802 1041 4859 Poenitentia.
1067 4834 1141 4845 —-
1161 4803 1332 4859 Porro
1361 4804 1611 4876 mysteria
1631 4804 1856 4860 fuerunt

263 4907 380 4961 qua:
414 4905 718 4962 narrantur,
743 4903 798 4950 et
826 4910 1005 4949 rerum
1036 4896 1328 4949 futurarum
1360 4895 1525 4965 lignra
1547 4936 1562 4962 ,
1594 4910 1714 4965 quae
1743 4905 1854 4950 tum

266 4982 459 5039 liebant
480 5027 494 5049 ,
528 4986 778 5040 nimirum
808 5002 930 5041 arca
977 4985 1069 5040 fuit
1115 4985 1351 5042 Ecclesia
1376 5028 1392 5052 ,
1421 4984 1536 5043 Noe
1566 4985 1811 5043 Christus
1834 5029 1849 5055 ,

262 5073 503 5131 columba
532 5075 762 5148 Spiritus
782 5087 1018 5145 sanctus,
1043 5079 1177 5133 olea:
1206 5077 1388 5133 folium
1413 5078 1507 5134 Dei
1528 5079 1849 5150 benignitas.

268 5165 531 5225 Emissum
563 5179 647 5226 est
672 5172 871 5226 animal
920 5181 1256 5226 mansuetum
1279 5213 1295 5239 ,
1327 5182 1383 5227 et
1411 5172 1540 5228 exiit
1578 5188 1644 5228 ex
1684 5189 1809 5228 arca
1833 5214 1849 5241 ,

266 5260 355 5314 sed
389 5262 551 5332 ligura
583 5264 794 5319 fuerunt
824 5265 935 5330 illa,
964 5264 1079 5319 haec
1106 5273 1231 5319 sunt
1259 5266 1477 5321 veritas.
1508 5266 1644 5322 Vide
1672 5274 1850 5321 autem

276 5356 502 5411 \crttatis
523 5357 933 5413 abundantiam:
960 5359 1406 5427 quemadmodum
1438 5359 1488 5413 in
1518 5360 1697 5425 gnedio
1719 5361 1849 5415 mari

266 5447 508 5503 servabat
532 5465 626 5505 eos
654 5466 777 5506 area
803 5492 817 5516 ,
850 5452 936 5521 qui
968 5451 1105 5505 intus
1136 5462 1323 5518 erant,
1354 5453 1431 5507 sic
1458 5464 1508 5506 et
1539 5470 1729 5509 omnes
1759 5455 1847 5524 qui

265 5551 461 5607 errant,
488 5552 664 5598 servat
696 5544 927 5600 Ecclesia
950 5562 963 5597 :
987 5560 1170 5600 verum
1198 5560 1320 5601 arca
1348 5548 1594 5602 servabat
1621 5558 1844 5614 tantum,

267 5628 501 5692 Ecclesia
526 5635 777 5706 quiddam
816 5636 1046 5707 amplius
1089 5636 1316 5707 perlicit.
1360 5639 1601 5709 Exempli
1645 5655 1803 5695 causa
1829 5680 1845 5707 ,

270 5721 485 5779 rationis
513 5738 767 5797 expertes
793 5727 1091 5783 animantes
1119 5729 1326 5800 accepit
1353 5744 1475 5784 arca
1500 5770 1516 5795 ,
1548 5739 1601 5785 et
1627 5731 1849 5785 rationis

266 5822 505 5880 naeuus
529 5820 823 5880 animantes
845 5824 1076 5877 servavit
1107 5839 1117 5876 :
1152 5821 1371 5880 rationis
1400 5832 1647 5897 expertes
1672 5822 1845 5879 homi-

1534 360 1623 418 DE
1661 361 1934 421 LAZARO
1972 365 2218 423 CONCIO
2257 369 2340 424 Π.

3416 375 3436 428 1
3450 373 3555 432 0υὸ

1960 493 2056 534 nes
2075 478 2268 551 accipit
2289 479 2543 549 Ecclesia,
2570 499 2670 541 nec
2693 495 2871 543 servat
2891 495 3117 555 tantum,
3144 487 3239 546 sed
3261 490 3422 547 etiam
3453 493 3552 547 im-

1958 581 2148 626 mutat.
2177 572 2408 629 Corvum
2439 577 2643 646 accepit
2669 593 2792 633 arca
2816 619 2830 642 ,
2859 587 2914 634 et
2942 594 3160 634 corvum
3187 582 3369 637 emisit
3399 600 3413 636 :
3448 583 3550 637 Ee-

1952 663 2117 717 elesia
2158 678 2376 721 corvum
2415 668 2645 738 accipit,
2674 680 2730 725 et
2763 671 3064 726 columbam
3087 672 3327 727 emittit:
3360 673 3552 743 accipit

1957 755 2219 825 lupum,et
2238 772 2392 814 ovem
2410 761 2559 816 illum
2581 763 2795 817 emittit.
2818 763 2949 819 Cum
2976 765 3119 820 enim
3152 765 3423 836 ingressus
3450 766 3557 822 huc

1961 847 2117 903 luerit
2142 847 2302 906 homo
2326 866 2490 923 rapax
2521 862 2575 908 et
2604 852 2894 922 fraudator,
2917 856 3006 910 ubi
3027 856 3328 926 divinorum
3350 855 3548 913 doctri-

1960 954 2081 993 nam
2110 940 2438 1012 eloquiurum
2463 942 2916 1011 audiverit,mutat
2947 957 3204 1015 mentem,
3231 958 3286 1004 et
3308 964 3403 1019 pro
3428 950 3557 1019 lupo

1961 1031 2020 1085 lit
2048 1033 2162 1088 ovis
2195 1051 2209 1089 :
2241 1034 2500 1104 siquidem
2546 1037 2701 1106 lupus
2739 1038 2910 1093 aliena
2948 1039 3123 1110 rapit,
3168 1048 3222 1095 at
3248 1042 3365 1096 ovis
3390 1041 3557 1096 etiam

1961 1122 2138 1179 lunam
2183 1142 2335 1182 suam
2378 1128 2643 1184 concedit.
2686 1129 2836 1187 Sedit
2877 1145 3035 1199 area,
3067 1140 3121 1187 et
3149 1144 3403 1188 reserata:
3429 1142 3556 1189 sunt

1959 1229 2166 1287 portae;
2206 1236 2453 1292 egressus
2483 1232 2565 1277 est
2592 1238 2623 1279 e
2652 1225 2923 1294 naufragio
2951 1234 3193 1280 servatus
3221 1226 3335 1281 Noe
3360 1244 3373 1281 :
3407 1226 3556 1282 videt

1962 1320 2155 1367 terram
2173 1313 2485 1381 desolatam,
2507 1315 2651 1370 videt
2670 1316 2970 1385 sepulcrum
2988 1333 3053 1372 ex
3072 1326 3308 1387 tempore
3330 1317 3551 1383 factum,

1959 1401 2167 1470 limum,
2199 1419 2484 1460 commune
2509 1392 2765 1474 jumentis
2793 1414 2847 1460 et
2870 1405 3174 1461 hominibus
3199 1408 3503 1477 sepulcrum
3534 1426 3548 1461 :

1958 1504 2150 1551 cuneta
2178 1496 2338 1551 simul
2367 1513 2625 1569 equorum
2647 1541 2662 1565 ,
2695 1499 3002 1564 hominum,
3033 1510 3088 1556 et
3114 1500 3334 1555 rationis
3361 1517 3553 1571 exper-

1961 1586 2090 1641 tium
2128 1587 2492 1657 jnmenturum
2532 1590 2770 1644 oumium
2809 1604 3035 1660 corpora
3079 1593 3285 1661 sepulta
3316 1602 3553 1647 erantet

1958 1678 2170 1734 obruta.
2199 1681 2342 1735 Vidit
2370 1682 2680 1751 tragmdiam
2712 1682 2855 1737 illam
2883 1724 2899 1748 ,
2928 1682 3061 1745 vidit
3087 1693 3281 1737 terram
3325 1683 3554 1740 miseria:

1959 1772 2193 1841 plenam,
2225 1772 2391 1828 multa
2412 1783 2527 1829 erat
2556 1774 2809 1829 obsessus
2839 1773 3112 1839 maestitia,
3146 1774 3418 1844 perierant
3438 1789 3554 1828 om-

1961 1878 2057 1919 nes
2080 1905 2096 1930 ,
2125 1880 2231 1918 nou
2255 1863 2414 1919 homo
2434 1904 2450 1931 ,
2482 1879 2588 1919 non
2612 1864 2919 1935 jumentum
2946 1905 2962 1930 ,
3008 1879 3114 1919 non
3152 1863 3296 1919 aliud
3346 1864 3556 1934 quidvis

1959 1970 2147 2011 eorum
2168 1998 2184 2023 ,
2214 1973 2334 2027 qure
2357 1956 2570 2012 fuerant
2593 1966 2744 2013 extra
2771 1973 2972 2023 arcam,
3004 1966 3271 2013 servatum
3299 1968 3381 2012 est
3404 1966 3555 2013 :‘cae-

1962 2044 2072 2100 lum
2097 2062 2237 2101 cerm
2259 2048 2346 2102 bat
2374 2047 2547 2102 solum
2575 2089 2591 2115 ,
2618 2048 2871 2102 maestitia
2899 2046 3265 2117 torquebatur,
3288 2057 3341 2102 et
3368 2047 3557 2102 dolore

1962 2139 2302 2209 premebatur
2332 2159 2343 2194 :
2374 2141 2553 2195 viuum
2582 2139 2730 2204 bibit,
2757 2156 2947 2194 somno
2972 2141 3206 2210 seipsum
3234 2139 3469 2202 tradidit,
3502 2148 3556 2195 ut

1962 2233 2154 2287 vulnus
2203 2232 2472 2288 ltthSlilitB
2516 2232 2803 2302 mitigaret.
2847 2231 3070 2287 Jacebat
3113 2232 3163 2285 in
3212 2231 3387 2298 lectu,
3434 2246 3556 2285 cum

1963 2323 2153 2379 somno
2184 2324 2419 2395 seipsum
2453 2332 2722 2395 tamquam
2751 2324 2958 2380 medico
2985 2323 3255 2389 dedisset,
3295 2332 3351 2377 nt
3393 2325 3557 2378 menti

1963 2416 2282 2487 subreperet
2312 2431 2498 2471 eorum
2528 2412 2745 2481 oblivio,
2778 2430 2897 2485 qua:
2926 2414 3268 2478 acciderant;
3298 2414 3434 2468 sicut
3463 2413 3557 2468 ho-

1965 2507 2091 2561 mini
2113 2507 2227 2561 seui
2258 2506 2475 2572 assolet,
2502 2506 2591 2577 qui
2618 2505 2797 2560 vinum
2821 2505 3050 2569 biberit,
3074 2514 3129 2559 et
3150 2519 3341 2559 Somno
3365 2504 3435 2558 sit
3462 2519 3556 2573 op—

1963 2614 2180 2670 pressus
2207 2616 2220 2653 :
2244 2600 2446 2669 justum
2468 2599 2611 2655 enim
2636 2607 2847 2668 oportet
2875 2612 3150 2660 excusare,
3182 2596 3322 2666 quod
3349 2613 3453 2650 non
3484 2611 3554 2653 ex

1964 2690 2242 2757 ebrietate,
2264 2692 2349 2745 vel
2381 2707 2445 2745 ex
2475 2690 2734 2759 passionis
2760 2688 3025 2744 desiderio
3056 2704 3144 2743 res
3173 2688 3246 2742 illi
3281 2689 3395 2742 Iuec
3413 2690 3558 2743 acci-

1964 2782 2137 2849 derit,
2181 2783 2273 2838 sed
2316 2790 2542 2852 utroque
2569 2780 2761 2836 vulnus
2786 2779 3080 2850 mitigabat.
3105 2779 3218 2834 Hoc
3245 2780 3385 2835 enim
3412 2779 3559 2835 diee-

1967 2873 2058 2929 bat
2082 2883 2135 2929 et
2165 2874 2416 2929 Salomon
2445 2890 2458 2926 :
2497 2872 2625 2926 Date
2661 2872 2832 2926 riuum
2876 2872 2939 2925 iis
2964 2912 2980 2938 ,
3012 2871 3100 2943 qui
3142 2871 3193 2924 in
3225 2887 3435 2925 mwrore
3458 2913 3474 2938 ,
3511 2882 3558 2925 et

1964 2970 2377 3024 inebriamentum
2405 2969 2488 3033 iis,
2519 2968 2605 3038 qui
2630 2968 2683 3021 in
2706 2966 2963 3022 doloribus
2992 2966 3174 3036 (Prov.
3206 2967 3293 3021 3i.
3318 2964 3412 3038 6).

2048 3061 2161 3116 Vini
2182 3077 2304 3115 usus
2324 3060 2377 3114 in
2396 3060 2556 3114 luctu.
2574 3088 2645 3100 —-
2672 3058 2876 3113 Idcirco
2904 3057 3054 3112 multi
3077 3058 3320 3112 homines
3343 3073 3407 3113 ac
3425 3066 3564 3124 prte-

1963 3153 2119 3224 cipue
2144 3160 2385 3222 tempore
2412 3149 2807 3219 exsequiarum,
2836 3163 2959 3203 eum
2983 3146 3100 3217 quis
3124 3147 3284 3201 lilium
3308 3155 3398 3201 aut
3420 3161 3558 3201 uxo-

1966 3260 2079 3301 rem
2110 3242 2370 3307 amiserit,
2394 3242 2517 3312 quia
2546 3239 2873 3311 perturbatio
2897 3238 3003 3292 vim
3032 3238 3174 3304 facit,
3200 3236 3321 3308 quia
3352 3238 3557 3293 mmsti-

1966 3336 2037 3391 tia
2067 3336 2231 3390 vincit
2250 3377 2265 3402 ,
2296 3335 2418 3405 quia
2445 3332 2768 3390 conscientia
2796 3330 3121 3397 dominatur,
3149 3330 3350 3386 amicos
3373 3345 3557 3386 secum

1965 3429 2159 3499 accipit
2183 3429 2237 3483 in
2263 3428 2408 3483 aedes
2437 3442 2560 3482 snas
2584 3468 2598 3491 ,
2629 3426 2906 3497 opiparutn
2949 3425 3106 3479 struit
3138 3423 3439 3478 convivium
3459 3464 3477 3489 ,
3503 3433 3557 3479 et

1965 3520 2146 3574 vinum
2174 3534 2380 3574 merum
2402 3516 2615 3572 tristitia
2644 3522 2890 3584 correpto
2918 3513 3094 3581 datur,
3122 3522 3182 3569 ut
3202 3514 3393 3569 vulnus
3414 3514 3558 3568 miti~

1965 3622 2052 3684 get
2076 3630 2090 3677 ;
2120 3613 2219 3667 hoc
2238 3619 2293 3667 et
2318 3610 2396 3666 illi
2423 3610 2536 3666 seni
2561 3618 2685 3664 tunc
2707 3608 2921 3664 accidit.
2951 3607 3081 3663 Nam
3103 3623 3224 3662 eum
3251 3607 3326 3661 illi
3355 3608 3558 3662 maesti.

1967 3706 2034 3759 tia
2063 3705 2167 3759 vim
2194 3704 2441 3764 alierret.
2470 3701 2571 3757 hoc
2597 3710 2864 3770 tamquam
2896 3699 3183 3770 pharmace
3209 3715 3337 3755 usus
3356 3708 3441 3754 est
3459 3741 3474 3766 ,
3503 3710 3557 3755 et

1969 3805 2089 3867 post
2116 3797 2297 3849 vinum
2327 3794 2560 3863 scipsmu
2590 3808 2782 3849 somno
2813 3791 3044 3848 tradidit.
3068 3789 3137 3846 Ut
3164 3790 3303 3845 unde
3328 3791 3558 3846 servitus
3618 3796 3627 3801 ’

1968 3886 2132 3941 indita
2160 3886 2230 3940 sit
2260 3884 2564 3955 intelligetis
2586 3925 2601 3950 ,
2635 3882 2791 3953 paulo
2824 3891 2942 3950 post
2971 3898 3092 3937 cum
3126 3884 3394 3952 ingresms
3419 3891 3559 3938 esset

1967 3977 2279 4033 maledictus
2305 3976 2395 4032 ille
2421 3976 2561 4031 ﬁlius
2583 3974 2720 4044 ejus,
2747 3974 2892 4030 filius
2914 3982 3119 4040 natura,
3146 3989 3252 4028 non
3284 3973 3520 4028 moribus
3543 3991 3557 4027 :

1966 4084 2155 4125 rursus
2181 4069 2379 4140 quippe
2407 4068 2737 4122 nobilitatem
2775 4080 2880 4120 non
2924 4065 3184 4135 majorum
3215 4065 3556 4136 splendorem

1964 4163 2175 4233 appello
2200 4202 2215 4227 ,
2246 4161 2342 4217 sed
2369 4161 2562 4216 virtute
2591 4160 2842 4228 prarditos
2871 4174 3048 4213 mores
3072 4174 3087 4222 ;
3127 4173 3247 4213 cum
3287 4159 3557 4228 ingressus

1964 4266 2107 4311 esset
2146 4255 2319 4318 ﬁlius,
2363 4253 2653 4309 nuditatem
2698 4252 2863 4321 patris
2901 4249 3043 4306 videt
3074 4267 3087 4304 :
3127 4265 3250 4305 eum
3281 4249 3556 4306 debuisset

1964 4348 2244 4417 obtegere,
2270 4360 2391 4401 eum
2417 4344 2691 4400 debuisset
2719 4343 2921 4408 velare,
2950 4349 3170 4412 propter
3195 4352 3552 4409 senecmlem,

1964 4448 2184 4508 propter
2211 4450 2498 4492 maerorem
2526 4475 2540 4499 ,
2587 4440 2807 4504 prepter
2838 4432 3193 4488 calamitatem
3219 4473 3235 4497 ,
3273 4440 3556 4502 propterea

1961 4531 2105 4602 quod
2131 4538 2282 4603 pater
2303 4529 2417 4600 ejus
2436 4535 2584 4596 erat;
2614 4528 2706 4582 ille
2729 4542 2858 4581 vero
2883 4540 3130 4596 egressus
3159 4524 3473 4595 divulgavit,
3503 4534 3557 4580 et

1964 4623 2165 4694 tragice
2188 4622 2352 4677 auxit.
2385 4623 2460 4675 Ae
2484 4618 2663 4675 caeteri
2690 4619 2805 4683 eius
2828 4616 3019 4672 fratres
3044 4626 3256 4685 sumpto
3281 4618 3442 4688 pallio
3470 4634 3558 4673 re—

1962 4724 2217 4779 trorsum,
2252 4728 2318 4768 ne
2344 4710 2607 4775 viderent,
2642 4725 2760 4780 qure
2790 4709 2881 4763 ille
2909 4708 3292 4779 divulgaverat,
3326 4709 3552 4779 ingressi

1961 4817 2165 4877 patrem
2196 4815 2545 4874 operuerunt.
2576 4802 2712 4857 Tum
2753 4801 2842 4855 ubi
2884 4801 3119 4856 surrexit
3157 4814 3340 4869 pater,
3369 4803 3550 4862 omnia

1959 4898 2231 4969 Cognovit,
2262 4906 2316 4952 et
2344 4895 2523 4951 dicere
2551 4895 2713 4965 etrapit
2743 4911 2757 4950 :
2791 4891 3099 4947 Maledicta:
3124 4890 3370 4948 Chanaan
3400 4910 3559 4963 puer:

1962 4990 2186 5063 famulus
2214 4989 2308 5043 erit
2331 4986 2573 5058 fratribus
2598 4986 2704 5040 suis
2737 4978 2900 5056 (Gen.
2927 4982 2981 5037 9.
3009 4981 3119 5042 ‘25)
3172 4982 3408 5050 Quorum
3434 5000 3554 5037 vcr-

1962 5082 2149 5137 borum
2182 5080 2298 5134 hare
2325 5087 2407 5134 est
2426 5078 2690 5146 sententia
2724 5093 2738 5129 :
2767 5090 2957 5129 servus
2984 5073 3110 5137 eris,
3135 5072 3255 5141 quia
3287 5073 3448 5141 patris
3482 5072 3553 5127 tui

1962 5171 2343 5243 turpitudinem
2386 5169 2689 5239 divulga~ti.
2720 5166 2882 5222 Vides
2910 5175 2967 5220 ut
3002 5181 3033 5220 e
3074 5174 3292 5235 peccato
3323 5166 3554 5219 servitus

1959 5256 2077 5318 orla
2107 5263 2209 5327 sit,
2242 5272 2297 5317 et
2331 5261 2643 5330 improbitts
2684 5259 2999 5311 servitutem
3041 5253 3432 5311 introduxerit?
3462 5255 3554 5311 Vis

1959 5354 2237 5409 ostendam
2268 5352 2569 5407 libertatem
2603 5365 2667 5404 ex
2696 5346 2997 5405 servitute?
3026 5346 3276 5401 Famnlus
3309 5344 3404 5400 fuit
3433 5345 3554 5416 qni-

1957 5449 2082 5501 dam
2107 5446 2411 5508 Onesimus,
2443 5443 2748 5512 despectus,
2778 5438 3032 5508 fugitivus
3060 5455 3074 5493 :
3107 5437 3194 5491 hic
3222 5435 3373 5507 fugit,
3406 5446 3461 5492 et
3486 5435 3552 5491 ad

1959 5542 2180 5596 Paulum
2211 5539 2337 5593 abiit
2364 5579 2379 5605 ,
2408 5535 2727 5606 baptismum
2754 5532 3017 5597 obtinuit,
3048 5540 3259 5599 peccata
3284 5529 3451 5595 eluit,
3482 5529 3550 5584 ad

1958 5632 2122 5705 pedes
2149 5630 2266 5698 ejus
2294 5629 2553 5684 remansit
2583 5645 2597 5682 :
2626 5622 2813 5681 scribit
2845 5622 2912 5677 ad
2950 5621 3224 5677 dominum
3257 5624 3372 5690 ejus
3410 5621 3552 5676 Pau-

1959 5726 2065 5777 lum
2098 5740 2112 5777 :
2146 5720 2441 5776 Onesimum
2467 5719 2552 5789 qui
2580 5718 2669 5771 tibi
2706 5714 2983 5782 aliquando
3010 5711 3204 5768 inutilis
3239 5712 3336 5785 fuit
3359 5753 3374 5776 ,
3422 5728 3561 5767 nunc

1958 5828 2135 5875 autem
2165 5828 2212 5875 et
2252 5818 2375 5874 milii
2419 5829 2463 5873 et
2506 5816 2593 5872 tibi
2620 5814 2778 5884 utilis,
2820 5813 2967 5869 illum
3004 5822 3059 5869 ut
3098 5827 3176 5868 me
3200 5809 3401 5882 suscipe
3429 5805 3452 5880 (
3478 5805 3556 5860 Ad
