4006 6422
509 376 642 435 1039
714 398 723 403 ·

513 494 729 548 Philem.
762 489 968 565 IO-IQ).
991 491 1128 560 Quid
1155 492 1296 548 cuitu
1326 491 1554 546 accidit?
1579 493 1736 557 Quem
1757 488 1909 562 genui
1924 489 1974 543 in
1991 488 2103 543 viu-

505 588 630 641 rulis
658 587 798 642 meis.

576 681 630 738 8.
663 680 849 736 Vidisti
874 681 1231 746 nobilitatem,
1259 679 1434 735 vidisti
1462 694 1661 745 mores,
1693 679 1781 751 qui
1807 677 2018 748 pariunt
2040 676 2104 732 li-

508 776 767 829 bertatem
790 774 815 827 ἲ
841 772 1036 828 Servus
1065 773 1208 828 enim
1242 782 1294 828 et
1333 772 1467 827 liber
1502 771 1717 827 nomina
1747 782 1873 826 sunt
1896 769 2103 840 simpliv

508 867 662 920 riter.
693 865 828 935 Quid
859 875 942 920 est
972 865 1200 920 servus?
1236 865 1444 920 Nudum
1486 880 1703 920 nomen.
1747 863 1916 934 Quam
1951 862 2105 918 multi

510 957 712 1011 domini
751 956 885 1012 ebrii
910 956 1091 1026 jaceut
1122 957 1174 1011 in
1202 957 1333 1012 toris
1355 998 1370 1023 ,
1401 956 1585 1011 famuli
1613 971 1746 1011 vero
1767 954 1982 1010 adstant
2018 968 2106 1009 so-

509 1046 650 1102 brii?
680 1046 868 1103 Utrum
911 1047 1194 1117 appellabo
1221 1061 1434 1102 servum
1478 1047 1715 1102 sobrium
1753 1061 1822 1101 an
1852 1043 2106 1100 ebrium?

509 1155 725 1194 servum
759 1140 1008 1202 hominis,
1041 1155 1111 1194 an
1141 1140 1465 1210 mancipium
1491 1138 1645 1194 vitii?
1676 1138 1770 1194 Ille
1791 1139 2105 1194 servitutem

508 1232 744 1288 exterius
784 1234 991 1298 habet,
1040 1233 1126 1289 hic
1171 1235 1535 1304 captivitatem
1580 1233 1723 1288 intus
1772 1231 2137 1299 circumfert._

510 1324 637 1379 llzee
666 1339 767 1395 ego
795 1325 916 1380 dico
944 1365 959 1389 ,
992 1341 1167 1396 neque
1195 1325 1376 1382 dicere
1400 1325 1625 1381 cessabo
1648 1367 1663 1390 ,
1700 1333 1759 1379 ut
1789 1324 1858 1379 de
1899 1324 2058 1379 rebus
2087 1363 2104 1391 ,

510 1427 669 1486 prout
706 1433 889 1472 earum
944 1428 1130 1473 natura
1170 1419 1334 1490 exigit
1356 1459 1370 1481 ,
1413 1418 1657 1474 sentiatis
1681 1461 1695 1484 ,
1724 1432 1896 1487 neque
1922 1430 2108 1472 errore

510 1509 649 1580 vulgi
681 1509 1017 1565 abdueamiui
1045 1554 1060 1578 ,
1084 1512 1175 1566 sed
1200 1512 1321 1582 quid
1346 1526 1537 1567 servus
1562 1511 1632 1567 sit
1655 1510 1909 1565 noveritis
1933 1508 2109 1593 ,cquid

512 1614 735 1671 pauper,
765 1603 892 1672 quid
925 1603 1208 1670 ignobilis,
1240 1601 1367 1673 qttid
1399 1602 1621 1666 beatus,
1652 1602 1778 1671 quid
1813 1600 2021 1655 vitium.
2047 1600 2108 1656 Si

511 1693 658 1747 enim
687 1694 783 1747 ista
811 1693 1104 1763 dijudieare
1128 1693 1422 1750 didiceritis
1442 1736 1457 1760 ,
1490 1694 1633 1749 nulla
1656 1709 1752 1749 vos
1775 1692 2109 1766 perturbatio

511 1786 786 1855 percellet.
819 1786 922 1843 Sed
952 1803 1018 1842 ne
1043 1787 1182 1858 quod
1214 1788 1388 1843 obiter
1412 1788 1614 1843 dictum
1645 1797 1728 1844 est
1763 1787 1991 1856 amplius
2019 1787 2110 1840 fiat

511 1894 577 1935 eo
596 1920 610 1945 ,
638 1879 707 1935 de
730 1896 834 1951 quo
860 1882 1053 1951 agitur,
1080 1890 1134 1935 ct
1153 1882 1449 1936 orationem
1478 1882 1586 1936 alio
1615 1880 1896 1945 traducat,
1928 1878 1997 1934 ab
2023 1894 2112 1933 ar-

510 1981 767 2041 gumento
805 1987 910 2027 non
937 1972 1298 2029 discedamus.
1328 1971 1426 2028 llic
1456 1972 1616 2044 igitur
1631 1971 1785 2028 dives
1809 2014 1824 2038 ,
1860 1971 2111 2040 deinceps

510 2078 640 2117 vero
668 2077 868 2134 pauper
897 2081 911 2118 :
940 2064 1048 2119 imo
1092 2079 1221 2120 vero
1253 2074 1364 2119 tum
1404 2080 1526 2120 cum
1553 2064 1744 2136 opibus
1769 2062 2073 2118 abundabat
2092 2102 2109 2128 ,

513 2169 716 2224 pauper
740 2162 876 2210 erat.
908 2155 1044 2225 Quid
1074 2158 1216 2212 enim
1246 2156 1464 2226 prodest
1492 2157 1717 2226 homini,
1747 2157 1790 2212 si
1813 2157 1986 2212 aliena
2018 2155 2114 2210 ha-

515 2245 657 2312 beat,
685 2255 739 2301 et
764 2260 859 2301 sua
888 2263 993 2302 non
1021 2247 1256 2303 habeat?

584 2335 883 2407 Depositum
907 2350 1025 2394 sunt
1054 2339 1261 2395 divitiis.
1294 2371 1367 2382 —-
1404 2341 1541 2411 Quid
1586 2341 1803 2412 prodest
1832 2340 2037 2396 immitti
2066 2340 2111 2395 si

513 2427 767 2498 pecunias
809 2430 1118 2501 possideat,
1170 2433 1422 2488 virtutem
1470 2449 1600 2489 vero
1645 2448 1751 2489 non
1796 2433 2112 2506 possideat?

510 2521 620 2575 tiur
647 2535 708 2575 ea
734 2536 852 2591 qua:
878 2532 1003 2577 sunt
1034 2523 1258 2579 aliorum
1278 2525 1497 2595 accipis,
1526 2535 1581 2581 et
1620 2535 1707 2581 tua
1737 2526 1952 2596 perdis?
1994 2526 2112 2581 Vil-

511 2610 641 2677 lam,
672 2611 861 2683 iuquit,
893 2612 1122 2669 fertilem
1145 2615 1349 2671 habeo:
1377 2616 1504 2687 quid
1529 2627 1612 2671 est
1640 2616 1852 2672 hoc?at
1878 2618 2111 2672 animam

514 2701 741 2756 fertilem
775 2717 880 2758 non
915 2702 1117 2759 habes:
1148 2704 1320 2760 habeo
1360 2707 1626 2778 mancipia
1647 2749 1662 2772 ,
1717 2709 1812 2763 sed
1859 2709 2110 2765 virtutem

514 2811 618 2848 non
646 2797 851 2852 habes:
882 2797 1050 2852 habeo
1081 2798 1536 2867 iudumenta,,sed
1567 2802 1817 2871 pietatem
1846 2818 1951 2858 non
1984 2818 2110 2873 pos-

512 2886 659 2940 sides
690 2904 703 2940 :
733 2887 874 2959 quod
895 2889 1116 2944 alterius
1140 2900 1223 2945 est
1267 2890 1429 2946 habes
1450 2932 1470 2962 ,
1501 2900 1588 2948 tua
1626 2908 1757 2948 vero
1785 2909 1893 2948 non
1924 2895 2108 2949 habes.

514 2977 570 3031 Si
611 2977 731 3047 quis
759 2977 1065 3049 depositum
1113 2981 1207 3036 tibi
1253 2983 1569 3047 tradiderit,
1622 3000 1750 3039 num
1799 2995 1851 3042 te
1892 2987 2111 3042 divitem

512 3080 732 3137 possum
789 3071 1021 3125 vorare?
1073 3071 1313 3128 Minime.
1364 3073 1583 3142 Quare?
1635 3076 1789 3143 Quod
1835 3079 2112 3147 possideas

512 3160 708 3217 aliena.
735 3161 845 3219 Hoc
875 3164 1017 3219 enim
1045 3174 1129 3222 est
1155 3165 1456 3237 depositum
1484 3185 1497 3221 :
1526 3178 1684 3240 atque
1714 3171 1915 3226 utinam
1942 3172 2112 3243 depo—

512 3253 673 3307 situm
704 3263 906 3310 tantum
933 3265 1110 3325 esset,
1144 3274 1318 3330 neque
1342 3262 1581 3317 accessio
1618 3263 1710 3317 tibi
1738 3265 1985 3335 supplicii
2014 3268 2111 3322 fie-

511 3353 612 3399 ret.
669 3346 802 3401 Cum
850 3348 1074 3405 vidisset
1110 3366 1239 3422 ergo
1282 3351 1540 3409 Lazarum
1566 3355 1720 3411 dives
1744 3398 1759 3424 ,
1800 3361 1875 3413 ait
1905 3376 1919 3413 :
1955 3356 2114 3413 Pater

513 3435 793 3497 Abraham.
825 3440 1060 3496 miserere
1094 3442 1191 3496 mei
1220 3441 1374 3513 (Luc.
1405 3446 1493 3500 16.
1523 3444 1638 3517 24).
1693 3447 1951 3519 Pauperis
1987 3460 2113 3505 sunt

516 3527 630 3583 lucc
661 3529 853 3597 verba,
884 3532 1113 3587 mendici
1138 3574 1153 3598 ,
1179 3535 1354 3604 egeni.
1407 3534 1566 3593 Pater
1591 3537 1847 3593 Abraham
1878 3541 2113 3598 miserere

514 3621 632 3673 mei.
659 3621 799 3689 Quid
832 3623 946 3677 vis?
987 3623 1135 3680 Mitte
1158 3624 1433 3682 Lazarum.
1462 3629 1630 3698 Quem
1660 3631 1853 3689 millies
1886 3643 2110 3704 praeter-

513 3712 657 3778 iisti,
682 3727 840 3783 quem
882 3731 948 3769 ne
979 3716 1160 3773 videre
1185 3719 1397 3789 quidem
1427 3723 1657 3791 voluisti,
1683 3723 1825 3781 hunc
1850 3726 1942 3781 tibi
1970 3742 2112 3784 nunc

513 3803 580 3857 ad
608 3804 836 3860 salutem
866 3807 1002 3862 mitti
1032 3811 1308 3879 pustulas?
1340 3812 1488 3868 Mitte
1518 3813 1795 3871 Lazarum.
1844 3817 1943 3874 Ubi
1981 3834 2112 3875 vero

515 3911 658 3951 nunc
689 3899 1025 3967 pocillatores
1052 3902 1167 3957 tui?
1194 3903 1281 3958 ubi
1309 3913 1559 3976 tapetes?
1601 3902 1688 3963 ubi
1720 3912 1982 3979 parasiti?
2021 3912 2110 3968 ubi

514 3993 917 4048 assentatores?
958 3993 1049 4049 ubi
1089 3993 1299 4051 fastus?
1348 3999 1437 4051 ubi
1482 4001 1778 4069 superbia?
1809 4003 1895 4057 ubi
1926 4003 2109 4059 defos-

513 4096 630 4136 sum
661 4084 892 4138 aurum?
922 4084 1007 4140 ubi
1042 4100 1072 4139 a
1105 4087 1264 4143 tineis
1290 4103 1448 4144 exesa
1479 4091 1837 4148 vestimenta?
1885 4093 1974 4150 ubi
2017 4110 2110 4149 ar-

513 4183 730 4243 gentum
765 4176 907 4246 quod
934 4192 963 4231 a
1001 4186 1053 4233 te
1081 4179 1406 4235 colebatur?
1450 4181 1537 4237 ubi
1573 4198 1795 4255 magnus
1822 4197 2110 4257 apparatus

513 4275 570 4320 et
595 4267 890 4338 voluptaria
938 4271 1088 4327 vita?
1146 4271 1295 4328 Folia
1321 4284 1509 4341 erant,
1555 4276 1775 4333 advenit
1804 4278 2011 4351 hyems,
2057 4290 2112 4335 ct

511 4361 781 4417 exsiccata
821 4371 946 4418 sunt
992 4366 1169 4420 omnia
1219 4384 1233 4421 :
1275 4369 1542 4422 somnium
1590 4378 1780 4436 erant;
1833 4378 1890 4425 ut
1931 4379 2108 4426 autem

513 4450 630 4507 dies
651 4452 842 4519 illuxit,
868 4454 1127 4511 abscessit
1147 4460 1413 4514 somnium
1445 4477 1458 4513 :
1484 4462 1672 4516 umbra
1697 4473 1882 4530 erant;
1913 4465 2111 4521 veritas

514 4543 677 4608 venit,
707 4553 762 4599 et
786 4538 973 4602 umbra
998 4551 1270 4618 prmteriit.
1303 4551 1451 4607 Mitte
1476 4552 1749 4610 Lazarum.
2100 4610 2101 4615 η

584 4636 689 4689 Cur
709 4635 967 4691 Abraham
992 4641 1307 4710 potissimum
1330 4644 1507 4698 viderit
1527 4645 1757 4702 dives.—
1776 4647 1955 4716 Quare
1980 4665 2112 4707 vero

514 4729 717 4783 nullum
746 4730 908 4785 alium
931 4733 1133 4802 justum
1163 4735 1324 4801 videt,
1360 4753 1468 4792 non
1496 4738 1628 4807 Noe,
1658 4756 1764 4797 non
1789 4741 1976 4810 Jacob,
2003 4760 2110 4800 non

516 4823 649 4889 Lot,
682 4839 785 4879 non
823 4823 969 4882 Isaac
992 4868 1007 4892 ,
1038 4827 1132 4882 sed
1160 4828 1468 4896 Abraham;
1520 4833 1646 4903 quid
1686 4834 1798 4889 ita?
1845 4836 2109 4903 Quoniam

514 4914 795 4985 IwSpitalis
823 4928 940 4971 erat
964 4917 1270 4987 Abraham,
1315 4929 1370 4976 ct
1415 4922 1466 4977 in
1511 4939 1666 4979 suum
1708 4925 2108 4983 tabernaculum

515 5009 744 5065 viatores
770 5011 1114 5081 pertrahebat
1136 5030 1149 5067 :
1173 5014 1352 5084 itaque
1378 5016 1534 5085 hujus
1561 5017 1965 5075 inhumanitatis
1992 5037 2112 5075 ma-

511 5103 596 5175 jor
640 5106 942 5160 accusatrix
986 5106 1218 5163 efficitur
1257 5108 1400 5165 illius
1428 5109 1787 5182 hospitalitas.
1832 5113 1978 5168 Mitte
2001 5113 2109 5169 Lav

514 5211 709 5250 zarttm.
742 5196 871 5252 llaec
894 5198 1170 5255 audientes
1198 5200 1503 5269 timeamus,
1532 5203 1891 5271 dilectissimi,
1918 5220 1987 5261 ne
2013 5220 2111 5261 nos

514 5303 723 5358 quoque
749 5303 1012 5360 pauperes
1036 5291 1332 5361 videamus,
1365 5304 1419 5350 et
1444 5305 1826 5366 praetereamus
1854 5316 1867 5351 :
1898 5314 1965 5354 ne
1990 5300 2111 5354 loco

515 5379 700 5436 Lazari
727 5381 881 5436 multi
907 5391 1031 5440 tunc
1056 5386 1223 5441 nostri
1252 5385 1381 5442 fiant
1421 5401 1782 5447 accusatores.
1833 5391 1982 5446 Mitte
2006 5392 2110 5446 La-

518 5488 688 5526 zarum
707 5514 723 5539 ,
751 5483 806 5527 ut
834 5491 947 5528 eum
972 5476 1232 5533 intinxerit
1257 5490 1536 5536 extremum
1558 5484 1704 5554 digiti
1727 5485 1805 5538 sui
1826 5485 1879 5539 in
1901 5502 2108 5556 aquam,

518 5562 725 5620 instillet
751 5565 943 5638 lingua:
970 5584 1113 5635 mete,
1141 5570 1264 5642 quia
1290 5573 1513 5642 ﬂammis
1539 5591 1661 5629 uror
1686 5574 1840 5646 (Luc.
1871 5577 1958 5632 16.
1989 5576 2107 5648 24).

518 5656 629 5721 Qua
685 5658 828 5713 enim
885 5676 1136 5717 mensura
1191 5664 1527 5733 metiemini,
1586 5668 1903 5725 remetietur
1957 5670 2111 5727 vobis

522 5745 734 5811 illailla.
762 5749 817 5804 7.
844 5751 903 5823 2)
941 5771 955 5808 :
988 5768 1094 5807 non
1123 5753 1422 5824 impartitus
1440 5773 1502 5813 es
1534 5758 1721 5828 micas,
1755 5777 1928 5833 neque
1953 5764 2110 5820 Stilla:

521 5837 792 5910 particeps
822 5847 955 5903 eris.
998 5844 1143 5902 Mitte
1167 5844 1426 5905 Lazarum
1451 5891 1464 5919 ,
1497 5858 1553 5906 ut
1579 5860 1820 5910 extremo
1841 5854 2004 5926 digito
2030 5855 2108 5912 iu-

1251 374 1307 433 S.
1346 373 1625 431 JOANNIS
1663 342 2136 431 CllRYSOSTOMl
2174 372 2489 432 ARCllIEP.
2532 374 3064 436 CONSTANTINOP.

3661 386 3770 447 10ίο

2211 489 2378 546 Stillet
2414 490 2611 562 lingua:
2655 506 2828 559 mete,
2862 494 2985 565 quia
3030 493 3259 549 flammis
3300 509 3447 549 uror.
3501 493 3631 562 Quid
3663 510 3765 548 vero

2208 583 2479 638 Abraham
2504 584 2570 638 ad
2604 583 2751 639 illum
2774 584 2798 639 ’ἔ
2820 584 2948 653 Fili,
2967 588 3203 657 recepisti
3222 586 3351 642 bona
3377 598 3468 641 tua
3491 586 3541 640 iu
3569 586 3662 641 rita
3682 596 3763 652 tua,

2208 686 2255 731 et
2279 674 2510 731 Lazarus
2537 676 2770 731 similiter
2789 677 2924 731 mala
2955 694 3049 732 sua
3075 696 3094 740 ;
3121 689 3168 734 et
3190 696 3323 733 nunc
3348 679 3444 733 iste
3462 678 3545 732 hic
3570 680 3765 733 consola-

2210 777 2323 835 tur,
2369 778 2422 823 tu
2448 786 2565 823 vero
2600 771 2840 825 cruciaris
2872 769 3028 842 (Luc.
3065 771 3152 827 16.
3182 767 3295 845 25).
3341 770 3551 826 Rursus
3581 770 3658 827 hic
3683 786 3765 825 llOl'

2210 860 2383 928 dixit,
2422 861 2645 931 cepisti,
2685 862 2781 918 sed
2820 863 3069 933 recepisti
3103 880 3116 916 :
3147 863 3372 918 multum
3415 862 3572 919 atl'ert
3610 861 3763 917 discri-

2212 954 2371 1008 minis
2396 953 2595 1011 additio
2625 956 3038 1026 prinpositionis.
3082 955 3233 1025 Quod
3270 956 3414 1012 enim
3442 969 3671 1025 persaepe
3695 969 3767 1010 ατο

2205 1047 2352 1103 ritati
2384 1057 2577 1105 vestra:
2605 1050 2712 1105 dixi
2739 1093 2756 1117 ,
2784 1050 2868 1106 vel
2897 1030 3057 1106 etiam
3101 1050 3428 1122 syllabarum
3480 1059 3770 1105 scrutatores

2211 1155 2332 1196 esse
2355 1140 2650 1206 debemus;
2698 1141 3013 1197 Scrutamiui
3052 1143 3185 1197 enim
3213 1141 3514 1211 Scripturas
3544 1139 3704 1212 (Joan.
3724 1139 3765 1195 5.

2212 1231 2304 1305 59)
2326 1275 2341 1300 ,
2374 1234 2578 1304 inquit:
2613 1249 2736 1289 nam
2765 1233 2871 1288 iota
2903 1250 3064 1288 unum
3103 1241 3195 1288 aut
3219 1248 3353 1302 apex
3382 1247 3521 1286 unus
3560 1244 3768 1301 smpenu-

2214 1342 2363 1382 mero
2388 1342 2605 1382 sensum
2635 1327 2854 1383 excitat.
2887 1326 2957 1383 Ut
2977 1336 3155 1381 autem
3179 1325 3447 1395 intelligas
3466 1323 3621 1378 etiam
3642 1321 3773 1377 unius

2213 1418 2466 1475 elementi
2490 1418 2816 1475 additionem
2847 1434 3065 1476 sensum
3096 1418 3329 1485 efﬁcere,
3360 1417 3451 1473 hic
3488 1418 3600 1489 ipse
3626 1415 3768 1470 Abra-

2213 1510 2338 1566 ham
2376 1510 2674 1581 patriarcba
2702 1511 2850 1581 prius
2891 1511 3090 1566 Abram
3128 1509 3446 1574 dicebatur,
3496 1508 3643 1577 eique
3665 1505 3772 1560 dixit

2214 1602 2357 1657 Deus
2388 1619 2403 1655 :
2433 1619 2539 1657 nun
2587 1603 2689 1658 erit
2717 1618 2912 1658 nomen
2957 1612 3106 1657 tuum
3137 1600 3336 1657 Abram
3359 1640 3375 1664 ,
3419 1597 3516 1655 sed
3544 1596 3771 1653 Abraham

2217 1692 2370 1764 (Gen.
2403 1694 2491 1749 17.
2524 1695 2584 1765 5)
2614 1711 2627 1748 :
2656 1693 2862 1749 addidit
2902 1708 2932 1747 a
2954 1733 2973 1759 ,
3009 1700 3066 1748 et
3090 1701 3298 1763 patrem
3325 1690 3479 1745 illum
3517 1687 3767 1742 multarum

2212 1785 2450 1855 gentium
2482 1784 2734 1841 reddidit.
2785 1784 2926 1840 Ecce
2957 1784 3116 1853 igitur
3142 1782 3301 1837 unius
3331 1779 3582 1836 elementi
3608 1777 3771 1832 additio

2217 1878 2438 1933 multam
2465 1879 2767 1949 prosapiam
2808 1877 3079 1933 indicavit.
3123 1875 3244 1931 Noli
3272 1888 3405 1945 ergo
3434 1873 3562 1928 talia
3604 1879 3771 1927 temere

2214 1971 2490 2042 prteterire
2517 1987 2531 2026 :
2567 1986 2676 2025 non
2703 1951 2849 2025 enim
2873 1969 3039 2031 dixit,
3065 1967 3252 2037 cepisti
3279 1966 3419 2022 bona
3451 1975 3539 2019 tua
3556 2004 3573 2029 ,
3599 1961 3685 2018 sed
3705 1976 3771 2014 te-

2214 2064 2403 2135 cepisti
2438 2080 2451 2117 :
2494 2062 2587 2133 qui
2640 2077 2774 2117 vero
2818 2058 3042 2130 recipit,
3092 2059 3271 2115 debita
3315 2057 3554 2127 recipit:
3592 2050 3774 2108 attende

2215 2154 2359 2225 quod
2405 2154 2561 2220 dico;
2604 2154 2750 2210 aliud
2789 2154 2934 2209 enim
2966 2160 3051 2208 est
3073 2166 3267 2222 capere
3290 2192 3303 2215 ,
3344 2148 3490 2205 aliud
3521 2147 3769 2216 recipere:

2218 2262 2341 2303 nam
2362 2248 2549 2318 recipit
2574 2248 2695 2317 quis
2724 2261 2811 2314 ea,
2838 2261 2957 2317 qua:
2985 2243 3248 2307 habebat;
3279 2241 3611 2313 eapitautem
3635 2251 3771 2306 sape,

2216 2356 2337 2411 quae
2364 2355 2470 2395 non
2500 2338 2828 2411 possidebat.
2877 2336 3129 2406 Recepisti
3162 2333 3294 2389 bona
3322 2343 3413 2387 tua
3432 2373 3448 2400 ,
3493 2342 3538 2386 et
3577 2328 3769 2384 Lazarus

2216 2432 2354 2487 mala
2381 2448 2496 2487 sua.
2528 2430 2670 2486 Ecce
2693 2438 2749 2486 et
2774 2429 2924 2484 dives
2952 2420 3092 2483 bona
3117 2441 3212 2481 sua
3248 2425 3480 2496 recepit,
3504 2432 3557 2479 et
3578 2421 3772 2477 Lazants

2217 2525 2357 2581 mala
2382 2539 2501 2579 sua.
2548 2523 2676 2578 Haec
2701 2533 2879 2577 autem
2900 2537 2928 2574 a
2956 2536 3043 2576 me
3068 2520 3208 2576 dicta
3233 2528 3361 2574 sunt
3393 2516 3566 2572 omnia
3591 2522 3771 2586 propter

2217 2633 2311 2674 eos
2336 2659 2350 2684 ,
2376 2616 2469 2689 qui
2498 2617 2788 2687 puniuntur
2808 2615 2895 2671 hic
2922 2624 2976 2670 et
3006 2630 3110 2669 non
3150 2612 3279 2679 illic,
3326 2620 3547 2682 propter
3585 2622 3668 2663 eos
3701 2604 3771 2675 qui

2217 2711 2376 2782 genio
2398 2710 2483 2765 hic
2509 2709 2804 2780 indulgent,
2837 2718 2892 2763 et
2923 2708 3030 2763 illic
3059 2706 3367 2777 puniuntur.
3397 2699 3620 2758 Attende
3644 2698 3769 2769 igitur

2216 2802 2283 2857 ad
2310 2818 2372 2858 ea
2401 2816 2522 2874 qua:
2560 2801 2682 2857 dico
2707 2819 2720 2855 :
2758 2790 3009 2871 Recepisti
3031 2798 3164 2854 bona
3193 2808 3279 2853 tua
3301 2838 3317 2864 ,
3349 2806 3397 2852 et
3426 2795 3641 2850 Lazarus
3663 2789 3769 2844 mala

2216 2911 2330 2961 sua,
2360 2910 2479 2965 qua:
2506 2892 2765 2949 solvenda
2791 2902 2966 2960 erant,
2995 2907 3116 2962 qua:
3145 2889 3505 2945 debebantur.
3540 2882 3767 2941 Attendite

2216 2987 2501 3060 quaestioni
2528 3006 2541 3042 :
2573 2985 2642 3041 ad
2689 2986 2864 3041 locum
2895 2985 3037 3040 enim
3069 2999 3230 3054 pergo
3256 2999 3271 3049 ;
3302 2982 3424 3037 sine
3444 3022 3460 3047 ,
3490 2980 3636 3035 telam
3671 2991 3767 3044 per-

2218 3088 2427 3137 texam.
2472 3080 2542 3134 At
2583 3078 2726 3134 enim
2753 3078 2919 3133 nolite
2946 3077 2999 3131 in
3026 3074 3250 3131 exordio
3278 3073 3517 3140 turbari,
3554 3069 3638 3126 sed
3673 3080 3766 3122 cunt

2218 3173 2323 3230 tale
2351 3172 2478 3244 quid
2515 3173 2704 3228 dixero
2728 3214 2745 3240 ,
2786 3173 3107 3229 solutionem
3138 3178 3450 3240 exspectate
3476 3185 3489 3220 :
3521 3164 3632 3220 volo
3654 3162 3766 3218 enim

2216 3277 2401 3326 acutos
2429 3278 2484 3325 et
2512 3268 2847 3340 perspicaces
2877 3282 2970 3323 vos
3001 3265 3248 3332 reddere,
3286 3280 3463 3336 neque
3488 3262 3657 3319 leviter
3673 3268 3764 3312 tan-

2218 3369 2330 3417 tum
2360 3375 2651 3428 exercere,
2689 3359 2784 3416 sed
2831 3360 2885 3416 in
2925 3360 3224 3415 divinarum
3261 3358 3641 3428 Scripturarum
3666 3366 3765 3423 pro-

2219 3452 2439 3508 fundum
2479 3452 2748 3509 dimittere
2772 3494 2787 3519 ,
2843 3450 3162 3523 profundum
3190 3492 3204 3516 ,
3248 3450 3301 3506 in
3345 3465 3454 3523 quo
3492 3447 3623 3504 nulla
3649 3442 3764 3498 saavit

2217 3551 2546 3615 tempestas,
2593 3543 2920 3615 profundum
2967 3543 3351 3614 tranquillitate
3395 3541 3553 3597 maris
3593 3536 3762 3592 tutius:

2215 3643 2415 3706 quanto
2437 3635 2596 3706 igitur
2622 3635 2852 3705 amplius
2872 3634 3215 3690 descenderis
3240 3675 3255 3701 ,
3288 3632 3543 3704 majorem
3572 3625 3763 3685 invenies

2216 3728 2579 3784 securitatem.
2619 3726 2735 3783 Non
2766 3728 2910 3783 enim
2948 3725 3037 3783 hic
3069 3737 3151 3783 est
3196 3725 3530 3781 inordinatus
3552 3732 3762 3792 aquarum
3844 3735 3850 3743 ·

2216 3821 2482 3893 impetus,
2529 3821 2624 3877 sed
2657 3821 2899 3878 ordinata
2931 3821 3213 3893 dispositio
3248 3821 3641 3877 sententiarum.
3681 3813 3761 3869 Re-

2217 3914 2398 3983 cepisti
2434 3912 2567 3966 bona
2607 3922 2729 3981 tua,
2774 3923 2821 3968 et
2852 3911 3080 3967 Lazarus
3122 3912 3263 3966 mala
3298 3928 3394 3966 sua
3421 3928 3441 3966 :
3470 3920 3517 3965 et
3555 3922 3671 3962 nunc
3701 3901 3762 3954 hic

2217 4006 2530 4076 consolatur,
2560 4017 2611 4061 tu
2638 4023 2753 4061 vero
2779 4007 3040 4062 cruciaris.
3072 4005 3260 4076 Magna
3288 4014 3369 4061 est
3396 4002 3612 4076 quaestio
3640 4015 3653 4053 :
3676 3992 3759 4051 dixi
3830 3996 3835 3999 ⁷

2216 4114 2337 4155 cum
2387 4100 2475 4169 qui
2516 4100 2744 4170 recipit,
2787 4114 2850 4155 ea
2885 4114 3001 4169 qu-e
3045 4098 3226 4154 debita
3269 4106 3424 4153 erant
3459 4086 3760 4163 reciperezsi

2216 4206 2344 4261 ergo
2365 4190 2539 4261 justus
2565 4189 2660 4245 fuit
2689 4190 2943 4257 Lazarus,
2974 4199 3032 4246 ut
3063 4190 3316 4245 nimirum
3344 4187 3467 4255 fuit,
3497 4194 3549 4241 et
3574 4178 3759 4239 Abrahrc

2215 4284 2366 4339 sinus
2394 4284 2665 4352 indicavit,
2689 4300 2909 4349 corona,
2932 4284 3175 4354 prmmia,
3199 4283 3552 4354 refrigerium,
3572 4276 3758 4333 delecta-

2217 4377 2291 4431 tio
2314 4417 2329 4442 ,
2363 4376 2642 4432 tolerantia
2665 4418 2680 4442 ,
2712 4375 3009 4447 patientia;
3054 4376 3153 4429 iste
3179 4388 3310 4429 vero
3334 4381 3579 4445 peccator
3596 4409 3610 4435 ,
3636 4364 3758 4436 plane

2216 4469 2492 4541 improbus
2517 4479 2570 4524 et
2608 4469 2932 4525 inhumanus
2955 4509 2972 4535 ,
3000 4468 3206 4524 deliciis
3235 4475 3289 4524 et
3319 4465 3557 4523 ebrietati
3580 4469 3753 4556 vaca-tif.

2215 4562 2511 4635 Sybaritica
2560 4577 2745 4618 mensa
2799 4560 3080 4632 perfruens
3103 4602 3119 4627 ,
3166 4575 3285 4615 cum
3317 4559 3372 4615 in
3411 4567 3552 4614 tanta
3590 4548 3753 4647 insciti?

2216 4652 2533 4725 luxuriaque
2578 4661 2927 4708 versaretur:
2959 4668 3056 4707 cur
3097 4652 3171 4708 ait
3211 4651 3321 4716 illi,
3363 4651 3486 4720 quia
3525 4635 3754 4711 recepisti?

2216 4745 2355 4801 Num
2385 4747 2528 4801 enim
2559 4746 2635 4801 illi
2665 4743 2964 4801 debebatur
2987 4744 3259 4816 quidpiam
3303 4741 3505 4798 homini
3532 4735 3755 4807 opulento.

2220 4838 2421 4895 homini
2450 4838 2674 4911 prodigo
2696 4848 2752 4895 et
2781 4838 3116 4893 inhumano?
3145 4836 3283 4906 Quid
3302 4836 3447 4892 enim
3475 4833 3542 4890 illi
3566 4823 3754 4886 debcbt'

2219 4932 2342 4986 tur?
2371 4929 2479 4986 Cur
2507 4945 2615 4987 non
2639 4930 2794 4995 dixit,
2820 4930 3031 5000 cepisti,
3062 4931 3156 4986 sed
3184 4929 3470 5000 recepisti?
3620 5012 3633 5017 _
3669 5010 3693 5017 η
3720 5005 3730 5017 ι

2289 5021 2344 5080 9.
2372 5021 2502 5091 Quae
2534 5023 2665 5078 bona
2690 5021 2829 5076 dives
2858 5022 3118 5092 receperit.
3144 5051 3219 5062 —-
3251 5020 3483 5077 Attende
3509 5010 3748 5108 quodtﬁffi'

2217 5130 2337 5171 mus
2366 5114 2734 5175 :debebautur
2749 5114 2823 5170 illi
2842 5128 3037 5184 paenae,
3064 5112 3397 5169 debebantur
3427 5112 3496 5166 illi
3517 5102 3749 5198 supplicia.

2217 5208 2549 5266 debebantur
2578 5209 2651 5264 illi
2678 5207 2915 5263 dolores.
2968 5205 3079 5262 Cur
3120 5222 3225 5262 non
3271 5205 3435 5274 dixit,
3477 5204 3555 5258 illa
3589 5193 3748 5264 cepisti.

2218 5302 2312 5359 sed
2341 5301 2590 5373 recepisti
2616 5301 2752 5358 bona
2784 5301 2873 5357 illa
2905 5309 3014 5368 tua,
3045 5301 3206 5355 vitam
3232 5300 3376 5355 illam
3407 5298 3485 5354 sic
3511 5290 3735 5367 appellans

2217 5406 2269 5451 et
2297 5395 2530 5451 Lazarus
2568 5394 2708 5450 mala
2737 5393 2876 5450 sua?
2923 5392 3030 5449 Sed
3058 5391 3276 5449 attende
3295 5391 3524 5446 animum
3546 5404 3558 5447 :
3584 5385 3628 5438 in
3649 5378 3752 5474 altas

2217 5488 2359 5545 enim
2387 5502 2683 5559 gravesque
2710 5485 3003 5542 sententias
3032 5483 3354 5543 delabimur.
3394 5479 3651 5538 Hominum

2220 5595 2361 5636 nunc
2388 5558 2588 5651 degunt
2598 5558 2847 5635 omnium
2871 5576 2960 5634 alii
2980 5577 3200 5649 quidem
3226 5587 3526 5647 peccatores
3542 5558 3749 5664 scuti-alii

2218 5688 2348 5728 vero
2381 5649 2511 5742 justi
2542 5689 2558 5726 :
2589 5670 2958 5726 animadverte
2986 5667 3150 5740 igitur
3177 5667 3337 5723 etiam
3379 5668 3432 5721 in
3468 5660 3607 5734 justis
3629 5649 3744 5753 dide:

2219 5764 2445 5821 reutiam
2481 5781 2496 5818 :
2525 5762 2662 5819 alius
2682 5762 2862 5834 justus
2887 5769 2970 5816 est
2993 5802 3009 5828 ,
3051 5760 3187 5815 alius
3212 5760 3382 5830 magis
3418 5757 3610 5847 justus,
3642 5745 3745 5801 alius

2220 5857 2538 5928 sublimior,
2587 5857 2723 5913 alius
2776 5854 2980 5929 major;
3035 5863 3087 5912 et
3140 5850 3573 5927 quemadmodum
3620 5846 3746 5898 ειυικ
