4006 6374
623 375 750 429 {0-H

623 488 852 558 ἀστέρες
874 484 981 538 εἰσὶ
1007 481 1193 535 πολλοὶ
1231 481 1322 534 καὶ
1351 481 1499 550 ἣλιος
1539 481 1630 532 καὶ
1663 479 1882 548 σελήνη,
1924 475 2067 532 οῦτω
2095 473 2187 527 καὶ

621 571 849 642 διαιρορά
871 567 1111 622 δικαίων.
1140 567 1331 633 Ἀλλη
1360 565 1467 634 γὰρ
1489 565 1636 624 δόξα
1664 563 1861 630 ἡλίου.
1902 559 1998 614 καὶ
2028 559 2187 626 ἄλλη

622 650 912 722 σελήνης,
971 652 1068 704 καὶ
1110 651 1266 716 ἄλλη
1319 649 1469 713 δόξα
1520 649 1807 716 ἀστέρων.
1836 647 1916 699 Τὰ
1947 645 2046 715 μὲν
2080 643 2188 713 γὰρ

621 738 863 808 διαφέρει
893 739 949 789 ἐν
979 735 1126 807 δόξῃ.
1157 733 1226 786 τά
1245 733 1300 785 δὲ
1324 732 1662 786 ἐλαττοῦται’
1689 731 1782 784 καὶ
1803 731 2052 799 καθάπερ
2081 727 2189 779 εἰσὶ

624 821 849 891 σώματα
879 819 1208 888 ἐπουράνια;
1238 815 1380 870 οὕτω
1423 816 1517 869 καὶ
1548 815 1775 885 σώματα
1815 814 2032 881 ἐπίγεια
2051 827 2063 840 ·
2096 811 2189 863 καὶ

617 903 807 974 ὥσπερ
844 905 900 955 ἐν
932 904 1044 962 τοῖς
1076 900 1320 970 σώμασιν
1363 902 1391 953 6
1437 901 1533 969 μὲν
1569 899 1785 967 ἔλαφος,
1822 896 1923 950 όδέ
1955 895 2129 957 κύων,
2161 893 2189 945 6

620 987 674 1038 δὲ
699 986 856 1046 λέων,
879 987 907 1038 6
935 985 990 1036 δὲ
1024 983 1151 1037 ἄλλο
1185 982 1402 1055 θηρίον,
1435 986 1463 1036 6
1512 983 1568 1035 δέ
1619 983 1803 1044 ἀσπὶς,
1831 982 1860 1034 6
1898 979 1953 1032 δέ
1981 977 2106 1032 ἄλλο
2137 995 2188 1029 τι

616 1067 726 1120 τῶν
754 1067 1032 1120 τοιούτων·
1068 1067 1210 1119 οὕτω
1257 1068 1351 1119 καὶ
1385 1069 1441 1120 ἐν
1469 1070 1580 1129 τοῖς
1613 1066 1973 1136 ἁμαρτήμασι
2002 1061 2188 1128 διαφο-

622 1152 731 1220 ραί.
770 1152 888 1203 Τῶν
925 1149 1226 1220 ἀνθρώπων
1264 1150 1443 1202 τοίνυν
1463 1151 1512 1203 οί
1549 1149 1646 1220 μὲν
1669 1149 1772 1202 εἰσὶ
1801 1149 2016 1209 δίκαιοι,
2051 1145 2098 1197 οἱ
2133 1143 2188 1196 δὲ

618 1235 950 1306 ἁμαρτωλοί⁹
976 1233 1112 1288 ἀλλά
1140 1235 1232 1287 καὶ
1262 1235 1318 1285 ἐν
1342 1237 1453 1296 τοῖς
1479 1234 1710 1296 δικαίοις
1739 1231 1906 1301 πολλὴ
1935 1227 2186 1298 διαφορὰ,

617 1319 710 1371 καὶ
740 1319 796 1370 ἐν
828 1321 940 1378 τοῖς
981 1316 1324 1388 ἁμαρτωλοῖς
1373 1316 1542 1386 πολλή
1595 1317 1684 1370 καὶ
1744 1316 1986 1384 ἄπειρος.
2029 1311 2189 1365 Ἀλλά

617 1403 871 1472 πρόσεχε·
896 1403 957 1454 Εἰ
986 1401 1079 1454 καὶ
1099 1401 1302 1462 δίκαιος
1378 1417 1482 1464 τις,
1498 1399 1598 1453 κᾶν
1624 1399 1881 1470 μυριάκις
1960 1397 2185 1459 δίκαιος,

619 1487 711 1537 καὶ
747 1485 881 1555 πρὸς
939 1485 1107 1556 αὐτὴν
1141 1484 1314 1554 ἀναϐῇ
1353 1483 1450 1554 τὴν
1497 1482 1768 1555 κορυφὴν,
1824 1482 1964 1535 ῶστε
2013 1479 2191 1552 ἀπηλ-

615 1567 809 1636 λάχθαι
840 1567 1274 1638 ἁμαρτημάτων,
1303 1567 1362 1619 οὐ
1403 1566 1620 1619 δύναται
1653 1565 1890 1636 καθαρὸς
1921 1560 2060 1618 εἶναι
2088 1580 2190 1633 κη-

613 1651 775 1715 λῖδος,
804 1652 906 1704 κᾶν
940 1652 1198 1721 μυριάκις
1319 1651 1548 1714 δίκαιος,
1595 1650 1708 1703 ἀλλ’
1737 1648 2020 1719 ἄνθρωπός
2049 1649 2186 1700 ἐστι.

619 1737 715 1799 Τίς
744 1736 852 1804 γὰρ
881 1733 1253 1802 καυχήσεται
1280 1732 1476 1801 ἁγνὴν
1502 1733 1666 1802 ἔχειν
1691 1731 1805 1799 τὴν
1826 1731 2115 1801 καρδίαν;
2149 1729 2188 1797 ἢ

612 1820 704 1885 τίς
727 1819 1201 1888 πιιρῤησιάσεται
1241 1819 1499 1888 καθαρές
1526 1814 1677 1871 εἶναι
1723 1816 1838 1871 ἀπὸ
1869 1814 2188 1885 ἁμαρτίας;

614 1903 713 1954 Διά
740 1903 898 1956 τοῦτο
925 1902 1260 1972 κελευόμεοα
1299 1905 1380 1965 εἰς
1424 1901 1523 1971 τὴν
1570 1901 1734 1972 εὐχὴν
1765 1899 1965 1967 λέγειν·
2007 1899 2192 1966 Ἀφες

613 1981 758 2048 ἡμῖν
783 1983 855 2036 τὰ
911 1981 1280 2050 ὀφειλήματα
1317 1981 1504 2050 ἡμῶν,
1562 1981 1647 2034 Eva
1684 1983 1750 2050 τῇ
1805 1977 2064 2048 συνηθείᾳ
2091 1976 2191 2045 τῆς

613 2065 780 2136 εὐχῆς
811 2065 1243 2135 ἀναμνησθῶμεν
1275 2067 1390 2118 ἐκεῖ
1412 2066 1491 2117 ὅτι
1521 2062 1807 2117 ὑπεύθυνοί
1830 2064 1994 2133 ἐσμεν
2028 2057 2189 2113 κολά-

617 2165 752 2200 σεσι.
791 2149 900 2200 Καὶ
939 2148 1046 2216 γὰρ
1079 2147 1288 2210 Παῦλος
1320 2149 1347 2200 ὁ
1401 2147 1720 2209 ἀπόστολος,
1754 2146 1815 2198 16
1867 2141 2061 2206 σκεῦος
2087 2144 2187 2214 τῆς

615 2229 866 2298 ἐκλογῆς,
900 2233 927 2283 6
960 2231 1084 2294 ναὸς
1109 2231 1202 2284 τοῦ
1227 2230 1383 2291 θεοῦ,
1418 2232 1479 2284 16
1516 2233 1687 2302 στόμα
1725 2230 1816 2283 τοῦ
1848 2226 2119 2299 Χριστοῦ,
2152 2230 2186 2299 ή

614 2313 751 2381 λύρα
780 2312 872 2366 τοῦ
898 2311 1237 2384 Πνεύματος,
1274 2316 1300 2367 6
1334 2314 1656 2378 διδάσκαλος
1686 2313 1787 2383 τῆς
1829 2311 2186 2381 οἰκουμένης,

611 2397 638 2448 6
662 2397 766 2466 γῆν
797 2399 891 2449 καὶ
919 2396 1191 2451 θάλασσαν
1227 2397 1547 2468 περιελθὼν,
1583 2401 1611 2452 6
1649 2397 1746 2460 τὰς
1789 2397 2031 2461 ἀκάνθας
2079 2396 2190 2448 τῶν

611 2479 896 2549 ἁμαρτιῶν
923 2482 1262 2545 ἀνασπάσας,
1292 2484 1320 2534 6
1352 2482 1418 2534 16
1458 2481 1751 2551 σπέρματα
1781 2481 1881 2550 τῆς
1909 2479 2188 2542 εὐσεϐείας

609 2564 968 2628 καταϐαλὼν,
1024 2567 1052 2619 6
1107 2565 1370 2634 βασιλέων
1403 2564 1806 2638 εὐπορώτερος,
1854 2565 1883 2616 6
1921 2563 2188 2617 πλουσίων

608 2646 994 2718 δυνατώτερος,
1013 2649 1040 2702 6
1068 2648 1416 2719 στρατιωτῶν
1453 2649 1695 2718 ίσχυρότε
1707 2665 1815 2719 ρος,
1835 2649 1862 2700 6
1887 2648 2189 2716 φιλοσόφων

611 2729 1068 2800 φιλοσοφώτερος,
1103 2733 1131 2784 6
1169 2731 1412 2802 ρητόρων
1446 2732 1906 2802 εὐγλωττότερος.
1962 2733 1990 2784 6
2027 2731 2188 2800 μηδὲν

609 2813 749 2882 ἔχων
769 2811 862 2865 καὶ
893 2812 1070 2866 πάντα
1093 2813 1447 2883 κεκτημένος,
1473 2815 1500 2866 6
1521 2815 1578 2868 ἐν
1597 2816 1661 2884 τῇ
1691 2816 1817 2884 σκιᾷ
1838 2813 2001 2866 αὐτοῦ
2030 2812 2191 2866 θάνα-

610 2913 700 2948 τον
746 2895 917 2959 λύων,
958 2897 986 2949 6
1033 2897 1091 2948 ἐν
1144 2900 1256 2960 τοῖς
1312 2897 1548 2967 ἱματίοις
1593 2897 1756 2950 αὐτοῦ
1802 2897 1871 2949 τὰ
1909 2899 2189 2968 νοσήματα

614 2979 948 3047 φυγαδεύων,
982 2981 1008 3032 6
1039 2980 1098 3032 ἐν
1129 2979 1372 3053 Θαλάσσῃ
1416 2981 1654 3050 τρόπαια
1691 2982 1915 3051 στήσας,
1957 2984 1984 3034 6
2009 2983 2188 3053 ἁρπα-

608 3062 728 3129 γεὶς
759 3061 863 3125 ἕως
889 3063 1072 3132 τρίτου
1105 3063 1355 3132 οὐρανοῦ,
1390 3063 1483 3116 καὶ
1517 3063 1598 3127 είς
1650 3064 1978 3136 παράδεισον
2015 3064 2190 3118 εἰσελ-

610 3143 738 3208 θὼν,
778 3146 806 3197 6
833 3144 922 3197 16v
958 3145 1190 3214 Χριστὸν
1215 3144 1346 3197 Θεὸν
1367 3145 1739 3218 ἀνακηρύξας,
1772 3148 1979 3210 ἐκεῖνος
2017 3147 2186 3216 λέγει·

612 3226 804 3281 Οὐδὲν
839 3226 990 3299 [787]
1021 3227 1254 3296 ἐμαυτῷ
1279 3227 1556 3294 σύνοιδα,
1597 3230 1733 3284 ἀλλ’
1763 3232 1875 3284 οὐκ
1913 3230 2188 3295 ἐντούτῳ

607 3309 1007 3379 δεδικαίωμαι.
1039 3311 1098 3364 ’0
1119 3311 1372 3364 τοσοῦτον
1390 3311 1485 3364 καὶ
1512 3310 1831 3382 τηλικοῦτον
1853 3315 2190 3382 κεκτημένος

609 3393 819 3465 ἀρετῶν
857 3394 1091 3464 πλῆθος,
1139 3394 1324 3462 λέγει’
1377 3394 1441 3449 '0
1479 3394 1546 3448 δὲ
1587 3396 1924 3466 ἀνακρίνων
1961 3413 2038 3466 με
2071 3397 2189 3450 Κύ-

604 3477 732 3544 ριός
755 3477 904 3530 ἐστι.

680 3560 776 3622 Τίς
808 3555 898 3612 οὖν
919 3561 1250 3630 καυχήσεται
1278 3560 1446 3630 ἁγνὴν
1469 3561 1612 3632 ἔχειν
1640 3562 1738 3634 τὴν
1761 3562 1988 3634 καρδίαν
2008 3582 2022 3631 ;
2103 3562 2188 3628 τίς

610 3644 1049 3714 παρρησιάσεται
1088 3644 1327 3714 καθαρὸς
1364 3641 1504 3698 εἶναι
1543 3645 1650 3698 ἀπὸ
1679 3647 1982 3718 ἀμαρτίας;
2020 3649 2189 3720 Ἀμή-

609 3742 765 3795 χανον
796 3725 974 3780 τοίνυν
1013 3722 1150 3780 εἷναι
1191 3726 1478 3798 ἄνθρωπόν
1532 3745 1650 3782 τινα
1680 3730 2084 3800 ἀναμάρτητον.
2121 3732 2185 3784 Τί

608 3809 716 3880 γὰρ
751 3809 962 3878 λέγεις;
997 3809 1204 3875 δίκαιός
1239 3813 1418 3876 ἐστιν;
1455 3810 1702 3882 ἐλεήμων
1735 3813 1884 3877 ἐστί;
1917 3813 2186 3881 φιλόπτω-

608 3893 703 3964 χός
732 3895 918 3959 ἐστιν;
958 3893 1099 3948 Ἀλλ’
1127 3895 1239 3966 ἔχει
1283 3913 1337 3948 τι
1373 3895 1678 3964 ἐλάττωμα·
1714 3895 1747 3967 ἢ
1781 3896 1992 3966 ὑϐρίζει
2024 3898 2186 3950 ἀκαί-

613 3992 737 4044 ρως,
771 3976 803 4046 ἢ
841 3976 1140 4041 κενοδοξεϊ,
1169 3977 1202 4048 ἢ
1252 3977 1379 4030 ἀλλο
1412 3995 1466 4030 τι
1499 3977 1739 4031 τοιοῦτον
1778 3981 1938 4031 ποιεῖ·
1981 3979 2041 4031 οὐ
2076 3981 2185 4051 γὰρ

606 4060 688 4112 δεῖ
722 4061 900 4114 πάντα
932 4060 1274 4128 καταλέγειν.
1317 4061 1376 4114 '0
1418 4061 1517 4131 μὲν
1555 4061 1820 4131 ἐλεήμων,
1851 4061 1966 4114 ἀλλ’
1993 4063 2055 4115 οὐ
2083 4065 2186 4116 σώ-

608 4161 759 4215 φρων
793 4143 1070 4206 πολλάκις⁶
1099 4146 1126 4197 6
1150 4145 1206 4198 δὲ
1234 4145 1464 4216 σώφρων
1501 4145 1620 4216 μὲν,
1645 4143 1759 4197 ἀλλ’
1786 4144 1885 4198 οὐκ
1915 4145 2182 4216 ἐλεήμων·

606 4227 634 4276 6
667 4227 765 4296 μὲν
795 4227 854 4278 ἐν
885 4225 1058 4298 ταύτῃ
1086 4230 1152 4299 τῇ
1180 4228 1346 4298 ἀρετῇ
1381 4225 1725 4300 ὀνομάζεται,
1757 4227 1785 4279 ὁ
1814 4227 1869 4280 δὲ
1895 4229 1951 4281 ἐν
1979 4231 2183 4300 ἐκείνῃ.

566 4306 572 4310 ’
612 4310 792 4362 Ἔστω
823 4327 906 4372 τις
926 4310 1152 4374 δίκαιος·
1203 4312 1298 4364 καὶ
1348 4311 1608 4374 πολλάκις
1659 4299 1755 4383 μὲν
1801 4313 2010 4376 δίκαιός
2035 4299 2182 4381 ἐστι,

564 4389 572 4393 ’
609 4393 701 4446 καὶ
733 4391 846 4463 ἔχει
871 4393 1046 4446 πάντα
1065 4394 1133 4447 16
1154 4394 1356 4463 ἀγαθὰ,
1389 4397 1482 4448 καὶ
1515 4395 1670 4465 ἔσχεν
1695 4397 1954 4451 ἀπόνοιαν
1981 4398 2068 4451 διὰ
2084 4398 2184 4469 τὴν

607 4475 975 4546 δικαιοσύνην,
999 4477 1092 4529 καὶ
1125 4478 1429 4550 ἐλυμήνατο
1462 4479 1610 4549 αὐτῷ
1647 4478 1744 4551 τήν
1771 4479 2114 4553 δικαιοσύνην
2149 4485 2182 4554 ή

608 4559 854 4612 ἀπόνοια.
909 4559 967 4611 ’0
993 4561 1281 4630 Φαρισαῖος
1321 4562 1420 4615 οὐκ
1453 4558 1521 4632 ἦν
1543 4561 1772 4626 δίκαιος,
1797 4563 2074 4633 νηστεύων
2101 4565 2183 4630 δὶς

607 4638 704 4693 τοῦ
727 4641 1032 4708 σαϐϐάτους
1065 4645 1159 4697 καὶ
1182 4645 1234 4696 τί
1256 4661 1448 4714 φησιν;
1482 4644 1604 4699 Οὐκ
1635 4645 1751 4713 εἰμὶ
1781 4645 1862 4711 ὡς
1900 4649 1954 4700 οἱ
1979 4649 2183 4702 λοιποί

608 4724 728 4780 τῶν
746 4725 1088 4794 ἀνθρώπων,
1112 4727 1373 4798 ἅρπαγες
1402 4729 1498 4783 καὶ
1520 4729 1895 4783 πλεονέκται.
1922 4731 2032 4783 Καὶ
2056 4732 2185 4784 πολ·

608 4807 765 4872 λάκις
783 4808 889 4862 ἀπὸ
919 4808 1161 4881 καθαροῦ
1194 4811 1494 4874 συνειδότος
1517 4812 1597 4875 είς
1630 4811 1890 4867 ἀπόνοιαν
1917 4809 2050 4885 ἦλθέ
2077 4832 2179 4879 τις·

607 4892 703 4946 καὶ
749 4893 887 4964 ὅπερ
935 4893 1036 4946 οὐκ
1096 4892 1329 4963 ἔϐλαψεν
1373 4893 1535 4947 αὐτὸν
1575 4895 1609 4965 ή
1653 4895 1918 4968 ἁμαρτία,
1952 4897 2182 4968 ἔϐλαψεν

605 4977 768 5031 αὐτὸν
797 4979 829 5047 ή
862 4978 1108 5032 ἀπόνοια.
1142 4978 1256 5030 Οὐκ
1283 4976 1396 5031 ἔστι
1435 4977 1565 5046 γοῦν
1599 4979 1881 5050 ἄνθρωπον
1907 4981 2029 5036 καθ’
2059 4984 2180 5038 ὅλου

605 5059 776 5124 οὕτως
810 5056 951 5114 εἶναι
977 5061 1205 5124 δίκαιον,
1227 5061 1301 5124 ὡς
1330 5060 1569 5134 καθαρὸν
1589 5057 1726 5116 εἶναι
1753 5063 1862 5117 ἀπὸ
1884 5066 2177 5138 ἁμαρτίας,

605 5145 698 5195 καὶ
723 5143 904 5208 πάλιν,
939 5144 1038 5198 οὐκ
1073 5145 1218 5198 ἔστιν
1240 5145 1524 5215 ἄνθρωπον
1551 5144 1738 5199 οὐδένα
1768 5149 1936 5202 κακὸν
1959 5145 2096 5205 εἶναι
2128 5163 2178 5216 ι,

603 5224 680 5288 ὡς
718 5225 792 5296 μὴ
819 5225 963 5297 ἔχειν
986 5245 1035 5280 τι
1065 5227 1166 5281 κᾶν
1209 5228 1404 5298 μικρὸν
1427 5228 1652 5296 ἀγαθόν.
1697 5223 1820 5284 Οἷόν
1841 5249 1893 5285 τι
1921 5231 2082 5300 λέγω·
2119 5233 2178 5286 '0

601 5308 753 5363 δεῖνα
779 5309 1016 5380 ἁρπάζει
1045 5312 1140 5364 καὶ
1174 5312 1486 5365 πλεονεκτεί
1531 5313 1626 5364 καὶ
1667 5312 2022 5385 λυμαίνεται,
2061 5317 2175 5371 ἀλλ’

606 5391 775 5444 ἐνίοτε
823 5393 1190 5463 ἐλεημοσύνην
1253 5395 1500 5459 δίδωσιν,
1557 5394 1672 5448 ἀλλ’
1718 5395 1887 5449 ἐνίοτε
1943 5398 2177 5470 σώφρων

607 5475 769 5538 ἐστὶν,
791 5475 903 5528 ἀλλ’
921 5477 1087 5529 ἐνίοτε
1121 5476 1278 5546 λόγον
1312 5477 1423 5548 ἔχει
1451 5478 1704 5549 χρηστὸν,
1733 5480 1848 5533 ἀλλ’
1876 5480 2046 5534 ἐνίοτε
2071 5483 2178 5536 κᾶν

605 5555 684 5607 ἐνὶ
733 5557 885 5629 ἀνδρὶ
942 5558 1258 5630 ἐϐοήθησεν,
1313 5559 1427 5612 ἀλλ’
1470 5560 1639 5613 ἐνίοτε
1697 5561 2001 5627 ἔκλαυσεν,
2056 5565 2170 5618 ἀλλ’

605 5636 772 5688 ἐνίοτε
801 5641 1146 5710 ἐστύγνασεν.
1168 5641 1304 5695 Οὐτε
1323 5637 1414 5695 οῦν
1435 5642 1640 5708 δίκαιός
1664 5645 1778 5699 ἐστι
1805 5647 1975 5717 χωρὶς
2002 5648 2175 5720 ἀμαρ-

671 5787 695 5814 ε
722 5786 847 5837 Εἶναι
873 5792 1013 5844 deest
1033 5797 1079 5843 in
1106 5795 1225 5857 Reg.

1295 373 1351 428 S.
1395 368 1682 427 JOANNIS
1721 361 2185 423 CIIRYSOSTOM

2294 363 2576 419 .llClllEP.
2616 365 3172 423 CONSTANTINOP.

3685 362 3786 418 ιοιι

2296 473 2437 539 τίας,
2463 477 2584 528 οὐτε
2619 476 2765 529 ἐστὶν
2795 474 3116 547 ἁμαρτωλὸς
3141 473 3368 528 καθόλου
3400 473 3586 545 ἔρημος
3613 475 3788 543 ἀγαθοῦ.

2296 567 2361 620 Τί
2394 566 2486 620 τοῦ
2518 567 2719 637 Ἀχαάίὲ
2741 567 3117 639 χαλεπώτερον
3141 585 3156 633 ;
3181 568 3394 638 ἥρπασε
3425 566 3514 620 καὶ
3545 567 3786 635 ἐφόνευσεν

2295 659 2410 712 ἀλλ’
2443 661 2590 730 ὅμως
2617 659 2804 731 ἐπειδὴ
2837 659 3152 730 ἐστύγνασε,
3186 657 3434 728 λέγειτῷ
3469 659 3609 730 Ἠλίᾳ
3634 660 3788 726 όΘεός

2297 747 2470 817 Εἶδες
2495 749 2621 817 πῶς
2674 753 2973 821 κατενύγη
3027 749 3272 820 Ἀχαὰϐ,
3332 745 3464 813 εἶδες
3513 750 3565 802 ἐν
3608 750 3792 821 τοσούτῳ

2297 843 2444 914 βυθῷ
2476 844 2662 896 κακῶν
2685 843 2802 908 πῶς
2823 843 3021 915 εὑρέθη
3045 859 3100 896 τι
3127 843 3319 914 μικρὸν
3342 841 3533 911 ἀγαθόν
3553 859 3567 907 ;
3585 843 3642 894 Τί
3670 842 3793 895 Ἰούδα

2295 936 2474 1003 χεῖρον
2496 931 2586 986 τοῦ
2622 933 2906 1003 προδότου,
2939 931 3033 986 τοῦ
3074 931 3582 1003 αίχμαλωτισθέντος
3615 931 3699 984 ὑπὸ
3721 932 3792 1001 τῆς

2295 1026 2695 1096 φιλαργυρίας;
2736 1026 2850 1081 ἀλλ’
2879 1027 3029 1097 ὅμως
3057 1026 3154 1080 καὶ
3187 1025 3346 1090 αὐτὸς
3385 1025 3595 1094 ἐποίησε
3623 1024 3707 1078 κᾶν
3728 1042 3792 1093 μι-

2295 1115 2426 1186 κρόν
2451 1133 2507 1169 τι
2541 1115 2680 1186 μετά
2711 1116 2886 1171 ταῦτα
2935 1117 3160 1186 ἀγαθόν.
3212 1117 3508 1185 ’Πμαρτον
3542 1115 3655 1186 γὰρ,
3681 1114 3792 1184 φησὶ,

2296 1207 2602 1275 παραδοὺς
2633 1203 2776 1278 αἷμα
2813 1207 3027 1263 ἀθῶον.
3075 1209 3250 1279 Ὅπερ
3283 1205 3375 1261 οὖν
3407 1207 3608 1276 ἔλεγον·
3644 1208 3694 1260 οὐ
3719 1207 3795 1276 γάρ

2296 1302 2410 1353 ἐστι
2442 1300 2600 1368 φύσει
2628 1303 2660 1371 ή
2685 1301 2874 1365 κακία,
2919 1301 3005 1354 Eva
3047 1300 3120 1372 μὴ
3163 1301 3263 1375 ἔχῃ
3293 1301 3473 1373 χώραν
3504 1303 3536 1369 ή
3571 1300 3728 1371 ἀρετή.
3746 1300 3795 1352 T6

2298 1392 2569 1464 πρόϐατον
2597 1393 2854 1448 οὐδέποτε
2901 1393 3124 1448 δύναται
3162 1394 3414 1463 γενέσθαι
3461 1393 3652 1464 ἄγριον,
3681 1392 3798 1462 φύσει

2297 1485 2406 1556 γὰρ
2432 1485 2544 1555 ἔχει
2566 1485 2626 1538 16
2653 1486 2880 1556 ήμεροψ
2912 1488 2940 1540 6
2969 1486 3132 1550 λύκος
3168 1487 3423 1539 οὐδέποτε
3455 1485 3655 1538 δύναται
3683 1483 3798 1552 γενέ-

2299 1575 2420 1630 σθαι
2446 1578 2674 1648 ἥμερος,
2709 1577 2868 1648 φύσει
2897 1577 3007 1651 γὰρ
3045 1578 3156 1650 ἔχει
3188 1579 3250 1632 τὸ
3293 1577 3502 1648 ἄγριον.
3541 1578 3607 1630 Οὐ
3633 1576 3798 1629 λύονται

2296 1663 2387 1721 οῦν
2416 1669 2466 1722 οἱ
2498 1668 2652 1739 νόμοι
2688 1670 2786 1740 τῆς
2813 1668 3046 1739 φύσεως,
3085 1668 3205 1723 οὐδὲ
3247 1668 3572 1731 σαλεύονται,
3597 1665 3710 1719 ἀλλὰ
3731 1665 3800 1735 μέ-

2297 1777 2480 1814 νουσιν
2519 1761 2784 1832 ἀκίνητοι.
2821 1761 2945 1815 Ἐπὶ
2977 1760 3111 1832 ἐμοῦ
3142 1761 3298 1815 τοῦτο
3336 1761 3439 1813 οὐκ
3465 1759 3557 1822 ἔνι,
3600 1747 3800 1811 ἀλλὰκαὶ

2295 1851 2487 1924 ἄγριος
2517 1853 2739 1924 γίνομαι
2755 1855 2882 1909 ὅταν
2905 1854 3198 1926 βούλωμαι,
3219 1853 3313 1907 καὶ
3333 1853 3536 1923 ἥμερος
3552 1852 3663 1905 ὅταν
3685 1848 3798 1902 θέλειν

2295 1940 2356 1992 οὐ
2393 1941 2502 2012 γάρ
2530 1939 2689 2010 φύσει
2721 1941 2966 2012 δέδεμαι,
3012 1943 3126 1997 ἀλλ’
3170 1941 3453 2012 ἐλευθερία
3499 1938 3801 2012 προαιρέσεως

2296 2032 2621 2104 τετίμημαι.
2652 2036 2831 2105 Ὅπερ
2863 2029 2955 2088 οὖν
2985 2031 3162 2100 εἷπον,
3195 2033 3316 2088 οῦτε
3342 2032 3542 2102 ἀγαθός
3581 2048 3653 2092 τις
3675 2027 3801 2089 οὕτως

2295 2121 2467 2185 ἐστὶν,
2498 2123 2574 2186 ὡς
2603 2123 2676 2194 μὴ
2703 2123 2848 2194 ἔχειν
2884 2124 3086 2195 μικρὰν
3127 2123 3340 2194 κηλῖδα,
3372 2120 3495 2176 οὐτε
3526 2118 3727 2190 πονηρός
3745 2133 3802 2178 τις

2296 2214 2470 2278 οὓτως
2498 2215 2664 2280 ἐστὶν,
2696 2215 2771 2280 ὡς
2799 2218 2873 2287 μὴ
2897 2216 3042 2287 ἔχειν
3079 2216 3179 2270 κᾶν
3215 2215 3410 2286 μικρὸν
3435 2212 3642 2282 ἀγαθόν.

2380 2305 2534 2360 Ἐπεὶ
2557 2303 2649 2361 οῦν
2679 2308 2897 2362 πάντων
2919 2309 3183 2371 ἀντίδοσίς
3205 2309 3343 2372 ἐστι,
3375 2307 3469 2359 καὶ
3490 2305 3682 2358 πάντων
3697 2300 3804 2353 ἐστὶν

2297 2398 2523 2470 ἀμοιϐή·
2563 2399 2664 2453 κᾶν
2694 2400 2804 2471 γάρ
2855 2401 3046 2470 φονεὺς
3165 2417 3269 2464 τις,
3301 2399 3405 2452 κᾶν
3433 2396 3648 2468 11621196;
3676 2387 3802 2465 τιςῇ.

2298 2490 2402 2544 κᾶν
2441 2491 2768 2562 πλεονέκτης
2795 2491 2846 2557 δ,
2887 2493 3088 2564 ποιήσῃ
3115 2492 3172 2546 δέ
3213 2492 3396 2554 καλὸν,
3432 2485 3715 2562 μένειαύτῷ
3736 2483 3803 2537 τοῦ

2298 2581 2467 2638 καλοῦ
2496 2585 2528 2654 ή
2557 2583 2934 2648 ἀνταπόδοσις,
2973 2583 3068 2636 καὶ
3105 2583 3164 2638 οὐ
3203 2583 3292 2636 διὰ
3325 2581 3394 2636 τὰ
3426 2581 3583 2643 κακὰ,
3612 2579 3642 2634 6
3667 2577 3807 2644 ἐποίη-

2299 2693 2412 2743 σεν,
2439 2675 2668 2747 ἄμισθον
2699 2675 2908 2746 γίνεται
2937 2675 2994 2728 τὸ
3020 2675 3202 2730 καλόν.
3229 2675 3338 2728 Καὶ
3367 2675 3542 2739 πάλιν,
3569 2673 3660 2727 κᾶν
3682 2668 3806 2742 μυρία

2296 2786 2380 2832 τις
2411 2767 2715 2838 ἐργάζηται
2773 2767 2990 2838 ἀγαθὰ,
3049 2769 3250 2839 ποιήσῃ
3293 2767 3350 2821 δέ
3385 2785 3440 2820 τι
3467 2766 3666 2835 φαῦλον,
3696 2761 3805 2832 μένει

2297 2859 2446 2931 αὐτῷ
2469 2860 2563 2913 τοῦ
2591 2859 2796 2930 φαύλου
2829 2862 2861 2932 ή
2892 2860 3264 2922 ἀνταπόδοσις.
3285 2860 3499 2930 Κάτεχε
3515 2850 3804 2927 ταῦτα,[7881

2298 2954 2452 3024 τήρει
2486 2952 2626 3007 αὐτά
2652 2951 2826 3024 ὀχυρὰ
2855 2953 2949 3005 καὶ
2967 2953 3220 3022 ἀκίνητα.
3246 2950 3385 3005 Οὔτε
3417 2949 3609 3019 ἀγαθός
3635 2947 3703 3010 τίς
3723 2947 3805 2996 ἐστι

2299 3045 2466 3115 χωρὶς
2524 3045 2834 3114 ἁμαρτίας,
2895 3040 3017 3096 οὐτε
3063 3042 3234 3106 κακός
3276 3041 3362 3105 τίς
3419 3043 3529 3094 ἐστι
3586 3037 3726 3110 χωρὶς
3751 3033 3806 3086 δι-

2295 3137 2610 3208 καιοσύνης.
2630 3137 2710 3190 Τὰ
2744 3136 2884 3191 αὐτά
2904 3136 3014 3208 γὰρ
3037 3136 3182 3204 λέγω
3206 3135 3388 3200 πάλιν,
3419 3137 3504 3188 ἵνα
3532 3129 3805 3204 ῥιζὼσω,ῖνα

2297 3229 2568 3298 φυτεύσω,
2611 3229 2698 3282 Eva
2723 3230 2803 3292 είς
2842 3228 3004 3300 βάθος
3038 3228 3208 3298 θήσω.
3249 3228 3537 3298 Ἐμϐάλλει
3573 3225 3667 3296 γάρ
3696 3237 3803 3282 τινες

2299 3321 2616 3393 μερίμναςό
2643 3320 2886 3384 διάϐολος
2924 3322 3001 3383 είς
3030 3319 3128 3389 τήν
3165 3319 3362 3389 ψυχὴν,
3403 3317 3697 3389 βουλόμενος
3711 3313 3805 3364 ἀτω-

2297 3412 2626 3481 ϐουκολῆσαι
2665 3411 2819 3481 ὐμῶν
2844 3412 2939 3482 τὴν
2984 3412 3242 3474 διάνοιαν,
3294 3411 3393 3464 καὶ
3437 3407 3739 3482 λυμήνασθαι
3759 3401 3803 3453 τὰ

2296 3507 2430 3578 παρ’
2461 3506 2594 3576 ἐμοῦ
2625 3506 2912 3576 λεγόμενα·
2931 3505 3018 3558 διὰ
3047 3504 3206 3558 τοῦτο
3234 3507 3313 3567 εἰς
3344 3505 3508 3575 βάθος
3535 3501 3660 3556 αὐτά
3680 3514 3806 3552 κατα·

2296 3597 2462 3669 φέρω,
2513 3598 2638 3651 Ἐὰν
2686 3598 2795 3672 γὰρ
2843 3591 2944 3651 ὧδε
2998 3599 3242 3668 τηρήσῃς
3301 3596 3575 3666 ἀσφαλῶς,
3625 3589 3804 3654 κάνέξω

2295 3687 2569 3759 ἀπέλθῃς,
2615 3688 2880 3742 ἀπολέσαι
2923 3687 3061 3740 αύτά
3101 3689 3160 3740 οὐ
3207 3687 3457 3742 δύνασαι.
3501 3689 3688 3754 Ὠσπερ
3710 3681 3803 3749 γὰρ.

2296 3778 2390 3832 ἐὰν
2423 3779 2568 3849 βάλω
2596 3779 2818 3850 χρυσίον
2843 3781 2922 3843 είς
2952 3778 3254 3848 βαλάντιον,
3279 3781 3495 3850 σφίγγω
3520 3779 3606 3832 καὶ
3627 3770 3804 3845 σφραγί-

2295 3873 2477 3944 ζομαι,
2497 3873 2584 3926 ἵνα
2616 3873 2710 3926 καὶ
2739 3871 2872 3944 ἐμοῦ
2902 3873 3132 3936 ἀπόντος
3164 3874 3191 3927 6
3211 3872 3418 3945 λῃστὴς
3449 3871 3522 3943 μὴ
3545 3864 3804 3942 λάϐῃ,οὕτω

2295 3967 2390 4020 καὶ
2417 3966 2509 4018 ἐπὶ
2536 3967 2632 4037 τῆς
2661 3966 2927 4038 ὑμετέρας
2955 3965 3176 4036 ἀγάπης
3206 3965 3366 4018 ποιῶο
3403 3968 3468 4036 τῇ
3498 3961 3719 4034 συνεχείᾳ
3737 3956 3804 4023 τῆς

2295 4057 2645 4121 διδασκαλίας
2677 4057 2892 4127 σφίγγω
2929 4059 3021 4110 καὶ
3055 4057 3354 4128 σφραγῖδας
3397 4055 3696 4124 ἐπιτίθημι,
3738 4047 3804 4100 καὶ

2295 4151 2664 4221 ἀσφαλίζομαι
2697 4150 2852 4221 ὐμῶν
2891 4149 2989 4220 τὴν
3015 4149 3256 4221 γνώμην,
3299 4151 3386 4203 ἵνα
3424 4150 3496 4220 μὴ
3530 4148 3721 4216 γένηται
3743 4137 3803 4201 ἒξ-

2299 4242 2477 4312 ίτηλος
2501 4245 2567 4312 τῇ
2601 4241 2865 4313 ῥᾳθυμίᾳ,
2887 4242 3001 4295 ἀλλ’
3029 4243 3114 4294 ἵνα
3149 4242 3395 4313 τηρήσας
3435 4241 3644 4312 μᾶλλον,
3673 4237 3723 4306 τῇ
3745 4236 3802 4284 ἐν·

2294 4333 2468 4389 ταῦθα
2498 4334 2708 4405 γαλήνῃ
2735 4334 2826 4387 τὸν
2871 4333 2976 4398 ἔξω
3013 4333 3239 4403 θόρυϐον
3289 4332 3712 4404 ἀποκρούσωμαι.
3751 4321 3797 4374 03

2294 4427 2475 4482 τοίνυν
2506 4425 2681 4481 ταῦτα
2725 4425 3048 4495 πολυλογίας
3082 4426 3150 4478 τά
3187 4424 3476 4494 λεγόμενα,
3523 4422 3627 4476 ἀλλ’
3656 4421 3798 4484 ἐπιμε-

2295 4515 2445 4580 λείας
2469 4517 2563 4570 καὶ
2601 4514 2981 4586 φιλοστοργίας
3039 4515 3132 4567 καὶ
3171 4513 3336 4566 πόθου
3380 4513 3474 4566 τοῦ
3519 4506 3797 4564 διδασκάλω,

2294 4609 2380 4661 Eva
2411 4609 2487 4679 μὴ
2547 4609 2798 4680 ἀπορρυῇ
2828 4607 2897 4660 τά
2952 4606 3239 4675 λεγόμενα.
3296 4604 3484 4658 Ταῦτα
3540 4604 3636 4672 γὰρ
3670 4595 3798 4662 λέγειν

2293 4701 2418 4772 ἐμοὶ
2453 4701 2552 4772 μὲν
2582 4701 2682 4753 οὐκ
2733 4698 2986 4770 ὀκνηρὸν,
3059 4699 3186 4768 ὑμῖν
3245 4698 3302 4750 δέ
3352 4696 3607 4766 ἀσφαλές·
3650 4686 3797 4749 διδάξαι

2295 4793 2577 4863 βούλομαι,
2600 4793 2697 4862 οὐχ
2731 4791 2916 4855 άπλῶς
2941 4789 3327 4854 ἐπιδείξασθαι.
3359 4790 3475 4843 Οὐκ
3505 4788 3638 4840 ἔστιν
3659 4775 3731 4835 οῦν
3744 4789 3798 4834 τις

2290 4884 2521 4948 δίκαιος,
2551 4883 2613 4948 ὃς
2663 4884 2763 4936 οὐκ
2815 4883 2927 4954 ἔχει
2983 4882 3274 4955 ἁμαρτίανρ
3331 4881 3428 4934 καὶ
3486 4882 3581 4932 οὐκ
3625 4877 3717 4928 ἔστι
3743 4881 3798 4926 τις

2290 4975 2612 5048 ἁμαρτωλὸς
2632 4975 2692 5039 ὃς
2721 4975 2818 5028 οὐκ
2850 4975 2961 5045 ἔχει
2984 4974 3184 5043 ἀγαθόν
3206 4990 3218 5003 ο
3247 4973 3363 5026 ἀλλ’
3395 4970 3580 5041 ἐπειδὴ
3613 4967 3798 5021 ἑκάστων

2289 5071 2438 5124 ἐστὶν
2485 5060 2784 5138 ἀντίδοσις,
2835 5069 2998 5139 βλέπε
3047 5049 3360 5136 τί”’γίνεται
3397 5085 3409 5096 ·
3459 5068 3514 5119 Ὀ
3542 5053 3796 5135 ἁμαρτωλδς

2287 5161 2663 5233 ἀπολαμϐάνει
2689 5161 2798 5216 τῶν
2820 5159 3038 5229 ἀγαθῶν
3069 5159 3232 5213 αὐτοῦ
3260 5161 3547 5231 ἰσόρροπον
3584 5156 3668 5226 τὴν
3693 5144 3796 5202 ἀντί·

2287 5255 2457 5318 δοσιν,
2487 5253 2582 5308 ἐάν
2607 5272 2660 5307 τι
2705 5253 2805 5325 ἔχῃ
2847 5253 2951 5310 κάν
2985 5251 3180 5323 μικρὸν
3221 5251 3456 5319 ἀγαθόν’
3489 5249 3575 5303 καὶ
3598 5247 3622 5299 6
3645 5243 3796 5296 δίκαια

2287 5346 2663 5417 ἀπολαμϐάνει
2721 5347 2818 5416 τῆς
2878 5345 3150 5417 ἁμαρτίας
3201 5344 3362 5397 αὐτοῦ
3417 5343 3514 5414 τὴν
3572 5337 3796 5409 ίσόρῤοπον

2287 5439 2487 5511 κρίσιν,
2519 5438 2622 5493 κᾶν
2657 5437 2851 5509 μικρόν
2877 5456 2930 5491 τι
2964 5439 3164 5509 ποιήσῃ
3197 5437 3384 5492 κακόν.
3415 5437 3480 5489 Τί
3505 5430 3592 5488 οὖν
3617 5430 3794 5500 γίνεται,

2347 5745 2375 5786 ι)
2406 5747 2556 5797 Vatic,
2581 5749 2668 5796 κᾶν
2703 5748 2790 5812 γὰρ
2832 5748 3030 5813 φονεύσῃ
3055 5766 3138 5810 τις,
3164 5750 3252 5798 κάν
3273 5749 3522 5813 πορνεύσῃ,
3547 5747 3626 5794 κάν
3646 5743 3790 5792 11m!-

2290 5823 2458 5872 κτήσῃ.
