4006 6442
252 439 397 490 illi!

267 555 407 597 mut
437 543 651 613 multat,
674 555 728 602 et
753 546 834 602 sol
858 556 914 602 et
940 545 1063 601 luna
1084 585 1099 610 .
1122 545 1200 600 sic
1223 554 1277 601 et
1295 542 1592 600 diﬂ'erentia
1625 555 1706 599 est
1736 544 1875 599 inter

266 635 459 705 iustos
494 654 511 691 :
539 635 655 689 Alia
672 637 859 708 quippe
882 636 1089 691 claritas
1105 635 1227 690 solis
1249 677 1264 698 ,
1307 643 1352 691 et
1380 636 1483 688 alia
1508 635 1642 689 tunc
1660 673 1676 699 ,
1708 643 1753 687 et
1775 634 1879 687 alia

266 723 501 779 claritas
540 726 800 781 stellarum
824 726 901 799 (Ι.
932 724 1052 781 Cor.
1081 727 1169 783 l5.
1191 727 1284 796 41)
1309 743 1324 780 :
1349 724 1590 795 quaedam
1617 724 1758 779 enim
1784 739 1876 778 er

258 816 497 872 ‘cellunt
523 817 782 884 claritate,
810 818 1054 888 quaedam
1081 827 1397 886 superantur
1419 833 1435 883 ;
1456 824 1511 870 ct
1528 814 1876 886 quemadmo-

261 906 406 961 dum
438 923 670 978 corpora
695 919 818 965 sunt
842 910 1094 974 celestia,
1117 911 1195 964 sic
1222 919 1281 965 et
1301 918 1424 964 sunt
1451 922 1673 976 corpora
1704 915 1874 962 terre-

259 999 407 1053 stria
431 1039 449 1066 ,
502 1009 557 1055 et
593 1001 1042 1070 quemadmodum
1083 1001 1135 1055 in
1176 1001 1490 1070 corporibus
1514 998 1657 1055 aliud
1684 1014 1874 1055 cervus

259 1097 375 1155 est,
406 1090 565 1144 aliud
585 1092 766 1154 canis,
798 1091 941 1147 aliud
964 1092 1068 1157 lco,
1100 1091 1243 1146 aliud
1268 1091 1371 1146 alia
1392 1089 1524 1154 fera,
1543 1089 1685 1144 aliud
1707 1088 1868 1158 aspis,

256 1179 420 1234 aliud
447 1181 562 1236 tale
588 1182 865 1252 quippiam
895 1199 910 1235 :
940 1182 1019 1237 sic
1044 1193 1097 1237 et
1127 1182 1179 1236 in
1203 1181 1434 1251 peccatis
1459 1190 1586 1237 sunt
1617 1179 1872 1234 differen-

257 1268 378 1324 tiae.
428 1270 700 1327 Homines
740 1272 899 1341 igitur
923 1272 1010 1326 alii
1044 1272 1257 1342 quidem
1286 1279 1411 1328 sunt
1430 1270 1557 1341 justi
1578 1311 1593 1334 ,
1626 1269 1715 1324 alii
1745 1283 1871 1324 vero

256 1372 596 1430 peccatores
623 1380 638 1418 :
668 1363 763 1418 sed
803 1374 854 1420 et
891 1363 943 1419 in
968 1363 1126 1434 justis
1169 1365 1391 1420 multum
1436 1371 1519 1418 est
1561 1361 1867 1429 discrimen,

254 1461 317 1506 et
365 1452 427 1507 in
479 1455 853 1523 peccatoribus
896 1456 1121 1511 multum
1167 1464 1225 1511 et
1270 1455 1590 1509 immensum
1628 1470 1643 1507 :
1685 1468 1868 1508 verum

252 1543 522 1598 attende.
561 1544 712 1600 Licet
730 1545 905 1613 justus
924 1546 991 1600 sit
1017 1547 1139 1616 quis
1160 1587 1178 1614 ,
1208 1546 1334 1602 licet
1360 1545 1554 1601 millies
1578 1544 1647 1598 sit
1669 1543 1864 1614 justus,

248 1642 314 1687 ct
339 1633 415 1688 ad
450 1635 668 1691 culmen
722 1638 893 1705 ipsum
935 1636 1243 1692 ascenderit
1273 1653 1288 1691 :
1316 1637 1386 1691 ita
1410 1676 1426 1702 ,
1473 1646 1529 1690 ut
1568 1648 1761 1704 expete
1798 1634 1866 1688 sit

256 1728 482 1791 peccati
512 1767 527 1792 ,
573 1742 676 1782 non
704 1736 881 1798 potest
904 1742 1025 1791 esse
1053 1727 1285 1783 mundus
1303 1743 1333 1781 a
1362 1726 1521 1783 sorde
1549 1743 1562 1780 :
1592 1726 1716 1781 licet
1742 1725 1864 1780 mil-

253 1816 363 1871 ties
376 1816 570 1887 justus
594 1819 700 1884 sit,
729 1828 812 1874 est
843 1826 1017 1876 tamen
1041 1819 1224 1876 homo.
1270 1819 1394 1885 Quis
1418 1819 1548 1874 enim
1567 1816 1866 1890 gloriabitur

250 1919 466 1964 castum
494 1926 552 1964 se
571 1910 753 1966 habere
773 1928 861 1967 cor
883 1953 898 1977 ,
930 1921 1021 1966 aut
1040 1914 1154 1984 quis
1176 1913 1394 1982 conﬁdet
1419 1913 1661 1967 mundum
1686 1926 1740 1966 se
1758 1926 1864 1967 esse

252 2016 287 2053 a
317 2012 543 2070 peccato
565 2001 747 2069 (Prov.
769 2001 860 2059 20.
887 2002 987 2074 9)?
1024 2003 1312 2073 Propterea
1339 2002 1516 2059 dicere
1542 2003 1593 2056 in
1622 2001 1862 2057 oratione

246 2093 528 2162 iubemur
557 2111 572 2148 :
605 2095 813 2150 Dimitte
842 2096 984 2153 nobis
1009 2095 1175 2153 debita
1209 2105 1382 2151 nostra
1421 2094 1635 2163 (Matth.
1659 2094 1713 2150 6.
1747 2093 1858 2165 i2},

254 2194 316 2239 ut
344 2183 624 2241 orationis
648 2185 1033 2241 consuetudine
1060 2186 1443 2242 admoneamur
1487 2184 1595 2242 illic
1632 2200 1728 2241 nos
1758 2183 1858 2238 ob-

244 2277 457 2331 noxios
476 2291 607 2332 esse
634 2278 923 2347 suppliciis.
971 2278 1181 2335 Etenim
1211 2278 1406 2333 Paulus
1430 2276 1731 2348 aposmlus,
1764 2290 1856 2332 vas

244 2366 577 2433 electionis,
624 2367 719 2423 Dei
766 2369 1018 2438 templum
1041 2409 1060 2436 ,
1100 2383 1163 2424 os
1182 2368 1409 2433 Christi,
1456 2368 1568 2440 lyra
1605 2367 1854 2436 Spiritus,

249 2458 452 2515 doctor
468 2460 623 2515 orbis
639 2469 919 2529 terrarum,
945 2462 1035 2532 qui
1055 2471 1249 2517 terram
1277 2471 1332 2517 et
1356 2476 1504 2516 mare
1534 2459 1853 2531 peragravit,

248 2549 344 2618 qui
377 2559 737 2621 peccatorum
762 2552 944 2620 spinas
968 2551 1218 2617 revulsit,
1245 2552 1334 2621 qui
1358 2552 1627 2622 religionis
1653 2550 1855 2607 semina

250 2640 516 2709 iactavit;
548 2642 641 2699 ille
670 2644 885 2712 regibus
910 2645 1209 2714 opulentior
1227 2686 1242 2713 ,
1272 2645 1361 2699 ille
1385 2643 1637 2699 divitibus
1662 2653 1854 2715 poten-

253 2733 361 2786 tior
386 2773 403 2799 ,
447 2733 714 2788 militibus
755 2734 942 2790 fortior
959 2775 976 2800 ,
1015 2735 1107 2790 ille
1133 2735 1301 2806 magis
1326 2733 1671 2804 philosophus
1695 2748 1853 2807 quam

250 2823 350 2893 ipsi
381 2824 717 2895 phil050phi,
748 2827 837 2881 ille
860 2826 1108 2881 disertior
1128 2826 1446 2892 oratoribus,
1478 2826 1567 2898 qui
1593 2825 1724 2881 nihil
1753 2824 1854 2880 ba-

249 2914 450 2983 bebat,
501 2924 564 2970 et
587 2916 763 2970 omnia
795 2916 1118 2986 possidebat,
1154 2916 1244 2986 qui
1289 2925 1515 2972 mortem
1542 2916 1731 2972 umbra
1757 2931 1852 2971 sua

244 3009 546 3083 solvebat,
588 3009 677 3078 qui
705 3009 920 3063 morbos
949 3009 1061 3064 suis
1103 3010 1438 3064 vestimentis
1480 3008 1693 3079 fugabat
1716 3048 1731 3073 ,
1760 3009 1852 3079 qui

250 3111 451 3170 tropzna
471 3101 648 3156 erexit
671 3100 721 3154 in
745 3099 895 3163 mari,
926 3099 993 3154 ad
1017 3101 1224 3154 tertium
1257 3114 1424 3169 usque
1451 3101 1636 3154 caalum
1668 3110 1850 3170 raptus

247 3200 359 3256 est,
392 3200 450 3246 et
477 3191 541 3245 in
582 3190 884 3260 paradisum
918 3191 1187 3261 ingressus
1210 3232 1224 3257 ,
1265 3190 1354 3259 qui
1382 3188 1653 3245 Christum
1685 3191 1847 3246 Deum

248 3280 612 3351 praedicavit,
662 3280 751 3335 ille
790 3279 917 3335 dicit
946 3296 960 3333 :
991 3277 1141 3334 Nihil
1175 3280 1301 3333 mihi
1332 3279 1562 3334 conscius
1588 3296 1700 3335 sum
1720 3296 1741 3335 :
1760 3279 1850 3334 sed

246 3387 349 3424 non
379 3371 433 3425 in
476 3371 582 3424 hoc
611 3370 922 3439 justi/iectus
954 3386 1066 3425 sum
1105 3371 1183 3440 (1.
1211 3370 1329 3425 Cor.
1352 3370 1405 3425 4.
1437 3372 1492 3441 4)
1522 3388 1536 3424 :
1568 3373 1657 3442 qui
1685 3372 1844 3427 talem

248 3474 575 3536 tantamque
616 3465 868 3525 virtutum
916 3465 1125 3535 copiam
1169 3464 1525 3536 acquisierat,
1579 3466 1699 3520 ait:
1745 3465 1848 3532 Qui

243 3568 409 3610 autem
427 3556 643 3628 judicat
668 3572 745 3609 me
766 3597 781 3623 ,
810 3555 1057 3609 Dominus
1092 3563 1183 3609 est.

318 3645 525 3701 Nullus
549 3655 618 3700 est
641 3645 879 3699 immunis
904 3660 937 3698 a
971 3653 1193 3714 peccato.
1218 3673 1293 3684 —
1333 3642 1462 3710 Quis
1491 3658 1618 3714 ergo
1644 3644 1843 3715 gloria-

244 3736 387 3792 bitur
422 3744 642 3793 castum
670 3751 728 3792 se
757 3735 953 3791 habere
980 3750 1073 3791 cor
1100 3754 1114 3791 :
1145 3744 1239 3790 aut
1264 3736 1383 3805 quis
1410 3736 1644 3791 confidet
1683 3753 1843 3790 mun-

243 3828 369 3883 dum
391 3844 453 3885 se
473 3842 608 3884 esse
635 3843 668 3883 a
690 3828 943 3897 peccato?
973 3826 1306 3897 lmpossibile
1320 3835 1403 3883 est
1428 3828 1607 3898 igitur,
1631 3829 1843 3885 utullus

248 3921 409 3975 homo
432 3922 513 3976 sit
535 3936 563 3974 a
596 3930 811 3990 peccato
848 3920 1118 3976 immunis.
1159 3920 1296 3988 Quid
1331 3920 1474 3975 enim
1515 3920 1631 3975 ais?
1660 3921 1842 3978 Justus

249 4012 374 4066 est?
403 4012 715 4068 misericors
739 4011 858 4066 est?
885 4026 1173 4081 pauperum
1199 4016 1384 4068 amans
1414 4012 1529 4067 est?
1560 4014 1627 4067 At
1655 4015 1840 4069 vitium

250 4101 468 4172 aliquod
500 4102 663 4157 habet
691 4120 704 4157 :
729 4101 814 4157 vel
840 4102 1139 4172 importune
1165 4103 1503 4158 contumeliis
1527 4105 1689 4161 allicit
1710 4147 1726 4172 ,
1758 4106 1840 4161 vel

250 4193 392 4248 inani
438 4195 610 4265 gloria
648 4192 890 4259 ducitur,
941 4194 1024 4248 vel
1062 4193 1204 4248 aliud
1239 4193 1511 4264 quidpiam
1541 4195 1645 4250 tale
1688 4197 1834 4266 agit;

250 4299 355 4339 non
377 4286 525 4341 enim
557 4285 883 4341 recensenda
910 4288 1251 4359 suntomnia.
1280 4284 1381 4340 llic'
1405 4285 1709 4341 misericors
1732 4295 1833 4353 est,

249 4377 341 4432 sed
375 4393 482 4432 non
514 4386 818 4447 temperans
846 4395 860 4432 :
895 4391 1134 4447 persmpe
1156 4375 1245 4432 ille
1275 4387 1576 4446 temperans
1595 4377 1833 4448 quidem.

247 4477 300 4521 at
328 4470 637 4524 misericors
659 4484 763 4523 non
789 4477 867 4526 est
901 4486 914 4522 :
948 4468 1033 4522 hic
1059 4467 1274 4522 virtutis
1304 4468 1480 4537 unius,
1506 4468 1593 4523 ille
1614 4469 1835 4525 alterius

247 4559 403 4616 laude
452 4560 770 4617 celebratur.
820 4559 901 4615 Sit
927 4559 1119 4626 aliquis
1140 4559 1334 4630 justus,
1366 4568 1421 4615 et
1448 4576 1590 4632 sa‘pe
1618 4560 1832 4632 quidem

245 4650 421 4720 justus
445 4662 549 4718 est,
579 4653 734 4722 eique
754 4651 932 4705 omnia
957 4652 1138 4706 insunt
1164 4652 1298 4705 bona
1318 4692 1333 4716 ,
1363 4650 1459 4706 sed
1487 4653 1557 4707 ob
1572 4652 1830 4721 justitiam

245 4741 494 4809 superbia
526 4749 712 4804 tumet,
740 4739 958 4810 ejusque
973 4739 1232 4809 justitiam
1259 4740 1505 4809 superbia
1532 4740 1829 4798 labefactat.

243 4829 515 4903 Numquid
537 4832 715 4902 justus
753 4839 873 4888 erat
900 4831 1233 4898 Pharisaeus,
1280 4833 1369 4902 qui
1400 4832 1481 4888 bis
1518 4834 1570 4887 in
1609 4834 1831 4889 sabbato

242 4923 558 4993 jrjunabat?
606 4924 744 4993 Quid
766 4926 961 4979 'autem
1000 4924 1164 4979 dicit?
1208 4923 1329 4980 Non
1354 4942 1467 4980 sum
1503 4927 1633 4981 sicut
1664 4928 1832 4982 caeteri

243 5015 526 5081 hominum,
552 5025 799 5086 raptores,
830 5015 1006 5086 injusti
1032 5015 1182 5085 (Luc.
1210 5016 1296 5071 18.
1327 5017 1416 5088 Η)
1446 5035 1460 5070 :
1490 5032 1555 5073 ac
1589 5033 1829 5089 persmpe

242 5119 307 5157 ex
335 5108 663 5162 conscientia
693 5105 887 5161 munda
933 5107 985 5161 in
1027 5106 1330 5176 superbiam
1356 5107 1658 5163 devolvitur
1684 5110 1822 5180 quis,

243 5206 296 5249 et
320 5198 463 5265 quod
491 5215 595 5253 non
621 5199 789 5269 potuit
817 5198 888 5252 illi
913 5198 1106 5254 aﬂ'erre
1125 5199 1502 5255 detrimentum
1526 5213 1821 5270 peccatum,

243 5287 397 5342 aliert
440 5291 709 5361 superbia.
757 5290 896 5345 Fieri
932 5304 1060 5360 ergo
1103 5280 1413 5360 nonpotes't
1436 5333 1451 5357 ,
1484 5301 1542 5346 ut
1569 5292 1729 5350 homo
1755 5295 1827 5351 sit

244 5374 314 5428 ita
349 5383 561 5445 penitus
602 5379 776 5449 justus
803 5421 819 5445 ,
848 5388 959 5433 uta
990 5389 1206 5449 peccato
1241 5382 1310 5437 sit
1336 5382 1603 5449 mundus;
1651 5400 1824 5455 neque

242 5481 427 5524 rursus
461 5472 574 5527 [iuri
613 5481 790 5543 potest
820 5482 875 5527 ut
901 5473 1040 5528 ullus
1066 5474 1136 5528 ita
1167 5474 1339 5528 malus
1365 5475 1434 5530 sit
1463 5475 1656 5544 homo,
1694 5478 1820 5548 quin

242 5554 434 5617 habeat
489 5564 700 5635 aliquod
752 5566 938 5622 saltem
994 5567 1242 5638 exiguum
1298 5567 1518 5622 bonum.
1578 5570 1820 5641 Exempli

241 5662 432 5722 causa,
485 5655 575 5713 ille
604 5643 745 5727 rapit
782 5667 836 5712 et
872 5657 1080 5713 fraudat
1121 5667 1175 5714 ct
1218 5659 1505 5730 perniciem
1537 5660 1737 5717 infert:
1767 5672 1822 5717 at

243 5752 638 5818 nonnumquam
666 5750 886 5821 largitur
907 5751 1321 5823 eleemosynam,
1346 5760 1400 5807 at
1420 5767 1817 5826 nonnumquam

236 5839 544 5904 temperans
564 5853 668 5915 est,
697 5852 751 5899 at
776 5858 1171 5917 nonnumquam
1201 5845 1340 5902 bona
1365 5846 1530 5904 verba
1560 5848 1812 5920 loquitur,

1520 430 1607 484 liii
1637 427 1906 484 LAZARO
1944 427 2187 484 CONCIO
2249 431 2329 483 γι.

3422 437 3557 492 ιω

1989 554 2046 599 at
2073 560 2466 617 nonnumquam
2496 547 2583 605 uni
2612 547 2798 604 saltem
2825 549 2939 603 viro
2979 547 3270 627 subsidium
3316 551 3558 619 pra-buit.

1983 645 2038 689 at
2065 652 2459 708 nonnumquam
2486 639 2653 706 luxit,
2701 649 2758 694 at
2786 655 3184 711 nonnumquam
3222 654 3453 697 merere
3486 650 3554 695 ta-

1984 734 2100 781 ctus
2119 726 2235 783 fuit.
2262 727 2373 784 Nec
2398 729 2555 800 igitur
2575 730 2751 799 justus
2777 741 2861 786 est
2889 731 3029 787 ullus
3055 732 3169 787 sine
3192 739 3437 801 peccato.
3468 748 3559 790 nt-

1982 832 2089 887 que
2136 828 2383 889 peccator
2422 830 2505 876 est
2545 822 2755 892 penitus
2783 837 2974 891 expers
3015 821 3160 877 boni.
3209 821 3346 892 Quid
3377 821 3561 876 Achab

1983 908 2372 976 perniciosius?
2419 911 2611 983 Rapuit
2648 922 2702 968 et
2728 913 2923 968 occidit
2953 931 2968 968 :
2996 924 3358 969 verumtamen
3410 925 3558 983 post-

1980 1015 2139 1070 quam
2165 1010 2389 1058 mmstus
2420 1003 2516 1059 fuit
2536 1047 2552 1071 ,
2581 1005 2708 1061 dicit
2734 1007 2862 1061 Elite
2888 1007 3026 1062 Deus
3052 1024 3065 1060 :
3102 1005 3287 1061 Vidisti
3309 1008 3555 1078 quemad-

1979 1091 2183 1144 modum
2208 1104 2534 1164 compunctus
2549 1105 2621 1150 est
2643 1095 2815 1151 Achab
2843 1097 2918 1166 (3.
2950 1096 3080 1168 Reg.
3109 1096 3199 1151 21.
3229 1096 3366 1166 29)?
3396 1095 3559 1153 Vides

1979 1183 2118 1238 utin
2147 1192 2293 1241 tanto
2336 1188 2594 1241 malorum
2642 1189 2846 1259 gurgite
2882 1188 3081 1257 bonum
3126 1189 3390 1259 quoddam
3436 1189 3556 1244 exi-

1977 1288 2137 1344 guum
2187 1275 2259 1331 sit
2301 1276 2609 1332 inventum?
2654 1277 2796 1348 Quid
2836 1279 3103 1348 proditore
3128 1279 3262 1336 Iuda
3299 1279 3553 1346 deterius,

1975 1363 2064 1433 qui
2108 1366 2344 1421 avaritiae
2386 1368 2705 1438 mancipium
2748 1367 2882 1423 fuit?
2925 1367 3301 1426 Verumtamen
3342 1378 3397 1426 et
3437 1369 3552 1439 ipse

1975 1454 2098 1515 boni
2124 1457 2391 1529 quidpiam
2416 1459 2606 1517 saltem
2632 1460 2876 1532 exiguum
2893 1460 3084 1517 deinde
3111 1460 3351 1531 prmstitit
3376 1479 3391 1516 :
3419 1459 3552 1516 Pec-

1973 1547 2083 1600 cavi
2105 1549 2279 1612 enim,
2316 1549 2523 1621 inquit,
2560 1552 2763 1607 tradens
2789 1552 3082 1621 sanguinem
3102 1553 3301 1625 justum
3335 1549 3547 1624 (Matth.

1971 1636 2061 1691 27.
2089 1637 2169 1710 4).
2197 1638 2348 1706 Quod
2375 1640 2533 1711 igitur
2550 1642 2812 1710 dicebam,
2840 1658 2944 1697 non
2971 1652 3053 1698 est
3077 1658 3106 1696 a
3134 1652 3321 1699 natura
3350 1643 3550 1712 impro-

1971 1726 2108 1784 bitas
2130 1770 2146 1796 ,
2177 1739 2234 1785 ut
2260 1731 2441 1786 virtuti
2483 1733 2631 1788 locus
2667 1748 2773 1790 non
2814 1734 2904 1789 sit.
2948 1734 3074 1792 Ovis
3119 1750 3403 1806 numquam
3432 1732 3548 1788 fleri

1970 1828 2144 1888 potest
2173 1821 2304 1888 fera,
2331 1823 2526 1893 quippe
2546 1840 2664 1894 qua:
2688 1826 3149 1883 mansuetudinem
3177 1826 3369 1883 habeat
3396 1841 3424 1880 a
3452 1841 3548 1880 na-

1969 1918 2085 1965 tura
2117 1929 2130 1966 :
2162 1912 2316 1984 lupus
2341 1932 2626 1985 numquam
2655 1916 2766 1973 ﬁeri
2796 1929 3103 1975 mansuetus
3132 1925 3321 1987 potest,
3352 1916 3547 1987 quippe

1966 2005 2055 2075 qui
2099 2004 2361 2062 feritatem
2405 2008 2596 2065 habeat
2623 2025 2652 2063 a
2683 2020 2888 2066 natura.
2938 2010 3052 2065 Non
3100 2010 3377 2067 solvuntur
3413 2024 3543 2079 ergo

1964 2102 2173 2150 natura:
2200 2095 2343 2167 leges
2361 2139 2376 2164 ,
2407 2114 2578 2170 neque
2600 2099 2891 2169 refiguntur
2909 2142 2924 2164 ,
2951 2099 3045 2155 sed
3072 2100 3303 2155 immotae
3324 2113 3539 2169 perma-

1965 2196 2112 2243 nent.
2145 2188 2202 2243 ln
2232 2204 2318 2247 me
2353 2189 2456 2247 hoc
2479 2191 2653 2247 locum
2695 2207 2800 2246 non
2827 2191 3022 2259 habet,
3054 2190 3147 2249 sed
3173 2200 3226 2247 et
3253 2189 3395 2245 ferus
3421 2204 3541 2244 cum

1967 2277 2091 2333 volo
2120 2276 2189 2334 lio
2212 2320 2229 2347 ,
2261 2288 2317 2336 et
2341 2290 2675 2349 mansuetus,
2707 2296 2826 2336 cum
2861 2281 2983 2336 volo
3015 2298 3028 2335 :
3060 2295 3164 2335 non
3187 2281 3327 2335 enim
3355 2291 3541 2334 natura

1961 2384 2080 2425 sum
2101 2371 2308 2429 vinctus
2332 2412 2349 2439 ,
2380 2372 2472 2427 sed
2498 2372 2703 2428 arbitrii
2747 2373 2992 2428 libertate
3032 2372 3332 2427 decoratus.
3379 2369 3530 2438 Quod

1961 2474 2089 2531 ergo
2113 2460 2354 2518 dicebam
2377 2503 2392 2528 ,
2439 2478 2540 2519 nec
2575 2463 2712 2518 ullus
2741 2473 2822 2519 est
2860 2463 2930 2517 ita
2975 2462 3145 2517 bonus
3164 2502 3180 2529 ,
3210 2471 3267 2516 ut
3296 2462 3537 2532 exiguam

1960 2553 2133 2609 labem
2155 2569 2261 2609 non
2290 2554 2483 2611 habeat
2512 2573 2525 2610 :
2559 2571 2658 2611 nec
2683 2555 2821 2610 ullus
2845 2563 2927 2610 est
2952 2555 3022 2609 ita
3047 2554 3236 2617 malus,
3262 2561 3321 2608 ut
3348 2552 3535 2607 saltem

1960 2645 2206 2714 exiguum
2231 2644 2427 2700 bonum
2454 2661 2558 2700 non
2582 2645 2792 2702 habeat.

2029 2733 2291 2790 Bonorum
2322 2745 2369 2791 et
2406 2736 2658 2790 malorum
2690 2736 2966 2791 retributio.
2996 2764 3068 2775 --
3100 2733 3359 2801 Quoniam
3381 2731 3536 2803 igitur

1958 2828 2195 2883 omnium
2220 2836 2304 2882 est
2341 2827 2650 2894 retributio,
2682 2838 2735 2883 et
2761 2828 2996 2883 omnium
3041 2826 3398 2882 remuneratio
3429 2843 3442 2877 :
3469 2823 3535 2879 li-

1957 2927 2043 2972 cet
2066 2917 2208 2972 enim
2250 2915 2515 2972 homicida
2557 2918 2627 2971 sit
2651 2917 2805 2987 quis,
2847 2917 2969 2972 licet
2994 2916 3263 2987 improbus
3303 2915 3371 2968 sit
3394 2914 3534 2985 quis,

1959 3009 2081 3064 licet
2110 3008 2414 3077 fraudator,
2454 3012 2497 3064 si
2525 3010 2651 3082 quid
2681 3010 2804 3065 boni
2842 3008 3063 3074 fecerit,
3094 3008 3240 3063 illum
3270 3007 3392 3061 boni
3423 3020 3535 3060 ma.

1956 3109 2049 3155 net
2066 3100 2377 3166 retributio,
2410 3116 2581 3172 neque
2603 3110 2819 3170 propter
2846 3115 2909 3155 ea
2933 3099 3091 3166 mala,
3113 3115 3232 3168 qua:
3257 3097 3402 3163 fecit,
3432 3096 3532 3150 bo-

1955 3205 2082 3244 num
2128 3192 2375 3247 mercede
2421 3192 2704 3261 privatur:
2748 3199 2803 3245 et
2847 3205 3033 3246 rursus
3078 3190 3199 3243 licet
3255 3189 3530 3242 innumera

1952 3279 2089 3335 bona
2108 3281 2433 3351 praestiterit,
2466 3282 2507 3336 si
2530 3281 2656 3352 quid
2675 3281 2796 3335 mali
2813 3279 3154 3343 commiserit,
3182 3286 3359 3332 manet
3384 3278 3528 3331 illum

1953 3371 2231 3426 retributio
2271 3372 2417 3426 mali.
2472 3371 2596 3428 llu'c
2633 3372 2837 3438 retine,
2879 3370 2994 3425 haec
3039 3370 3190 3425 firma
3229 3379 3283 3425 et
3313 3369 3529 3423 immota

1950 3475 2209 3516 conserva
2238 3477 2448 3531 :neque
2474 3462 2644 3517 bonus
2670 3472 2755 3517 est
2782 3462 2919 3516 ullus
2946 3460 3061 3516 sine
3086 3468 3324 3530 peccato,
3358 3472 3530 3527 neque

1950 3552 2283 3623 sinejustitia
2311 3554 2482 3608 malus
2497 3552 2756 3609 estullus.
2784 3552 2982 3608 Eadem
3004 3552 3146 3607 enim
3175 3567 3360 3606 rursus
3385 3550 3527 3615 dico,
3619 3570 3630 3580 -

1952 3651 2011 3696 ut
2047 3641 2310 3697 radicibus
2340 3642 2457 3697 lixis
2495 3642 2758 3697 stabiliam
2783 3683 2798 3708 ,
2830 3652 2887 3697 ut
2915 3642 3147 3713 plantem
3170 3684 3186 3708 ,
3222 3649 3279 3696 ut
3317 3641 3368 3695 in
3401 3654 3526 3710 pro-

1950 3733 2110 3788 fundo
2138 3733 2417 3789 collocem.
2468 3734 2716 3788 Diabolus
2739 3734 2932 3803 quippe
2958 3732 3340 3789 sollicitudines
3360 3746 3523 3801 quas-

1949 3823 2071 3879 dam
2118 3826 2171 3880 in
2215 3826 2450 3879 animum
2506 3825 2706 3896 injicit,
2757 3826 2881 3880 dum
2927 3834 3161 3881 mentem
3203 3835 3432 3893 vestram
3472 3820 3524 3877 in

1948 3914 2185 3971 fraudem
2214 3917 2328 3971 vult
2364 3916 2565 3972 illicere
2588 3960 2603 3982 ,
2644 3924 2837 3988 etquae
2866 3931 2896 3970 a
2934 3931 3021 3971 me
3055 3916 3300 3971 dicuntur
3325 3913 3524 3969 labefa-

1946 4015 2095 4063 ctare
2124 4024 2139 4062 :
2168 4016 2443 4077 propterea
2497 4008 2550 4063 in
2592 4007 2910 4079 profundum
2934 4022 2999 4062 ea
3027 4007 3256 4063 dimitto.
3300 4005 3357 4063 Si
3381 4007 3524 4061 enim

1946 4113 2011 4153 ea
2035 4098 2318 4168 diligenter
2342 4098 2429 4153 hic
2456 4098 2858 4154 conservaveris
2881 4139 2897 4163 ,
2947 4098 3070 4153 licet
3118 4097 3259 4153 foras
3305 4097 3521 4163 abieris,

1944 4191 2192 4247 amittere
2219 4190 2309 4244 illa
2336 4206 2443 4245 non
2474 4200 2643 4260 potes.
2676 4188 2744 4245 Ut
2768 4189 2910 4245 enim
2945 4184 2989 4243 si
3014 4203 3200 4242 aurum
3231 4188 3282 4240 in
3308 4202 3521 4241 crume-

1945 4298 2066 4337 nam
2098 4283 2313 4343 misero.
2335 4281 2640 4351 constringo
2662 4281 2803 4334 illam
2830 4288 2885 4334 ct
2903 4279 3143 4349 obsigno,
3172 4293 3238 4333 ne
3266 4293 3351 4332 me
3383 4277 3518 4333 forte

1942 4377 2162 4430 absente
2187 4374 2271 4428 fur
2299 4373 2524 4442 abripiat
2554 4390 2567 4425 :
2597 4372 2675 4426 sic
2703 4372 2863 4425 etiam
2908 4384 3033 4440 erga
3062 4378 3293 4447 vestram
3319 4369 3513 4423 carita-

1944 4476 2049 4522 tem
2076 4482 2162 4522 me
2186 4481 2312 4536 gero
2346 4482 2357 4517 :
2390 4464 2645 4519 doctrinae
2665 4461 2972 4517 assiduitate
2996 4460 3300 4531 constringo
3322 4500 3338 4525 ,
3374 4469 3429 4514 et
3449 4460 3492 4513 si
3514 4489 3521 4502 ο

1939 4560 2126 4631 gillum
2160 4573 2402 4629 appono,
2454 4565 2794 4626 mentemque
2834 4564 3067 4610 vestram
3110 4555 3400 4617 confirmo,
3451 4567 3519 4606 ne

1941 4654 2085 4707 iners
2110 4661 2164 4708 et
2185 4649 2405 4707 evanida
2448 4648 2675 4720 segnitie
2716 4642 2970 4702 reddatur
2989 4686 3003 4711 ,
3035 4643 3130 4699 scd
3160 4652 3217 4699 ut
3241 4657 3360 4699 eam
3386 4658 3519 4697 con-

1941 4760 2163 4803 servans
2191 4744 2367 4815 potius
2392 4757 2454 4798 ea
2497 4740 2904 4811 tranquillitate,
2951 4753 3109 4809 quam
3141 4738 3227 4792 hic
3271 4737 3516 4806 percipit,

1938 4848 2216 4895 externum
2243 4851 2456 4893 omnem
2485 4835 2765 4890 tumultum
2795 4833 3070 4905 repellam.
3099 4829 3215 4886 Non
3241 4845 3370 4901 ergo
3395 4840 3518 4885 sunt

1938 4930 2170 4984 hominis
2195 4918 2432 4998 loquacis
2459 4926 2618 4982 verba
2639 4966 2654 4990 ,
2679 4938 2801 4996 quae
2825 4924 3083 4987 dicimus;
3125 4921 3218 4977 sed
3258 4920 3517 4976 sollicitu-

1936 5024 2112 5079 dinem
2137 5063 2153 5088 ,
2179 5030 2457 5092 paternum
2496 5018 2740 5074 affectum
2779 5025 2835 5072 et
2857 5013 3090 5073 doctoris
3128 5027 3364 5069 amorem
3404 5026 3515 5081 prae

1935 5130 1995 5169 se
2022 5113 2212 5178 ferunt,
2242 5127 2310 5167 ne
2337 5110 2558 5167 efﬂuant
2591 5124 2709 5179 quae
2728 5107 2992 5163 dicuntur.
3025 5103 3279 5173 Equidem
3306 5101 3370 5155 ad
3401 5101 3515 5155 hme

1932 5206 2155 5262 dicenda
2180 5205 2398 5260 minime
2421 5203 2598 5272 segnis
2620 5216 2735 5257 sum
2752 5242 2766 5266 ,
2797 5199 2948 5254 vobis
2971 5209 3148 5252 autem
3175 5194 3509 5252 securitatem

1933 5296 2161 5365 idipsum
2190 5295 2325 5365 parit
2351 5310 2366 5347 :
2392 5293 2587 5348 docere
2613 5292 2734 5347 volo
2754 5332 2769 5356 ,
2816 5306 2921 5345 non
2950 5286 3321 5344 ostentationis
3349 5299 3507 5342 causa

1930 5388 2125 5442 facere.
2154 5386 2269 5441 Non
2290 5395 2374 5441 est
2400 5386 2560 5456 igitur
2587 5383 2727 5439 ullus
2750 5383 2838 5454 qui
2867 5390 3083 5453 peccato
3108 5387 3310 5444 careat,
3338 5393 3511 5448 neque

1932 5488 2178 5549 peccator
2208 5477 2346 5532 ullus
2375 5487 2458 5534 est
2476 5517 2494 5544 ,
2538 5475 2627 5547 qui
2661 5475 2861 5530 bonum
2890 5472 3105 5543 aliquod
3132 5486 3238 5526 non
3268 5468 3460 5525 habeat
3491 5488 3506 5526 :

1928 5569 2025 5626 sed
2068 5569 2320 5637 quoniam
2347 5568 2619 5638 utriusque
2643 5575 2826 5640 parata
2857 5572 2939 5620 est
2965 5561 3326 5619 remuneratio
3347 5601 3362 5626 ,
3389 5559 3513 5615 vide

1928 5660 2052 5730 quid
2085 5660 2195 5714 fiat.
2223 5660 2482 5715 Peccator
2511 5674 2691 5729 parem
2722 5656 2874 5712 bonis
2897 5657 3008 5711 suis
3038 5653 3227 5724 recipit
3250 5667 3505 5709 remune-

1928 5752 2190 5807 rationem
2217 5792 2232 5818 ,
2277 5752 2323 5807 si
2348 5752 2473 5821 quid
2502 5750 2581 5806 vel
2612 5749 2887 5804 minimum
2915 5747 3043 5804 boui
3070 5746 3264 5802 habeat
3287 5785 3303 5810 ,
3333 5752 3388 5799 et
3420 5744 3509 5813 ju-

1927 5855 2043 5901 stus
2069 5844 2299 5916 peccatis
2335 5846 2447 5902 suis
2489 5842 2859 5916 parjudicium
2904 5840 3137 5912 recipit,
3164 5838 3210 5895 si
3248 5838 3508 5894 tantillum
