4006 6404
535 397 674 456 1045

530 601 758 657 Ρθοωιο
783 601 1065 656 terminum
1096 599 1360 666 deﬁnivit,
1401 607 1719 669 prtcsentem
1749 599 1910 653 vitam
1938 606 1992 652 et
2031 596 2115 651 fu-

531 699 710 746 turum
751 706 920 745 aevum
951 708 962 743 :
992 691 1036 744 si
1076 691 1192 760 quis
1222 705 1348 758 ergo
1400 689 1573 759 justus
1625 687 1823 756 fuerit,
1872 688 1962 758 qui
1991 687 2115 742 mali

529 782 799 851 quidpiam
833 782 1151 852 perpetrarit
1176 790 1230 836 et
1270 780 1357 835 hic
1391 782 1580 836 morbo
1618 781 1875 836 laborarit
1900 795 1962 835 ac
1991 794 2118 850 sup-

530 873 689 944 plicio
715 874 784 928 sit
813 873 1033 928 allectus
1054 915 1068 938 ,
1101 888 1166 928 ne
1205 872 1434 928 turbet-is
1458 914 1472 935 ,
1504 872 1598 928 sed
1627 872 1764 942 apud
1795 883 1846 927 te
1870 871 2042 942 cogita
2065 880 2120 927 et

531 965 696 1020 dicito
728 983 741 1021 :
769 965 942 1035 justus
974 966 1072 1020 iste
1109 965 1379 1035 quidpiam
1417 965 1540 1019 mali
1572 964 1694 1020 fecit
1721 963 2026 1036 aliquando,
2065 973 2120 1020 et

530 1057 654 1110 illud
687 1057 773 1112 hic
802 1057 1009 1127 recipit,
1043 1073 1109 1113 ne
1136 1058 1243 1113 illic
1273 1058 1554 1128 plectatur.

599 1146 702 1202 Cur
735 1149 1078 1218 peccatoribus
1115 1167 1196 1203 res
1241 1165 1478 1218 prospere
1501 1147 1790 1202 succedant.
1821 1177 1890 1186 —
1913 1147 2121 1202 Rursus

535 1247 865 1307 peccatorem
884 1234 940 1294 'si
967 1240 1165 1295 videris
1191 1239 2121 1310 rapientem,fraudantem,sexeenta

529 1329 664 1384 mala
694 1338 1088 1400 perpetrantem
1112 1372 1126 1394 ,
1161 1333 1249 1400 qui
1285 1332 1553 1400 prosperis
1583 1340 1757 1385 tamen
1784 1330 2121 1386 successibus

535 1430 750 1487 utatur,
796 1432 905 1476 lttm
939 1431 994 1476 tu
1024 1423 1194 1493 cogita
1243 1423 1439 1478 bonum
1483 1422 1696 1493 aliquod
1738 1439 1858 1477 cum
1893 1423 2018 1477 olim
2046 1423 2121 1477 l'e-

529 1512 672 1566 cisse
695 1553 711 1579 ,
741 1527 803 1567 ac
826 1513 961 1568 bona
993 1513 1137 1566 illum
1167 1511 1252 1568 hic
1279 1514 1517 1583 recipere
1536 1555 1550 1580 ,
1594 1529 1662 1569 ne
1689 1513 1793 1568 illic
1819 1513 2118 1568 mercedem

530 1611 796 1672 reposcat.
842 1603 1263 1673 ltalicetjustus
1303 1605 1370 1659 sit
1395 1605 1678 1675 quispiam,
1719 1613 1772 1660 ct
1798 1605 1994 1676 aliquid
2022 1605 2120 1660 ad-

529 1695 670 1750 versi
693 1695 960 1764 patiatur,
1010 1695 1094 1750 hic
1134 1695 1334 1750 idcirco
1357 1696 1582 1765 recipit,
1629 1704 1687 1750 ut
1725 1695 1812 1749 hic
1843 1705 2117 1766 peccatum

528 1785 788 1857 deponat,
830 1796 884 1842 et
923 1803 1088 1858 purus
1120 1787 1244 1842 illuc
1271 1786 1531 1844 discedat.
1563 1786 1716 1856 Quod
1741 1788 1784 1842 si
1812 1788 1971 1843 fuerit
1997 1804 2122 1859 pec-

527 1887 677 1932 cator
704 1879 896 1948 aliquis
936 1878 1204 1934 sexcentis
1243 1879 1399 1937 malis
1437 1887 1753 1948 coepertus,
1783 1887 1838 1933 et
1863 1879 1952 1948 qui
1993 1893 2116 1934 sex-

527 1973 697 2027 centis
727 1971 1109 2026 insanabilibus
1146 1969 1347 2025 morbis
1384 1969 1625 2035 labia,
1663 1971 1752 2040 qui
1792 1971 1984 2038 rapiat,
2029 1970 2116 2040 qui

528 2062 740 2118 fraudet
766 2079 779 2117 :
811 2063 1010 2117 idcirco
1038 2077 1293 2134 prospero
1315 2077 1494 2116 rerum
1523 2076 1772 2116 successu
1797 2062 1986 2116 fruitur
2004 2103 2018 2127 ,
2051 2078 2119 2118 ne

527 2154 835 2209 mercedem
881 2154 989 2209 illic
1029 2162 1256 2224 repetat.
1307 2153 1569 2223 Quoniam
1597 2168 1724 2223 ergo
1769 2162 1822 2208 et
1864 2140 2116 2208 Lazarum

529 2262 747 2322 peccata
764 2253 1003 2322 qtta‘tlam
1025 2253 1220 2308 habere
1246 2255 1563 2324 contigerat,
1587 2263 1640 2309 et
1664 2253 1883 2309 divitem
1905 2247 2118 2320 aliquod

529 2343 727 2397 bonum
758 2342 984 2409 habere,
1043 2353 1323 2415 propterea
1355 2345 1482 2400 dicit
1517 2346 1782 2401 Abraham
1818 2363 1830 2399 :
1859 2344 1990 2399 nihil
2033 2343 2120 2399 hic

529 2437 758 2506 require,
793 2436 928 2491 bona
953 2437 1058 2492 illic
1083 2447 1170 2494 tua
1197 2440 1465 2509 recepisti,
1493 2448 1544 2494 et
1571 2439 1804 2494 Lazarus
1833 2438 1969 2493 mala
1998 2452 2114 2492 sua.

529 2530 702 2598 Atque
726 2538 780 2582 ut
805 2529 1069 2599 intelligas
1091 2529 1206 2585 lucc
1240 2547 1268 2583 a
1301 2546 1385 2585 me
1416 2539 1619 2586 temere
1644 2546 1749 2585 non
1778 2529 1903 2595 diei,
1933 2544 2114 2584 verum

529 2620 602 2675 ita
649 2637 709 2676 se
761 2637 872 2676 rem
909 2622 1136 2689 habere,
1167 2623 1338 2679 dicit:
1370 2622 1626 2695 Recepisti
1667 2625 1797 2679 bona
1837 2635 1943 2680 tua.
1989 2625 2118 2691 Qua:

443 2791 455 2797 κ
529 2713 791 2768 tandem?
839 2712 1033 2769 Fecisti
1077 2715 1273 2784 aliquid
1317 2715 1488 2770 boni?
1525 2716 1788 2786 Recepisti
1817 2731 1946 2786 opes
1975 2725 2114 2779 tuas,

529 2804 810 2859 sanitatem
831 2845 850 2870 ρ
879 2805 1127 2871 delicias,
1162 2807 1484 2874 potentiam,
1513 2806 1771 2864 honorem
1807 2825 1818 2861 :
1853 2807 1981 2862 nihil
2025 2807 2115 2863 tibi

1136 378 1152 400 ’
1245 397 1302 452 S.
1342 394 1618 451 .IOANNIS
1653 391 2123 451 Clllll'SOSTOMl
2168 391 2485 450 ARCIIIEP.
2525 393 3065 452 CONSTANTINOP.

438 545 446 552 -
532 508 654 563 mali
693 505 898 563 fecerit.
929 505 1066 574 Quid
1090 521 1217 576 ergo
1246 504 1474 574 accidit,
1515 515 1569 562 et
1595 505 1722 576 quid
1765 505 1892 561 facit
1929 504 2114 559 Deus?

3663 400 3768 456 lilii

2221 504 2465 574 debetur,
2496 507 2742 576 recepisti
2767 507 2904 563 bona
2929 516 3043 563 tua.
3092 506 3228 576 Quid
3255 507 3451 579 igitur?
3479 509 3676 568 Nihilne
3692 512 3752 568 La

2222 613 2377 652 zarus
2405 599 2682 668 peccavit?
2713 599 2823 654 lmo
2850 615 2998 664 vero,
3024 608 3080 655 et
3106 600 3340 655 Lazarus
3361 601 3496 656 mala
3523 617 3614 656 sua
3641 620 3770 659 τωο

2223 697 2277 744 ιιι
2311 690 2444 744 bona
2477 703 2562 744 tua
2591 690 2874 761 recepisti,
2916 700 3028 746 tum
3068 691 3300 746 Lazarus
3329 692 3504 746 mala:
3533 704 3772 763 propterea

2223 797 2364 836 nunc
2407 781 2508 836 iste
2552 783 2896 849 consolatur,
2959 791 3015 836 tu
3057 798 3188 837 vero
3227 783 3501 838 cruciaris.
3547 784 3710 853 Itaque
3741 789 3774 842 si

2222 873 2434 943 quando
2471 873 2672 943 justum
2704 873 2904 929 videris
2939 873 3028 929 hic
3069 874 3312 944 punitum
3343 917 3356 938 ,
3406 876 3615 928 beatum
3654 877 3774 932 illum.

2223 967 2474 1037 prmdica,
2505 975 2559 1021 et
2578 967 2744 1021 dicito
2777 984 2791 1021 :
2819 966 2997 1037 justus
3022 965 3114 1022 hic
3138 966 3220 1022 vel
3250 978 3526 1037 peccatum
3551 969 3712 1032 habet,
3736 979 3778 1024 ct

2223 1060 2348 1116 illud
2378 1061 2604 1130 recipit,
2636 1075 2700 1116 ac
2740 1075 2905 1131 purus
2944 1060 3070 1116 illuc
3107 1060 3255 1115 abit:
3285 1070 3374 1115 aut
3403 1061 3522 1132 plus
3563 1062 3778 1128 plectitur

2222 1169 2382 1224 quam
2415 1153 2665 1222 peccarit,
2693 1162 2746 1208 et
2773 1153 2846 1206 illi
2873 1153 3114 1208 accessio
3130 1151 3351 1223 justitia:
3376 1161 3662 1223 reputatur.
3688 1154 3775 1210 lllic

2223 1247 2365 1301 enim
2411 1247 2548 1300 ratio
2584 1254 2901 1316 supputatur
2925 1287 2940 1313 ,
2989 1247 3168 1317 aitque
3207 1246 3352 1316 justo
3384 1245 3527 1300 Deus
3559 1262 3573 1298 :
3611 1255 3777 1302 tantum

2226 1339 2390 1395 habes
2415 1355 2444 1392 a
2472 1354 2560 1394 me
2589 1356 2601 1392 :
2633 1338 2860 1393 fortasse
2898 1353 3026 1392 vero
3063 1339 3250 1394 decem
3291 1337 3480 1392 obolos
3509 1337 3583 1391 illi
3621 1337 3776 1404 credit,

2224 1442 2279 1487 et
2304 1433 2561 1487 rationem
2611 1431 2683 1486 illi
2724 1430 2910 1486 decem
2951 1431 3228 1484 obolorum
3256 1429 3523 1485 subducit.
3577 1430 3710 1496 Quod
3745 1431 3779 1484 si

2218 1526 2410 1582 obolos
2454 1525 2725 1594 sexaginta
2769 1521 3116 1592 expenderit,
3165 1522 3239 1576 ait
3285 1521 3361 1575 illi
3395 1523 3578 1576 Deus:
3618 1520 3780 1582 Decem

2225 1615 2315 1671 tibi
2344 1615 2530 1670 obolos
2558 1615 2762 1684 imputo
2785 1613 2852 1668 ad
2885 1622 3182 1684 peccatum,
3211 1622 3262 1665 et
3285 1610 3349 1666 ad
3372 1611 3630 1681 justitiam
3655 1611 3781 1680 quin-

2223 1709 2492 1780 quaginta.
2535 1706 2730 1762 Verum
2759 1716 2815 1762 ut
2844 1705 3020 1761 discas
3041 1705 3092 1760 id
3115 1746 3131 1770 ,
3163 1704 3304 1774 quod
3341 1712 3541 1767 restat,
3569 1705 3632 1758 ad
3650 1703 3779 1773 justi-

2225 1801 2349 1856 tiam
2369 1801 2440 1854 illi
2468 1801 2724 1870 reputari,
2739 1799 2916 1869 justus
2935 1807 3050 1853 erat
3075 1797 3197 1861 Joh,
3225 1797 3340 1852 sine
3360 1796 3606 1861 crimine,
3626 1810 3778 1859 verax,

2222 1892 2402 1946 colens
2430 1891 2594 1945 Deum
2621 1932 2636 1957 ,
2676 1889 2953 1944 abstinens
2980 1888 3049 1943 ab
3077 1889 3223 1943 omni
3264 1887 3397 1940 mala
3442 1902 3504 1942 re
3529 1903 3542 1937 :
3576 1885 3780 1956 punitum

2224 1981 2310 2037 hic
2339 1980 2436 2037 fuit
2473 1981 2590 2051 ejus
2617 1996 2849 2051 corpus,
2885 1989 2945 2035 ut
2982 1981 3088 2036 illic
3130 1978 3434 2034 mercedem
3481 1989 3778 2048 reposceret.

2222 2075 2357 2143 Quid
2387 2074 2528 2129 enim
2559 2075 2636 2128 ait
2664 2073 2738 2136 illi
2767 2073 2949 2128 Deus?
2990 2072 3150 2126 Aliter
3189 2082 3336 2143 putas
3363 2088 3444 2124 me
3482 2072 3571 2124 tibi
3605 2085 3781 2140 respono

2221 2165 2375 2230 disse,
2406 2181 2556 2238 quam
2579 2174 2632 2218 ut
2651 2165 3090 2236 appareaejustus
3120 2163 3261 2233 (Job.
3290 2162 3378 2218 40.
3414 2161 3511 2232 3)?
3557 2161 3779 2216 Eamdem

2223 2259 2382 2330 igitur
2403 2273 2525 2314 cum
2557 2257 2715 2327 iustis
2749 2256 3058 2327 patientiam
3091 2255 3442 2322 exhibentes,
3472 2264 3526 2309 et
3555 2253 3780 2323 aqualem

2222 2360 2383 2407 recta:
2430 2349 2641 2404 illorum
2683 2348 3074 2403 conversationi
3105 2345 3442 2401 tolerantiam
3474 2344 3780 2408 exhibentes,

2223 2451 2406 2513 parata
2435 2439 2631 2496 sanctis
2676 2440 2842 2495 Deum
2881 2439 3224 2510 diligentibus
3264 2438 3401 2492 bona
3454 2436 3781 2506 recipiamus:

2222 2551 2340 2606 qum
2367 2533 2521 2589 nobis
2545 2532 2794 2588 omnibus
2831 2533 3043 2606 assequi
3074 2532 3346 2602 contingat
3381 2530 3556 2599 gratia
3581 2536 3633 2584 et
3654 2523 3781 2582 beni-

2221 2628 2426 2698 gnitate
2459 2625 2670 2680 Domini
2701 2624 2875 2680 nostri
2903 2623 3028 2680 Jesu
3047 2621 3248 2678 Christi
3271 2662 3287 2688 ,
3315 2622 3400 2677 cui
3426 2620 3596 2693 gloria
3625 2627 3675 2676 et
3699 2617 3778 2672 illl-

2223 2717 2428 2789 perium
2457 2717 2510 2772 in
2533 2715 2728 2773 saecula
2753 2711 3102 2770 saeculorum.
3137 2711 3333 2771 Amen.

741 3300 821 3361 IN
854 3296 1260 3361 HOMlLIAM
1297 3299 1343 3359 Α
1360 3295 1708 3358 DVERSUS
1745 3296 1889 3357 EOS
1918 3294 2051 3368 QUI
2079 3295 2186 3356 AD
2214 3296 2472 3358 LUDOS
2503 3294 2926 3394 CIBCENSES
2956 3292 3622 3359 PROFICISCUNTUB

636 3816 786 3871 lianc
815 3813 1134 3869 concionem
1167 3811 1218 3866 in
1264 3810 1405 3866 serie
1436 3808 1782 3864 homiliarum
1825 3808 1891 3863 de
1926 3806 2138 3861 Lazaro

569 3933 934 4003 reponendum
967 3945 1088 3984 (38:6
1136 3925 1620 3997 deprehendimus.
1666 3923 1877 3978 Etenim
1911 3938 2140 3978 numero

570 4052 625 4114 5,
682 4049 747 4103 de
785 4045 978 4100 Lazari
1029 4055 1082 4099 et
1144 4044 1328 4098 divitis
1387 4041 1646 4113 parabola
1707 4055 1830 4094 mox
1889 4039 2140 4094 dicturus

571 4165 1015 4235 Chrysostomns,
1049 4159 1128 4214 sic
1177 4158 1378 4213 habet:
1421 4155 1594 4210 Unum
1626 4156 1789 4226 igitur
1825 4167 1890 4207 ea:
1945 4152 2010 4205 iis
2053 4150 2143 4221 qui

571 4275 858 4346 perlatam
895 4273 1028 4327 hanc
1071 4281 1280 4342 portam
1327 4272 1620 4332 intrarunt,
1673 4275 1722 4321 et
1748 4282 1906 4320 unum
1961 4279 2025 4319 ea:
2078 4264 2144 4317 iis

574 4391 663 4457 qui
697 4407 787 4458 per
819 4398 1103 4458 angustant
1123 4397 1172 4441 et
1201 4397 1406 4440 arctam
1435 4385 1574 4437 viam
1621 4383 1944 4436 incesserunt
2004 4378 2146 4434 vobis

577 4505 631 4556 in
666 4503 893 4554 medium
921 4501 1267 4571 proferentes,
1302 4515 1482 4553 eorum
1513 4513 1631 4568 qua:
1666 4515 1697 4550 a
1729 4495 1956 4549 Domino
2004 4495 2147 4547 dicta

579 4615 700 4668 sntit
732 4616 1003 4668 veritatem
1035 4615 1394 4678 ostendamus,
1421 4622 1469 4665 et
1508 4612 1688 4666 cadent
1719 4627 1904 4664 rursus
1938 4609 2150 4662 Domini
2177 4671 2180 4674 ι

581 4726 841 4796 parabola
877 4735 1108 4778 utamur.
1139 4724 1205 4777 Et
1239 4725 1423 4794 paucis
1459 4725 1791 4794 interpositis
1835 4713 1930 4777 eos
1961 4722 2148 4776 eadem

584 4846 844 4916 parabola
872 4845 983 4915 jam
1011 4844 1249 4900 imbutos
1301 4844 1604 4907 declarans,
1669 4842 1747 4897 sic
1799 4841 2016 4912 pergit:
2077 4839 2155 4894 Ac

2239 3807 2348 3861 scio
2377 3806 2613 3877 equidem
2647 3822 2733 3861 eos
2782 3804 3016 3860 homines
3047 3821 3371 3876 perspicaces
3393 3806 3519 3874 jam
3561 3807 3687 3876 quod
3712 3806 3776 3860 di-

2241 3928 2379 3978 cturi
2413 3927 2580 3978 simus
2609 3923 2916 3994 intelligere,
2983 3923 3325 3977 nihilominus
3366 3931 3543 3977 tamen
3599 3941 3628 3976 a
3658 3921 3778 3974 nobis

2243 4038 2351 4092 dici
2385 4055 2591 4093 necesse
2616 4048 2710 4093 est.
2747 4039 2815 4093 Et
2843 4047 3030 4108 postea
3059 4039 3124 4093 de
3152 4037 3316 4093 divite
3341 4046 3395 4092 et
3437 4035 3646 4092 Lazaro
3684 4035 3778 4104 plu'

2247 4155 2398 4209 ribus
2442 4153 2572 4224 agit.
2622 4153 2846 4207 Demum
2896 4167 3124 4206 numero
3167 4152 3238 4218 5,
3275 4158 3569 4221 postquam
3623 4143 3780 4202 Lauri

2248 4276 2477 4322 mortem
2525 4283 2651 4324 cum
2715 4266 2899 4322 divitis
2948 4265 3098 4321 obitu
3159 4265 3504 4321 contulerat:
3563 4264 3782 4317 Lubenter

2247 4382 2407 4448 enim,
2453 4381 2563 4446 ait,
2619 4381 2753 4434 hanc
2794 4393 2901 4434 rem
2943 4395 3078 4448 sa'pe
3117 4395 3283 4444 verso,
3313 4377 3484 4448 ήδὲως
3513 4377 3618 4448 γὰρ
3642 4373 3780 4427 ταῦτα

2251 4493 2472 4564 στρέφω
2504 4493 2763 4563 συνεχῶς,
2799 4502 2854 4547 ut
2885 4508 3035 4546 nemo
3066 4507 3131 4546 ea:
3163 4489 3295 4556 illis,
3329 4491 3420 4560 qui
3467 4497 3682 4560 egestate
3722 4485 3780 4538 vel

2251 4605 2448 4659 morbis
2483 4615 2532 4660 et
2559 4606 2698 4675 [ante
2724 4616 3059 4674 premuntur.
3093 4621 3146 4658 se
3166 4612 3486 4665 contemnat,
3517 4611 3566 4655 et
3595 4599 3786 4667 seipsrm

2253 4721 2502 4774 miserum
2538 4721 2866 4784 arbitretur;
2897 4719 2988 4772 sed
3031 4719 3308 4788 patienter,
3364 4727 3472 4770 etc.
3508 4715 3584 4770 Ex
3619 4709 3781 4780 quibus

2255 4835 2606 4905 perspicuum
2661 4845 2766 4897 εει,
2808 4834 2948 4888 hanc
3011 4832 3170 4902 paulo
3219 4838 3341 4900 post
3391 4828 3640 4882 homilias
3689 4821 3783 4876 illas

1583 5002 3783 5036 _______________________________________________.

558 5056 886 5144 ADVE‘RSUS
941 5097 1080 5148 EOS,
1127 5098 1234 5151 QUI
1305 5100 1386 5142 AD
1431 5099 1628 5142 LUDOS
1700 5099 2037 5142 ClRCENSES
2079 5091 2659 5143 PROFICISCUNTUR,
2705 5091 2787 5132 ET
2830 5090 2890 5131 IN
2938 5089 3132 5131 ILLUM
3183 5087 3529 5130 EVANGELII
3600 5078 3790 5126 ιοςωι,

646 5178 920 5220 ΙΝἹἮΔΤΕ
965 5179 1084 5220 PER
1129 5179 1466 5222 ANGUSTAM
1512 5179 1790 5231 PORTAM,
1837 5179 1988 5231 QUIA
2033 5177 2194 5218 LATA
2238 5173 2467 5225 PORTA,
2625 5169 2918 5212 SI‘ATIOSA
2983 5169 3087 5231 VIA
3138 5169 3274 5220 EST,
3321 5167 3463 5219 QUE
3515 5163 3694 5226 DUCl'l“
3739 5157 3795 5199 Διὶ

645 5257 1106 5312 ινιςιιυιτιοΝΕΜ,
1155 5259 1234 5300 ET
1278 5260 1472 5301 MULTI
1518 5260 1702 5316 sum,
1749 5226 1874 5311 Qut
1905 5257 2181 5299 [rerum
2212 5255 2332 5296 rea
2377 5252 2507 5294 EAM
2559 5226 2826 5313 (Matth.
2871 5233 2929 5290 7.
2965 5230 3082 5310 13)
3121 5250 3135 5287 :
3169 5247 3246 5288 ET
3276 5246 3389 5287 seu
3419 5245 3614 5288 FINEM
3643 5241 3695 5283 l.\'
3729 5235 3796 5276 0|—

646 5337 845 5378 Vl'l‘EM
892 5337 972 5378 ET
1014 5337 1078 5379 IN
1123 5337 1417 5381 LAZAIIUM
1450 5321 1559 5402 (α).

641 5538 686 5592 1.
720 5536 1040 5591 Consnctam
1087 5552 1269 5590 rursus
1295 5538 1555 5607 attingere
1582 5536 1878 5591 doctrinam
1906 5534 2028 5588 volo
2053 5575 2066 5599 ,
2099 5543 2154 5587 et

645 5650 697 5712 (ι)
714 5644 913 5712 ίςρζιςιια
937 5659 1046 5712 cum
1197 5649 1355 5712 Regiis
1373 5648 1512 5712 1967!,
1544 5648 1658 5712 1973
1685 5661 1699 5712 ζ
1723 5646 2011 5712 Colbertinis
2042 5644 2154 5712 Si“,

565 5706 848 5770 370,'1050.
867 5713 916 5756 In
936 5706 1214 5760 Colbet'tino
1227 5706 1318 5760 5ῧὶ
1343 5710 1445 5759 haec
1467 5709 1658 5759 humilia
1690 5711 1962 5760 inscribitur
1986 5708 2156 5766 Quinta

565 5770 611 5820 in
636 5775 891 5828 Lazarum.

2267 5531 2594 5601 spiritualcm
2641 5543 2880 5585 mensam
2914 5524 3060 5579 vobis
3105 5535 3370 5590 apponere
3400 5536 3412 5571 :
3448 5517 3539 5572 sed
3569 5513 3697 5586 piget
3734 5521 3798 5607 mi:

2263 5637 2612 5695 cuuctorque,
2642 5623 2768 5678 dum
2797 5620 2952 5675 video
2983 5617 3180 5672 nullum
3211 5630 3304 5669 vos
3324 5630 3388 5668 ex
3414 5609 3617 5666 assidua
3645 5605 3798 5659 doctri-

2269 5732 2334 5772 na
2383 5716 2612 5772 l‘ructum
2653 5727 2862 5784 capere.
2902 5707 3336 5780 Quandoquidem
3367 5701 3587 5776 agricola
3625 5705 3794 5768 quoque
