4006 6434
143 416 152 425 ·
253 405 379 461 Hii?)

1376 405 1463 461 DE
1504 402 1783 461 LAZARO
1823 402 2082 460 CONCIO
2119 398 2227 454 VII.

250 523 338 577 καὶ
372 518 422 573 τί
454 521 602 573 ποιεῖ
629 522 657 574 6
688 520 849 589 656;;
899 522 1170 594 Ἂφώρισε
1201 522 1355 576 νόσον
1388 536 1409 565 δ
1450 526 1516 596 τῇ
1548 524 1821 595 ἁμαρτίᾳ,

249 605 334 659 τὸν
365 603 605 675 παρόντα
644 604 757 675 βίον
800 607 895 660 καὶ
923 607 1014 660 τὸν
1050 606 1312 679 μέλλοντα
1341 606 1534 661 αίῶνα.
1581 607 1707 661 Ἐἀν
1732 603 1825 660 οὖν

249 686 396 791 iter;
426 685 653 791 δίκαιος,
680 690 774 791 καὶ
809 689 1113 791 ἐργάσηταί
1140 707 1191 743 τι
1226 690 1450 791 ιραῦλον,
1469 692 1603 791 ’,καὶ
1622 690 1827 791 νοσήσῃ

250 770 487 838 ὦδε,καὶ
531 773 775 845 τιμωρίᾳ
830 772 1135 846 παραδοθῇ,
1196 775 1272 844 μὴ
1331 772 1662 845 θορυϐηθῇς,
1711 772 1826 825 ἀλλ’

249 855 495 925 ἐννόησον
516 856 651 927 πρὸς
696 858 913 918 ἑαυτὸν,
949 858 1041 912 καὶ
1073 858 1215 920 εἰπὲ,
1247 859 1328 911 ὅτι
1361 853 1516 922 οὗτος
1564 860 1592 911 ὁ
1620 857 1829 919 δίκαιος

253 937 465 992 πώποτε
504 940 702 1012 μικρόν
733 958 785 995 τι
818 941 991 996 κακὸν
1038 941 1288 1013 ἐποίησε,
1325 942 1418 995 καὶ
1449 940 1829 1013 ἀπολαμϐάνει

248 1015 372 1087 ὧδε,
399 1022 487 1075 ἴνα
516 1022 590 1094 μὴ
622 1024 739 1077 ἐκεῖ
768 1023 1028 1097 κολασθῇ.

319 1106 518 1169 Πάλιν,
557 1105 654 1160 ὲάν
706 1106 821 1179 ἴδῃς
865 1106 1191 1180 ἁμαρτωλὸν
1242 1105 1583 1178 ἁρπάζοντα,
1640 1108 1832 1162 πλεον-

250 1187 530 1255 εκτοῦντα,
553 1190 722 1262 μυρία
751 1192 1005 1245 ποιοῦντα
1028 1190 1196 1256 κακά,
1217 1190 1321 1246 κᾶν
1344 1190 1566 1263 εὐθυνῇ,
1582 1192 1835 1263 ἐννόησον

250 1274 330 1328 ὅτι
353 1273 580 1345 ἐποίησέ
608 1291 739 1328 ποτε
767 1275 971 1344 ἀγαθόν
997 1293 1072 1341 τι,
1105 1276 1201 1329 καὶ
1223 1275 1603 1347 ἀπολαμϐάνει
1643 1271 1744 1329 ὧδε
1767 1276 1836 1330 τὰ

251 1355 453 1425 ἀγαθὰ,
485 1357 573 1411 ἵνα
594 1358 670 1430 μὴ
705 1359 823 1433 ἐκεῖ
861 1360 1141 1431 ἀπαιτήσῃ
1174 1358 1266 1412 τὸν
1304 1357 1513 1428 μισθόν.
1549 1358 1706 1413 Οὕτω
1734 1359 1836 1414 κᾶν

247 1440 458 1505 δίκαιος
538 1459 622 1506 τις
661 1442 755 1496 καὶ
782 1443 966 1515 πάσχῃ
990 1442 1162 1497 δεινόν
1193 1459 1269 1508 τι,
1303 1441 1392 1496 διά
1420 1441 1577 1499 τοῦτο
1601 1443 1839 1514 ἀπολαμ·

250 1523 406 1577 ϐάνει
450 1516 575 1586 ὧδε,
625 1525 714 1579 ῑνα
769 1519 873 1579 ὧδε
905 1525 1181 1595 ἀπόθηται
1238 1526 1338 1597 τὴν
1390 1525 1697 1599 ἁμαρτίαν,
1746 1526 1840 1580 καὶ

249 1607 463 1680 ἀπέλθῃ
489 1608 609 1661 ἐκεῖ
633 1607 894 1678 καθαρόςο
928 1608 1033 1663 κᾶν
1084 1609 1409 1681 ἁμαρτωλός
1448 1627 1532 1673 τις
1563 1605 1620 1685 ᾖ,
1653 1610 1839 1680 γέμων

3376 400 3506 457 HW:

1927 526 2131 587 στείαν,
2165 527 2264 599 τὴν
2292 526 2473 598 τιμήνο
2495 524 2649 580 οὐδέν
2675 539 2757 579 σοι
2780 525 3209 596 κεχρεὼστηται·
3242 518 3514 584 ἀπέλαϐες

1924 610 1995 664 τὰ
2022 610 2205 680 ἀγαθά
2224 627 2339 664 σου.
2363 610 2430 664 Τί
2451 606 2576 675 οὺν;
2601 609 2629 662 6
2650 606 2902 677 Λάζαρος
2927 604 3082 659 οὐδὲν
3107 604 3359 676 ἧμαρτε;
3384 602 3515 662 Ναὶ,

1926 694 2022 748 καὶ
2056 693 2308 766 Λάζαρος
2334 692 2584 772 τάδκακά
2619 690 2806 745 αὑτοῦ.
2848 688 2979 742 Ὅτε
3018 687 3087 772 σὺ
3128 684 3517 772 ἀπελάμϐανες

1926 779 1995 833 τὰ
2018 778 2224 847 ἀγαθὰ,
2252 777 2376 832 τότε
2402 767 2496 832 καὶ
2534 774 2782 846 Λάζαρος
2818 772 2888 827 τὰ
2915 770 3080 827 κακά’
3120 769 3209 825 διὰ
3234 767 3394 824 τοῦτο
3423 767 3517 822 νῦν

1928 857 2084 928 οὗτος
2111 862 2532 937 παρακαλεῖται,
2555 858 2704 933 [789]
2724 860 2789 912 σὺ
2808 858 2864 912 δὲ
2895 857 3176 911 ὀδυνᾶσαι.
3210 856 3374 908 Ὥστε
3391 853 3520 907 ὅταν

1931 947 2047 1018 ἴδῃς
2074 935 2282 1000 δίκαιον
2315 943 2677 1015 κολαζόμενον
2714 935 2838 1004 ὦδε,
2877 937 3153 1012 μακάρίζε
3198 937 3386 1002 αὐτὸν,
3426 939 3524 991 καὶ

1932 1029 2081 1099 λέγεο
2111 1025 2279 1093 Οὗτος
2304 1031 2332 1082 6
2358 1029 2565 1091 δίκαιος
2592 1027 2625 1098 ἦ
2654 1025 2931 1098 ἁμαρτίαν
2952 1023 3059 1095 ἔχει
3085 1023 3178 1077 καὶ
3196 1019 3517 1091 ἀπολαμϐάο

1931 1132 2012 1169 νει
2039 1113 2230 1185 αὐτὴν,
2260 1114 2354 1168 καὶ
2378 1112 2677 1182 ἀπέρχεται
2701 1111 2819 1164 ἐκεῖ
2852 1108 3116 1178 καθαρὸς,
3153 1106 3187 1179 ἢ
3227 1105 3391 1159 πλέον
3414 1102 3525 1159 τῶν

1932 1198 2353 1270 ἁμαρτημάτων
2379 1194 2692 1260 κολάζεται,
2734 1194 2829 1248 καὶ
2854 1191 3142 1264 προσθήκη
3175 1187 3527 1260 δικαιοσύνης

1935 1281 2087 1353 αὺτῷ
2118 1279 2415 1348 λογίζεται.
2443 1280 2617 1347 Λόγος
2649 1278 2757 1350 γὰρ
2788 1277 3000 1346 γίνεται
3038 1275 3173 1328 ἐκεῖ·
3204 1274 3300 1327 καί
3327 1272 3476 1341 λέγει
3499 1271 3529 1324 6

1936 1365 2069 1430 Θεὸς
2103 1364 2181 1436 τῷ
2207 1363 2421 1434 δικαίῳ*
2463 1363 2649 1434 Ἔχεις
2688 1378 2789 1432 μου
2812 1359 2988 1413 τόσοψ
3019 1357 3181 1428 τυχὸν
3200 1356 3257 1411 δὲ
3284 1354 3530 1409 πιστεύει

1938 1448 2089 1520 αὐτῷ
2120 1450 2253 1503 δέκα
2273 1447 2495 1511 ὀϐολοὺς
2548 1447 2645 1501 καὶ
2696 1446 2842 1499 ποιεῖ
2889 1441 3038 1513 αὐτῷ
3066 1441 3225 1508 λόγον
3262 1439 3372 1492 τῶν
3397 1438 3532 1492 δέκα

1938 1535 2162 1590 ὀϐολῶν.
2215 1534 2343 1588 Ἐὰν
2370 1533 2429 1586 δὲ
2467 1533 2755 1603 δαπανήσῃ
2789 1529 3054 1600 ἑξήκοντα
3101 1524 3347 1589 ὀϐολοὺς,
3378 1522 3529 1591 λέγει

1939 1619 2134 1691 αὐτῷὀ
2159 1617 2292 1682 Θεός
2317 1633 2331 1647 ⁸
2361 1617 2502 1680 Τοὺς
2550 1615 2682 1668 δέκα
2738 1613 2963 1668 ὀϐολοὺς
3005 1608 3297 1681 λογίζομαί
3334 1625 3417 1662 σοι
3455 1607 3536 1668 εἰς

3578 663 3603 705 Ι

248 1689 462 1752 κακῶν,
495 1691 591 1745 καὶ
635 1691 806 1762 μυρία
837 1692 1035 1746 ἀνίατα
1066 1692 1273 1757 νοσῶν,
1327 1692 1610 1765 ἁρπάζων,
1650 1693 1842 1747 πλεον-

246 1773 549 1839 εκτῶν,διά
572 1775 731 1830 τοῦτο
747 1776 1008 1831 ἀπολαύει
1032 1776 1268 1831 ἐνταῦθα
1298 1779 1619 1850 εὐημερίας,
1643 1778 1731 1832 ἱνα
1764 1776 1839 1849 μὴ

248 1861 368 1914 ἐκεῖ
392 1861 675 1933 ἀπαιτήσῃ
707 1861 918 1932 μισθόν.
950 1862 1174 1935 Ἐπειδὴ
1200 1859 1293 1917 οὖν
1317 1863 1599 1918 συνέϐαινε
1626 1863 1722 1916 καὶ
1750 1864 1841 1915 τὸν

249 1943 509 2015 Λάζαρον
531 1942 676 2015 ἔχειν
712 1945 834 1999 τινὰ
878 1946 1281 2018 ἁμαρτήματα,
1318 1946 1413 2000 καὶ
1462 1945 1553 2000 τὸν
1588 1945 1842 2000 πλούσιον

246 2028 394 2099 ἔχειν
416 2045 472 2082 τι
490 2028 714 2097 ἀγαθὸν,
730 2028 819 2083 διά
831 2029 990 2084 τοῦτο
1007 2031 1034 2083 ὀ
1065 2031 1318 2102 Ἀϐραὰμ
1335 2032 1504 2102 λέγει·
1524 2024 1649 2084 Ὧδε
1678 2031 1844 2101 μηδὲν

248 2111 425 2181 ζήτειο
469 2111 748 2177 ἀπέλαϐες
770 2113 841 2167 τά
871 2113 1054 2182 ἀγαθά
1083 2132 1176 2168 σου
1211 2117 1350 2179 ἐκεῖ,
1383 2115 1479 2169 καὶ
1515 2117 1543 2168 6
1593 2113 1846 2184 Λάζαρος

246 2194 316 2247 τὰ
345 2192 501 2248 κακά
531 2194 720 2250 αὑτοῦ.
747 2197 858 2250 Καὶ
886 2197 974 2251 ἴνα
1020 2198 1199 2271 μάθῃς
1227 2200 1310 2268 ὅτι
1343 2200 1441 2269 οὐχ
1474 2196 1658 2263 ἁπλῶς
1703 2197 1847 2266 λέγω

245 2276 453 2341 ταῦτα,
509 2277 627 2331 ἀλλ’
678 2278 853 2344 οὕτως
888 2280 917 2321 ι)
952 2282 1110 2347 ἐστὶ,
1155 2282 1341 2352 λέγει·
1403 2281 1729 2347 mmmam
1769 2280 1845 2334 τὰ

247 2361 448 2431 ἀγαθά
486 2379 629 2417 σου.
668 2365 838 2430 Ποῖα;
894 2367 1162 2437 ἐποίησάς
1193 2385 1247 2421 τι
1288 2366 1526 2436 ἀγαθόν;
1572 2364 1845 2429 ἀπέλαϐές

249 2462 347 2500 σου
373 2446 471 2502 τὸν
494 2447 751 2515 πλοῦτον,
778 2449 875 2521 τὴν
911 2450 1119 2520 ὑγείαν,
1154 2451 1252 2521 τὴν
1296 2451 1530 2521 τρυφήν,
1560 2450 1660 2521 τὴν
1684 2450 1848 2504 δυνα-

310 2616 341 2647 ⁸
367 2616 673 2683 Legenduut
685 2619 922 2683 ἀφώρισεν
944 2618 1070 2683 ὅρον.
1097 2617 1256 2667 Valic.
1284 2617 1369 2667 δύο
1393 2618 1584 2682 ὥρισεν,
1606 2617 1749 2665 νόσον
1766 2618 1849 2677 καὶ

244 2678 514 2730 ἀνιᾶσι-ίαν.
540 2680 638 2728 Sed
661 2678 768 2729 haec
792 2678 959 2730 ritiata
977 2678 1117 2730 sunt.

308 2739 546 2815 {Va}
559 2742 662 2815 οὐχ.
672 2742 1167 2815 ἀπλῶςστοχάζομαιο
1181 2741 1284 2790 ἀλλ’
1308 2742 1475 2793 οὕτως.
1488 2739 1679 2789 Abhinc
1704 2740 1853 2802 longe

248 2803 408 2854 variat
432 2803 591 2854 Vatia.
617 2803 671 2853 iit
692 2804 886 2854 mendis
900 2803 1075 2854 scatet;

1943 1703 2240 1776 ἁμαρτίαν,
2262 1701 2358 1755 καὶ
2381 1701 2508 1764 τοὺς
2534 1698 2878 1769 πεντήκοντα
2906 1697 2987 1759 είς
3017 1692 3389 1764 δικαιοσύνην.
3420 1692 3537 1745 Ἵνα

1945 1789 2003 1843 δὲ
2036 1774 2214 1861 μάθῃς
2234 1787 2316 1840 ὅτι
2345 1785 2407 1839 τὸ
2437 1784 2761 1854 λειπόμενον
2788 1782 2869 1845 εἰς
2900 1778 3255 1850 δικαιοσύνην
3276 1775 3426 1861 αὐτῷ
3452 1774 3540 1829 λο-

1948 1860 2183 1942 γίζεται,
2215 1868 2336 1924 Ἰὼϐ
2363 1870 2572 1932 δίκαιος
2591 1862 2682 1939 ἦν,
2704 1867 3017 1937 ἄμεμπτος,
3054 1862 3327 1933 ἀληθινος,
3353 1860 3540 1914 θεοσε-

1950 1957 2073 2027 ϐὴς,
2098 1954 2437 2025 ἀπεχόμενος
2482 1950 2592 2006 ἀπὸ
2638 1950 2840 2027 παντὸς
2886 1947 3128 2020 πονηροῦ
3177 1947 3537 2019 πράγματος’

1949 2025 2221 2108 ἐκολάσθη
2247 2037 2414 2091 αὐτοῦ
2443 2036 2502 2090 τὺ
2533 2036 2694 2106 σῶμα
2714 2025 2843 2097 ὧδε,
2862 2032 2951 2086 ἴνα
2981 2032 3099 2085 ἐκεῖ
3124 2030 3351 2102 μισθοὺς
3378 2029 3543 2083 ἀπαι-

1950 2125 2113 2195 τήσῃ.
2156 2122 2222 2175 Τί
2248 2121 2359 2193 γάρ
2391 2136 2559 2190 φησιν
2578 2118 2754 2180 ὁΘεὸς
2782 2117 2921 2183 πρὸς
2957 2115 3123 2170 αὐτόν
3143 2132 3157 2180 ;
3174 2116 3413 2178 Ἄλλως
3434 2111 3547 2166 οἴει

1945 2223 2023 2276 με
2045 2203 2545 2275 κεχρηματικέναι
2577 2218 2697 2263 σοι,
2736 2200 2775 2267 ἢ
2804 2201 2907 2253 ἵνα
2927 2195 3250 2268 ἀναφανῇς
3278 2197 3546 2263 δίκαιοςξ

1953 2289 2066 2360 Τὴν
2089 2290 2258 2361 αὐτὴν
2288 2287 2471 2343 τοίνυν
2497 2289 2612 2348 τοῖς
2632 2283 2860 2348 δικαίοις
2890 2283 3172 2353 ὑπομονὴν
3198 2278 3550 2361 ἐπιδειξάμεο

1954 2390 2057 2434 νοι,
2115 2360 2221 2426 καῖ
2263 2374 2328 2443 τῇ
2369 2371 2550 2441 ἀγαθῇ
2594 2369 2776 2422 αὐτῶν
2813 2365 3063 2432 πολιτείᾳ
3097 2365 3197 2434 τὴν
3246 2360 3549 2434 καρτερίαν

1958 2456 2248 2529 ἰσόρροπον
2276 2455 2711 2525 ἐπιδειξάμενοι,
2749 2450 3116 2519 ἀπολάϐωμεν
3148 2448 3219 2502 τὰ
3259 2445 3444 2514 ἀγαθά
3482 2445 3551 2529 τὰ

1955 2521 2360 2613 εὐτρεπισμένα
2384 2541 2497 2602 τοῖς
2527 2521 2703 2605 ἀγίοις
2740 2537 2853 2598 τοῖς
2881 2532 3139 2602 ἀγαπῶσι
3170 2532 3262 2584 τὸν
3289 2529 3447 2584 Θεόν⁶
3475 2521 3551 2582 ὧν

1957 2612 2173 2696 γένοιτο
2193 2623 2401 2684 πάντας
2418 2623 2565 2692 ἡμᾶς
2590 2619 2888 2688 ἐπιτυχεῖν,
2907 2617 3092 2689 χάριτι
3119 2616 3215 2696 καὶ
3245 2612 3550 2686 φιλανθρω-

1960 2693 2063 2778 πίᾳ
2085 2707 2180 2761 τοῦ
2204 2706 2409 2777 Κυρίου
2444 2704 2602 2776 ήμῶν
2644 2700 2822 2771 Ἰησοῦ
2855 2698 3117 2771 Χριστοῦ,
3151 2693 3195 2768 ᾧ
3223 2700 3256 2769 ή
3297 2697 3424 2765 δόξα
3457 2696 3553 2751 καὶ

1958 2791 2020 2843 τὸ
2052 2792 2252 2861 κράτος
2283 2792 2362 2852 εἰς
2380 2791 2507 2851 τοὺς
2529 2788 2731 2849 αἰῶνας
2757 2786 2867 2838 τῶν
2902 2785 3134 2840 αἰώνων.
3179 2782 3379 2852 ’Λμήνι

288 3036 3529 3082 W

1741 3228 2140 3294 MONITUM.

1886 3469 1952 3490 .-

268 3713 546 3780 quatuor
573 3699 640 3756 de
659 3698 871 3754 Lazaro
918 3692 1330 3767 pronuntiatam
1372 3689 1564 3745 fuisse.
1597 3684 1878 3754 Quamob-

268 3837 392 3878 rem
477 3819 549 3874 in
603 3812 881 3870 nonnullis
938 3808 1220 3866 codicibus
1281 3804 1669 3876 manuscriptis
1738 3803 1879 3857 inter

273 3934 559 3992 homilias
592 3931 661 3986 de
688 3929 900 3984 Lazaro
932 3925 1177 3997 ponitur,
1210 3922 1344 3979 etin
1398 3917 1716 3976 Colbertino
1772 3914 1881 3970 364

274 4058 411 4121 post
441 4055 694 4120 quatuor
720 4043 844 4097 illas
868 4040 1082 4111 priores
1118 4039 1186 4094 de
1214 4036 1427 4092 Lazaro
1464 4035 1674 4090 locatur
1701 4042 1753 4087 et
1792 4031 1880 4086 in-

270 4162 563 4220 scribitur
589 4156 780 4228 quinta
806 4156 873 4210 de
902 4153 1133 4217 Lazaro,
1155 4159 1210 4206 et
1234 4149 1458 4205 homilia
1480 4148 1534 4201 in
1560 4147 1711 4211 illud,
1736 4144 1877 4199 Nolo

267 4292 366 4331 vos
402 4275 670 4345 ignorare
695 4271 760 4325 de
795 4268 1205 4331 dormientibus,
1254 4264 1574 4320 inscribitur
1625 4269 1777 4317 sexta
1812 4258 1881 4314 de

270 4390 535 4445 Lazaro.
579 4384 783 4442 Verum
832 4386 975 4439 hanc
1005 4391 1337 4454 postremam
1379 4377 1623 4434 deludis
1669 4377 1881 4431 circen-

269 4501 444 4556 sibus
483 4499 585 4554 illa
624 4497 691 4552 de
729 4495 1125 4553 dormientibus
1173 4494 1468 4565 praecessit,
1510 4502 1571 4545 ut
1612 4491 1726 4561 ipsa
1783 4491 1884 4545 lto-

273 4617 466 4673 miliae
513 4614 674 4671 illius
701 4606 879 4684 prima
908 4612 1072 4667 verba
1106 4610 1367 4674 indicant,
1404 4607 1528 4662 Dies
1568 4616 1797 4677 quatuor
1836 4607 1891 4659 in

270 4730 632 4801 explicanda
661 4728 804 4782 vobis
823 4725 1021 4781 Lazari
1043 4726 1299 4797 parabola
1328 4724 1765 4793 consumpsimus,
1785 4734 1890 4778 etc.

1984 3682 2140 3750 Quod
2167 3681 2278 3752 jam
2305 3678 2686 3736 annotavimus
2716 3678 2771 3733 in
2797 3676 3002 3734 Monito
3024 3678 3091 3733 ad
3117 3676 3364 3733 eamdem
3385 3674 3556 3746 ipsam

1986 3797 2291 3853 homiliam.
2366 3793 2537 3862 Igitur
2611 3793 2916 3847 Antiochiae
2978 3799 3376 3863 consequenter
3438 3802 3562 3862 post

1985 3912 2280 3969 conciones
2312 3910 2379 3965 de
2427 3908 2639 3964 Lazaro
2689 3910 2833 3963 hanc
2876 3883 3070 3963 habuit
3121 3906 3427 3969 homiliam,
3470 3906 3560 3960 ubi

1986 4028 2224 4100 primum
2254 4034 2444 4080 contra
2476 4024 2599 4082 illos
2629 4023 2761 4093 agit,
2791 4023 2884 4092 qui
2923 4022 3200 4078 circenses
3249 4022 3409 4076 ludos
3455 4021 3563 4074 fre—

1987 4144 2345 4214 quentabant.
2378 4149 2431 4193 et
2457 4149 2642 4209 postea
2679 4140 2744 4193 ad
2775 4146 3097 4193 consuetam
3151 4136 3217 4190 de
3248 4135 3458 4210 Lazaro
3510 4147 3563 4189 ct

1989 4257 2156 4311 divite
2185 4254 2500 4325 parabolam
2530 4252 2784 4309 deﬂectit.
2821 4251 2893 4307 De
2919 4266 3064 4305 anno
3096 4266 3205 4319 quo
3254 4250 3336 4304 lia:
3362 4249 3429 4303 de
3461 4247 3566 4302 La-

1990 4382 2120 4422 zaro
2164 4365 2406 4422 liomilia‘.
2456 4367 2654 4421 habitm
2687 4375 2817 4421 sunt
2878 4365 2931 4418 in
2973 4363 3180 4421 Monito
3209 4365 3274 4418 ad
3329 4374 3565 4434 quatuor

1989 4483 2200 4554 priores
2228 4481 2608 4538 disseruimus.

2063 4596 2438 4665 lnterprctatio
2471 4593 2662 4650 Latina
2687 4602 2770 4648 est
2803 4591 3095 4647 Frontonis
3131 4589 3330 4645 Dnczci.

253 5081 434 5160 [790]
479 5078 658 5149 Πρὸς
688 5074 831 5141 τοὺς
869 5075 959 5140 είς
998 5072 1104 5140 τὰς
1156 5070 1547 5143 ἱπποδρομίας
1619 5070 2017 5139 ἀπελθόντας,
2059 5071 2158 5125 καὶ
2183 5074 2272 5138 εἰς
2305 5071 2373 5128 τὸ
2427 5072 2621 5142 ῥητὸν
2667 5073 2776 5127 τοῦ
2820 5075 3230 5146 Εὐαγγελίου·
3293 5072 3586 5128 Εἱσέλθετε

352 5175 458 5233 διὰ
482 5176 602 5245 τῆς
638 5170 830 5241 στενῆς
868 5167 1064 5238 πύλης,
1099 5167 1182 5220 ὅτι
1214 5166 1446 5220 πλατεῖα
1478 5168 1512 5236 ή
1552 5164 1717 5236 πύλη,
1749 5168 1844 5221 καὶ
1880 5165 2193 5238 εὐρύχωρος
2244 5169 2277 5239 ἡ
2317 5167 2435 5230 ὁδὸς
2473 5170 2506 5236 ἡ
2545 5166 2837 5235 ἀπάγουσα
2873 5170 2953 5233 είς
2991 5170 3093 5242 τὴν
3127 5168 3428 5235 ἀπάιλειαν,
3490 5172 3583 5227 καὶ

348 5262 568 5323 πολλοί
607 5262 744 5315 είσιν
767 5260 816 5313 οἱ
845 5257 1214 5329 εἰσερχόμενοι
1233 5256 1299 5309 δι’
1331 5255 1499 5327 αὐτῆς
1518 5272 1532 5287 ο
1567 5256 1667 5311 καὶ
1707 5256 1858 5324 πρὸς
1880 5254 1962 5321 τῷ
2001 5256 2161 5311 τέλει
2187 5260 2273 5325 εὶς
2298 5259 2610 5314 Πλούσιον
2641 5259 2741 5311 καὶ
2767 5261 2856 5328 είς
2880 5261 2988 5318 τὸν
3008 5261 3291 5332 Λάζαροκ.

338 5606 426 5657 α’.
459 5590 759 5667 Βούλομαι
775 5594 875 5665 τῆς
901 5591 1165 5663 συνήθους
1199 5586 1438 5657 ἅψασθαι
1463 5587 1623 5643 πάλιν
1640 5589 1894 5643 διδασκα.

260 5691 297 5744 λ
310 5690 371 5745 ia
380 5701 431 5753 ς.
455 5681 570 5738 καὶ
589 5677 688 5748 τὴν
708 5677 1081 5748 πνευματικὴν
1097 5674 1226 5742 ὑμῖν
1242 5674 1564 5728 παραθεῖναι
1577 5674 1880 5743 τράπεζαν·
1897 5744 1903 5751 ,

612 5772 886 5837 ΡΑΤιιοι.
934 5775 1050 5835 Gn.
1097 5771 1382 5837 XLVIII.

1997 5587 2092 5640 καὶ
2118 5586 2261 5641 ὀκνῶ
2290 5589 2387 5641 καὶ
2420 5586 2755 5657 ἀναδύομαι,
2797 5585 2940 5657 ὁρῶν
2965 5588 3117 5643 οὐδὲν
3163 5590 3583 5663 καρπουμένους

2000 5671 2145 5742 ὑμᾶς
2171 5674 2234 5726 ὲκ
2252 5672 2352 5741 τῆς
2377 5669 2634 5748 συνεχοῦς
2652 5669 3000 5739 διδασκαλίας
3015 5689 3031 5706 ο
3054 5674 3178 5728 ἐπεὶ
3204 5675 3298 5730 καὶ
3320 5675 3578 5745 γηπὸνιις,

3157 5769 3238 5830 33
