4006 6372
566 394 709 450 1015

562 506 784 565 ἐπειδάν
826 503 1041 574 δαψιλεῖ
1064 505 1129 573 τῇ
1168 503 1308 572 χειρὶ
1337 502 1405 552 τὰ
1441 500 1731 571 σπέρματα
1768 500 1879 561 τοῖς
1919 499 2141 559 κόλποις

563 593 661 663 τῆς
691 591 795 660 γῆς
830 584 1313 659 παρακατάθηται,
1367 584 1461 636 καὶ
1513 583 1589 653 μὴ
1621 581 1780 646 ἀξίαν
1811 582 1920 633 τῶν
1969 580 2147 633 πόνων

562 676 650 746 ἴδῃ
687 674 787 744 τὴν
817 672 1057 742 βλάστην
1087 668 1401 739 γινομένην,
1430 665 1491 719 οὐ
1516 665 1661 735 μετὰ
1684 665 1783 736 τῆς
1816 664 1986 734 αὐτῆς
2015 679 2147 732 προ-

562 757 764 828 θυμίας
790 755 890 825 τῆς
925 752 1204 825 γεωργίας
1232 750 1462 804 ἀπτεται
1485 767 1498 779 ο
1539 750 1573 821 ἡ
1599 748 1709 819 γὰρ
1741 748 1894 810 ἐλπὶς
1928 747 2016 800 ἀεὶ
2044 746 2147 816 τῆς

559 840 673 894 τῶν
703 839 931 911 καρπῶν
954 838 1128 908 φορᾶς
1158 835 1526 905 ὑποτέμνεται
1557 832 1619 886 τὺ
1646 832 1783 904 βαρὺ
1814 831 1922 884 τῶν
1948 830 2144 883 πόνων.

561 927 665 980 Τὸν
694 925 859 979 αὐτὸν
887 921 950 994 δὴ
976 921 1177 994 τρόπον
1208 920 1301 973 καὶ
1335 920 1495 990 ἡμεῖς
1519 917 1612 971 τὸν
1650 918 1818 971 πολὺν
1842 915 2031 969 τοῦτον
2050 913 2148 966 πό-

559 1025 651 1061 νον
677 1008 779 1079 τῆς
803 1003 1152 1067 διδασκαλίας
1173 1002 1392 1072 κούφως
1423 998 1491 1055 ἀν
1516 1000 1850 1071 ἠνέγκαμεν,
1879 1000 1927 1052 εί
1946 996 2148 1069 ἐμάθο-

493 1108 511 1133 ν
563 1108 663 1163 μεν
695 1090 857 1145 πλέον
887 1107 940 1142 τι
957 1088 1243 1159 γινόμενον
1267 1086 1334 1138 ἐκ
1362 1084 1460 1156 τῆς
1482 1082 1861 1156 παραινέσεως
1886 1082 1985 1151 τῆς
2002 1082 2142 1151 ἡμε-

556 1174 723 1245 τέρας
755 1175 836 1237 εἰς
876 1169 1268 1242 ὠφέλειαν’τὴν
1304 1167 1599 1239 ὑμετέραν.
1628 1167 1765 1220 Νυνὶ
1792 1167 1849 1220 δὲ
1866 1167 1995 1219 ὃταν
2018 1163 2147 1219 θεα-

557 1258 785 1329 σώμεθα
805 1298 819 1322 ,
855 1258 937 1311 ὃτι
974 1254 1116 1328 μετά
1147 1254 1249 1318 τάς
1281 1252 1555 1317 τοσαύτας
1586 1251 1745 1323 ἡμῶν
1774 1250 2143 1332 παραινέσεις,

560 1342 698 1413 μετά
728 1342 827 1406 τὰς
854 1339 1130 1403 τοσαύτας
1172 1335 1457 1399 νουθεσίας
1502 1335 1595 1388 καὶ
1636 1334 1955 1406 ἐπιπλήξεις
1988 1332 2145 1399 (οὐδὲ

555 1429 664 1499 γὰρ
688 1424 1056 1496 ἐπαυσάμεθα
1076 1422 1319 1493 συνεχῶς
1342 1422 1489 1493 ὑμᾶς
1519 1420 2030 1491 ὑπομιμνήσκοντες
2050 1419 2145 1473 τοῦ

555 1510 789 1583 φοϐεροῦ
810 1509 1162 1581 δικαστηρίου
1182 1507 1277 1561 καὶ
1299 1506 1408 1559 τῶν
1436 1504 1677 1558 εὐθυνῶν
1702 1505 1810 1557 τῶν
1831 1506 2144 1576 ἀπαραιτή-

553 1613 683 1660 των,
698 1596 795 1649 καὶ
811 1594 905 1648 τοῦ
929 1592 1100 1664 πυρὸς
1113 1590 1322 1644 ἐκείνου
1347 1586 1442 1641 τοῦ
1462 1588 1750 1649 ἀσϐέστου,
1772 1589 1867 1642 καὶ
1887 1589 1981 1641 τοῦ
2005 1592 2146 1641 σκώ-

554 1679 719 1749 ληκος
749 1677 844 1731 τοῦ
879 1674 1285 1746 ἀτελευτήτου),
1323 1672 1469 1734 τινές
1497 1671 1606 1725 τῶν
1629 1671 1804 1726 ταῦτα
1835 1674 2145 1726 ἀκουόντων

555 1763 712 1835 (οὐδὲ
743 1764 851 1834 γὰρ
882 1762 1025 1815 κατὰ
1054 1758 1275 1813 πάντων
1300 1757 1521 1828 ἐκφέρω
1548 1757 1649 1828 τὴν
1687 1756 1889 1827 ψῆφον,
1920 1758 1995 1827 μὴ
2044 1758 2143 1825 γέ-

553 1846 753 1914 νοιτο),
784 1846 1003 1900 πάντων
1037 1842 1245 1898 τούτων
1292 1838 1699 1910 ἐπιλαθόμενοι,
1731 1841 1894 1894 πάλιν
1915 1843 2008 1894 ἐπὶ⁵
2045 1842 2144 1912 τὴν

555 1931 853 2000 σατανικὴν
874 1928 1114 1998 θεωρίαν
1145 1926 1246 1996 τῆς
1286 1923 1651 1993 ίπποδρομίας
1675 1925 1904 1988 ἑαυτοὺς
1926 1924 2146 1978 ἐκδεδώ-

552 2032 705 2077 κασι,
759 2014 889 2086 ποίᾳ
940 2012 1128 2066 λοιπὸν
1168 2007 1468 2083 προσδοκίᾳ
1507 2007 1616 2059 τῶν
1664 2008 1848 2061 αὐτῶν
1890 2007 2145 2077 ἁψόμεθα

553 2099 756 2161 πόνων,
792 2094 885 2150 καὶ
915 2097 1015 2168 τὴν
1041 2092 1393 2150 διδασκαλίαν
1422 2090 1607 2154 αὐτοῖς
1619 2090 1828 2162 ταύτην
1853 2091 1953 2161 τὴν
1981 2106 2145 2145 πνευ-

555 2183 794 2253 ματικὴν
831 2178 1251 2251 παραθήσομεν,
1275 2176 1513 2248 ὁρῶντες
1550 2175 1718 2248 μηδὲν
1748 2175 1910 2229 πλέον
1945 2176 2144 2239 αὐτοὺς

550 2262 804 2319 ἐντεῦθεν
861 2262 1302 2335 καρπουμένους,
1350 2261 1465 2316 ἀλλ’
1500 2259 1691 2323 ἀπλῶς
1732 2260 1993 2331 συνηθείᾳ
2036 2261 2144 2313 τινὶ

551 2347 1106 2409 κατακολουθοῦντας,
1135 2345 1230 2398 κα)⁸
1255 2344 1585 2416 κροτοῦντας
1618 2344 1716 2415 μὲν
1742 2342 1811 2396 τά
1836 2345 1965 2416 παρ’
1985 2344 2142 2415 ἡμῶν

549 2433 838 2503 λεγόμενα,
864 2431 959 2484 καὶ
982 2428 1299 2492 δεικνύντας
1330 2429 1463 2499 ἡμῖν
1496 2427 1573 2490 ὡς
1603 2425 1722 2498 μεθ’
1749 2427 1945 2498 ἡδονῆς
1960 2426 2144 2498 δέχον-

546 2535 637 2571 ται
658 2517 785 2579 τοὺς
807 2514 1115 2587 ἡμετέρους
1144 2512 1360 2581 λόγους,
1386 2510 1484 2565 καὶ
1505 2511 1645 2582 μετά
1670 2509 1831 2563 τοῦτο
1860 2510 2025 2563 πάλιν
2046 2510 2142 2563 ἐπὶ

546 2603 637 2656 τὸν
664 2600 1003 2671 ἱππόδρομον
1037 2598 1371 2670 τρέχοντας,
1420 2596 1517 2650 καὶ
1560 2595 1817 2666 μείζονας
1852 2595 1983 2658 τοὺς
2014 2596 2142 2666 κρό-

545 2701 673 2747 τους
693 2682 790 2736 ἐπὶ
808 2684 935 2746 τούς
955 2682 1205 2753 ἡνιόχους
1222 2679 1701 2750 ἐπιδεικνυμένους
1720 2679 1814 2731 καὶ
1838 2678 2141 2732 ἀκάθεκτον

546 2769 644 2841 τὴν
678 2767 894 2840 μανίαν,
935 2766 1028 2820 καὶ
1069 2765 1207 2835 μετὰ
1236 2762 1433 2817 πολλοῦ
1484 2762 1580 2817 τοῦ
1626 2764 1785 2816 τόνου
1821 2763 2143 2834 συντρέχον-

546 2870 666 2919 τας,
697 2853 794 2907 καὶ
822 2850 959 2922 πρὸς
986 2848 1249 2919 ἀλλήλους
1278 2847 1543 2910 πολλάκις
1584 2846 2141 2919 διαπληκτιζομένους

550 2937 645 2991 καὶ
674 2936 951 3004 λέγοντας,
978 2934 1060 2986 ὅτι
1083 2935 1111 2985 0
1147 2931 1249 3002 μὲν
1278 2943 1303 2971 α
1332 2930 1437 2984 τῶν
1467 2931 1652 2984 ἵππων
1677 2932 1739 2984 οὐ
1778 2930 1963 2995 καλῶς
1983 2929 2141 3004 έδρα-

553 3038 675 3093 μεν,
714 3022 743 3074 0
766 3020 822 3073 δὲ
855 3015 1271 3080 ὑποσκελισθεὶς
1297 3016 1622 3080 κατέπεσεν,
1657 3016 1752 3069 καὶ
1780 3018 1809 3069 0
1836 3015 1934 3086 μὲν
1963 3015 2140 3087 τούτῳ

547 3104 626 3175 τῷ
661 3104 863 3174 ἡνιόχῳ
914 3102 1106 3155 ἐαυτὸν
1149 3101 1470 3171 προσνέμει,
1502 3102 1531 3153 0
1560 3099 1618 3152 δὲ
1655 3099 1734 3170 τῷ
1790 3098 1966 3171 ἑτέρῳ
1988 3117 2001 3131 ο
2046 3100 2141 3153 καὶ

546 3188 783 3259 οὐδαμοῦ
813 3188 994 3241 ἔννοια
1021 3185 1144 3239 οὐδὲ
1167 3185 1475 3255 ὑπόμνησις
1496 3183 1606 3237 τῶν
1630 3182 1916 3254 ἡμετέρων
1943 3182 2137 3252 λόγων,

546 3271 664 3325 οὐδὲ
698 3272 805 3324 τῶν
835 3269 1226 3341 πνευματικῶν
1262 3268 1355 3321 καὶ
1391 3266 1637 3338 φρικτῶν
1685 3265 2002 3338 μυστηρίων
2030 3267 2139 3320 τῶν

546 3355 781 3410 ἐνταῦθα
812 3355 1177 3426 τελουμένων,
1212 3351 1351 3407 ἀλλά
1376 3352 1631 3423 καθάπερ
1673 3352 2010 3423 αἰχμάλωτοι
2048 3369 2140 3422 γε-

547 3440 765 3510 νόμενοι
793 3440 898 3492 ὐπὸ
929 3439 1039 3491 τῶν
1075 3437 1172 3490 τοῦ
1222 3437 1472 3491 διαϐόλου
1508 3437 1778 3505 παγίδων,
1813 3439 1931 3491 ἐκεῖ
1957 3436 2140 3507 διημε-

551 3525 788 3597 ρεύουσι,
822 3528 889 3593 τῇ
933 3525 1197 3594 σατανικῇ
1243 3521 1447 3594 θεωρίᾳ
1497 3522 1725 3586 ἑαυτοὺς
1754 3522 2135 3589 ἐκδεδωκότες,

547 3611 642 3661 καὶ
675 3610 755 3671 εἰς
781 3607 1045 3676 αἰσχύνην
1069 3605 1424 3676 προκείμενοι
1457 3607 1551 3658 καὶ
1591 3604 1866 3668 Ἰουδαίοις
1884 3606 1978 3658 καὶ⁵
2004 3603 2136 3658 Ἔλ-

546 3692 671 3761 λησι
706 3693 800 3745 καὶ
830 3693 943 3753 τοῖς
980 3691 1049 3743 τά
1078 3690 1325 3760 ἡμέτερα
1356 3687 1635 3759 διασύρειν
1659 3687 2045 3760 βουλομένοις;

618 3775 713 3837 Τίς
738 3773 804 3827 ἂν
837 3770 951 3837 οὖν,
975 3773 1079 3826 κάν
1110 3766 1376 3846 σφόδραῇ
1410 3772 1632 3835 λίθινος,
1663 3772 1695 3843 ἡ
1738 3773 1834 3824 καὶ
1871 3772 2136 3844 ἀναίσθη-

545 3877 657 3924 τος,
693 3858 864 3913 ταῦτα
888 3857 1207 3927 ἀναλγήτως
1245 3858 1491 3925 ἐνεγκεῖν
1535 3857 1825 3926 δυνήσεται
1846 3860 1879 3922 ν’
1907 3861 2041 3929 μήτι
2072 3875 2135 3927 γε

546 3945 577 4013 ἡ
589 3946 704 4013 μείς
728 3943 778 3994 οί
815 3939 1087 4011 πατρικὴν
1141 3939 1525 4011 φιλοστοργίαν
1556 3940 1686 4010 περὶ
1744 3940 1956 4004 πάντας
1991 3942 2136 4011 ὑμᾶς

546 4025 949 4080 ἐπιδείκνυσθαι
996 4022 1430 4088 σπουδάζοντεςς
1465 4023 1600 4077 Οὐδὲ
1630 4024 1740 4094 γάρ
1771 4023 1940 4076 ’τοῦτο
1975 4027 2136 4095 μόνον

544 4112 665 4165 ἐστὶ
694 4108 848 4183 [791]
877 4110 938 4163 τὸ
962 4108 1169 4163 λυποῦν
1203 4110 1375 4180 ἡμᾶς,
1406 4109 1490 4161 ὃτι
1524 4108 1787 4179 ἀνόνητον
1815 4109 1908 4161 τὸν
1936 4110 2134 4180 ἡμέτε-

548 4213 638 4267 ρον
666 4193 1043 4249 ἐπιδείκνυσθε
1091 4193 1340 4263 κάματον
1361 4233 1374 4259 ,
1407 4191 1544 4246 ἀλλά
1576 4190 1757 4263 πολλῷ
1788 4192 1949 4248 πλέον
1978 4193 2135 4266 ἡμῶν

543 4278 904 4343 καθάπτεται,
931 4278 1059 4331 ὅταν
1092 4278 1437 4348 ἐννοήσωμεν
1466 4276 1548 4329 ὅτι
1583 4275 1891 4348 βαρυτέραν
1918 4278 2136 4342 ἑαυτοῖς

543 4366 591 4416 οί
606 4362 780 4417 ταῦτα
804 4361 1087 4426 ποιοῦντες
1102 4356 1429 4432 ἐργάζονται
1444 4360 1542 4431 τὴν
1568 4359 1915 4433 κατάκρισιν.
1943 4354 2135 4433 Ἡμεῖς

543 4448 654 4519 γὰρ
678 4446 787 4500 τῶν
833 4446 1013 4499 πόνων
1061 4446 1162 4515 τὴν
1197 4444 1436 4516 ἀμοιϐὴν
1466 4443 1811 4517 ἀναμένομεν
1856 4447 2010 4519 παρὰ
2037 4446 2133 4500 τοῦ

543 4532 814 4585 Δεσπότου
838 4549 853 4563 ο
877 4529 940 4582 τὸ
971 4529 1081 4601 γάρ
1108 4529 1381 4600 ἡμέτερον
1412 4527 1560 4583 ἅπαν
1605 4530 2008 4601 πεποιήκαμεν,
2041 4530 2135 4584 καλ⁸

542 4615 604 4669 τὸ
626 4614 889 4685 ἀργύριον
916 4612 1291 4683 κατεϐάλομεν
1310 4653 1325 4677 ,
1358 4613 1453 4666 κα)⁸
1484 4611 1546 4664 τὸ
1581 4612 1845 4668 τάλαντον
1879 4613 1941 4667 τὸ
1968 4606 2135 4686 ἐμπι-

542 4692 765 4753 στεύθὲν
813 4699 945 4770 ἡμῖν
975 4697 1348 4769 διενείμαμεν,
1406 4697 1501 4749 καὶ
1550 4696 1705 4751 οὐδὲν
1729 4697 1840 4750 τῶν
1873 4701 1953 4762 εἰς
1984 4700 2134 4770 ἡμᾶς

539 4784 785 4855 ἡκόντων
814 4781 1332 4854 παραλελοίπαμεν
1364 4781 1413 4832 οί
1445 4779 1504 4832 δὲ
1534 4781 1602 4833 τὰ
1640 4780 1880 4853 ἀργύρια
1901 4781 2131 4851 δεξάμε-

538 4888 620 4923 νοι
646 4868 818 4922 ταῦτα
850 4870 920 4921 τά
953 4865 1325 4936 πνευματικὰ,
1358 4864 1519 4917 ποίαν
1561 4864 1806 4929 ἕξουσιν,
1854 4866 1975 4919 εἰπέ
2021 4885 2132 4938 μοι,

537 4950 861 5021 ἀπολογίαν,
884 4950 1046 5004 ποίαν
1074 4948 1133 5003 δὲ
1164 4948 1522 5018 συγγνώμην,
1544 4947 1674 5001 ὅταν
1704 4948 1780 5019 μὴ
1811 4950 1971 5019 μόνον
1996 4951 2135 5003 αὐτά

538 5036 903 5101 ἀπαιτῶνται,
940 5033 1077 5089 ἀλλά
1110 5034 1207 5087 καὶ
1242 5033 1341 5103 τὴν
1372 5031 1579 5083 τούτων
1611 5032 1909 5102 ἐργασίαν;
1958 5033 2134 5097 ποίοις

538 5121 837 5192 ὀφθαλμοῖς
863 5119 1084 5190 ὄψονται
1106 5118 1198 5171 τὸν
1227 5118 1423 5190 κριτήν
1448 5134 1463 5182 ;
1497 5114 1613 5179 πῶς
1636 5116 1838 5169 οἴσουσι
1866 5118 1963 5187 τὴν
1993 5119 2131 5189 ἡμέ-

543 5223 641 5273 ραν
680 5206 897 5274 ἐκείνην
922 5204 1021 5275 τὴν
1046 5203 1309 5274 φοϐερὰν,
1342 5201 1413 5254 τά
1453 5200 1791 5271 κολαστήρια
1820 5200 1889 5254 τά
1934 5203 2135 5275 ἀφόρη-

539 5302 638 5354 τα;
675 5289 767 5360 Μὴ
818 5288 928 5359 γὰρ
958 5290 1039 5351 είς
1069 5289 1293 5355 ἄγνοιαν
1324 5285 1509 5355 έχουσι
1569 5286 1939 5354 καταφυγεῖν;
1992 5287 2131 5340 Καθ’

539 5372 778 5442 ἑκάστην
809 5374 1029 5442 ἡμέραν
1066 5370 1394 5440 ἐνηχοῦμεν,
1451 5367 1857 5439 παραινοῦμεν,
1903 5387 2132 5442 προτρε-

540 5456 773 5527 πόμεθα,
796 5453 1117 5525 δεικνύομεν
1137 5454 1238 5523 τῆς
1261 5455 1476 5522 ἀπάτης
1499 5454 1589 5505 τὸν
1608 5450 1851 5523 ὄλεθρον,
1880 5454 1981 5523 τῆς
2007 5453 2132 5523 βλά-

538 5536 637 5599 ϐης
669 5539 732 5590 τὺ
759 5536 1009 5608 μέγεθος,
1041 5536 1140 5606 τῆς
1167 5536 1468 5605 σατανικῆς
1517 5535 1884 5607 πανηγύρεως
1919 5538 2010 5590 τὸν
2049 5538 2131 5591 δό-

540 5616 648 5683 λον,
675 5621 769 5675 καὶ
796 5620 917 5674 οὐδὲ
951 5620 1096 5673 οὓτω
1136 5620 1464 5674 καθικέσθαι
1497 5620 1870 5691 ἠδυνήθημεν.
1921 5622 2030 5674 Καὶ
2078 5623 2129 5675 τί

540 5699 681 5772 λέγω
710 5705 809 5772 τὴν
841 5705 1054 5774 ἡμέραν
1090 5706 1305 5773 ἐκείνην
1339 5705 1439 5773 τὴν
1472 5704 1741 5773 φοϐεράνς
1769 5700 1921 5769 Τέως
1951 5707 2018 5760 τὰ
2045 5708 2131 5760 ἐν·

599 5858 624 5887 ⁸
650 5858 774 5910 Ires
797 5870 893 5904 mss
938 5861 1420 5925 διαπληκτιζομένους
1445 5863 1565 5911 διατί
1590 5864 1615 5910 ὁ
1637 5866 1735 5924 μέν,

1236 386 1289 435 S.
1333 380 1451 437 JO.\
1463 382 1621 438 NNIS
1659 384 1746 439 CH
1759 383 2139 439 HYSOSTOMI

2247 387 2526 445 ιιιιιΙΙΕΡ.
2569 389 3121 449 CONSTANTINOP.

3686 390 3791 449 10256

2253 495 2435 550 ταῦθα
2471 496 2862 571 γυμνάσωμεν.
2888 496 3181 562 Πῶς,εἱπέ
3204 514 3314 569 μοι,
3345 494 3395 548 οί
3418 497 3514 565 τῆς
3543 503 3789 569 σατανικῆς

2254 579 2475 651 ἐκείνης
2508 583 2876 653 μετασχόντες
2905 583 3140 654 θεωρίας
3170 581 3489 651 δυνήσονται
3519 580 3646 649 μετά
3680 601 3793 660 παρ.

2256 663 2455 733 ῥησίας
2506 665 2741 719 ἐνταῦθα
2784 666 3214 737 παραγενέσθαι,
3253 663 3315 717 τό
3355 661 3583 726 συνειδὸς
3620 664 3792 735 ἔχοντες

2254 744 2788 819 κατεξανιστάμενον
2844 752 2943 804 καὶ
2998 742 3288 803 καταϐοῶν
3336 746 3582 818 μεγάλας
3614 748 3677 802 ἸΙ
3716 753 3793 806 οὐκ

2252 829 2550 885 ἀκούουσιν
2576 826 2721 887 οὗτοι
2754 832 2849 887 τοῦ
2886 832 3162 906 μακαρίου
3197 830 3413 885 Παύλου
3454 828 3685 899 λέγοντος
3720 836 3791 887 :05

2250 912 2579 972 διδασκάλου
2607 919 2705 990 τῆς
2728 920 2878 972 οίκου
2888 919 3076 991 μένης,
3108 919 3204 984 Τίς
3223 917 3502 971 κοινωνία
3523 916 3657 985 φωτί
3676 919 3793 987 πρὸς

2251 1000 2498 1069 σκότος,
2530 1001 2570 1071 ἣ
2598 1003 2692 1071 τις
2708 1004 2879 1074 μερίς
2898 1002 3096 1069 πιστῷ
3117 1003 3269 1073 μετὰ
3315 1000 3605 1064 ἀπίστους
3652 1002 3793 1073 ΙΙόσης

2252 1083 2363 1154 γὰρ
2394 1087 2498 1139 οὐκ
2532 1086 2598 1140 ἂν
2649 1089 2733 1159 εἴη
2787 1087 3191 1159 καταγνώσεως
3222 1085 3393 1153 ἀξιον,
3428 1086 3553 1140 ὃταν
3584 1079 3610 1139 0
3642 1089 3789 1152 πιστὸς

2252 1166 2348 1220 καὶ
2379 1168 2491 1222 τῶν
2519 1170 2755 1226 ἐνταῦθα
2786 1172 3126 1244 τελουμένων
3153 1173 3248 1227 καὶ
3279 1169 3454 1242 εὐχῶν
3475 1169 3569 1224 καὶ
3590 1170 3792 1241 φρικτῶν

2256 1252 2576 1324 μυστηρίων
2605 1255 2699 1308 καὶ
2738 1258 3115 1328 πνευματικῆς
3142 1254 3490 1318 διδασκαλίας
3526 1253 3789 1311 ἀπολαύων,

2254 1334 2393 1404 μετά
2426 1336 2530 1408 τὴν
2566 1337 2806 1394 ἐνταῦθα
2835 1340 3060 1412 τελετὴν
3113 1336 3365 1394 ἀπελθὼν
3409 1336 3691 1407 καθέζηται
3731 1338 3792 1397 είς

2249 1417 2350 1489 τὴν
2393 1422 2692 1494 σατανικὴν
2726 1424 2943 1496 ἐκείνην
2987 1423 3221 1495 θεωρίαν
3255 1418 3391 1496 μετά
3442 1420 3537 1473 τοῦ
3580 1421 3792 1478 ἀπίστων

2255 1504 2392 1573 μετὰ
2429 1506 2522 1559 τοῦ
2562 1509 2619 1560 ἐν
2644 1507 2723 1580 τῷ
2756 1494 2938 1563 σκότει
2973 1509 3070 1582 τῆς
3105 1494 3361 1570 ἀσεϐείας
3401 1503 3793 1571 πλανωμένου,ὁ

2251 1587 2328 1659 τῷ
2357 1590 2497 1658 φωτὶ
2521 1590 2618 1644 τοῦ
2662 1593 2762 1659 τῆς
2813 1591 3160 1663 δικαιοσύνης
3192 1591 3344 1663 ἡλίου
3401 1587 3792 1656 καταυγασθείς;

2252 1670 2398 1736 Πῶς,
2431 1674 2553 1727 είπέ
2597 1691 2729 1745 μοι,
2783 1676 2969 1730 λοιπον
3026 1675 3379 1746 ἐπιστομίσαι
3425 1670 3793 1744 δυνησόμεθαῆ

2252 1753 2569 1829 Ἕλληναςῆ
2606 1757 2897 1823 Ἰουδαίους
2916 1778 2932 1825 ;
2961 1758 3077 1824 πῶς
3095 1759 3151 1813 δὲ
3169 1760 3457 1828 ἐναγαγείν
3480 1755 3666 1818 αὐτοὺς
3681 1751 3795 1823 ιτιύ·

2251 1854 2439 1910 σομεν,
2465 1843 2559 1895 καὶ
2586 1844 2851 1914 πείσομεν
2875 1843 3282 1915 μετατάξασθαι
3304 1844 3385 1906 είς
3411 1842 3512 1913 τὴν
3534 1839 3791 1899 εὐσέϐειαν,

2250 1922 2377 1977 ὅταν
2408 1926 2577 1997 δρῶσι
2609 1928 2736 1992 τούς
2776 1929 2894 2000 μεθ’
2922 1930 3082 2002 ἡμῶν
3110 1928 3478 1999 τεταγμένους
3506 1927 3583 1989 εἱς
3608 1923 3668 1978 τά
3700 1921 3793 1975 0M-

2251 2004 2378 2079 θρια
2407 2011 2593 2065 ἐκεῖνα
2625 2013 2720 2066 καὶ
2757 2013 2939 2085 πάσης
2981 2012 3161 2085 λύμης
3192 2012 3431 2083 γέμοντα
3465 2007 3660 2079 θέατρα
3685 2022 3795 2074 συμ·

2250 2093 2589 2164 φυρομένους
2612 2096 2830 2163 αὐτοῖς;
2859 2094 3016 2161 Τίνος
3036 2096 3144 2168 γάρ
3170 2096 3378 2161 ἐνεκεν,
3396 2092 3519 2148 είπέ
3557 2108 3660 2162 μοι,
3686 2089 3795 2161 μετὰ

2247 2176 2311 2229 :0
2353 2179 2762 2249 παραγενέσθαι
2801 2180 3055 2246 ἐνταῦθα,
3088 2181 3183 2237 καὶ
3210 2172 3518 2251 ἐκκαθᾶραι
3562 2176 3648 2230 τὸν
3678 2176 3794 2242 λογι-

2252 2259 2407 2331 σμὸν,
2434 2263 2529 2315 καὶ
2558 2264 2659 2337 τὴν
2690 2264 2931 2320 διάνοιαν
2953 2267 3034 2331 είς
3071 2266 3234 2337 νῆψιν
3279 2265 3512 2333 ἀγαγεῖν
3545 2261 3634 2315 καὶ
3659 2258 3794 2313 κατὰ·

2249 2344 2419 2412 νυξιν,
2450 2345 2615 2400 πάλιν
2649 2347 2899 2402 ἀπελθὼν
2936 2351 3053 2403 ἐκεῖ
3105 2347 3571 2421 καταρῥυπαίνεις
3606 2344 3792 2421 ἐαυτόν;

2251 2426 2321 2480 Ἢ
2350 2429 2451 2483 οὐκ
2479 2429 2899 2502 ἀκούειςσοφοῦ
2936 2438 3081 2498 τινος
3126 2420 3374 2503 λέγοντος
3396 2450 3409 2463 ·
3451 2424 3555 2496 Εἲς
3603 2420 3792 2481 01:000-

2242 2510 2377 2580 μῶν
2403 2514 2500 2568 καὶ
2531 2510 2620 2583 εἷς
2647 2517 2945 2587 καθαιρῶν
2980 2520 3038 2573 τί
3065 2518 3393 2588 ὠφέλησαν
3436 2513 3623 2569 πλέον
3649 2513 3681 2578 ἦ
3717 2511 3794 2562 κό-

2249 2610 2439 2664 πους;
2473 2600 2538 2653 Ὃ
2574 2599 2640 2671 δὴ
2672 2601 2767 2655 καὶ
2796 2602 2891 2657 νῦν
2914 2604 3147 2673 γίνεται.
3173 2601 3343 2657 Ὅταν
3368 2600 3480 2670 γὰρ
3506 2600 3573 2653 τὰ
3598 2594 3793 2650 ἐνταῦθα

2248 2683 2339 2751 ὑφ’
2368 2684 2526 2756 ἡμῶν
2548 2686 2973 2759 οίκοδομηθέντα
3008 2688 3097 2742 διὰ
3132 2688 3230 2758 τῆς
3273 2684 3535 2756 συνεχοῦς
3582 2682 3794 2736 διδασκα·

2247 2765 2367 2847 λίας
2399 2769 2494 2822 καὶ
2523 2769 2626 2841 τῆς
2667 2772 3044 2842 παραινέσεως
3073 2772 3278 2842 ταύτης
3306 2772 3405 2841 τῆς
3434 2765 3790 2838 maga-mm

2247 2851 2500 2906 ἀπελθὼν
2516 2854 2723 2924 οάθρόον
2744 2858 2861 2909 ἐκεῖ
2889 2858 3068 2910 πάντα
3100 2856 3355 2929 καθέλῃς,
3381 2855 3479 2907 καὶ
3506 2852 3586 2915 είς
3611 2851 3791 2915 ἔδαφος.

2186 2988 2199 2997 _
2245 2936 2322 2999 ὡς
2353 2937 2550 3000 εἰπεῖν,
2578 2940 2920 3013 καταγάγῃς,
2939 2941 3090 2993 ποῖον
3124 2937 3315 3008 ὄφελος
3354 2937 3520 2990 πάλιν
3540 2935 3674 3006 ἡμᾶς
3689 2934 3792 2986 ἄνω-

2246 3018 2339 3072 θεν
2357 3019 2425 3073 τά
2453 3020 2554 3091 τῆς
2585 3023 2875 3094 οἰκοδομῆς
2914 3021 3338 3085 ἐπιδείκνυσθαι,
3362 3020 3458 3073 καὶ
3489 3020 3646 3071 πάλιν
3678 3015 3792 3083 ὑμᾶς

2244 3102 2313 3157 τὰ
2337 3105 2437 3176 τῆς
2468 3104 2839 3177 καθαιρέσεως
2862 3125 2878 3173 ;
2907 3108 3080 3178 πόσης
3108 3106 3268 3160 τοῦτο
3293 3105 3485 3168 ἀνοίας
3523 3103 3622 3155 οὐκ
3647 3101 3704 3153 ἂν
3726 3100 3790 3166 εἷς

2246 3188 2341 3243 καὶ
2372 3189 2792 3262 παραπληξίαςς
2833 3192 2967 3245 Εἰπὲ
2996 3195 3105 3264 γάρ
3152 3209 3267 3263 μοι,
3298 3191 3348 3243 εί
3379 3189 3590 3242 ἐθεάσω
3612 3188 3663 3238 ἐν
3697 3184 3790 3243 ταῖς

2246 3272 2530 3344 αἰσθηταῖς
2562 3274 2790 3339 ταύταις
2816 3275 3128 3345 οίκοδομαῖς
3163 3276 3284 3337 ταῖς
3306 3273 3397 3326 διά
3423 3272 3536 3325 τῶν
3562 3270 3711 3323 λίθων
3727 3284 3787 3334 για

2245 3356 2499 3426 νομέναις
2521 3357 2681 3411 τοῦτό
2695 3376 2816 3412 τινα
2846 3359 3126 3422 ποιοῦντα,
3149 3359 3271 3430 οὐχὶ
3292 3357 3368 3422 ὼς
3395 3356 3655 3427 μεμηνότι
3676 3349 3790 3418 αὐτῷ

2244 3440 2532 3510 προσέξεις
2565 3443 2659 3496 καὶ
2690 3443 2811 3514 είκῆ
2859 3446 2954 3497 καὶ
3010 3443 3186 3514 μάτην
3217 3444 3563 3511 κοπτομένῳ,
3612 3439 3697 3492 καὶ
3731 3438 3791 3494 εἰς

2242 3526 2397 3580 οὐδὲν
2424 3527 2542 3581 δέον
2576 3529 2753 3583 πάντα
2779 3528 2847 3582 τά
2883 3527 3047 3583 αὐτοῦ
3076 3527 3564 3589 καταναλίσκοντι;
3601 3524 3694 3576 Τὸν
3719 3521 3791 3574 αὖ·

2242 3614 2334 3667 τὸν
2382 3613 2445 3685 δὴ
2491 3615 2697 3684 τρόπον
2727 3616 2822 3667 καὶ
2863 3616 2957 3668 ἐπὶ
3005 3616 3104 3685 τῆς
3150 3613 3439 3685 οἰκοδομῆς
3500 3610 3692 3679 ταύτης
3716 3605 3790 3673 τῆς

2245 3698 2624 3768 πνευματικῆς
2659 3699 2901 3767 λογίζου,
2936 3699 3031 3751 καὶ
3063 3698 3159 3768 τὴν
3188 3697 3357 3770 αὐτὴν
3381 3696 3585 3766 ἔκφερε
3624 3694 3788 3763 ψῆφον.

2254 3781 2386 3834 Ἰδοὺ
2416 3782 2551 3852 γάρ·
2610 3783 2771 3852 ἡμεῖς
2804 3784 2924 3852 μὲν,
2968 3782 3156 3854 ἐπειδῆ
3200 3782 3279 3845 εἰς
3310 3780 3473 3834 τοῦτο
3524 3779 3790 3849 ἐτάχθημεν

2244 3865 2395 3936 παρὰ
2431 3868 2531 3936 τῆς
2575 3866 2668 3918 τοῦ
2719 3867 2856 3918 θεοῦ
2906 3866 3149 3936 χάριτος,
3187 3864 3309 3919 καθ’
3349 3865 3589 3935 ἑκάστην
3617 3864 3791 3934 ἡμέραν

2241 3948 2339 4019 τὴν
2366 3948 2653 4020 οἰκοδομὴν
2682 3949 2888 4021 ταύτην
2916 3950 3014 4022 τὴν
3035 3951 3413 4021 πνευματικὴν
3431 3952 3516 4015 είς
3537 3947 3789 4022 [Ἰθῆῦᾴος

2241 4032 2552 4104 ἐγείρομεν,
2582 4033 2675 4086 καὶ
2703 4032 2840 4105 πρὸς
2857 4034 2954 4106 τὴν
2979 4033 3080 4104 τῆς
3096 4035 3295 4106 ἀρετῆς
3308 4033 3655 4087 διδασκαλίαν
3676 4030 3790 4100 ὑμᾶς

2239 4116 2458 4184 ἐνάγειν
2488 4116 2861 4189 σπουδάζομεν
2886 4134 2900 4148 ·
2933 4118 3079 4182 τινὲς
3104 4116 3163 4172 δὲ
3194 4118 3305 4171 τῶν
3334 4118 3573 4172 ἐνταῦθα
3607 4129 3789 4183 συντρεο

2241 4202 2444 4273 χόντων
2472 4201 2568 4272 τὴν
2597 4202 2739 4273 μετά
2764 4202 2958 4257 πολλοῦ
3007 4204 3172 4259 πόνου
3204 4203 3230 4243 ι’
3253 4202 3587 4275 αὐξηθεῖσαι)
3624 4199 3790 4256 οἰκοδο-

2244 4288 2351 4361 μὴν
2408 4291 2467 4342 ἐν
2521 4290 2621 4359 μιᾷ
2652 4288 2847 4362 καιροῦ
2902 4292 3043 4362 ῥοπῇ
3085 4291 3368 4361 μονονουχὶ
3421 4294 3548 4355 ταῖς
3597 4289 3787 4346 οἰκείαις

2241 4374 2397 4444 χερσὶ
2448 4370 2539 4425 διὰ
2571 4371 2671 4443 τῆς
2696 4373 2905 4442 ἀφάτου
2953 4373 3159 4445 ταύτης
3197 4373 3471 4447 ῥᾳθυμίας
3503 4378 3585 4438 είς
3626 4373 3785 4439 ἔδαφος

2241 4457 2593 4526 κατάγουσιν,
2625 4458 2758 4527 ἡμῖν
2788 4458 2886 4528 μὲν
2919 4457 3123 4529 πολλὴν
3144 4458 3243 4531 τὴν
3278 4458 3524 4528 ἀθυμίαν
3573 4456 3785 4511 ἐντεῦθεν

2239 4543 2536 4607 τίκτοντες,
2589 4540 2805 4605 ἑαυτοῖς
2836 4541 2893 4597 δὲ
2942 4541 3198 4612 μέγιστον
3223 4542 3315 4595 τὸν
3344 4541 3570 4613 δλεθρον
3605 4543 3690 4594 καὶ
3711 4539 3783 4609 τὴν

2242 4624 2446 4696 ζημίαν
2481 4625 2772 4697 ἀφόρητον.

2313 4709 2379 4780 β’.
2405 4709 2556 4779 Τάχα
2580 4708 2944 4780 σφοδροτέραν
2964 4711 3064 4782 τὴν
3090 4708 3405 4782 ἐπιτίμησιν
3420 4709 3779 4784 ἐποιησάμεθα·

2239 4794 2362 4847 ὅσον
2397 4791 2498 4863 μὲν
2532 4792 2669 4864 πρὸς
2689 4793 2789 4864 τὴν
2812 4794 3088 4865 ἡμετέραν
3116 4796 3500 4865 φιλοστοργίαν
3536 4794 3784 4865 σφοδροτέ-

2245 4895 2344 4947 ραν
2365 4918 2381 4941 ,
2419 4877 2543 4930 ὅσον
2592 4876 2651 4930 δὲ
2680 4877 2817 4948 πρὸς
2844 4878 2904 4930 τὸ
2947 4879 3177 4948 μέγεθος
3221 4878 3316 4932 τοῦ
3347 4879 3782 4950 πλημμελήματος

2240 4963 2361 5015 οὐδὲ
2381 4962 2479 5033 τὴν
2507 4960 2682 5025 ἀξίαν.
2703 4961 2842 5013 Ἀλλ’
2868 4962 3017 5033 ὅμως
3041 4963 3228 5034 ἐπειδὴ
3256 4964 3445 5016 δεῖκαὶ
3466 4966 3579 5028 τοῖς
3604 4978 3783 5015 πεπτω-

2241 5045 2371 5104 κόσι,
2388 5046 2547 5114 χεῖρα
2569 5043 2803 5115 ὀρέγειν,
2837 5040 2933 5099 καὶ
2966 5047 3095 5119 περὶ
3134 5048 3257 5111 τοὺς
3292 5047 3545 5100 τοσοῦτον
3585 5046 3780 5118 ἐρρᾳθυ-

2243 5127 2491 5200 μηκότας
2521 5127 2620 5198 τὴν
2665 5128 2935 5200 πατρικὴν
2991 5129 3206 5184 εὔνοιαν
3255 5130 3643 5198 ἐπιδείξασθαι,
3689 5126 3781 5181 οὐδὲ

2240 5212 2411 5276 οὔτως
2431 5212 2853 5285 ἀπαγορεύομεν
2875 5215 3057 5278 αὐτοῖς
3075 5216 3174 5286 τὴν
3195 5218 3470 5287 σωτηρίαν
3493 5233 3507 5247 ’
3539 5217 3688 5287 μόνον
3709 5214 3782 5265 ἐὰν

2242 5297 2543 5370 βουληθῶσι
2580 5298 2779 5373 μηκέτι
2803 5302 2914 5364 τοῖς
2939 5301 3124 5361 αὐτοῖς
3140 5302 3300 5355 πάλιν
3326 5304 3656 5373 περιπεσεῖν,
3674 5296 3781 5352 ἀλλὰ

2242 5368 2402 5453 μέχρι
2434 5368 2623 5436 τούτου
2644 5368 2850 5454 στῆσαι
2874 5384 2942 5437 τὰ
2969 5385 3068 5455 τῆς
3090 5385 3379 5457 ῥᾳθυμίας,
3398 5368 3490 5437 καὶ
3511 5379 3782 5452 ἀπαγορεῦ·

2241 5482 2329 5519 σαι
2358 5468 2572 5529 ἑαυτοῖς
2592 5468 2691 5537 τὴν
2717 5469 2810 5520 ἐπὶ
2838 5468 2939 5532 τὰς
2969 5468 3331 5540 ἱπποδρομίας
3361 5470 3565 5532 ἄνοδον,
3590 5469 3675 5521 καὶ
3698 5466 3780 5516 πᾶν

2238 5566 2338 5604 σαν
2362 5552 2461 5619 τὴν
2483 5550 2739 5620 τοιαύτην
2768 5553 3064 5623 σατανικὴν
3092 5552 3344 5622 θεωρίαν.

2307 5635 2586 5704 Δεσπότην
2622 5634 2732 5704 γὰρ
2763 5635 2965 5705 ἔχομεν
3018 5636 3399 5707 φιλάνθρωπον
3461 5638 3556 5690 καὶ
3606 5636 3778 5705 ἥμερον

2304 5866 2330 5905 b
2360 5864 2492 5915 Unus
2513 5865 2689 5915 πολλοῦ
2714 5869 2883 5931 κόπου,
2907 5868 3031 5919 alius
3051 5867 3228 5919 πολλοῦ
3250 5869 3410 5928 τόνου,
