4006 6368
232 411 358 467 1045

231 530 497 592 postquam
520 519 726 574 iibe'tali
750 532 913 575 manu
942 521 1143 575 semina
1166 522 1304 577 si‘uui
1342 532 1494 576 terrae
1511 522 1796 587 commisit,

227 624 393 680 neque
432 609 648 679 dignum
696 610 963 671 laboribus
988 628 1207 681 germen
1235 613 1375 667 videt
1418 612 1662 677 exoriri,
1694 628 1798 667 non

225 702 402 756 eadem
430 716 550 754 cum
596 702 759 756 animi
800 702 1074 758 alacritate
1120 705 1497 773 agriculturam
1540 713 1798 759 exercet:

222 793 466 860 quoniam
494 796 623 860 spes
645 792 903 848 ubertatis
922 792 1132 864 frugum
1164 809 1381 865 semper
1405 795 1701 849 molestiam
1724 793 1802 849 la-

222 886 405 940 borum
457 884 744 939 imminuit.
768 885 891 940 Pari
942 887 1147 943 ratione
1183 901 1281 942 nos
1324 892 1534 958 quoque
1579 887 1801 942 multum

222 975 359 1029 hunc
388 973 614 1029 docendi
644 975 880 1031 laborem
907 986 1061 1046 atque
1083 977 1262 1032 animo
1291 977 1553 1034 ferremus
1582 1020 1597 1045 ,
1628 978 1672 1032 si
1704 994 1801 1032 nos

219 1065 485 1136 quidpiam
515 1064 804 1136 profecisse
826 1068 1195 1125 cohortatione
1223 1078 1402 1125 nostra
1430 1069 1801 1125 didicissemus

219 1157 281 1212 ad
306 1158 593 1213 utilitatem
621 1158 854 1215 vestram
897 1160 1314 1230 promovendam
1346 1179 1359 1214 :
1382 1160 1493 1230 jam
1523 1176 1653 1216 vero
1678 1174 1799 1214 cum

220 1250 609 1321 conspiciamus
634 1251 775 1322 quod
800 1258 922 1322 post
946 1264 1050 1307 tam
1076 1254 1271 1308 multas
1290 1251 1687 1308 cohortationes
1707 1258 1802 1306 no-

210 1351 374 1408 stras,
404 1352 525 1412 post
550 1352 657 1399 tam
688 1345 881 1399 multas
909 1342 1300 1401 admonitiones
1324 1357 1378 1400 et
1405 1344 1798 1416 castigationes,

220 1436 413 1505 (neque
436 1437 578 1490 enim
605 1438 931 1492 cessavimus
949 1437 1101 1494 vobis
1136 1437 1189 1492 in
1216 1437 1527 1493 memoriam
1551 1438 1802 1493 revocare

221 1527 550 1582 tremendum
595 1527 725 1584 illud
757 1530 986 1584 tribunal
1012 1571 1026 1595 ,
1058 1530 1390 1586 inevitabiles
1429 1530 1549 1585 illas
1577 1544 1759 1600 poenas
1780 1569 1796 1595 ,

221 1614 390 1685 ignem
420 1617 568 1671 illum
595 1660 608 1685 ,
638 1618 726 1689 qui
752 1634 1039 1690 numquam
1067 1621 1454 1690 exsﬁnguitur,
1485 1629 1539 1676 et
1564 1634 1800 1675 vermem

220 1706 305 1776 qui
332 1715 620 1778 numquam
644 1709 889 1776 moritur,
919 1691 1107 1765 Eorum
1136 1711 1423 1775 nonnullis,
1454 1711 1543 1780 qui
1565 1710 1679 1765 haec
1701 1724 1800 1762 au-

218 1795 367 1851 diunt
390 1838 405 1863 ,
440 1799 573 1868 (non
618 1800 759 1854 euint
797 1800 849 1854 in
877 1806 1065 1857 omnes
1097 1802 1416 1857 sententiam
1458 1800 1606 1868 fero,
1638 1800 1801 1868 absit)

214 1889 405 1944 horum
436 1892 673 1946 muniunt
700 1894 897 1961 oblitis,
923 1898 1110 1950 rursus
1138 1896 1212 1950 illi
1238 1896 1474 1951 satanico
1499 1910 1557 1951 se
1578 1894 1802 1950 Circen-

180 1980 185 1987 ’
217 1983 349 2038 sium
376 1987 686 2054 spectaculo
708 1987 991 2054 dederunt,
1022 2004 1126 2059 qua
1154 1988 1366 2043 tandem
1405 1983 1802 2057 exspectatione

218 2074 391 2130 laetati
439 2076 734 2133 redibi'mus
776 2079 848 2133 ad
886 2080 1102 2135 eosdem
1150 2078 1400 2146 labores,
1430 2088 1486 2134 et
1532 2079 1668 2134 hanc
1696 2079 1802 2133 illis

214 2163 512 2221 doctrinam
555 2168 884 2237 spiritual‘em
926 2180 1253 2241 appellemus
1278 2213 1294 2238 ,
1316 2177 1441 2225 eum
1475 2170 1676 2226 nullum
1708 2170 1803 2225 eos

216 2258 338 2313 inde
365 2258 597 2315 frttctum
629 2263 931 2330 percepisse
958 2263 1232 2317 videamus
1262 2304 1277 2328 ,
1310 2263 1403 2317 sed
1432 2252 1799 2317 consuetudini

212 2346 419 2403 cuidam
441 2358 653 2407 temere
676 2352 1032 2423 obsequentes
1056 2368 1176 2406 cum
1202 2352 1479 2423 applause,
1509 2367 1626 2423 qua:
1651 2352 1799 2407 dice-

214 2440 405 2495 bantur
448 2457 482 2497 a
529 2442 1018 2514 nobis,ex‘cepisse
1056 2444 1314 2516 nobisque
1362 2445 1799 2516 signiﬁcationem

128 2604 129 2611 γ
212 2530 426 2588 dedisse
471 2533 759 2603 voluptatis
784 2535 900 2603 ejus
928 2548 1087 2604 quam
1128 2551 1193 2590 ex
1233 2535 1429 2590 nostris
1467 2535 1803 2590 sermonibus

212 2622 532 2691 capiebant,
562 2637 625 2678 ac
670 2624 864 2680 deinde
911 2641 1095 2681 rursus
1138 2626 1206 2680 ad
1246 2624 1456 2681 Circum
1481 2628 1800 2691 accurrere,

212 2714 511 2786 major-ique
537 2731 657 2771 cum
682 2717 960 2788 applause,
983 2727 1036 2774 et
1061 2718 1314 2774 effrenata
1338 2714 1569 2790 quadam
1591 2719 1803 2775 insania

212 2812 452 2868 cursibus
484 2814 800 2882 agitatorum
830 2812 1008 2870 favere
1033 2855 1047 2880 ,
1077 2820 1283 2869 summa
1307 2813 1649 2869 cententione
1681 2828 1801 2867 cum

211 2907 311 2963 illis
340 2922 670 2963 concurrere
696 2949 711 2973 ,
741 2915 794 2961 et
839 2906 976 2961 inter
1012 2921 1071 2961 se
1114 2905 1418 2977 frequenter
1458 2906 1663 2961 velitari
1698 2946 1712 2970 ,
1741 2920 1804 2960 ac

210 2998 407 3065 dicere,
444 3014 611 3053 unum
641 2998 854 3069 quidem
883 3014 947 3054 ex
979 3000 1130 3069 equis
1159 3014 1261 3054 non
1286 3007 1435 3055 recte
1458 2999 1757 3054 cucurrisse
1786 3040 1800 3064 ,

209 3090 436 3145 alterum
469 3106 603 3144 vero
632 3091 1026 3160 supplanuttmn
1055 3102 1176 3145 esse
1203 3092 1507 3160 prolapsum
1534 3132 1549 3153 ,
1581 3100 1634 3146 et
1660 3090 1805 3144 lmue

211 3182 425 3252 quidem
471 3182 551 3238 illi
584 3183 827 3252 agitatori
858 3199 916 3239 se
941 3184 1249 3254 adjungcre,
1283 3184 1428 3238 illum
1452 3199 1581 3239 vero
1606 3183 1758 3239 alteri
1786 3226 1800 3245 ,

208 3288 307 3327 nec
336 3288 568 3344 usquam
598 3288 691 3327 eos
722 3282 902 3328 mente
928 3272 1142 3329 versare
1160 3316 1175 3340 ,
1204 3274 1286 3329 vel
1311 3264 1580 3330 recordari
1611 3275 1802 3329 vei-bo-

209 3379 325 3419 rum
353 3376 693 3431 nostromm,
722 3378 895 3435 neque
917 3365 1269 3436 spiritualium
1299 3365 1807 3434 tremendorumque

210 3457 595 3529 mysteriorum
623 3460 740 3526 qua:
772 3456 857 3511 hic
893 3457 1228 3512 celebrantur
1250 3500 1264 3524 ,
1297 3458 1389 3512 sed
1424 3459 1572 3528 quasi
1614 3456 1806 3513 diaboli

212 3548 417 3620 laqueis
438 3548 637 3618 captivi
670 3558 968 3612 teneantur,
1000 3549 1103 3603 illic
1122 3554 1266 3603 totos
1288 3549 1402 3603 dies
1426 3549 1722 3609 traducere.
1757 3559 1811 3603 et

211 3642 469 3697 satani'ci's
498 3639 817 3709 Spectaculis
839 3654 897 3694 se
917 3639 1135 3706 dedere,
1166 3655 1332 3710 seque
1359 3641 1559 3695 .lttdzeis
1582 3657 1644 3695 ac
1660 3642 1809 3697 Cea-

212 3734 393 3789 tilibus
415 3732 723 3804 opprobriis
747 3731 1048 3787 obrbe‘ndos
1068 3746 1357 3801 exponere,
1382 3733 1591 3802 illisque
1616 3734 1702 3802 qui
1728 3749 1812 3787 re-

211 3824 310 3879 bus
334 3825 541 3880 nostris
561 3823 824 3879 voluerint
842 3823 1182 3878 obtrectare?

285 3916 328 3968 Α
360 3914 674 3986 spectaculis
700 3914 928 3983 profanis
953 3916 1150 3967 avocat.
1177 3944 1246 3955 —
1270 3908 1399 3982 Quis
1423 3929 1571 3986 ergo.
1604 3917 1812 3970 tametsi

214 4005 378 4063 fuerit
423 4008 589 4078 plane
630 4014 824 4061 saxeus
846 4047 861 4072 ,
889 4013 982 4060 aut
1010 4006 1255 4073 stupidus
1279 4048 1292 4071 ,
1322 4006 1427 4062 hoc
1468 4007 1584 4061 sine
1628 4006 1815 4060 dolore

215 4098 360 4154 t‘er’re
386 4098 593 4169 poterit
617 4139 632 4163 ,
664 4095 858 4152 nedum
884 4110 1006 4160 nos,
1034 4096 1124 4167 qui
1152 4111 1279 4166 erga
1306 4111 1402 4150 vos
1425 4111 1612 4151 omnes
1634 4106 1814 4166 pater-

215 4202 345 4245 num
389 4186 651 4245 affectum
699 4187 954 4243 exhibere
1004 4186 1414 4243 contendimus?
1438 4187 1622 4250 Neque
1672 4189 1814 4243 enim

217 4282 322 4336 hoc
368 4280 553 4334 solum
600 4287 683 4334 est
709 4322 725 4347 ,
764 4278 905 4349 quod
955 4277 1107 4333 nobis
1146 4278 1385 4332 dolorem
1426 4279 1630 4345 inurit,
1676 4279 1817 4348 quod

215 4360 469 4432 inutilem
516 4378 753 4428 nostrum
786 4373 1018 4428 laborem
1066 4371 1442 4439 reddatis,sed
1486 4372 1654 4425 multo
1708 4387 1816 4425 ma-

213 4468 298 4536 gis
344 4467 561 4538 tangit,
609 4468 731 4520 eum
776 4464 930 4519 nobis
978 4464 1122 4519 venit
1171 4464 1222 4519 in
1260 4472 1493 4519 mentem
1545 4478 1680 4530 eos,
1730 4464 1818 4534 qui

218 4562 336 4617 lucc
370 4561 611 4625 faciunt,
645 4559 947 4629 graviorem
976 4559 1073 4612 sibi
1097 4557 1490 4613 damnationem
1522 4571 1817 4612 accersere.

214 4655 327 4711 Nos
354 4653 509 4708 enim
537 4651 777 4707 laborum
807 4651 1107 4706 mercedem
1127 4667 1154 4704 a
1176 4638 1399 4706 Domino
1414 4661 1817 4719 BXSpeClalml82

215 4745 485 4815 quoniam
516 4742 566 4798 id
594 4742 733 4813 quod
765 4741 934 4797 nostri
961 4742 1198 4798 muneris
1220 4741 1334 4804 fuit,
1360 4742 1701 4812 perfecimus,
1729 4757 1821 4811 pe—

214 4838 442 4892 cuniam
488 4832 842 4904 carpendimus
859 4873 873 4898 ,
898 4842 949 4887 et
977 4833 1235 4887 creditum
1262 4832 1413 4888 nobis
1436 4834 1685 4888 talentum
1710 4826 1824 4886 dis-

217 4929 556 4991 tribuimus,
586 4922 717 4979 nihil
765 4932 949 4979 en’rum
995 4936 1111 4995 quae
1171 4926 1470 4979 "naturarum
1514 4932 1668 4979 erant
1706 4939 1826 4994 par-

216 5018 356 5074 tium
405 5016 884 5088 prastermisimu‘s;
916 5015 1004 5085 qui
1037 5016 1166 5071 vero
1193 5015 1496 5084 spiritttales
1532 5016 1627 5068 bas
1667 5030 1829 5084 pecu-

216 5114 339 5167 nias
357 5112 710 5178 acceperunt,
723 5107 1518 5179 quam,‘qumso,excusatiouem
1535 5105 1824 5169 habebunt,

215 5202 389 5271 quam
420 5200 659 5263 veniam,
678 5194 801 5253 ’cum
832 5202 934 5252 non
966 5198 1069 5251 illa:
1094 5206 1293 5251 tantum
1319 5196 1386 5251 ab
1409 5197 1487 5250 eis
1515 5194 1825 5267 exigentur,

217 5296 317 5350 sed
352 5295 527 5349 etiam
555 5300 791 5363 quaestus
814 5288 1285 5357 illarutn?‘Quibus
1312 5288 1482 5343 oculis
1500 5288 1732 5358 judicent
1758 5290 1830 5341 in-

223 5385 705 5455 tuebu‘ntut-‘I‘Quo
728 5394 879 5455 pacto
903 5382 1285 5439 formidabilem
1304 5383 1452 5436 illum
1473 5381 1612 5437 diem
1637 5382 1827 5449 ferent,

222 5477 582 5538 intoleranda
631 5475 937 5532 tormenta?
984 5474 1119 5530 Num
1171 5475 1313 5529 enim
1368 5472 1435 5528 ad
1484 5474 1830 5544 ignorantiam

217 5572 536 5641 confugere
575 5567 866 5639 poterunt?
890 5566 1137 5635 Qu0tidie
1167 5565 1514 5619 incla'tnamus
1534 5606 1548 5631 ,
1572 5564 1831 5620 admone-

224 5676 375 5728 mus,
406 5657 780 5727 cohort'amur,
812 5658 1010 5714 fraudis
1042 5655 1329 5729 perniciem
1361 5648 1677 5721 indicamus,
1710 5658 1832 5721 gra-

222 5758 462 5810 vitalem
496 5752 695 5816 damni,
720 5748 945 5806 satanici
973 5753 1269 5806 conventus
1297 5745 1498 5810 dolum,
1530 5760 1626 5799 nec
1658 5753 1832 5799 tamen

223 5852 301 5904 ita
349 5843 631 5918 potuimus
656 5852 1016 5900 commovere.
1044 5838 1179 5908 Quid
1209 5838 1328 5896 dico
1361 5836 1505 5893 diem
1544 5837 1689 5894 illum
1719 5835 1828 5891 lor-

1458 411 1545 465 DE
1583 407 1855 464 LAZAR‘G
1890 404 2136 464 CONCIO
2178 407 2283 466 Vll.

3360 410 3494 465 1048

1914 522 2258 580 tnidabilem?
2288 520 2503 580 Interim
2543 524 2611 581 de
2660 527 2814 596 hujus
2854 525 2976 579 vita:
3006 525 3166 581 rebus
3194 540 3496 583 sermonem

1912 614 2266 669 instituamus.
2299 616 2414 682 Quo
2444 624 2633 685 pacto,
2661 629 2875 684 quaeso,
2908 624 3196 684 poterunt,
3230 616 3320 686 qtti
3349 627 3492 672 sata-

1910 707 2028 761 nico
2058 706 2132 761 illi
2163 700 2468 777 spectaculo
2495 706 2781 767 intersunt.
2804 707 2909 763 huc
2936 708 3267 763 conlidenter
3290 710 3492 778 venire,

1907 800 2028 853 cum
2060 806 2119 854 se
2144 798 2209 852 ab
2231 798 2538 869 ins-urgente
2565 814 2628 853 ac
2644 798 2987 853 vehementer
3009 799 3339 854 reclamante
3367 814 3497 853 eon-

1908 889 2129 943 scientia
2166 904 2259 943 sua
2284 890 2515 945 sentiant
2538 888 2920 945 condemnari?
2940 890 3131 944 Annon
3165 891 3386 945 audiunt
3408 890 3494 946 isti

1906 978 2117 1033 beatum
2150 978 2680 1045 Paulum,doctorem
2715 979 2861 1034 orbis
2888 989 3149 1035 terrarum
3181 980 3448 1036 dicentem
3480 998 3492 1033 :

1909 1070 2037 1135 Quae
2060 1072 2270 1126 societas
2299 1071 2400 1125 luci
2435 1071 2503 1124 ad
2546 1068 2789 1135 tenebras,
2819 1079 2907 1125 aut
2932 1080 3044 1141 qua:
3067 1088 3187 1141 pars
3215 1072 3357 1141 ﬁdeli
3380 1087 3495 1125 cum

1903 1157 2101 1229 inﬁdeli
2131 1159 2206 1233 (2.
2234 1161 2351 1216 Cor.
2382 1160 2434 1217 6.
2468 1160 2599 1232 ηγρ
2623 1160 2827 1230 Quanta
2866 1162 3008 1216 enim
3042 1161 3493 1217 eond'emnatioue

1906 1248 2121 1322 dignum
2161 1253 2486 1309 censendum
2530 1262 2612 1308 est
2633 1294 2650 1320 ,
2674 1268 2798 1309 cum
2829 1254 3030 1319 lidelis,
3058 1254 3147 1324 qui
3179 1269 3393 1323 precum
3438 1262 3495 1308 et

1906 1343 2303 1398 tretuendortun
2348 1344 2722 1416 mysteriorum
2752 1359 2870 1416 quae
2898 1343 2985 1399 hic
3022 1344 3395 1409 celebrantur,
3428 1358 3492 1396 ac

1905 1434 2193 1502 spiritualis
2235 1432 2492 1491 dectrinze
2531 1436 2801 1507 particeps
2839 1433 3029 1500 fuerit,
3058 1444 3180 1504 post
3206 1433 3363 1504 lmjus
3390 1434 3492 1488 loci

1906 1524 2221 1582 sacrificium
2250 1529 2488 1584 satanico
2522 1529 2600 1584 illi
2639 1529 2944 1599 spectaculo
2969 1543 3090 1583 cum
3128 1526 3327 1583 infideli
3356 1530 3459 1582 assi
3480 1556 3494 1566 -

1905 1615 2061 1685 deat,
2087 1633 2208 1672 cum
2245 1628 2314 1674 eo
2354 1620 2443 1690 qui
2490 1620 2544 1674 in
2575 1619 2808 1675 tenebris
2847 1620 3134 1689 impietatis
3169 1620 3417 1684 aberrat,
3448 1620 3494 1674 is

1905 1708 1994 1776 qui
2016 1707 2142 1762 solis
2161 1708 2381 1780 justitia:
2401 1708 2559 1765 fuerit
2585 1710 2747 1765 radiis
2773 1710 3101 1764 illustratus?
3127 1710 3240 1777 Qua
3262 1711 3489 1773 ratione.

1905 1812 2087 1866 qua-so
2106 1839 2120 1862 ,
2151 1798 2403 1870 deinceps
2432 1800 2723 1869 poterimus
2751 1800 3047 1856 Gentilibus
3076 1810 3166 1855 aut
3194 1800 3393 1857 Judaeis
3432 1817 3494 1855 us

1906 1888 2192 1945 obturare?
2214 1891 2328 1960 Qua
2361 1892 2569 1946 ratione
2608 1891 2858 1947 inducere
2898 1893 3188 1948 valebimus
3213 1935 3227 1956 ,
3256 1907 3320 1946 ac
3364 1907 3489 1962 per-

1906 1982 2129 2037 suadere
2154 2022 2169 2046 ,
2195 1992 2251 2036 ut
2276 1983 2342 2037 ad
2371 1980 2578 2053 pietatis
2607 1992 2783 2050 partes
2805 1992 3076 2039 transeant
3098 2024 3111 2047 ,
3138 1998 3260 2037 eum
3288 1997 3382 2037 eos
3411 1982 3492 2036 vi-

1904 2074 2065 2130 deant
2088 2116 2102 2141 ,
2129 2076 2221 2146 qui
2245 2085 2387 2131 stant
2413 2093 2442 2130 a
2475 2076 2628 2131 nobis
2652 2118 2665 2141 ,
2695 2077 2746 2131 iu
2780 2076 3087 2145 perniciosis
3114 2064 3216 2131 illis
3241 2075 3494 2143 omnique

1904 2165 2141 2220 sordium
2168 2182 2361 2236 genere
2386 2166 2806 2220 redundantibus
2837 2166 3053 2219 theatris
3073 2179 3193 2219 eum
3221 2165 3324 2218 illis
3344 2178 3492 2219 com-

1905 2256 2137 2312 misceri.
2166 2248 2272 2311 Cur
2293 2256 2432 2311 cuit'n
2458 2298 2472 2320 ,
2498 2272 2708 2327 quaeso,
2743 2266 3016 2326 postquam
3051 2256 3152 2309 huc
3183 2254 3374 2309 venisti
3398 2295 3414 2321 ,
3443 2264 3497 2308 ct

1904 2349 2140 2402 animum
2179 2344 2479 2417 exp’urgasti
2504 2388 2520 2413 ,
2554 2359 2894 2416 mentemque
2940 2345 3005 2400 ad
3054 2345 3398 2400 sobrietatem
3441 2352 3496 2398 et

1905 2440 2275 2495 contritioncm
2322 2439 2573 2494 iuduxisti
2606 2480 2622 2504 ,
2657 2454 2838 2493 rursus
2879 2438 3003 2493 illuc
3053 2437 3238 2493 abiens
3268 2437 3491 2506 teipsum

1905 2530 2274 2587 contaminas?
2303 2531 2416 2586 Non
2447 2526 2599 2585 audis
2637 2530 2932 2601 sapientem
2979 2528 3261 2600 quemdam
3305 2527 3491 2582 dicen-

1906 2620 2014 2677 tem
2041 2642 2052 2675 :
2081 2623 2225 2679 Unus
2245 2623 2528 2692 wdiﬁcans,
2548 2632 2592 2675 et
2616 2638 2745 2675 unus
2767 2622 3052 2686 destructis,
3074 2620 3195 2689 quid
3221 2619 3494 2690 proﬁciunt

1906 2716 2069 2783 aliud,
2086 2732 2237 2787 quam
2265 2715 2458 2770 labores
2483 2713 2669 2785 (Eccli.
2688 2702 2782 2770 54.
2808 2713 2936 2787 28)⁴2
2953 2713 3009 2768 ld
3036 2727 3161 2767 vero
3179 2727 3318 2767 nunc
3336 2711 3496 2767 etiam

1909 2808 1985 2864 lit.
2018 2809 2148 2865 Cum
2178 2810 2319 2864 enim
2351 2824 2413 2863 ea
2459 2824 2575 2880 qua:
2610 2823 2639 2861 a
2681 2808 2836 2862 nobis
2878 2807 2963 2861 hic
3003 2802 3263 2860 aedificata
3293 2804 3498 2858 fuerant

1911 2903 2003 2973 'per
2023 2902 2314 2958 doctrinam
2339 2902 2625 2967 assiduam,
2649 2911 2703 2954 ct.
2727 2881 3224 2969 spiritualetnﬁtanc
3249 2894 3495 2951 admoni-

1911 2997 2106 3050 tionem
2132 3036 2146 3060 ,
2173 2993 2452 3049 confestim
2489 2993 2611 3045 illnc
2639 2992 2824 3046 abiens
2853 2991 3029 3045 omnia
3054 2988 3325 3051 destruas,
3359 2996 3414 3040 et
3444 2985 3496 3037 in

1911 3088 2289 3156 pavimentum,
2315 3095 2371 3137 ut
2402 3085 2467 3136 ita
2497 3084 2696 3152 loquar,
2729 3082 2967 3150 abjieias,
2991 3079 3115 3149 quid
3139 3078 3290 3132 nobis
3309 3075 3500 3145 prode-

1909 3180 2010 3243 rit,
2040 3177 2083 3232 si
2124 3192 2308 3249 rursus
2351 3176 2629 3229 a‘diliciunt
2672 3176 3059 3236 instauremus,
3086 3179 3140 3224 et
3168 3184 3263 3223 vos
3308 3168 3495 3221 iturum

1910 3260 2230 3325 destruatis?
2255 3264 2384 3335 Quis
2429 3285 2533 3320 non
2584 3280 2805 3320 summa:
2845 3262 3126 3318 dementia:
3158 3263 3259 3316 hoc
3298 3260 3525 3314 facinus,

1911 3361 2105 3416 dixerit
2128 3358 2191 3415 ac
2214 3354 2449 3413 furoris?
2477 3358 2567 3412 Dic
2597 3357 2736 3411 enim
2765 3399 2778 3422 ,
2806 3370 2988 3424 qttteso
3007 3395 3021 3420 ,
3050 3354 3092 3407 si
3124 3355 3176 3407 in
3216 3351 3499 3407 sensilibus

1913 3455 2029 3509 istis
2055 3454 2294 3509 adificiis
2313 3495 2328 3522 ,
2356 3469 2474 3523 qua:
2495 3467 2557 3506 ex
2587 3451 2849 3521 lapidibus
2874 3456 3275 3511 construuntur,
3306 3462 3517 3517 (πυρίη-ι

1915 3547 2052 3616 piam
2084 3560 2332 3601 cerneres
2364 3543 2465 3597 hoc
2485 3551 2725 3614 agentem
2753 3559 2764 3595 :
2789 3555 2964 3595 nonne
2986 3554 3108 3594 eum
3136 3548 3402 3608 tamquam
3423 3538 3501 3589 l'tt-

1914 3641 2113 3692 riosum
2132 3637 2434 3703 intuereris,
2452 3646 2540 3689 aut
2569 3636 2759 3690 frustra
2790 3643 2842 3688 et
2859 3633 3124 3687 incassum
3147 3630 3501 3689 laborantem,

1914 3740 1969 3783 et
2006 3730 2182 3783 omnia
2222 3728 2315 3782 sua
2357 3727 2409 3781 in
2442 3742 2528 3781 res
2558 3726 2771 3780 inutiles
2793 3723 3219 3794 expendentem?
3247 3722 3362 3776 Pari
3415 3738 3503 3774 ra-

1920 3826 2060 3878 tione
2106 3822 2177 3877 de
2221 3821 2324 3876 hoc
2362 3819 2620 3890 spirituali
2670 3817 2897 3872 aedilicio
2944 3815 3300 3879 ratiocinarc,
3346 3823 3505 3884 atque

1917 3914 2157 3968 eamdem
2189 3911 2267 3967 fer
2290 3911 2627 3966 sententiam.
2659 3908 2820 3972 Ecce,
2849 3921 2945 3963 nos
2970 3906 3203 3977 quidem,
3228 3914 3504 3975 postquam

1921 4005 1972 4059 id
2006 4002 2155 4058 nobis
2181 4002 2416 4056 muneris
2444 4016 2471 4053 a
2502 4000 2666 4070 gratia
2694 3998 2872 4052 divina
2900 3996 3132 4051 delatum
3159 4006 3259 4061 est,
3284 3995 3505 4065 singulis

1920 4094 2109 4150 diebus
2135 4091 2413 4162 Spirituale
2438 4089 2539 4143 hoc
2561 4089 2841 4144 aedilicium
2866 4088 2916 4140 itt
2938 4085 3102 4139 altum
3133 4084 3386 4153 erigimus
3407 4123 3424 4149 ,
3451 4095 3505 4136 et

1920 4201 2016 4239 vos
2057 4181 2123 4237 ad
2173 4182 2380 4237 virtutis
2423 4179 2717 4233 doctrinam
2770 4175 3061 4247 provehere
3101 4174 3375 4229 studemus
3409 4190 3421 4225 ς
3455 4183 3511 4227 at

1923 4274 2162 4330 nonnulli
2209 4270 2299 4343 qui
2336 4272 2438 4325 huc
2480 4279 2842 4334 concurrunt,
2869 4264 3151 4320 aedilicium
3194 4263 3361 4319 tnulto
3385 4280 3506 4318 cum

1925 4369 2106 4423 labore
2130 4377 2341 4420 auctum
2376 4356 2484 4417 uno
2515 4360 2766 4430 temporis
2793 4367 3064 4413 momento
3085 4358 3197 4413 suis
3224 4370 3509 4428 propemo-

1924 4460 2047 4515 dum
2077 4457 2318 4513 ntanibus
2352 4470 2447 4524 per
2472 4462 2731 4507 summam
2777 4451 2912 4504 hanc
2960 4448 3215 4503 desidiam
3265 4448 3313 4501 in
3363 4447 3512 4516 pavi-

1927 4560 2164 4608 mentum
2207 4544 2495 4617 dejiciunt,
2526 4556 2580 4598 et
2624 4544 2776 4599 nobis
2816 4543 3029 4614 quidem
3070 4543 3337 4611 ingentem
3390 4539 3514 4594 inde

1928 4642 2193 4698 tristitiam
2226 4643 2435 4710 pariunt
2465 4678 2481 4705 ,
2509 4638 2612 4692 sibi
2643 4652 2771 4691 vero
2807 4635 3094 4707 perniciem
3124 4642 3419 4688 extremam
3460 4642 3512 4685 et

1930 4731 2263 4790 intolerabile
2287 4730 2536 4785 damnum
2564 4728 2908 4784 contrahunt.

1997 4825 2051 4880 ‘2.
2081 4826 2365 4895 Asperiore
2393 4818 2617 4877 fortasse
2642 4819 3061 4891 reprehensione
3097 4818 3178 4873 ttsi
3210 4831 3393 4872 smnus
3428 4832 3439 4867 :
3470 4815 3516 4867 si

1930 4926 2202 4987 spectetur
2244 4914 2459 4985 quidem
2508 4922 2758 4983 paternus
2806 4910 2893 4964 hic
2931 4924 3083 4962 amor
3120 4915 3320 4969 noster,
3363 4918 3516 4973 aspe-

1933 5002 2074 5064 riore
2096 5026 2109 5074 ;
2138 5008 2219 5061 sin
2251 5015 2427 5060 autem
2449 5003 2683 5074 gravitas
2701 5000 2879 5056 delicti
2900 5005 3189 5068 spectetur,
3216 5009 3283 5049 ne
3302 4992 3517 5063 quidem

1932 5101 2061 5155 satis
2087 5099 2264 5169 digna.
2310 5098 2684 5152 Verumtamen
2727 5092 2976 5162 quoniam
3014 5089 3176 5158 lapsis
3224 5100 3412 5140 manus
3435 5090 3518 5138 est

1935 5191 2272 5263 porrigenda,
2301 5200 2459 5259 atque
2484 5198 2606 5256 erga
2650 5185 2768 5239 illos
2794 5183 2882 5253 qui
2910 5190 3014 5236 tam
3044 5180 3373 5250 negligentes
3406 5176 3520 5231 fue-

1936 5292 2081 5348 runt,
2112 5280 2325 5351 paterna
2356 5278 2654 5335 exhibenda
2683 5285 2767 5331 est
2790 5273 3182 5337 benevolentia,
3206 5287 3275 5326 ne
3310 5273 3387 5324 sic
3408 5270 3522 5339 qui~

1937 5372 2057 5432 dem
2105 5374 2171 5430 de
2210 5374 2421 5429 illorum
2462 5364 2634 5426 salute
2678 5369 3049 5439 desperamus,
3080 5362 3369 5418 dummodo
3416 5378 3522 5416 non

1937 5468 2164 5538 amplius
2195 5469 2249 5519 in
2279 5464 2464 5520 eadem
2497 5464 2661 5516 velint
2689 5460 2948 5523 recidere,
2972 5456 3066 5512 sed
3091 5456 3194 5509 huc
3214 5468 3381 5522 usque
3412 5462 3525 5506 tau-

1940 5569 2050 5615 tum
2097 5556 2430 5627 negligentia:
2472 5571 2583 5609 suae
2623 5552 2918 5621 indulgere,
2960 5547 3167 5618 sibique
3214 5546 3339 5616 ipsis
3383 5543 3527 5598 aditu

1939 5648 2268 5705 Circensium
2301 5656 2355 5702 et
2389 5642 2561 5701 omnis
2586 5641 2847 5713 ejusmodi
2875 5638 3096 5693 satanici
3120 5634 3412 5707 spectaculi
3444 5634 3525 5686 iu-

1943 5740 2222 5799 terdicant;

2013 5831 2269 5901 Confessio
2297 5835 2635 5900 peccatorum.
2672 5825 2962 5894 Benignum
2996 5821 3157 5885 enim,
3179 5821 3522 5884 clementem,
