4006 6440
567 403 697 458 ιοιτ

562 532 626 570 ae
679 512 952 580 providum
1002 511 1258 565 habemus
1304 510 1607 570 Dominum,
1656 506 1746 577 qui
1785 520 1905 559 eum
1944 511 2147 556 natura:

559 612 766 660 nostra:
803 601 1011 656 noverit
1058 599 1494 660 imbecillitatem,
1529 596 1618 650 ubi
1664 593 1980 663 negligentia
2024 605 2149 659 sup-

562 695 781 765 plautati
810 694 859 747 in
886 701 1156 761 peccaturo
1177 690 1387 759 aliquod
1414 687 1640 759 prolapsi
1673 685 1949 747 fuerimus,
1983 696 2145 736 unum

565 787 614 841 id
647 786 818 840 solum
846 799 875 839 a
921 784 1073 838 nobis
1104 783 1345 853 requirit,
1393 791 1450 835 ut
1493 796 1560 835 ne
1595 780 1962 848 desperemus,
1993 772 2086 830 sed
2116 789 2146 829 a

562 888 783 947 peccato
811 877 1130 939 resiliamus,
1171 884 1221 929 et
1249 874 1314 928 ad
1345 872 1734 928 confessionem
1774 881 2141 939 properemus.

563 968 716 1035 Quod
743 969 787 1023 si
810 967 913 1023 hoc
941 967 1213 1033 faciamus,
1241 968 1348 1020 cito
1381 980 1438 1019 se
1482 966 1691 1019 veniam
1720 963 1964 1017 daturum
1998 959 2149 1029 polli-

562 1069 755 1115 cetur:
789 1060 901 1129 ipse
928 1059 1068 1113 enim
1098 1067 1180 1113 est
1217 1058 1307 1128 qui
1336 1057 1464 1112 dicit
1511 1074 1526 1111 :
1561 1054 1822 1126 Numquid
1862 1053 1949 1123 qui
1988 1051 2141 1115 cadit,

564 1169 665 1206 nou
691 1152 926 1223 resurgit,
956 1161 1062 1215 aut,
1089 1152 1179 1216 qui
1204 1148 1378 1204 avertit
1404 1166 1477 1212 se,
1501 1164 1599 1202 non
1634 1145 1896 1201 revertitur
1927 1143 2059 1214 (λεν.
2091 1142 2144 1196 8.

564 1236 654 1303 4)?
671 1235 794 1290 llanc
812 1236 969 1305 igitur
988 1250 1110 1289 cum
1128 1235 1378 1299 sciamus,
1402 1241 1507 1286 tam
1529 1231 1841 1286 clementem
1866 1227 2144 1296 Dominum
2180 1271 2199 1294 .,

564 1341 631 1379 ne
651 1340 984 1395 Spernamus,
1007 1325 1098 1379 sed
1123 1325 1331 1378 noxiam
1354 1322 1789 1378 consuetudinem
1812 1331 2144 1388 superemus,

564 1433 738 1487 neque
757 1434 850 1488 per
866 1418 1026 1472 latam
1047 1426 1256 1489 portam
1279 1425 1333 1472 ct
1353 1416 1637 1487 spatiosam
1664 1413 1799 1467 viam
1817 1410 2144 1473 incedamus,

564 1517 723 1577 prout
743 1507 965 1563 audistis
995 1508 1154 1563 hodie
1191 1520 1525 1562 communem
1550 1503 1827 1558 Dominum
1852 1500 2147 1555 admonen-

568 1609 677 1655 tem
708 1600 761 1654 in
783 1597 1099 1669 Evangelio,
1118 1609 1182 1648 ac
1201 1599 1466 1653 dicentem
1502 1615 1516 1651 :
1550 1594 1747 1648 Intrate
1773 1609 1861 1663 per
1881 1601 2148 1661 angustant

566 1701 784 1761 portam,
816 1693 935 1761 quia
963 1693 1068 1746 lata
1105 1702 1271 1762 porta,
1303 1701 1347 1746 et
1377 1690 1600 1760 spatiosa
1628 1689 1709 1741 via
1737 1697 1840 1753 est,
1868 1701 1979 1757 qua?
2012 1683 2148 1763 ducit

566 1784 634 1837 ad
678 1786 1028 1855 perditionem,
1070 1795 1117 1839 et
1156 1785 1305 1839 multi
1345 1792 1484 1850 sunt,
1540 1782 1627 1851 qui
1675 1781 1869 1834 intrant
1910 1794 1998 1848 per
2036 1792 2147 1830 eam

564 1876 777 1945 (Matth.
810 1877 863 1930 7.
898 1875 1008 1948 15).
1041 1876 1175 1930 Dum
1205 1875 1357 1930 audis
1377 1874 1536 1929 latam
1558 1887 1678 1927 esse
1698 1879 1923 1941 portam,
1947 1878 2001 1923 et
2029 1881 2150 1936 spa-

565 1966 755 2021 tiosam
778 1967 937 2031 viam,
980 1982 1047 2020 ne
1076 1966 1356 2036 decipiaris
1404 1966 1458 2020 in
1492 1963 1754 2029 exordio,
1808 1976 1979 2031 neque
2022 1958 2146 2013 i'lud

566 2070 795 2128 spectes,
826 2057 964 2127 quod
993 2058 1141 2112 mulli
1170 2057 1277 2111 sint
1303 2056 1389 2127 qui
1430 2071 1525 2126 per
1552 2070 1667 2109 cam
1692 2054 1891 2109 intrent
1922 2069 1935 2107 :
1963 2050 2054 2107 sed
2087 2049 2150 2105 il-

564 2149 653 2202 lud
681 2149 1064 2215 animadverte,
1107 2151 1159 2203 in
1201 2158 1480 2220 augustum
1508 2147 1650 2202 illam
1682 2148 1841 2201 linem
1880 2144 2144 2200 desinere.

558 2239 697 2295 illud
746 2256 959 2312 quoque
1014 2241 1304 2312 prudenter
1350 2240 1648 2307 considera,
1698 2253 2028 2311 nequaquam
2082 2238 2149 2292 de

566 2332 746 2386 scnsili
792 2343 939 2401 porta
982 2332 1140 2387 verba
1192 2312 1326 2397 ficri,
1371 2347 1544 2402 neque
1583 2332 1650 2387 de
1689 2332 1771 2385 via
1813 2329 2145 2401 simpliciter,

566 2422 660 2477 sed
690 2424 756 2478 de
784 2432 888 2478 tota
912 2424 1015 2478 vita
1052 2433 1252 2489 nostra,
1293 2423 1361 2480 de
1386 2424 1580 2478 virtute
1622 2437 1685 2478 ac
1736 2422 1865 2478 vitio
1907 2421 2150 2475 admoui-

558 2516 764 2571 tiouem
796 2530 934 2571 esse.
970 2515 1194 2585 Propter
1217 2530 1282 2572 ea
1307 2529 1519 2586 quoque
1542 2513 1714 2569 abhis
1741 2512 1920 2569 verbis
1944 2527 2152 2568 sermo-

492 2648 494 2651 τ
566 2623 689 2661 nem
719 2606 1002 2671 inchoavit,
1026 2606 1228 2661 "Intrate
1253 2625 1342 2678 per
1365 2617 1633 2679 augustam
1672 2616 1895 2673 partam,
1934 2605 2151 2660 virtutis

564 2709 771 2768 portam
790 2699 866 2754 sic
884 2698 1176 2769 appellans.
1202 2697 1404 2754 Deinde
1429 2713 1550 2754 cum
1576 2697 1820 2761 dixisset,
1843 2685 2041 2750 Intrate
2062 2712 2151 2767 per

565 2801 833 2863 angustam
858 2800 1075 2861 portam,
1103 2808 1199 2846 nos
1213 2791 1462 2861 deinceps
1480 2805 1695 2846 causam
1713 2789 1890 2855 docet,
1905 2790 1974 2845 ob
1993 2804 2151 2859 quam

560 2881 632 2935 ad
665 2882 765 2936 hoc
794 2896 893 2935 nos
917 2881 1245 2941 cohortctur.
1275 2880 1442 2937 “Licet
1479 2882 1619 2936 enim
1663 2890 1886 2950 angusta
1926 2880 1995 2934 sit
2028 2881 2150 2946 ista,

567 2973 898 3044 multumque
950 2972 1186 3028 laborem
1231 2972 1421 3029 oll‘erat
1461 2973 1514 3028 in
1569 2974 1832 3042 ingressu,
1877 2971 1920 3026 si
1976 2978 2151 3025 tamen

563 3065 833 3135 paululum
863 3065 1136 3134 laboretis,
1168 3065 1234 3121 ad
1276 3066 1494 3121 multam
1519 3064 1848 3120 latitudinem
1880 3064 2154 3135 pervenie—

567 3157 637 3211 tis
665 3164 718 3212 et
760 3156 1184 3227 amplitudinem,
1229 3174 1348 3229 quae
1389 3172 1486 3213 vos
1530 3157 1725 3228 ingenti
1758 3156 2029 3227 voluptate
2059 3170 2152 3225 po-

566 3249 697 3305 tcrit
723 3265 986 3306 recreare.
1008 3251 1098 3306 ‘Ne
1124 3250 1284 3321 igitur
1317 3250 1419 3305 hoc
1456 3250 1727 3320 Spectetis,
1784 3249 1976 3318 inquit,
2008 3245 2152 3317 quod

563 3352 788 3413 angusta
819 3342 908 3409 slt,
938 3356 1244 3412 n'eque’vos
1269 3340 1592 3397 conturbent
1623 3339 1933 3410 primordia,
1979 3353 2154 3408 neque

564 3434 837 3504 ingressus
878 3434 1138 3503 angustim
1162 3433 1394 3489 fdesides
1428 3448 1523 3488 vos
1565 3433 1824 3499 reddant;
1866 3433 1970 3487 lata
2009 3432 2150 3487 enim

568 3525 682 3579 lucc
712 3536 885 3594 porta,
914 3534 969 3580 et
1020 3528 1252 3596 spatiosa
1304 3528 1388 3580 via
1439 3527 1634 3582 desinit
1677 3526 1728 3580 in
1775 3526 2149 3596 perditionem.

567 3616 903 3685 Quaprolitcr
926 3616 1075 3670 multi
1098 3616 1360 3672 etiam'ob
1386 3617 1529 3670 initia
1573 3624 1628 3672 et
1665 3616 1882 3672 exordia
1920 3615 2150 3684 decepti,

569 3721 744 3776 neque
768 3706 1059 3761 futurorum
1085 3707 1372 3777 quidquam
1420 3707 1791 3776 prmvidentes,
1820 3709 1871 3762 in
1902 3706 2156 3777 perditio-

570 3812 691 3850 nem
736 3796 942 3866 seipsos
975 3797 1295 3852 dediderunt
1336 3814 1349 3853 :
1401 3799 1617 3857 idcirco.
1664 3797 1795 3851 Lata
1837 3810 1928 3861 est,
1962 3798 2152 3868 inquit,

568 3897 734 3960 porta,
751 3899 796 3944 et
813 3888 1039 3959 spatiosa
1056 3891 1156 3956 ria,
1180 3905 1292 3958 quia
1317 3890 1455 3943 ducit
1474 3891 1542 3943 ait
1568 3892 1916 3960 perditionem,
1940 3902 1985 3945 et
2008 3891 2155 3944 multi

568 3989 704 4045 sunt,
730 3981 819 4050 qui
845 3981 1036 4034 intrant
1063 3998 1151 4049 per
1185 3998 1315 4035 eam.
1349 3983 1427 4036 Ac
1464 3992 1606 4037 reste
1638 3997 1769 4037 sane
1798 3984 1954 4036 latam
1987 3984 2153 4052 ipsam

569 4080 773 4140 portam
799 4070 1034 4140 vocavit,
1063 4073 1349 4142 spatiosam
1372 4074 1532 4136 viam,
1561 4088 1680 4143 qum
1704 4073 1769 4128 ad
1798 4072 2151 4143 perditionem

568 4163 802 4219 deducit.
833 4165 932 4234 Qui
962 4165 1105 4221 enim
1136 4165 1201 4219 ad
1231 4165 1383 4219 ludos
1403 4164 1679 4220 Circenses
1701 4165 1951 4221 festinant
1971 4180 2157 4220 ascen-

571 4258 720 4321 dere,
746 4267 1049 4328 czcteraque
1069 4258 1302 4311 satanica
1328 4258 1413 4311 illa
1437 4258 1762 4327 spectacula,
1791 4257 2155 4327 temperantiae

569 4351 950 4416 valedicentes,
977 4350 1224 4405 virtutem
1254 4365 1351 4420 pro
1398 4350 1564 4404 nihilo
1594 4348 1876 4413 habentes,
1916 4349 2005 4418 qui
2036 4346 2157 4402 libi-

569 4444 677 4496 dini
707 4457 770 4497 ac
797 4444 955 4512 genio
982 4443 1255 4512 indulgere
1276 4443 1481 4508 volunt,
1503 4442 1592 4511 qui
1613 4432 1821 4497 deliciis
1848 4449 1902 4496 et
1930 4440 2066 4511 gula:
2094 4454 2153 4495 se

570 4533 790 4598 dedunt,
820 4534 909 4604 qui
938 4534 1286 4605 pecuniarum
1324 4534 1615 4604 cupiditate
1639 4543 1695 4589 et
1733 4533 1937 4588 insania
1967 4534 2158 4587 stimu-

571 4624 769 4688 lantur,
801 4639 863 4678 ac
892 4624 1174 4694 prmsen‘tis
1201 4626 1321 4678 vitae
1345 4624 1643 4680 commodis
1684 4625 1906 4691 inhiant,
1948 4638 2043 4694 per
2081 4623 2157 4676 la-

570 4723 677 4768 tam
706 4724 910 4783 portam
941 4725 994 4768 et
1035 4716 1325 4780 spatiosam
1362 4716 1506 4770 viam
1537 4715 1789 4770 incedunt
1819 4734 1834 4771 :
1871 4725 2153 4786 postquam

569 4814 748 4859 autem
777 4804 937 4874 paulo
962 4804 1174 4875 longius
1195 4807 1459 4875 progressi
1503 4815 1647 4871 sunt,
1683 4806 1983 4877 multasque
2030 4822 2156 4877 pec-

569 4908 810 4953 catorum
838 4897 1075 4951 sarcinas
1110 4905 1528 4963 eoacervaruut,
1571 4897 1752 4954 afflicti
1782 4909 1837 4954 et
1874 4900 2153 4962 debilitati.

568 5008 689 5045 cum
717 4991 782 5045 ad
808 4991 904 5045 via:
925 4989 1084 5044 linem
1118 4990 1486 5060 pervenerint,
1514 4991 1736 5046 ulterius
1780 4991 2023 5062 progredi
2070 5007 2157 5046 ne-

569 5093 794 5156 queunt,
827 5100 949 5140 cum
975 5084 1076 5138 vim
1103 5091 1414 5153 premantur
1433 5082 1711 5153 angustiis,
1745 5099 1811 5138 eo
1833 5083 1974 5154 quod
2014 5084 2157 5139 mole

569 5177 773 5244 gravati
810 5185 1144 5247 peccatorum
1182 5175 1328 5230 illam
1366 5180 1626 5245 peragere
1653 5174 1871 5229 minime
1902 5177 2151 5245 .possint:

568 5286 675 5338 quo
698 5270 777 5335 fit,
798 5277 857 5323 ιιι
882 5268 937 5322 in
971 5268 1143 5337 ipsum
1185 5266 1399 5322 tandem
1451 5266 1764 5337 perditionis
1804 5267 2153 5336 praecipitium

568 5360 939 5413 devolvuntur.
980 5356 1120 5424 Quid
1162 5357 1342 5427 igitur,
1379 5372 1582 5427 qna-so,
1622 5357 1867 5428 prodest,
1916 5355 2057 5426 quod
2088 5356 2154 5410 ad

570 5450 823 5517 exiguum
850 5455 1058 5516 tempus
1080 5461 1176 5516 per
1210 5448 1498 5515 spatiosam
1539 5445 1868 5511 incedamus,
1895 5447 1940 5501 si
1970 5460 2158 5515 perpe-

573 5547 659 5591 tua
684 5537 982 5607 perditione
1009 5552 1132 5590 mox
1155 5537 1540 5605 opprimamur,
1573 5545 1628 5591 et
1654 5535 1743 5591 ubi
1774 5552 1867 5607 per
1887 5537 2152 5590 somnium

573 5628 956 5696 propemodum
999 5627 1205 5682 deliciis
1252 5628 1401 5697 potiti
1441 5627 1718 5693 fuerimus,
1770 5643 1831 5683 re
1873 5643 1996 5683 vera
2038 5643 2155 5699 sup-

505 5793 514 5807 .
575 5717 734 5785 plieio
760 5719 1097 5784 plectamur?

638 5809 861 5867 Somnio
896 5812 1071 5871 similis
1095 5823 1165 5869 est
1218 5815 1323 5869 lucc
1368 5815 1488 5868 vita.
1516 5845 1586 5856 —
1612 5816 1765 5886 Quod
1810 5818 1954 5878 enim
2000 5820 2155 5879 unius

1268 395 1324 452 S.
1363 392 1641 452 JOANNIS
1676 384 2147 446 CllllYSOSTOMl
2173 381 2488 439 ARCIIIEP.
2522 377 3048 438 CONSTANTINOP.

3671 376 3776 435 l0i8

2252 502 2421 556 noetis
2451 507 2534 554 est
2560 496 2846 563 somnium,
2882 495 2985 550 hoc
3024 503 3134 549 tota
3183 507 3420 567 praisens
3464 500 3554 547 est
3596 492 3708 559 vita,
3748 498 3782 550 si

2251 606 2370 645 cum
2398 606 2485 656 eo,
2513 590 2655 660 quod
2686 604 2784 645 nos
2825 598 3169 657 excepturum
3195 597 3299 651 est,
3324 584 3583 655 supplicio
3608 600 3782 655 compa-

2250 692 2418 737 retur.
2451 682 2584 737 Num
2626 682 2768 737 enim
2815 689 2871 735 ut
2917 689 3117 735 temore
3165 693 3196 732 ι
3241 678 3394 732 nobis
3441 678 3670 746 legantur
3697 678 3782 733 lucc

2248 775 2443 843 scripta
2489 773 2649 828 sunt?
2702 773 2988 842 Propterea
3043 769 3250 825 Domini
3298 782 3572 823 scrtnones
3613 768 3783 838 scriptis

2251 864 2490 919 mandari
2509 864 2688 934 gratia
2722 864 2950 933 Spiritus
2979 862 3148 916 sancti
3175 860 3398 926 curavit,
3427 867 3490 913 ut
3514 858 3632 913 dum
3647 874 3712 914 ex
3736 860 3783 913 iis

2250 955 2482 1011 remedia
2506 955 2895 1024 depromitnus,
2923 953 3115 1024 quibus
3140 951 3395 1006 adversus
3424 948 3687 1019 passiones
3710 964 3781 1003 nos

2253 1046 2686 1114 prtemuniamus,
2732 1044 3030 1099 imminens
3057 1042 3319 1113 possimus
3355 1040 3667 1110 supplicium
3697 1041 3781 1093 evi-

2250 1146 2383 1192 tare.
2412 1136 2767 1205 Quamobrem
2800 1146 2909 1190 tum
2949 1149 3161 1205 quoque
3205 1132 3573 1188 convenientia
3596 1131 3783 1186 vulneri-

2249 1230 2350 1285 bus
2394 1245 2581 1285 eorum
2622 1230 2881 1285 adhibens
2923 1229 3305 1284 medicamenta
3350 1227 3608 1282 Dominus
3642 1235 3784 1283 noster

2251 1321 2409 1377 Jcsns
2430 1322 2671 1377 Christus
2693 1321 3072 1376 cohortabatur
3090 1319 3274 1374 dicens
3298 1336 3312 1370 :
3336 1317 3538 1372 Intrate
3548 1333 3637 1388 per
3657 1333 3783 1387 angu-

2253 1423 2383 1468 stam
2430 1424 2647 1484 portam.
2701 1415 2989 1483 Angustam
3032 1422 3206 1465 autem
3258 1410 3401 1464 illam
3452 1409 3679 1473 vocabat,
3704 1423 3785 1463 non

2248 1502 2387 1572 quod
2411 1512 2596 1557 natura
2621 1518 2716 1559 sua
2736 1502 2805 1555 sit
2832 1510 3074 1572 angusta,
3102 1500 3197 1555 sed
3218 1498 3358 1569 quod
3384 1500 3595 1553 animus
3620 1506 3784 1558 noster,

2248 1594 2312 1649 ad
2342 1595 2598 1650 desidiam
2617 1593 2866 1664 proclivis
2888 1602 3162 1663 angustam
3199 1591 3340 1644 illam
3379 1605 3501 1645 esse
3522 1589 3781 1644 arbitretur.

2248 1688 2427 1757 Neque
2452 1688 2594 1743 enim
2622 1697 2677 1741 ιιι
2707 1703 2803 1742 nos
2842 1694 3108 1749 avocaret,
3140 1683 3337 1739 idcirco
3370 1693 3639 1753 angustam
3670 1682 3784 1737 illam

2247 1779 2552 1849 appellavit,
2582 1778 2673 1833 sed
2703 1789 2759 1833 ut
2794 1777 3012 1831 alterius
3059 1774 3387 1829 latitudinem
3440 1772 3700 1843 fugientes,
3734 1780 3776 1826 ct

2247 1887 2312 1927 ex
2353 1871 2457 1926 huc
2502 1884 2925 1941 unamquamque
2967 1876 3377 1940 cognoscentes,
3410 1867 3544 1925 hanc
3563 1864 3627 1924 ita
3650 1865 3789 1940 potius

2248 1966 2527 2034 eligamus.

2318 2058 2373 2117 3.
2403 2056 2650 2132 Exetttpla
2674 2079 2847 2117 eorum
2875 2062 2961 2133 qui
2997 2078 3085 2132 per
3123 2062 3277 2116 latam
3321 2060 3456 2114 viam
3496 2057 3790 2111 ambularent.

2247 2182 2320 2195 -—
2344 2153 2450 2208 Sed
2496 2164 2553 2208 ιιι
2587 2153 2836 2209 omnibus
2867 2154 3137 2208 intellectu
3183 2152 3354 2206 facilis
3383 2151 3473 2204 fiat
3497 2151 3672 2215 oratio,
3692 2161 3783 2215 age.

2250 2245 2294 2298 si
2325 2245 2553 2311 videtur,
2587 2259 2701 2311 eos,
2732 2245 2821 2315 qui
2853 2260 2950 2314 per
2996 2244 3156 2298 latam
3185 2251 3399 2312 portam
3431 2240 3640 2311 ingressi
3672 2251 3784 2299 sunt,

2250 2346 2308 2392 et
2326 2353 2422 2409 per
2443 2338 2731 2408 spatiosam
2758 2337 2895 2391 viam
2936 2337 3268 2390 incesserunt
3309 2335 3363 2388 in
3395 2332 3617 2389 medium
3650 2330 3783 2384 adro-

2250 2444 2455 2496 ccmus,
2483 2439 2537 2484 et
2563 2429 2681 2499 quis
2710 2443 2806 2483 eos
2830 2427 3045 2483 tandem
3076 2426 3194 2480 linis
3225 2425 3498 2496 exceperit
3524 2422 3787 2481 videamus;

2251 2520 2484 2590 itemque
2509 2519 2627 2574 illos
2655 2519 2741 2589 qui
2769 2533 2867 2590 per
2893 2526 3169 2587 angustam
3198 2525 3407 2585 portam
3441 2512 3646 2583 ingressi
3669 2521 3781 2571 sunt,

2251 2620 2308 2668 et
2334 2626 2432 2681 per
2454 2619 2656 2665 arctam
2686 2609 2848 2674 viam,
2886 2617 2941 2663 et
2972 2623 3091 2677 qrue
3120 2605 3332 2660 uiridem
3377 2604 3462 2659 isti
3490 2603 3618 2657 bona
3650 2597 3785 2654 sortiti

2252 2702 2472 2769 fuerint,
2505 2715 2911 2771 cognoscamus.
2963 2697 3137 2754 Unum
3178 2696 3339 2766 igitur
3382 2710 3449 2750 ex
3486 2695 3567 2757 iis,
3603 2692 3680 2762 qui
3712 2703 3784 2760 per

2253 2794 2412 2848 latam
2444 2792 2582 2848 hanc
2616 2802 2823 2863 portam
2865 2792 3146 2854 intrarunt,
3173 2798 3229 2843 et
3247 2803 3416 2843 unum
3436 2802 3499 2840 ex
3525 2785 3600 2848 iis,
3621 2782 3695 2852 qui
3714 2796 3784 2849 per

2252 2893 2529 2956 angustam
2556 2891 2610 2938 et
2651 2890 2851 2938 arctam
2892 2881 3030 2936 viam
3068 2884 3424 2943 incesserunt,
3463 2877 3604 2931 vobis
3630 2876 3671 2928 in
3694 2888 3781 2927 tuc-

2253 2975 2400 3031 dium
2428 2976 2780 3045 proferentes,
2812 2988 2996 3029 eorum
3029 2988 3148 3043 qua:
3189 2987 3218 3024 a
3265 2970 3496 3025 Domino
3531 2968 3654 3023 dicta
3690 2972 3783 3018 sunt

2254 3068 2532 3123 veritatem
2558 3066 2924 3134 ostendamus,
2965 3072 3022 3120 et
3048 3064 3233 3120 eadem
3274 3078 3461 3118 rursus
3505 3059 3687 3115 Domini
3710 3073 3779 3126 p.1-

2251 3159 2436 3216 rabola
2466 3170 2695 3215 utamur.
2724 3160 2976 3226 Quisnam
3004 3172 3133 3228 ergo
3161 3163 3243 3212 est
3291 3155 3382 3210 ille
3425 3154 3514 3226 qui
3550 3168 3635 3224 per
3654 3151 3780 3205 latam

2254 3264 2466 3325 portam
2492 3251 2729 3317 intravit,
2753 3259 2807 3306 et
2834 3250 3123 3320 spatiosam
3154 3248 3295 3302 viam
3324 3243 3645 3317 peragravit?
3664 3241 3781 3296 Prius

2254 3345 2396 3401 enim
2423 3344 2544 3416 quis
2566 3344 2664 3399 iste
2691 3345 2760 3399 sit
2798 3343 3046 3399 convenit
3073 3341 3313 3405 indicari,
3337 3348 3673 3410 quantumque
3690 3347 3782 3403 spa-

2239 3436 2386 3505 tium
2416 3436 2515 3489 viae
2538 3433 2850 3498 confecerit,
2880 3448 2974 3502 per
2996 3432 3154 3485 latam
3187 3429 3466 3495 incedens,
3492 3443 3551 3483 ac
3574 3436 3669 3481 tum
3688 3437 3778 3478 uta-

2253 3526 2503 3582 nifestum
2532 3525 2684 3581 vobis
2709 3524 2955 3589 reddere,
2983 3524 3034 3578 in
3056 3537 3216 3592 quem
3239 3521 3454 3576 tandem
3483 3520 3627 3574 ﬁnem
3644 3516 3779 3569 desie-

2253 3620 2343 3673 rit.
2401 3619 2480 3672 Ac
2514 3616 2627 3671 scio
2664 3615 2910 3687 equidem
2956 3629 3055 3669 vos
3100 3614 3342 3667 homines
3374 3611 3680 3683 perspicaces
3696 3606 3778 3675 jam

2252 3709 2377 3781 quid
2403 3707 2593 3764 dicturi
2622 3708 2789 3762 simus
2823 3706 3121 3775 intelligam
3156 3721 3171 3758 :
3216 3704 3557 3759 nihilominus
3594 3710 3778 3756 tamen:

2255 3804 2409 3859 nobis
2431 3803 2539 3859 diei
2571 3816 2793 3858 necesse
2817 3809 2920 3857 est.
2974 3800 3241 3854 Revocate
3268 3800 3421 3855 vobis
3450 3800 3500 3854 in
3524 3792 3775 3852 memoriam

2255 3898 2473 3953 divitem
2522 3897 2694 3961 illum,
2735 3896 2826 3965 qui
2873 3893 3113 3965 quotidie
3156 3907 3393 3964 purpura
3439 3888 3777 3946 induebaturet

2254 3988 2439 4060 bysso,
2493 3989 2581 4057 qui
2627 3985 2946 4056 epulabatur
2992 3982 3295 4053 splendide,
3345 3983 3439 4054 qui
3479 3979 3705 4052 parasitos
3737 3978 3775 4026 et

2256 4079 2561 4134 adulatores
2604 4078 2797 4139 alebat,
2841 4076 2930 4146 qui
2978 4075 3202 4129 multum
3247 4089 3456 4128 merum
3505 4066 3774 4126 iufundchalt

2257 4172 2345 4241 qui
2375 4171 2610 4242 quotidie
2638 4179 2881 4224 ventrem
2928 4167 3263 4232 saburrahat,
3291 4166 3380 4236 qui
3421 4163 3657 4220 multisse
3679 4152 3777 4211 deli-

2256 4263 2355 4317 ciis
2385 4261 2759 4333 ingurgitabat,
2787 4275 2893 4329 per
2935 4259 3094 4313 latam
3143 4269 3349 4327 portam
3407 4257 3669 4325 ingressus,
3704 4258 3774 4298 v0-

2258 4356 2460 4424 luptate
2484 4369 2547 4408 ac
2591 4353 2768 4408 lattitia
2799 4350 3062 4406 mundana
3088 4360 3353 4419 perpetuo
3382 4347 3653 4403 fruebatur.
3676 4337 3772 4393 Nam

2258 4447 2333 4501 illi
2364 4456 2552 4502 cuncta
2579 4445 2722 4500 velut
2740 4460 2806 4499 ex
2836 4442 2986 4498 fonte
3013 4441 3325 4507 afﬂuebant,
3349 4441 3567 4515 multum
3588 4430 3771 4489 ministe-

2259 4539 2420 4604 rium,
2450 4539 2723 4592 immensre
2764 4536 2989 4599 deliciae,
3034 4534 3275 4603 corporis
3326 4532 3541 4598 sanitas,
3581 4521 3774 4598 pecunii-

2256 4645 2374 4685 rum
2428 4629 2602 4699 copia,
2652 4628 2859 4683 delatus
2904 4642 2933 4680 a
2990 4627 3171 4680 multis
3220 4624 3412 4692 honor,
3451 4624 3770 4680 assentatorum

2256 4721 2461 4788 laudes,
2492 4721 2621 4775 nihil
2646 4722 2856 4776 interim
2883 4728 3018 4783 erat,
3032 4719 3172 4791 quod
3194 4719 3267 4773 illi
3288 4719 3551 4773 tristitiam
3571 4712 3767 4768 ati‘erret:

2256 4823 2313 4871 et
2337 4814 2476 4884 quod
2508 4815 2682 4883 majus
2705 4824 2805 4875 est,
2838 4829 2959 4869 cum
2999 4822 3140 4867 totos
3182 4811 3299 4867 dies
3331 4811 3555 4882 crapulm
3590 4802 3771 4876 gulaque

2257 4919 2454 4961 vacans
2481 4905 2818 4975 transigeret,
2841 4919 2946 4958 non
2969 4902 3129 4957 modo
3150 4897 3404 4973 prospera
3428 4897 3644 4970 corporis
3662 4888 3769 4945 vale-

2259 4996 2440 5052 tudine
2462 4996 2753 5061 frucbatnr,
2785 5002 2840 5049 et
2866 4995 2917 5049 in
2948 4994 3234 5050 securitate
3255 5009 3460 5049 summa
3479 4988 3687 5062 degebah
3703 4975 3769 5036 Sed

2258 5100 2314 5145 et
2338 5104 2625 5159 pauperem
2653 5086 2912 5143 Lazarum
2938 5087 2994 5141 iu
3024 5085 3288 5141 vestﬂiulo
3311 5085 3584 5156 iacentem,
3609 5077 3770 5149 plenum

2258 5180 2549 5247 ulceribus,
2592 5180 2868 5235 obsessum
2912 5192 2942 5230 a
2984 5177 3240 5243 canibus,
3272 5176 3362 5247 qui
3405 5174 3605 5230 vulnera
3648 5165 3766 5228 “039'

2258 5274 2408 5340 bant,
2453 5271 2697 5343 fameque
2746 5270 3048 5325 confectum
3097 5269 3476 5323 immisericors
3512 5254 3767 5335 prmteriltal.

2257 5372 2312 5417 et
2337 5378 2404 5417 ne
2444 5362 2610 5418 micas
2632 5358 2847 5431 quidem
2886 5360 2960 5414 illi
3005 5359 3281 5429 impertire
3303 5355 3614 5427 dignabatur.
3638 5346 3764 5408 Αυιυο

2258 5452 2346 5508 hic
2369 5453 2581 5524 quidem
2608 5467 2701 5522 per
2730 5451 2888 5505 latam
2912 5459 3121 5521 portam
3149 5450 3419 5520 ingressus
3441 5460 3527 5516 per
3543 5436 3763 5525 Spatiosatll

2258 5544 2396 5598 viam
2422 5542 2720 5608 incedebat,
2754 5542 2894 5595 viam
2916 5540 3247 5605 deliciarum,
3284 5528 3679 5607 intemperantia,
3708 5533 3760 5572 rl-

2257 5649 2366 5699 sus,
2401 5633 2680 5703 voluptatis
2704 5674 2720 5700 ,
2760 5630 3133 5697 helluationis,
3169 5629 3455 5691 ebrietatis,
3488 5617 3759 5710 pecuniarum

2258 5726 2444 5796 copiae,
2490 5725 2726 5780 mollitiei
2769 5725 2821 5779 in
2859 5722 3190 5783 vestimentis
3227 5738 3242 5776 :
3281 5735 3344 5775 ac
3383 5719 3468 5774 diu
3506 5722 3644 5771 tntum
3675 5708 3759 5753 νηί

2259 5820 2417 5891 hujus
2447 5828 2651 5890 tempus
2679 5834 2773 5889 per
2810 5817 3097 5889 spatiosam
3125 5815 3261 5872 viam
3301 5809 3579 5873 incedendo
3606 5804 3759 5858 transc-
