4006 6396
288 354 311 407 ι
322 354 428 410 041)

286 469 383 537 Si"
412 482 585 537 ηαιυε
616 466 901 540 quidquam
949 465 1317 525 midestiarum
1339 472 1596 534 expertus
1632 470 1734 526 est,
1776 455 1873 512 sed

287 574 505 630 semper
557 576 813 631 prospero
858 571 1139 619 ventorum
1184 556 1369 619 afﬂatu
1405 555 1652 619 delatus.
1693 557 1876 625 ιιιροιθ

291 667 387 714 per
416 652 703 721 spatiosam
746 652 886 707 viam
926 650 1201 712 incedens,
1230 647 1396 703 multa
1432 660 1557 705 cum
1593 641 1877 700 securitate

291 744 566 816 pergebat.
590 744 864 814 Nusquam
890 757 1020 798 saxa
1043 742 1143 799 sub
1171 739 1327 795 undis
1353 736 1595 809 latentia,
1614 746 1875 802 nusquam

288 835 519 906 scopuli,
551 850 809 907 nusquam
848 834 1172 907 prmeipitia,
1218 844 1476 901 nusquam
1525 825 1874 897 naufragium.

297 943 559 999 nusquam
586 928 807 983 nutatio
833 926 1133 997 iua'qtutlis,
1159 925 1253 991 sed
1279 922 1427 994 quasi
1457 936 1551 993 per
1574 918 1795 981 solidam
1823 923 1880 977 et

290 1019 509 1087 planam
535 1020 811 1090 regionem
837 1020 939 1076 iter
967 1018 1191 1083 habens,
1218 1016 1289 1079 ita
1315 1012 1591 1084 praesentis
1607 1010 1727 1073 γίιω
1756 1022 1880 1083 spa.

294 1109 364 1162 tia
392 1108 711 1165 decurrebat
745 1126 759 1163 :
788 1106 1023 1177 quotidie
1048 1106 1293 1161 vitiorum
1324 1101 1573 1170 ﬂuctibus
1597 1098 1877 1169 mergeba-

295 1212 401 1267 tur,
433 1217 606 1272 neque
630 1201 933 1262 sentiebat:
958 1198 1199 1271 quotidie
1221 1209 1505 1266 pravarum
1532 1190 1878 1260 cupiditatum

292 1293 525 1355 stimulis
550 1292 903 1362 pangebatur,
927 1299 982 1353 et
1007 1288 1237 1359 amplius
1265 1286 1542 1343 laatabatur
1569 1299 1585 1335 :
1610 1298 1642 1341 a
1666 1278 1880 1347 lascivia

293 1399 509 1454 semper
536 1383 899 1450 obsidebatur,
926 1383 995 1439 ab
1036 1379 1295 1452 ingluvie,
1320 1378 1387 1441 ab
1416 1377 1600 1437 insana
1641 1371 1881 1453 pecunia:

292 1475 607 1546 cupiditate,
645 1490 746 1532 nec
779 1475 889 1533 ullo
925 1474 1189 1535 malorum
1236 1484 1397 1533 sensu
1429 1465 1758 1539 tangebatur,
1786 1477 1881 1529 ite-

293 1581 400 1636 que
423 1567 526 1621 vite
558 1567 719 1622 linem
757 1574 965 1636 poterat
1006 1562 1302 1634 przevidere
1342 1577 1357 1614 :
1404 1558 1500 1621 sed
1537 1556 1883 1631 praesentium

292 1667 499 1712 tantum
529 1657 863 1728 jucunditate
889 1655 1181 1721 fruebatur,
1211 1668 1313 1721 nec
1348 1664 1601 1722 umquam,
1640 1645 1883 1729 perpetui

293 1752 501 1808 doloris
527 1753 579 1807 in
609 1760 842 1807 mentem
885 1751 962 1806 illi
987 1749 1255 1813 veniebat,
1283 1745 1379 1803 sed
1405 1744 1678 1816 deceptus,
1709 1749 1769 1805 ut
1807 1740 1885 1797 ita

293 1842 502 1912 loquar,
535 1858 631 1913 per
658 1842 821 1901 latam
846 1843 987 1899 viam
1025 1839 1329 1907 incedebat,
1352 1843 1409 1903 et
1442 1835 1510 1903 ad
1541 1834 1713 1907 ipsum
1742 1844 1879 1900 prae-

291 1933 536 2003 cipitium
555 1933 856 1998 festinabat,
882 1934 1022 2004 quod
1045 1948 1149 1995 non
1173 1939 1378 2002 peierat
1405 1944 1514 1999 pra:
1532 1925 1693 1991 nimia
1707 1922 1883 1987 ebrie-

295 2034 407 2080 tate
433 2040 777 2095 cognoscere.
807 2024 942 2082 Nam
988 2024 1079 2079 ille
1123 2036 1347 2092 prosper
1383 2018 1766 2083 mtmdanarum
1797 2028 1884 2075 re-

293 2132 417 2181 rum
440 2130 751 2181 successus,
793 2117 885 2187 qui
914 2116 1178 2179 rationem
1214 2113 1327 2183 ejus
1357 2110 1625 2173 obruerat,
1670 2104 1886 2171 oculum,

296 2206 374 2260 illi
401 2205 595 2271 mentis
616 2215 931 2275 excazcarat,
958 2214 1012 2269 et
1040 2205 1188 2276 quasi
1216 2203 1326 2273 jam
1354 2200 1640 2266 luminibus
1664 2197 1884 2261 orbatus

294 2297 623 2364 ambulabat,
650 2314 824 2367 neque
851 2312 960 2368 quo
988 2296 1215 2355 ferretur
1240 2294 1477 2350 sciebat:
1504 2292 1731 2354 fortasse
1754 2303 1889 2357 vero

296 2402 475 2457 neque
499 2398 703 2447 natura:
743 2389 991 2449 humana:
1018 2387 1357 2451 meminerat,
1394 2399 1515 2440 cum
1553 2398 1612 2438 se
1637 2390 1885 2447 cerneret

292 2478 660 2543 difﬁcultatem
686 2479 885 2541 nullam
911 2479 1167 2547 experiri.
1207 2476 1320 2539 Non
1347 2475 1492 2541 enim
1516 2483 1717 2537 tantum
1747 2470 1881 2529 deli-

293 2569 397 2629 ciis
418 2569 706 2635 fruebatur,
747 2569 844 2629 sed
866 2580 918 2625 ct
941 2570 1132 2647 opibus
1166 2567 1468 2631 abundabat
1497 2583 1511 2619 :
1542 2578 1717 2631 neque
1760 2570 1878 2619 tan-

297 2669 408 2720 Iunt
429 2658 619 2729 opibus
644 2658 971 2726 abundabat,
995 2658 1092 2717 sed
1123 2668 1178 2715 et
1213 2671 1467 2728 prospera
1499 2664 1617 2715 erat
1642 2653 1884 2724 corporis,

295 2750 597 2813 valetudine
628 2766 645 2805 :
672 2766 847 2821 neque
873 2766 1007 2806 sano
1037 2758 1239 2813 tantum
1275 2757 1387 2807 erat
1413 2762 1659 2819 corpore,
1702 2745 1796 2802 sed
1826 2755 1881 2813 et

293 2857 335 2897 a.
355 2844 522 2899 multo
548 2842 805 2907 famulitio
824 2844 1119 2913 colebatur,
1149 2856 1322 2914 neque
1352 2848 1555 2898 tantum
1587 2838 1886 2905 colebatur,

294 2937 393 2993 sed
419 2935 596 2993 omnia
618 2937 719 2991 sibi
760 2951 986 2997 cernens
1005 2944 1275 3007 tamquam
1303 2949 1368 2991 ex
1393 2932 1545 2989 fonte
1582 2931 1769 3001 ﬂuere,
1808 2931 1888 2985 vi-

293 3039 406 3089 tam
441 3028 494 3093 in
533 3036 788 3098 perpetua
816 3028 1087 3098 voluptate
1113 3027 1358 3099 degebat.
1385 3024 1621 3091 Vidistis,
1650 3023 1885 3079 dilectis-

293 3120 441 3187 simi,
467 3134 617 3189 eum,
647 3120 735 3189 qui
773 3135 868 3191 per
901 3119 1064 3183 latam
1105 3128 1311 3189 portam
1347 3117 1657 3182 intraverat,
1699 3123 1754 3170 et
1789 3129 1887 3185 per

292 3212 587 3283 spatiosam
641 3212 781 3271 viam
835 3210 1169 3277 incesserat,
1233 3209 1444 3281 quantis
1498 3207 1703 3263 deliciis
1748 3206 1887 3277 poti-

295 3311 446 3366 retur
472 3303 498 3356 ‘2

367 3394 496 3455 Ante
521 3396 675 3465 ﬁnem
718 3395 833 3458 vita:
872 3409 1018 3461 nemo
1060 3394 1248 3448 beatus.
1273 3390 1531 3446 —Ncmo
1573 3400 1749 3445 tamen
1780 3403 1881 3444 eo-

295 3504 439 3554 rum,
485 3488 575 3558 qui
619 3486 735 3547 haec
777 3485 1025 3553 audiunt,
1065 3494 1190 3551 ante
1236 3484 1398 3538 linem
1441 3483 1654 3538 beatum
1708 3481 1884 3550 ipsum

297 3579 588 3649 praedicare
623 3578 890 3649 dignetur,
927 3577 1022 3645 sed
1061 3592 1241 3632 rerum
1284 3575 1441 3631 linem
1481 3582 1776 3644 exspectet,
1820 3586 1886 3628 ac

297 3684 411 3730 tum
439 3672 759 3737 sententiam
783 3670 938 3726 feret.
982 3670 1161 3739 Itaque
1191 3668 1335 3722 illum
1365 3668 1453 3736 qui
1484 3681 1578 3737 per
1603 3675 1881 3736 angustam

296 3774 511 3834 portam
535 3764 847 3832 intraverat,
886 3771 940 3818 ct
967 3772 1169 3817 arctum
1209 3761 1310 3815 iter
1335 3758 1661 3826 confecerat,
1691 3759 1734 3812 si
1765 3757 1883 3828 pla-

293 3864 403 3922 cet,
450 3856 508 3917 in
557 3854 792 3915 medium
844 3853 1190 3919 adducamus,
1238 3867 1303 3908 ac
1352 3850 1546 3907 deinde
1598 3860 1880 3922 postquam

295 3948 573 4019 utriusque
623 3947 783 4004 tinem
838 3947 1299 4017 conspexerimus,
1353 3943 1760 4003 convenientem
1813 3942 1882 3998 de

296 4054 622 4115 unoquoque
671 4039 989 4105 sententiam
1042 4037 1294 4092 feramus.
1354 4035 1651 4111 Quemnam
1702 4042 1880 4088 autem

291 4114 461 4199 alium
493 4131 736 4207 proferre
764 4145 1067 4201 possumus,
1108 4144 1266 4200 quam
1295 4128 1577 4193 Lazarum,
1619 4114 1729 4197 qui-
1758 4135 1885 4181 ante

291 4222 473 4291 divus
492 4222 815 4289 vestibulum
849 4221 1080 4299 jacebat,
1123 4228 1179 4275 et
1215 4218 1284 4273 ab
1314 4218 1416 4273 illis
1447 4218 1712 4284 ulceribus
1736 4217 1882 4272 obsi-

290 4315 541 4379 debatur,
568 4314 659 4384 qui
697 4329 793 4369 sua
818 4314 1035 4377 vulnera
1080 4327 1112 4366 a
1150 4326 1342 4367 canum
1372 4310 1569 4381 linguis
1592 4309 1775 4379 attingi
1804 4310 1881 4363 vi-

288 4410 478 4479 debat,
518 4422 616 4464 nec
658 4408 780 4468 illos
819 4407 1026 4467 valebat
1074 4402 1331 4476 abigere?
1371 4402 1439 4459 Ut
1473 4402 1615 4458 enim
1659 4401 1750 4461 ille
1785 4416 1881 4472 per

291 4502 454 4563 latam
483 4507 690 4570 portam
722 4499 1010 4570 ingressus,
1050 4513 1148 4568 per
1171 4498 1458 4568 spatiosam
1488 4497 1626 4550 viam
1667 4496 1881 4553 incede-

292 4590 417 4655 bat;
458 4590 531 4655 ita
556 4589 743 4646 beatus
784 4591 920 4655 iste;
962 4589 1173 4644 beatum
1215 4588 1412 4667 quippe
1453 4586 1600 4641 illum
1640 4586 1750 4657 jam
1779 4601 1877 4665 ap-

287 4682 463 4754 pello,
485 4682 624 4753 quod
655 4696 757 4751 per)
794 4690 1072 4752 angustam
1114 4680 1339 4751 elegerit
1369 4678 1628 4735 introire:
1662 4693 1760 4750 per
1782 4693 1880 4733 an-

286 4784 503 4845 gustam
555 4785 769 4846 portam
815 4774 1067 4841 intravit,
1119 4773 1175 4835 in
1215 4789 1318 4844 qua
1375 4772 1555 4828 omnia
1607 4771 1877 4827 contrario

287 4864 455 4933 modo
477 4880 541 4931 se,
557 4865 845 4927 habebant.
884 4864 954 4923 Ut
982 4865 1073 4932 ille
1095 4879 1308 4935 semper
1345 4863 1551 4920 deliciis
1579 4863 1873 4931 fruebatur,

285 4957 369 5013 sic
410 4965 469 5023 et
507 4956 607 5023 iste
636 4966 889 5033 perpetua
924 4957 1065 5015 fame
1105 4956 1529 5019 conﬂictabatur.
1582 4958 1756 5027 Atque
1785 4955 1876 5010 ille

285 5048 511 5119 quidem
551 5048 769 5117 deliciis.
804 5057 861 5104 et
895 5062 1155 5127 prospera.
1189 5047 1432 5118 corporis
1469 5047 1794 5125 valetudine,
1821 5058 1876 5103 et

289 5143 635 5213 pecuniarum
663 5142 991 5205 abundantia
1014 5141 1332 5219 potiebatur,
1365 5150 1420 5203 et
1445 5140 1690 5211 ingluvici
1712 5151 1874 5222 atque

284 5233 542 5301 ebrietati
561 5233 691 5297 totis
712 5233 902 5297 diebus
923 5230 1158 5293 vacando
1178 5231 1557 5297 conﬁciebatur
1581 5248 1594 5284 :
1620 5230 1720 5285 iste
1744 5245 1872 5291 vero

285 5340 394 5387 una
420 5340 546 5387 eum
561 5324 729 5395 ﬁmi.
749 5338 956 5389 summa
996 5337 1285 5401 oppressus
1310 5332 1425 5379 erat
1453 5332 1709 5405 egestate,
1745 5338 1869 5399 per-

284 5418 418 5481 enni
453 5418 662 5486 ntorha,
702 5427 761 5487 et
800 5417 1153 5489 intolerandis.
1187 5418 1480 5483 ulceribus,
1513 5427 1658 5475 utne
1685 5434 1873 5475 neces-

281 5513 463 5573 sarius
489 5512 703 5582 quidem
733 5511 810 5577 illi
834 5511 989 5574 cilius
1015 5518 1340 5583 sumicterct,
1380 5511 1474 5569 sed
1501 5513 1666 5575 micas
1693 5513 1759 5569 de
1783 5513 1869 5567 di-

282 5605 421 5665 vitis.
464 5619 655 5670 mensa
688 5604 939 5671 cadentes
984 5612 1293 5675 expeteret,
1349 5619 1481 5674 quas
1536 5620 1867 5683 nequaquam

279 5712 463 5756 tamen
496 5699 824 5766 impetraret.
883 5767 893 5776 .

358 5795 411 5848 ι.
460 5790 644 5848 Vidisti
672 5805 776 5861 quo
806 5798 958 5859 pacto
988 5804 1081 5859 per
1108 5798 1383 5860 angustant
1427 5797 1636 5858 portam
1662 5789 1865 5861 ἱμερθε-

1492 346 1580 411 BE
1618 338 1891 407 LAZARO
1916 338 2161 398 CONCIO
2192 340 2301 397 Vil.

3432 348 3570 405 1030

1987 468 2079 519 sus
2109 455 2229 521 iste,
2257 469 2352 525 per
2387 465 2587 512 arctam
2618 456 2757 511 viam
2798 471 3009 526 semper
3039 456 3341 514 incederet!
3381 458 3568 516 Vidisti

1982 562 2091 616 quo
2134 556 2289 617 pacto
2342 549 2433 603 ille
2480 563 2576 618 per
2619 548 2777 603 latam
2799 557 3002 617 portam
3051 558 3105 603 et
3147 565 3241 618 per
3283 550 3569 620 Spatiosam

1983 641 2123 695 viam
2153 640 2428 712 pergeret?
2464 640 2580 695 Jam
2611 655 2738 695 vero
2778 639 2937 694 linem
2967 640 3244 711 utriusque
3267 641 3565 709 videamus,

1983 742 2039 787 et
2062 748 2167 809 quo
2195 741 2350 805 pacto
2380 733 2433 789 in
2463 742 2742 802 angustum
2769 732 2862 787 ille
2892 732 3047 787 linem
3071 732 3310 799 desierit,
3339 749 3446 806 quo
3472 750 3506 802 p
3524 755 3567 784 l-

1984 835 2071 879 cto
2096 824 2197 879 iste
2227 825 2278 878 in
2313 824 2475 878 latum
2521 839 2585 879 ac
2622 824 2802 878 multis
2831 822 3041 879 deliciis
3070 821 3328 879 refertum
3359 841 3374 878 :
3407 834 3463 878 ut
3488 823 3573 880 bis

1986 915 2150 986 probe
2176 915 2477 981 intellectis,
2512 931 2579 970 ne
2607 916 2897 985 spatiosam
2923 914 3063 969 viam
3086 915 3233 969 omni
3264 914 3423 970 modo
3450 930 3572 984 pcr-

1985 1022 2290 1079 sequamur,
2332 1022 2505 1078 neque
2544 1023 2640 1079 per
2669 1008 2829 1062 latam
2871 1016 3077 1078 portam
3109 1007 3311 1080 ingredi
3354 1007 3573 1064 studea-

1987 1116 2128 1167 mus,
2156 1100 2250 1155 sed
2288 1109 2565 1171 angustam
2598 1109 2806 1169 portam
2850 1110 3133 1164 sectemur,
3166 1108 3220 1155 et
3248 1115 3344 1169 per
3370 1108 3573 1155 arctam

1986 1192 2129 1247 viam
2169 1191 2497 1261 ineedamus,
2527 1172 2635 1262 quo
2673 1193 2937 1261 possimus
2965 1192 3029 1245 ad
3063 1192 3260 1246 bonum
3302 1190 3463 1247 linem
3509 1208 3572 1245 ae

1987 1283 2241 1340 refertum
2270 1284 2474 1339 deliciis
2500 1284 2795 1359 pervenire.

2059 1376 2335 1441 Dissimilis
2367 1377 2550 1439 Lazari
2597 1378 2711 1439 vita:
2752 1378 3010 1432 terminus.
3033 1409 3104 1418 —
3129 1378 3260 1433 Cum
3291 1379 3432 1434 enim
3482 1396 3576 1432 cu-

1981 1471 2174 1541 jusque
2205 1471 2411 1525 illornm
2461 1471 2583 1526 linis
2621 1470 2945 1537 advenisset,
2995 1469 3112 1524 vide
3141 1469 3267 1540 quid
3298 1472 3365 1523 de
3393 1485 3459 1525 co
3483 1472 3572 1541 qui

1986 1579 2083 1634 per
2112 1574 2311 1617 arctam
2336 1563 2476 1617 viam
2519 1569 2846 1634 perrexerat,
2881 1562 3028 1639 prius
3054 1561 3233 1616 dicat:
3258 1560 3477 1615 Factum
3505 1570 3576 1613 est

1986 1667 2177 1723 autem,
2212 1655 2406 1727 inquit,
2433 1665 2488 1711 ut
2517 1665 2793 1729 moreretur
2818 1653 3101 1719 mendicus,
3134 1664 3178 1708 et
3207 1662 3497 1724 portaretur
3515 1653 3576 1705 ab

1986 1749 2178 1821 angelis
2206 1748 2260 1802 in
2288 1749 2456 1803 sinum
2473 1748 2694 1802 Abrahae
2717 1746 2867 1818 (Luc.
2893 1748 2981 1805 Ιϐ.
3010 1746 3128 1818 22).
3157 1747 3576 1803 Formsseilluut

1986 1840 2321 1901 abducebant
2347 1839 2521 1913 angeli
2563 1838 2927 1909 prmcedeoms
2970 1849 3025 1895 et
3053 1840 3190 1894 latus
3218 1839 3333 1909 ejus
3373 1840 3575 1894 satelli-

1988 1942 2101 1989 tum
2138 1948 2287 1987 more
2309 1933 2606 2006 cingentes,
2637 1942 2795 2004 atque
2834 1931 2886 1986 in
2912 1931 3222 1987 deliciarum
3252 1932 3427 1986 locum
3457 1940 3577 2001 post

1989 2026 2183 2089 multas
2208 2026 2324 2081 illas
2348 2025 2665 2081 alliictiones
2691 2033 2746 2080 et
2786 2033 2989 2080 arctam
3018 2023 3165 2079 illam
3190 2022 3547 2094 peregrinatio
3564 2053 3577 2063 -

1990 2134 2111 2189 nent
2166 2117 2537 2177 restituebant.
2597 2117 2763 2173 Vides
2806 2126 3004 2191 quanta
3057 2117 3111 2171 in
3171 2117 3277 2172 line
3341 2125 3579 2186 angusta,-

1990 2220 2159 2283 portac
2200 2222 2277 2273 et,
2299 2220 2463 2267 arctos
2489 2211 2589 2266 via:
2627 2220 2883 2282 appareat
2921 2210 3175 2265 latitudo?
3203 2210 3335 2266 Vide
3358 2210 3469 2282 jam
3499 2209 3580 2265 fu-

1990 2313 2200 2362 nestum
2231 2304 2516 2363 terminum
2543 2304 2645 2359 via:
2677 2303 2945 2374 spatiosar.
2976 2302 3215 2362 Mortuus
3242 2313 3315 2359 est
3343 2314 3510 2358 autem
3534 2312 3579 2359 ct

1989 2396 2151 2468 dives,
2179 2395 2369 2466 inquit,
2398 2405 2445 2449 et
2467 2395 2694 2465 sepultus
2725 2404 2816 2448 est.
2847 2393 3035 2457 Nullus
3066 2393 3165 2448 fuit
3189 2394 3277 2464 qui
3307 2394 3577 2465 praecede-

1991 2496 2093 2553 ret,
2126 2486 2302 2543 nullus
2328 2484 2420 2554 qui
2449 2485 2588 2540 latus
2626 2484 2869 2554 stiparct,
2897 2482 3072 2538 nullus
3096 2484 3187 2555 qui
3215 2485 3269 2538 in
3292 2485 3376 2538 via
3402 2483 3577 2540 dedo-

1990 2586 2155 2643 ceret,
2185 2578 2321 2631 sicut
2349 2576 2627 2631 Lazarum.
2670 2575 2802 2630 Nam
2843 2576 3093 2646 quoniam
3123 2575 3184 2629 in‘
3219 2575 3451 2645 spatiosa
3493 2576 3603 2628 via‘

1990 2668 2195 2725 cunctis
2221 2667 2369 2723 hisce
2394 2669 2595 2739 potitus
2627 2676 2727 2732 est,
2757 2666 3048 2737 habuitque
3086 2667 3284 2722 multos
3327 2666 3578 2723 satellites
3672 2738 3683 2744 _

1991 2775 2055 2817 ac
2092 2760 2341 2826 famulos,
2369 2768 2755 2826 assentatores,
2786 2759 3022 2829 inquam,
3050 2759 3333 2828 parasitos,
3361 2759 3576 2828 quando

1992 2852 2059 2907 ad
2086 2852 2389 2922 sepulcrum
2432 2851 2599 2915 venit,
2644 2850 2817 2905 nudus
2858 2865 2920 2904 ac
2959 2849 3245 2905 destitutus
3272 2849 3357 2904 bis
3403 2851 3580 2903 omni-

1992 2942 2095 2997 bus
2133 2943 2232 2996 fuit
2259 2953 2379 3011 post
2416 2942 2609 2996 multas
2656 2942 2773 2996 illas
2801 2941 3098 3010 voluptates
3128 2942 3209 2995 vel
3250 2940 3424 3010 potius
3457 2949 3578 3010 post

1991 3035 2207 3101 brevem
2246 3034 2389 3089 illam
2443 3033 2769 3103 voluptatem
2819 3040 2875 3087 et
2920 3033 3348 3103 prosperitatem.
3399 3032 3603 3087 lirevis'

1989 3127 2133 3180 enim
2175 3133 2260 3183 est
2305 3132 2414 3186 tota
2448 3138 2683 3192 praesens
2722 3122 2851 3183 vita,
2897 3123 2939 3176 si
2985 3139 3105 3177 cum
3162 3122 3341 3177 futuro
3386 3123 3581 3179 szrculo

1989 3224 2349 3287 comparetur.
2382 3214 2507 3270 Post
2540 3214 2758 3269 brevem
2786 3214 2944 3285 igitur
2973 3213 3318 3284 voluptatem,
3350 3228 3454 3284 qua
3481 3229 3578 3283 po-
3616 3255 3625 3265 .

1990 3308 2121 3363 titus
2156 3314 2261 3375 est,
2287 3306 2411 3369 dum
2448 3322 2543 3376 per
2570 3306 2857 3374 spatiosam
2885 3304 3025 3359 viam
3068 3303 3360 3369 incederet,
3406 3319 3575 3374 angu-

1989 3400 2214 3465 stiarum,
2250 3407 2308 3454 et
2345 3396 2647 3453 afflictionis
2674 3412 2796 3451 cum
2827 3396 2978 3451 locus
3013 3398 3240 3471 excepit.
3280 3397 3455 3467 Atque
3485 3396 3577 3449 ille

1989 3491 2203 3562 quidem
2252 3490 2305 3544 in
2349 3489 2475 3553 sinu,
2511 3487 2740 3543 Abrahae
2789 3487 3180 3558 requiesccbat,
3226 3498 3296 3541 ac
3335 3487 3577 3541 laborum

1988 3582 2386 3651 multarumque
2423 3579 2758 3636 miseriarum
2803 3579 3110 3635 mercedem
3157 3578 3420 3648 recipiens
3457 3589 3579 3649 post

1990 3672 2207 3737 famem,
2251 3681 2374 3742 post
2399 3671 2600 3733 ulcera.
2643 3679 2923 3741 postquam
2963 3671 3016 3724 in
3047 3670 3312 3727 vestibulo
3342 3670 3575 3724 reclina-

1990 3770 2076 3819 tus
2096 3762 2361 3833 jacuerat,
2408 3760 2765 3816 ineli'abilibus
2804 3760 2911 3819 illis
2940 3760 3167 3826 deliciis,
3200 3776 3332 3831 quas
3363 3776 3431 3815 ne
3455 3776 3578 3815 ora-

1990 3854 2135 3909 tione
2182 3852 2396 3924 quidem
2449 3851 2735 3922 complecti
2786 3865 3096 3923 possumus,
3143 3848 3463 3906 fruebatur:
3496 3849 3579 3906 hic

1988 3961 2116 4002 vero
2171 3953 2291 4017 post
2336 3945 2661 4014 voluptatem
2711 3959 2776 4003 ac
2822 3944 3066 4009 delicias,
3117 3952 3240 4013 post
3284 3943 3575 4014 ingluviem

1988 4041 2231 4115 multam,
2258 4050 2379 4109 post
2401 4039 2715 4095 ebrietatem
2757 4038 2832 4093 illi
2863 4038 3155 4099 inevitabili
3195 4037 3457 4109 supplicio
3486 4038 3581 4092 ad-

1986 4130 2163 4184 dictus
2202 4130 2557 4185 cruciabatur.
2601 4128 2671 4188 Ut
2708 4136 2887 4187 autem
2924 4128 3134 4182 illorum
3167 4137 3391 4198 uterque
3419 4129 3578 4187 rebus

1985 4221 2116 4291 ipsis
2151 4221 2426 4288 doceatur,
2473 4220 2560 4275 hic
2585 4220 2820 4289 quidem,
2852 4230 3048 4289 quanta
3097 4219 3168 4274 sit
3207 4229 3446 4288 angustae
3475 4222 3575 4276 via:

1986 4314 2209 4377 utilitas,
2251 4313 2347 4379 ille
2383 4328 2533 4381 vero,
2564 4320 2821 4383 quantum
2867 4312 3147 4379 damnum,
3176 4323 3370 4385 quanta
3396 4315 3576 4383 perni-

1985 4405 2095 4459 cies
2138 4403 2412 4475 spatiosze,
2442 4418 2474 4458 a
2512 4403 2666 4476 longe
2696 4403 2870 4461 multo
2905 4402 3176 4476 sejunctas
3207 4403 3489 4459 intervallo
3517 4420 3576 4461 se

1986 4497 2209 4552 invicem
2253 4497 2547 4557 intuentur.
2594 4494 2731 4552 Audi
2769 4511 2875 4567 quo
2920 4494 3209 4565 pacto:Et
3255 4497 3311 4550 in
3350 4496 3571 4567 inferno,

1983 4590 2077 4654 ait,
2102 4590 2298 4643 elevans
2321 4590 2494 4643 oculos
2511 4604 2651 4653 suos,
2673 4589 2726 4642 in
2750 4589 3009 4642 tormentis
3028 4587 3236 4659 degens,
3259 4588 3390 4643 videt
3414 4588 3574 4644 Abra-

1985 4680 2103 4734 ham
2142 4696 2175 4733 a
2212 4680 2379 4751 longe,
2410 4690 2457 4739 et
2495 4679 2750 4734 Lazarum
2785 4679 2841 4733 in
2870 4679 2987 4733 sinu
3011 4679 3123 4747 ejus
3153 4678 3308 4750 (Luc.
3338 4678 3427 4734 16.
3451 4677 3572 4751 25).

1984 4774 2241 4845 Equidem
2269 4774 2501 4830 arbitror
2537 4774 2686 4828 illum
2717 4772 2807 4833 ubi
2835 4783 2939 4829 tam
2980 4771 3213 4828 subitam
3237 4788 3416 4826 rerum
3461 4788 3579 4829 mu-

1986 4866 2241 4931 tationem
2273 4865 2428 4937 vidit,
2453 4875 2509 4922 et
2553 4867 2700 4921 illum
2726 4865 2941 4937 quidem
2967 4864 3056 4936 qui
3088 4865 3302 4935 jacebat
3328 4865 3384 4921 in
3407 4866 3570 4920 vesti-

1985 4959 2131 5027 bulo,
2158 4974 2457 5030 canumque
2497 4958 2692 5030 linguis
2717 4968 2834 5014 erat
2867 4957 3162 5033 expositus,
3202 4965 3348 5025 tanta
3380 4955 3568 5011 fiducia

1979 5052 2234 5124 gaudere,
2262 5051 2387 5111 dum
2419 5052 2471 5106 in
2500 5052 2816 5121 patriarcha:
2841 5051 2962 5117 sinu
2987 5059 3291 5104 versaretur
3313 5065 3327 5103 :
3352 5063 3412 5104 se
3440 5064 3571 5104 vero

1980 5152 2133 5213 tanta
2153 5143 2399 5211 obrutum
2428 5143 2735 5214 ignominia,
2764 5151 2929 5212 atque
2951 5141 3167 5215 insuper
3202 5139 3325 5211 igne
3357 5142 3568 5195 crucia-

1981 5245 2118 5314 tum,
2143 5237 2398 5307 majorem
2430 5250 2647 5291 sensum
2678 5234 2881 5290 doloris
2903 5231 3132 5303 cepisse.
3164 5230 3297 5286 Cum
3331 5244 3459 5302 ergo
3478 5244 3568 5285 res

1978 5336 2229 5393 cerneret
2252 5328 2309 5395 in
2335 5326 2663 5395 contrarium
2702 5331 2952 5389 mutatas,
2978 5336 3043 5377 ac
3074 5335 3133 5377 se
3152 5320 3243 5392 qui
3282 5334 3567 5391 propemo-

1977 5419 2105 5477 dum
2152 5419 2207 5483 in
2230 5404 2453 5476 somnis
2490 5426 2546 5474 et
2579 5416 2769 5473 umbra
2790 5414 2995 5472 deliciis
3026 5414 3223 5491 potitus
3246 5421 3381 5478 erat,
3422 5426 3565 5475 nunc

1979 5512 2314 5573 intolerabile
2336 5511 2651 5582 supplicium
2680 5508 2840 5576 ferre,
2867 5524 2929 5564 ac
2949 5516 3069 5577 post
3106 5506 3396 5579 spatiosam
3424 5505 3559 5560 viant

1977 5605 2246 5675 latamque
2263 5612 2493 5676 portam,
2523 5603 2577 5657 in
2609 5602 2770 5658 linem
2791 5604 2928 5656 adeo
2956 5607 3239 5670 augustum
3267 5611 3386 5654 esse
3412 5599 3553 5653 dela-

1980 5706 2088 5750 tum
2112 5712 2127 5750 :
2156 5696 2230 5754 illi
2255 5711 2382 5751 vero
2407 5694 2673 5757 contraria
2696 5691 2918 5771 'pcnitus
2960 5690 3225 5753 evenisse,
3254 5703 3316 5742 ac
3342 5700 3567 5761 propter

1979 5806 2118 5857 eam,
2152 5806 2308 5862 quam
2353 5789 2407 5844 in
2436 5787 2535 5844 hac
2566 5788 2668 5842 vita
2699 5785 3011 5852 exhibuerat
3039 5780 3381 5859 patientiam,
3407 5780 3558 5835 illum
