4006 6388
530 355 660 411 1051

531 468 886 525 ἰιιρίῐιιὺίιίὺυε
926 469 1122 541 perfrui
1161 470 1332 531 bonis.
1367 470 1612 526 nesciens
1642 487 1747 541 quo
1773 488 1833 525 se
1864 479 2111 535 verteret,

529 562 789 631 inopsque
818 562 1049 626 consilii,
1081 577 1200 617 cum
1228 563 1552 631 experientia
1592 563 1886 630 didicisset,
1919 572 2115 632 quanta

530 654 712 709 fraude
739 656 950 725 penitus
977 655 1229 725 deceptus
1258 658 1462 723 fuisset,
1499 673 1618 712 cum
1661 657 1950 725 spatiosum
1977 655 2116 709 viam

529 747 799 816 elegisset,
842 748 1278 817 supplicationem
1319 749 1474 803 offert
1501 748 1835 819 patriurehm,
1866 762 1929 803 ac
1955 747 2117 802 mise-

531 840 724 894 rabiles
773 855 932 895 voces
974 842 1130 895 simul
1175 851 1229 896 et
1281 843 1545 913 lacrymas
1598 843 1825 898 ubertim
1873 840 2116 896 effundit.

530 930 713 1000 Itaque
735 934 778 987 is
795 936 882 1002 qui
909 933 975 988 ad
1004 933 1260 988 Lazarum
1291 949 1348 989 se
1373 945 1708 999 convertere,
1743 935 1824 989 vel
1851 935 2001 989 illum
2028 949 2118 989 re-

531 1024 736 1092 spicere
784 1041 887 1079 non
927 1025 1262 1095 dignabatur,
1295 1044 1580 1097 pauperem
1621 1029 1887 1098 abjectum
1931 1038 1983 1082 et
2031 1029 2119 1094 ja-

534 1127 743 1172 centem
765 1119 812 1170 in
830 1119 1110 1185 vestibulo,
1139 1120 1233 1174 sed
1261 1131 1315 1175 et
1347 1122 1519 1192 ipsum
1550 1121 1933 1192 prepemodum
1965 1122 2117 1176 dete-

532 1209 770 1262 stabatur
798 1222 1016 1280 prepter
1060 1211 1296 1267 ulcerum
1339 1223 1535 1268 tetrum
1577 1214 1818 1276 odorem,
1864 1229 2120 1283 suamque

535 1301 836 1370 mollitiem,
883 1312 938 1358 et
983 1303 1226 1369 delicias,
1284 1307 1476 1376 quibus
1519 1307 1772 1362 continue
1822 1306 2115 1373 fruebatur,

533 1407 676 1446 nunc.
697 1394 1014 1462 patriarcha:
1041 1397 1304 1466 supplicat
1333 1408 1386 1452 et
1407 1399 1480 1452 ait
1512 1416 1524 1452 :
1559 1399 2003 1464 Patet-Abraham,
2026 1401 2122 1450 mi-

531 1500 694 1537 serere
723 1485 840 1551 mei,
864 1497 911 1540 et
944 1487 1084 1540 mitte
1111 1486 1385 1553 Lazarum,
1414 1498 1465 1542 ut
1494 1489 1709 1559 intingat
1737 1501 2011 1544 extremum
2037 1491 2118 1543 di-

532 1576 624 1644 giti
662 1578 742 1629 sui
783 1577 836 1630 in
875 1593 1079 1647 aquam,
1121 1589 1168 1632 et
1201 1581 1464 1650 refrigeret
1502 1581 1731 1651 linguam
1779 1597 1976 1646 meam;
2001 1583 2124 1650 quia

533 1667 732 1720 crucior
757 1667 808 1720 in
834 1667 929 1722 hac
952 1670 1164 1738 ﬂamma
1195 1669 1343 1740 (Luc.
1377 1670 1464 1726 16.
1496 1670 1612 1740 24).
1638 1670 1984 1727 Sufficiebant
2007 1672 2119 1726 haec

533 1756 691 1810 verba
747 1758 812 1811 ad
875 1759 1293 1813 misericordiam
1348 1762 1698 1829 movendam,
1753 1773 2118 1816 verumtamen

535 1848 663 1901 nihil
711 1847 824 1904 il:er
870 1849 941 1903 illi
989 1850 1319 1918 profuerunt.
1368 1852 1742 1920 lntempestiva
1787 1853 1984 1923 quippe
2025 1851 2121 1907 fuit

491 1981 494 1984 ι
532 1940 822 2007 confessio,
855 1951 906 1996 et
949 1959 1054 1997 non
1086 1943 1423 1998 convenienti
1454 1936 1630 2000 oblata
1660 1955 1901 2015 tempore
1928 1945 2120 2014 depre-

533 2034 690 2085 catio.
729 2032 898 2099 Mitte,
938 2033 1128 2104 inquit,
1154 2035 1413 2089 Lazarum
1446 2035 1591 2089 illum
1623 2051 1930 2106 pauperem,
1959 2051 2118 2106 quem

533 2133 691 2177 antea
725 2122 1054 2190 detestabar,
1087 2127 1174 2181 cui
1215 2126 1378 2182 micas
1421 2143 1526 2180 non
1563 2127 1906 2197 itnpertiebar
1931 2145 1942 2180 :
1971 2128 2118 2182 illuttt

533 2227 630 2265 oro
658 2229 818 2280 nunc,
851 2223 905 2268 et
936 2215 1160 2286 digitum
1190 2217 1339 2271 illum
1370 2218 1606 2287 requiro,
1650 2234 1807 2288 quem
1835 2233 1996 2273 canes
2021 2219 2122 2272 litt-

530 2303 747 2370 gebant.
796 2303 962 2360 Vides
1016 2315 1072 2360 ιιι
1119 2307 1266 2361 illum
1316 2309 1634 2377 supplicium
1690 2310 2119 2378 compescuent?

537 2396 694 2451 Vides
728 2413 885 2468 quam
928 2409 1210 2468 angustum
1251 2401 1316 2454 ad
1371 2401 1527 2454 finem
1566 2401 1713 2455 illum
1763 2403 1995 2472 spatiosa
2036 2403 2117 2456 via

532 2488 830 2543 detulerit?
875 2489 1056 2560 Neque
1099 2506 1288 2561 preces
1329 2491 1485 2547 offert
1513 2493 1734 2558 Lazaro,
1767 2495 1860 2547 sed
1890 2496 2119 2564 patriar-

531 2581 684 2647 chae;
718 2583 910 2636 merito
938 2600 950 2636 :
982 2598 1153 2653 neque
1180 2586 1321 2640 enim
1344 2595 1527 2638 contra
1562 2602 1847 2656 pauperem
1876 2588 2120 2642 attollere

528 2673 714 2727 oculos
753 2673 1004 2728 audebat.
1053 2675 1213 2730 Suam
1265 2677 1406 2730 enim
1452 2677 1889 2732 inhutnanitatem
1939 2687 2119 2734 mente

528 2766 797 2831 versabat;
841 2775 894 2821 et
933 2768 1191 2838 cogitans,
1223 2784 1381 2838 quam
1422 2769 1896 2825 imtnisericordem
1943 2771 2014 2824 illi
2059 2786 2120 2827 se

528 2857 879 2926 exhibuisset,
923 2860 1094 2930 ipsum
1142 2875 1206 2915 ne
1246 2875 1508 2930 responso
1536 2861 1751 2930 quidem
1780 2877 1841 2918 se
1867 2863 2118 2931 dignatu-

531 2965 649 3004 rum
678 2952 1069 3021 suspicabatur.
1094 2953 1261 3020 Quam
1293 2955 1362 3010 ob
1389 2969 1602 3008 causam
1635 2970 1808 3026 neque
1847 2957 2116 3026 supplica-

528 3041 728 3095 tionem
759 3043 825 3097 ad
855 3043 1002 3097 illum
1031 3044 1232 3115 dirigit,
1278 3045 1371 3100 sed
1409 3046 1767 3116 patriarcham
1793 3047 2112 3104 obteStatur.

527 3131 634 3187 Sed
675 3148 742 3188 ne
783 3133 860 3188 sic
888 3134 1101 3205 quidem
1129 3129 1418 3206 qnidquam
1450 3137 1716 3207 profecit:
1753 3148 1955 3194 tantum
1998 3157 2115 3195 ma-

525 3223 634 3277 lum
673 3232 756 3278 est
790 3225 1254 3296 intempestivitas,
1296 3237 1351 3282 et
1387 3243 1704 3286 concessum
1754 3232 1906 3287 nobis
1941 3249 1970 3286 a
2020 3233 2117 3289 Dei

523 3311 854 3384 benignitate
879 3315 946 3370 ad
973 3317 1158 3371 salutis
1182 3328 1381 3372 nostra:
1403 3320 1740 3376 occasionem
1772 3330 1983 3393 tempus
2015 3341 2112 3379 ne-

521 3406 746 3476 gligere.
792 3407 962 3474 Quem
1017 3407 1161 3463 enim
1216 3409 1556 3466 adamantem
1617 3427 1724 3467 non
1775 3412 1891 3469 haec
1946 3416 2108 3471 verba

521 3497 836 3563 flexissent,
884 3507 939 3554 et
991 3499 1059 3554 ad
1107 3501 1530 3558 misericordiam
1574 3513 1630 3560 et
1680 3509 2110 3577 compassionem

519 3590 934 3645 commovissent
953 3591 978 3644 ?

590 3679 742 3736 Dives
780 3682 877 3734 sibi
906 3683 1153 3738 malorum
1177 3696 1374 3741 auctor.
1403 3717 1474 3728 —
1503 3688 1881 3747 Verumtamen
1922 3709 1988 3749 ne
2031 3695 2112 3750 sic

519 3773 733 3844 quidem
780 3776 965 3831 annuit
1015 3779 1258 3847 petitioni
1310 3783 1640 3851 patriarcha,
1699 3786 1792 3839 sed
1848 3802 2111 3855 reSponso

519 3867 731 3936 quidem
762 3869 907 3923 illum
931 3871 1198 3940 dignatur,
1224 3874 1396 3943 ipsmn
1425 3891 1553 3930 vero
1581 3877 1737 3932 docet
1761 3880 1861 3934 sibi
1893 3891 1967 3934 tot
1998 3898 2112 3936 ma-

521 3957 692 4011 lorum
725 3973 847 4013 emn
888 3971 1160 4015 auctorem
1192 3963 1480 4020 exstitisse.
1518 3966 1608 4021 Sic
1647 3969 1788 4023 enim
1818 3985 1940 4025 eum
1971 3973 2108 4026 allo-

517 4048 698 4119 quitur
724 4051 1022 4120 patriarcha
1055 4072 1066 4104 :
1093 4053 1219 4123 Fili,
1251 4058 1538 4126 recordare,
1568 4063 1688 4129 quia
1717 4065 1950 4134 recepisti
1976 4066 2109 4119 bona

516 4151 603 4195 tua
639 4143 690 4197 in
719 4145 820 4197 vita
848 4154 955 4209 tua,
984 4157 1031 4200 et
1059 4146 1287 4204 Lazarus
1316 4151 1544 4206 similiter
1572 4153 1708 4207 mala
1737 4171 1754 4208 :
1779 4173 1913 4210 nunc
1937 4169 2104 4213 autent

515 4235 596 4287 llic
639 4236 839 4304 quidem
884 4239 1192 4305 consolatur,
1235 4253 1288 4294 tu
1334 4257 1448 4295 vero
1483 4244 1742 4300 cruciaris.
1783 4245 1852 4300 Et
1890 4249 1960 4302 ad
1998 4251 2108 4302 Itrec

515 4325 685 4377 omnia
709 4326 839 4380 inter
867 4343 952 4381 vos
982 4338 1027 4382 et
1057 4347 1147 4385 nos
1173 4331 1343 4387 hiatus
1368 4350 1580 4404 magnus
1605 4337 1903 4392 constitutus
1931 4351 2024 4399 est.
2051 4349 2105 4393 ut

514 4416 551 4468 ii
575 4418 660 4486 qui
690 4417 860 4471 volunt
906 4421 1024 4474 hinc
1060 4423 1276 4477 transire
1316 4424 1386 4478 ad
1424 4441 1527 4490 vos,
1562 4444 1660 4481 non
1689 4432 1901 4497 possint,
1947 4448 2106 4501 neque

513 4507 633 4560 inde
657 4507 766 4562 ‘Izuc
805 4519 1132 4566 transmeare.
1177 4514 1454 4571 Terribilia
1498 4527 1620 4571 sunt
1661 4519 1776 4574 hazc
1820 4522 2001 4589 verba,
2050 4533 2105 4579 et

513 4612 631 4664 qua?
680 4600 885 4666 possint
921 4615 1034 4668 eos,
1077 4605 1269 4672 quibus
1315 4621 1410 4660 cor
1455 4609 1612 4678 sapit,
1645 4611 1925 4678 plurimum
1955 4629 2106 4668 com—

514 4703 753 4744 movere.
785 4690 916 4744 Nam
953 4702 1009 4747 ut
1033 4709 1156 4748 eum
1197 4695 1405 4764 doceat,
1441 4711 1500 4754 se
1537 4701 1750 4769 quidem
1782 4719 1931 4758 suam
1974 4719 2101 4775 erga

513 4781 660 4834 illtun
693 4782 1113 4840 misericordiam
1156 4786 1430 4855 exhibere,
1478 4799 1637 4859 atque
1665 4793 1732 4847 ad
1771 4797 2103 4864 cotnpatien-

510 4873 636 4926 dum
653 4873 868 4938 inﬂecti,
885 4874 1011 4929 dum
1031 4878 1411 4947 suppliciorum
1429 4883 1923 4954 eernitgravitatem
1939 4902 1953 4940 :
1971 4887 2100 4943 nihil

510 4976 688 5020 tamen
735 4967 908 5021 solatii
937 4971 1177 5038 praebere
1201 4985 1378 5041 posse,
1405 4988 1568 5043 seque
1595 4977 1979 5046 propemodum
2006 4995 2100 5034 ex-

507 5073 702 5114 cusans
730 5059 822 5122 illi,
851 5059 1081 5127 Vellem,
1110 5061 1301 5132 inquit,
1339 5080 1554 5120 manum
1590 5068 1682 5124 tibi
1711 5071 2004 5140 porrigere,
2035 5085 2099 5127 ac

507 5151 720 5206 dolores
747 5153 1009 5223 mitigare.
1039 5163 1094 5210 et
1133 5159 1450 5225 peracerbas
1487 5175 1673 5230 poenas
1709 5162 1968 5228 minuere,
2002 5163 2096 5219 sed

507 5253 560 5296 tu
592 5246 929 5314 temetipsum
954 5249 1272 5318 jampridem
1301 5266 1366 5306 eo
1395 5252 1586 5307 solatio
1613 5253 1826 5322 privasti
1852 5272 1866 5308 :
1898 5255 2096 5310 idcirco

505 5338 578 5392 ait
609 5354 622 5390 :
654 5337 782 5404 Fili,
827 5341 1122 5397 recordare.
1148 5340 1282 5398 Vide
1325 5343 1615 5400 bonitatem
1665 5347 2002 5415 patriarchm,
2039 5348 2099 5400 ti-

506 5428 634 5487 lium
691 5433 865 5503 ipsum
907 5445 1084 5489 vocat.
1131 5435 1512 5494 Verumtamen
1569 5438 1670 5494 hoc
1723 5440 1939 5509 quidem
1980 5441 2096 5510 ejus

507 5521 889 5581 humanitatem
915 5536 1093 5597 potest
1123 5529 1429 5597 ostendere,
1468 5530 1560 5584 sed
1601 5531 1805 5586 nullum
1839 5533 2095 5586 auxilium

508 5614 668 5684 ferre,
719 5618 863 5687 quod
908 5619 1143 5690 seipsum
1188 5622 1300 5692 ipse
1348 5623 1662 5692 prodiderit.
1721 5623 1848 5692 Fili,
1899 5625 2090 5694 inquit,

502 5709 791 5773 recordare,
823 5710 941 5777 quia
980 5713 1212 5781 recepisti
1243 5724 1297 5768 tu
1337 5713 1470 5768 bona
1499 5726 1586 5768 tua
1612 5716 1666 5770 in
1705 5717 1814 5770 vita
1848 5727 1954 5770 tua.
1986 5716 2094 5772 Ve-

505 5797 657 5850 niaut
679 5798 775 5853 tibi
816 5799 870 5851 in
899 5811 1131 5858 mentem
1164 5808 1454 5876 prmterita,
1480 5807 1584 5862 noli
1615 5808 1851 5864 oblivisci
1879 5819 2092 5882 quantts

1237 356 1294 412 S.
1331 356 1610 414 JOANNIS
1631 354 2102 412 CHRYSOSTOMI
2142 352 2458 411 ARCHlEP.
2498 346 3026 408 CONSTANTINOP.

3646 349 3752 406 1059.

2226 465 2434 521 deliciis
2456 463 2656 534 potitus
2692 461 2877 526 fueris,
2914 469 3107 531 quanta
3146 459 3437 530 voluptate,
3462 469 3638 529 quanta
3662 478 3753 514 ma-

2225 555 2528 627 gnificentia
2559 572 2572 608 :
2600 568 2705 625 quo
2737 561 2891 625 pacto
2920 551 3168 622 ingluviei
3195 561 3353 622 atque
3381 551 3603 607 ebrietati
3630 553 3756 606 dedi-

2227 656 2312 702 tus
2338 661 2552 716 semper
2571 647 2789 712 vixeris,
2821 660 2941 701 cum
2969 646 3021 699 in
3052 659 3209 700 omne
3235 659 3406 699 arvum
3447 653 3494 699 te
3517 642 3756 698 fruiturum

2229 737 2334 793 illis
2354 738 2709 802 existimares,
2737 746 2792 792 et
2820 737 2906 791 illa
2930 751 3049 791 esse
3074 737 3210 790 bona
3237 746 3514 790 statueres.
3539 735 3608 788 Ex
3626 734 3758 802 ipsius

2225 832 2486 886 sententia
2516 846 2826 901 reSponsmn
2859 830 2932 884 illi
2959 830 3123 884 dedit.
3146 828 3278 882 Cum
3306 828 3446 882 enim
3471 827 3556 881 ille
3573 825 3761 880 sublime

2226 921 2358 976 nihil
2398 924 2705 991 conciperet
2750 923 2946 986 animo,
2990 936 3162 991 neque
3203 921 3338 974 mala
3368 920 3554 985 futura,
3583 935 3686 989 quae
3722 921 3765 973 il-

2226 1013 2334 1066 lum
2362 1026 2647 1084 exceptura
2679 1024 2880 1081 essent,
2922 1013 3023 1070 sibi
3059 1020 3183 1067 ante
3225 1011 3408 1067 oculos
3445 1021 3668 1080 poneret,
3695 1011 3764 1066 illa

2223 1119 2345 1159 eSse
2372 1104 2509 1159 bona
2535 1106 2809 1160 censebat.

2295 1198 2350 1252 5.
2392 1197 2504 1252 Hoc
2531 1198 2673 1252 enim
2715 1197 2951 1269 plerique
2975 1196 3156 1253 dicere
3184 1195 3329 1252 soliti
3368 1204 3511 1261 sunt,
3539 1195 3622 1266 qui
3659 1194 3766 1251 deli-

2225 1290 2337 1345 cias
2361 1299 2416 1345 et
2440 1291 2723 1361 ingluviem
2753 1291 2818 1346 ad
2840 1301 3110 1360 stuporem
3141 1291 3420 1356 mirantur,
3450 1290 3619 1345 multis
3643 1288 3782 1358 potiti.

2227 1382 2420 1436 fuimus
2458 1383 2632 1448 bonis,
2679 1385 2722 1438 si
2753 1385 2966 1453 quando
2992 1399 3229 1438 summas
3267 1383 3485 1438 delicias
3523 1383 3768 1436 velintex-

2228 1474 2477 1543 primere.
2507 1474 2627 1529 Noli
2654 1475 2767 1529 tunc
2787 1475 3099 1544 simpliciter
3120 1476 3256 1529 bona
3286 1489 3495 1538 vocare,
3524 1474 3590 1527 tni
3619 1473 3768 1536 homo,

2225 1566 2321 1620 sed
2350 1567 2522 1636 cogita
2551 1569 2665 1622 hmc
2701 1583 2731 1620 a
2768 1567 2994 1622 Domino
3020 1567 3141 1621 data
3169 1582 3303 1629 esse,
3349 1576 3405 1620 ut
3433 1567 3510 1619 eis
3536 1564 3772 1618 moderate

2227 1667 2435 1714 utentes
2463 1658 2622 1713 vitam
2652 1667 2887 1713 nostram
2920 1667 3184 1722 tueamur,
3217 1667 3270 1712 et
3310 1657 3657 1712 infirmitatem
3676 1669 3772 1708 cor-

2225 1750 2370 1817 poris
2396 1757 2756 1804 sustentemus
2780 1767 2792 1802 :
2825 1749 2926 1803 alia
2947 1763 3074 1803 vero
3099 1757 3224 1802 sunt
3249 1763 3373 1803 vere
3399 1749 3557 1803 bona.

2301 1839 2428 1907 Qua:
2447 1842 2548 1895 sint
2572 1857 2683 1896 rere
2705 1844 2853 1896 bona.
2877 1871 2951 1882 —
2975 1841 3112 1899 Nihil
3132 1841 3327 1912 quippe
3356 1841 3576 1895 istorum
3605 1840 3772 1894 bonum

2225 1941 2328 2000 est,
2360 1949 2466 1987 non
2495 1933 2701 1989 delicia:
2725 1975 2741 2001 ,
2772 1949 2876 1989 non
2907 1934 3139 2000 divilize,
3172 1950 3277 1989 non
3309 1935 3678 2003 sumptuositas
3697 1947 3774 1986 ve-

2225 2026 2421 2091 stium,
2473 2025 2567 2080 sed
2615 2027 2786 2080 solmn
2838 2041 3030 2081 nomen
3078 2025 3292 2081 habent.
3321 2025 3457 2093 Quid
3489 2034 3655 2080 autem
3681 2025 3777 2077 dico

2224 2117 2396 2170 solum
2427 2132 2488 2171 ea
2530 2132 2724 2171 nomen
2754 2117 2991 2172 habere?
3021 2118 3111 2172 illa
3143 2133 3270 2171 vero
3296 2131 3656 2185 smpeuumero
3681 2130 3776 2184 pcr-

2225 2208 2418 2264 niciem
2450 2210 2602 2264 nobis
2623 2221 2928 2277 accersunt,
2957 2212 3000 2266 si
3027 2211 3239 2281 quando
3261 2210 3409 2280 ipsis,
3440 2225 3546 2262 non
3575 2217 3625 2262 ut
3647 2222 3778 2276 θροις

2226 2310 2326 2365 tet,
2358 2312 2589 2359 utamur.
2615 2304 2746 2359 Nam
2775 2302 2973 2359 divitite
3012 2305 3161 2359 bon-.L-
3185 2313 3407 2374 possunt
3434 2318 3556 2357 esse
3597 2314 3778 2372 posses-

2223 2391 2368 2458 sori,
2417 2395 2630 2464 quando
2675 2412 2780 2449 non
2830 2398 2880 2450 in
2932 2397 3154 2450 delicias
3201 2405 3404 2448 tanturn
3446 2395 3596 2459 illas,
3628 2391 3778 2446 necin

2223 2483 2535 2540 ebrietatem
2578 2495 2633 2541 et
2680 2489 2866 2541 noxias
2902 2487 3201 2556 voluptates
3246 2486 3533 2552 expendit,
3570 2483 3657 2539 sed
3680 2497 3778 2537 cum

2223 2576 2429 2632 deliciis
2492 2575 2764 2636 moderate
2812 2579 3124 2650 perfruens,
3175 2580 3375 2650 reliqua
3421 2579 3475 2632 in
3525 2592 3779 2648 pauperum

2222 2679 2435 2726 ventres
2465 2671 2771 2739 distribuit,
2802 2683 2912 2726 tum
2941 2673 3094 2727 bonae
3120 2681 3243 2726 sunt
3272 2671 3494 2725 divitizn.
3517 2671 3603 2725 Sin
3629 2677 3779 2721 autent

2222 2763 2458 2832 seipsum
2486 2765 2604 2834 quis
2635 2765 2839 2819 deliciis
2871 2780 2933 2818 ac
2961 2766 3169 2819 czcteris
3209 2763 3516 2817 libidinibus
3541 2762 3779 2816 dedituros

2221 2855 2310 2920 sit,
2335 2871 2439 2909 non
2474 2858 2634 2911 modo
2665 2857 2796 2912 nihil
2820 2859 2868 2913 ei
2900 2868 3146 2928 prosunt,
3179 2857 3276 2913 sed
3303 2858 3464 2912 etiam
3499 2859 3550 2910 in
3591 2852 3772 2924 profun-

2221 2947 2348 3001 dum
2377 2949 2520 3002 illum
2552 2949 2859 3004 barathrum
2891 2950 3215 3019 praecipitem
3243 2959 3402 3019 agunt
3429 2967 3446 3002 :
3479 2948 3617 3018 quod
3641 2956 3688 3002 et
3710 2944 3777 2998 isti

2220 3042 2368 3099 diviti
2393 3043 2604 3098 accidit.
2634 3044 2803 3110 Quam
2843 3044 2916 3098 ob
2955 3059 3168 3098 causam
3199 3043 3325 3098 dicit
3360 3042 3434 3096 illi
3471 3038 3777 3112 patriarcha:

2219 3139 2348 3207 Fili,
2377 3138 2664 3204 recordare,
2694 3139 2814 3210 quia
2839 3139 3070 3208 recepisti
3098 3139 3227 3192 bona
3255 3147 3344 3190 tua
3371 3137 3422 3189 in
3451 3137 3552 3189 vita
3579 3145 3677 3188 tua.
3704 3131 3778 3185 Illa

2217 3256 2338 3310 qum
2366 3256 2492 3296 vere
2519 3240 2656 3296 bona
2686 3255 2807 3296 esse
2846 3239 3106 3296 censebas
3157 3236 3439 3308 recepisti,
3487 3244 3541 3289 et
3583 3233 3782 3288 Lazarus

2216 3334 2464 3389 similiter
2495 3334 2630 3388 mala
2662 3352 2675 3388 :
2706 3350 2814 3388 non
2841 3333 2982 3402 quod
3008 3346 3070 3386 ea
3098 3331 3330 3386 Lazarus
3355 3327 3500 3383 mala
3535 3331 3779 3387 censeret,

2216 3427 2391 3494 absit,
2419 3427 2513 3482 sed
2550 3443 2613 3481 ex
2643 3427 2810 3496 ipsius
2837 3425 3020 3480 divitis
3047 3424 3310 3478 sententia
3342 3421 3440 3475 hoc
3471 3420 3627 3475 etiam
3655 3413 3775 3484 adje-

2215 3521 2288 3576 cit
2313 3539 2326 3575 :
2357 3520 2617 3589 siquidem
2647 3519 2734 3574 ille
2759 3535 2876 3572 cum
2901 3517 3038 3571 hanc
3059 3516 3197 3587 apud
3218 3529 3276 3570 se
3299 3514 3615 3570 sententiam
3639 3517 3778 3563 ratam

2216 3613 2511 3680 habuisset,
2541 3629 2669 3684 opes
2689 3627 2752 3666 ac
2771 3612 3013 3676 delicias,
3038 3609 3310 3664 lasciviam
3333 3616 3387 3664 et
3410 3622 3622 3662 omnem
3644 3602 3778 3656 aliam

2213 3705 2340 3761 vitae
2385 3706 2566 3760 luxum
2610 3705 2750 3760 bona
2795 3719 2916 3761 esse
2945 3702 3176 3758 ducebat
3206 3721 3218 3756 :
3249 3710 3611 3771 paupertatem
3642 3708 3779 3757 vero.

2218 3797 2409 3853 famem
2442 3808 2496 3854 et
2524 3798 2803 3852 adversam
2834 3795 3189 3850 valetudinem
3233 3793 3368 3847 mala
3407 3807 3534 3846 esse
3569 3788 3770 3856 suspica-

2215 3890 2388 3945 batur.
2414 3891 2578 3944 Prout
2606 3889 2764 3958 igitur
2789 3887 3138 3943 cxistimabas
3158 3927 3172 3951 ,
3203 3894 3258 3940 et
3284 3884 3477 3937 falsum
3512 3881 3634 3936 illud
3659 3876 3777 3948 judi-

2211 3982 2352 4036 cium
2378 3979 2804 4051 ampleetebaris,
2833 3978 3116 4035 recordare
3160 3988 3210 4032 te
3236 3993 3299 4032 ex
3322 3985 3412 4029 ttto
3433 3973 3645 4029 calculo
3664 3971 3778 4024 bona

2213 4075 2300 4130 illa
2325 4073 2591 4142 recepisse
2613 4115 2627 4136 ,
2660 4088 2779 4127 cum
2808 4088 2902 4141 per
2927 4073 3086 4127 latam
3117 4085 3180 4125 ac
3217 4070 3510 4139 spatiosum
3539 4068 3671 4121 viam
3711 4064 3796 4129 ἱιιο,

2211 4164 2455 4230 cederes,
2483 4173 2537 4218 et
2565 4163 2824 4218 Lazarum
2857 4162 3105 4218 similiter
3124 4161 3260 4215 mala
3285 4176 3346 4214 ex
3378 4157 3658 4212 ratiocinio
3683 4152 3794 4214 tuo,

2211 4259 2335 4314 dum
2364 4269 2645 4328 angustum
2690 4265 2743 4312 et
2786 4267 2990 4311 arctum
3037 4257 3139 4310 iter
3184 4253 3495 4308 conficeret.
3544 4247 3777 4318 Quoniam

2210 4349 2371 4419 igitur
2393 4359 2446 4403 tu
2478 4349 2576 4403 vite
2604 4356 2808 4401 tantum
2831 4345 3032 4400 aditum
3061 4345 3361 4412 spectabas,
3385 4341 3474 4396 hic
3496 4355 3622 4395 vero
3642 4338 3775 4391 finem

2209 4438 2566 4509 reSpiciebat,
2609 4453 2783 4507 neque
2813 4435 3165 4507 negligentior
3193 4443 3410 4503 propter
3453 4432 3654 4485 aditum
3697 4427 3776 4479 via:

2207 4529 2547 4589 reddebatur,
2578 4537 2858 4598 propterea
2904 4542 3046 4580 nunc
3085 4525 3395 4579 consolatur
3424 4523 3528 4576 hoc
3569 4523 3617 4576 in
3649 4521 3773 4576 loco.

2211 4627 2262 4673 ttt
2295 4636 2422 4674 vero
2449 4621 2725 4685 cruciaris,
2755 4629 2806 4674 et
2835 4619 2965 4674 fines
2993 4618 3091 4671 sibi
3123 4617 3345 4671 invicem
3368 4613 3667 4670 contrarios
3688 4622 3776 4664 sor-

2208 4711 2288 4766 titi
2309 4713 2457 4767 estis.
2485 4711 2706 4767 Vidistis
2735 4712 2908 4781 reipsa
2947 4710 3193 4778 Spatiosze
3221 4724 3284 4763 ac
3322 4710 3442 4762 lata:
3467 4708 3570 4760 vite
3602 4706 3773 4763 finem,

2205 4813 2259 4859 et
2287 4819 2394 4874 quo
2434 4814 2592 4874 pacto
2617 4811 2855 4873 angusta:
2884 4810 3054 4872 porta-3
3079 4841 3094 4867 ,
3126 4809 3179 4853 et
3209 4805 3372 4852 arctte
3398 4797 3502 4851 via:
3526 4796 3650 4851 felix
3690 4801 3776 4846 ter-

2205 4895 2382 4950 minus
2409 4910 2530 4948 eum
2561 4893 2835 4962 exceperit
2862 4893 2951 4961 qui
2985 4893 3151 4961 ipsam
3179 4891 3436 4957 elegerat;
3465 4887 3645 4940 audite
3669 4896 3774 4951 ergo

2205 4995 2260 5043 et
2283 5001 2596 5055 responsum
2626 4985 2754 5040 illud
2787 4985 3109 5038 terribilius:
3141 4981 3204 5034 Et
3243 4981 3312 5033 ad
3338 4979 3443 5033 Itan:
3469 4978 3672 5043 omnia,
3705 4975 3774 5028 in-

2203 5077 2351 5148 quit,
2379 5079 2509 5131 inter
2533 5094 2624 5131 nos
2655 5088 2702 5130 et
2727 5093 2813 5130 vos
2849 5076 3016 5128 hiatus
3045 5090 3259 5145 magnus
3287 5072 3589 5124 constitutus
3611 5078 3704 5131 cst,
3730 5073 3774 5116 ut

2204 5169 2242 5221 ii
2268 5170 2354 5240 qui
2383 5168 2556 5222 volunt
2582 5169 2700 5221 hinc
2727 5169 2944 5221 transire
2967 5166 3088 5220 illuc
3115 5182 3217 5218 non
3247 5163 3459 5233 possint,
3491 5175 3649 5231 neque
3672 5156 3772 5210 inde

2205 5260 2302 5312 huc
2331 5270 2660 5312 transmeare.
2682 5257 2759 5313 Ne
2791 5271 2990 5312 temere
3016 5251 3413 5326 prtetereamus,
3435 5245 3770 5308 dilectissimi,

2203 5350 2348 5420 quod
2373 5349 2572 5404 dictum
2599 5356 2710 5415 est,
2739 5348 2834 5402 sed
2877 5356 3117 5402 exactam
3164 5343 3422 5398 orationis
3466 5342 3574 5395 vim
3613 5342 3772 5393 mente

2202 5456 2498 5508 versemus,
2529 5449 2584 5495 et
2607 5449 2807 5510 quanto
2835 5438 3134 5509 perfruatur
3161 5437 3392 5499 honore,
3422 5441 3621 5504 quanta
3648 5425 3771 5481 sedis

2202 5535 2575 5604 praerogativa,
2608 5533 2699 5603 qui
2730 5547 2828 5603 pro
2852 5531 3114 5587 vestibulo
3136 5528 3379 5600 jacebat,
3416 5526 3507 5581 ille
3551 5523 3770 5591 abiectus

2201 5634 2255 5682 et
2287 5641 2506 5696 pauper,
2536 5625 2626 5680 ille
2654 5625 2744 5694 qui
2776 5625 2913 5679 fame
2950 5621 3375 5688 conflictabatur,
3405 5618 3494 5673 ille
3522 5613 3769 5672 ulceribus

2202 5717 2462 5788 oppletus,
2493 5725 2547 5772 et
2571 5717 2793 5771 canibus
2816 5715 3110 5786 expositus.
3739 5719 3744 5724 ‘

2277 5807 2400 5865 Non
2444 5827 2690 5883 pauperes
2731 5819 2778 5865 et
2821 5808 2989 5879 afﬂicti
3031 5807 3198 5862 miseri
3257 5816 3392 5860 sunt.
3421 5833 3483 5842 -ο
3513 5791 3772 5847 Lumine“
