4006 6380
288 365 418 422 1051

283 478 466 536 στενὸν
520 475 970 547 καταστρέψαντα
1017 474 1172 537 τέλος
1196 490 1209 504 ·
1260 472 1357 525 ἐπ’
1402 471 1612 524 ἐκείνου
1670 469 1727 521 δὲ
1781 467 1850 521 τὰ

281 560 498 616 ἐναντία
535 558 940 629 συμϐεϐηκότα,
969 558 1063 611 καὶ
1080 556 1170 610 διὰ
1196 555 1295 627 τὴν
1320 552 1553 607 ἐνταῦθα
1578 549 1852 620 ὑπομονὴν

280 644 386 698 τῶν
413 643 745 714 ἀπορρήτων
781 640 1007 695 ἐκείνων
1032 638 1253 709 ἀγαθῶν
1278 638 1442 691 αὐτὸν
1466 635 1812 689 ἀπολαύοντα
1834 648 1847 661 °

281 731 373 783 καὶ
399 729 457 779 ἐν
488 726 769 797 ἀμηχανίᾳ
794 723 1055 793 γεγονὼς,
1089 723 1183 778 καὶ
1214 725 1281 793 τῇ
1331 721 1498 791 πείρᾳ
1529 717 1717 790 μαθὼν
1752 716 1853 786 τὴν

282 810 515 880 ἀπάτην,
554 808 622 879 ἦν
659 808 916 878 ὑπέμεινε
961 807 1029 860 δι’
1065 806 1186 860 ὅλου
1226 805 1328 876 τὴν
1381 801 1694 875 εὐρύχωρον
1735 798 1852 852 όδὸν

283 894 550 962 ἐλόμενος,
578 891 858 962 ἱκετηρίαν
881 889 1063 961 τίθησι
1090 888 1227 960 πρὸς
1250 888 1342 941 τὸν
1365 885 1730 956 πατριάρχην,
1757 880 1853 933 καὶ

283 974 487 1028 ἐλεεινὰ
538 973 833 1042 φθέγγεται
866 974 1107 1046 ῥήματα,
1162 972 1257 1024 καὶ¹
1306 968 1558 1040 δακρύων
1587 965 1849 1036 γέμοντα.

283 1059 391 1111 Καὶ
416 1059 444 1109 6
474 1057 581 1127 πρὸ
628 1056 819 1109 τούτου
853 1056 986 1127 μηδέ
1024 1053 1505 1126 ἐπιστρεφόμενος,
1544 1048 1679 1119 μηδὲ
1724 1046 1852 1099 ἰδεῖν

283 1141 604 1211 ἀνεχόμενος
642 1140 732 1193 τὸν
780 1139 1052 1211 Λάζαρον,
1096 1137 1189 1191 τὸν
1232 1137 1479 1205 πένητα,
1525 1134 1617 1187 τὸν
1664 1134 1723 1184 ἐν
1774 1129 1853 1202 τῷ

283 1224 485 1276 πυλῶνι
518 1222 869 1295 ἐρριμμένον,
899 1223 1034 1276 ἀλλὰ
1075 1222 1170 1274 καὶ
1218 1217 1639 1291 βδελυττόμενος
1664 1214 1849 1281 αὐτὸν,

282 1308 356 1369 ὡς
382 1308 577 1367 εἰπεῖν,
627 1306 711 1359 διὰ
752 1305 853 1376 τὴν
893 1304 1004 1358 τῶν
1038 1301 1211 1356 έλκῶν
1258 1301 1549 1365 δυσωδίαν,
1606 1299 1701 1351 καὶ
1751 1297 1852 1367 τὴν

281 1390 495 1457 οἰκείαν,
518 1388 795 1459 βλακείαν,
831 1390 892 1441 ἐν
927 1382 1251 1460 ᾖδιηνεκῶς
1294 1385 1515 1457 τρυφῶν
1555 1383 1730 1454 διῆγε,
1756 1383 1852 1435 νῦν

282 1473 512 1526 ἱκετεύει
532 1474 619 1527 τὸν
649 1462 1014 1543 πατριάρχην,
1051 1470 1144 1523 καί
1164 1485 1296 1538 φησι
1321 1485 1336 1498 ο
1369 1468 1559 1536 Πάτερ
1583 1466 1848 1536 Ἀϐραὰμ,

279 1556 545 1625 ἐλέησόν
566 1573 665 1625 με,
697 1555 797 1609 καί
829 1553 1074 1623 πέμψον
1119 1550 1406 1619 Λάζαρον,
1443 1551 1543 1603 ἵνα
1565 1550 1743 1619 βάψῃ
1783 1549 1851 1603 τὸ

280 1640 464 1706 ᾶγρον
490 1640 595 1693 τοῦ
616 1638 918 1693 δακτύλου
943 1636 1129 1691 αὐτοῦ
1160 1636 1513 1701 ὓδατος-,καί
1532 1634 1850 1705 καταψύξῃ

278 1725 394 1792 τὴν
424 1721 715 1793 γλῶσσάν
756 1741 898 1793 μου,
948 1720 1039 1774 ὅτι
1083 1719 1384 1789 ὀδυνῶμαι
1431 1720 1501 1772 ὲν
1553 1717 1631 1786 τῇ
1672 1718 1852 1788 φλογί

281 1810 488 1877 ταύτῃ.
530 1804 710 1860 Ἱκανὰ
732 1805 799 1859 τὰ
838 1806 1056 1878 ῥήματα
1090 1806 1169 1867 εἰς
1199 1799 1377 1856 οἶκτον
1405 1801 1814 1870 ἀφελκύσασθαι
1833 1815 1849 1831 ⁶

281 1893 394 1946 ἀλλ’
415 1893 567 1963 ὅμως
590 1891 708 1944 οὐδὲ
739 1889 909 1953 οὕτως
931 1888 1106 1958 ὤνησέ
1132 1906 1185 1942 τι
1212 1887 1371 1940 πλέον
1387 1904 1399 1918 '
1427 1887 1656 1957 ἄκαιρος
1680 1885 1788 1955 γὰρ
1816 1888 1849 1956 ή

278 1977 665 2047 ἐξομολόγησις
714 1974 809 2028 καὶ
858 1976 891 2044 ή
941 1973 1286 2043 παράκλησις
1332 1970 1433 2025 οὐκ
1484 1972 1541 2024 ἐν
1572 1968 1751 2042 καιρῷ
1776 1968 1853 2038 τῷ

278 2061 448 2115 δέοντι
481 2058 762 2130 γινομένη.
795 2055 1035 2128 Πέμψον,
1057 2056 1209 2127 φησί,
1234 2055 1325 2108 τὸν
1350 2053 1599 2125 Λάζαρον
1623 2054 1853 2116 ἐκεῖνον,

278 2146 367 2198 τὸν
396 2146 624 2214 πένητα,
676 2142 735 2194 ὃν
784 2141 890 2211 πρὸ
937 2140 1129 2194 τούτου
1178 2138 1594 2209 ἐϐδελυττόμην,
1645 2130 1689 2204 ᾧ
1747 2136 1856 2189 τῶν

278 2229 473 2298 ψιχίων
508 2229 569 2280 οὐ
606 2225 946 2298 μετεδίδουν·
976 2224 1188 2277 ἐκείνου
1237 2223 1427 2294 δέομαι
1461 2222 1575 2284 νῦν,
1624 2219 1719 2274 καὶ
1765 2219 1856 2273 τὸν

278 2310 539 2365 δάκτυλον
573 2311 775 2362 ἐκεῖνον
799 2306 1063 2380 ἐπιζητῶ,
1097 2306 1156 2359 ὃν
1186 2308 1235 2359 οί
1261 2305 1421 2368 κύνες
1448 2304 1673 2374 έλειχον.
1706 2299 1858 2366 Εἶδες

280 2394 394 2457 πῶς
430 2390 771 2446 συνέστειλεν
817 2391 978 2443 αὐτὸν
1008 2392 1042 2461 ή
1093 2389 1369 2460 τιμωρίας
1417 2385 1557 2452 εἶδες
1613 2387 1729 2449 πῶς
1778 2387 1858 2450 εἰς

282 2477 464 2529 στενὸν
494 2476 645 2538 τέλος
677 2475 1011 2545 κατήντησεν
1044 2475 1076 2545 ή
1107 2472 1421 2543 εὐρύχωρος
1472 2472 1625 2537 ὀδός;
1660 2471 1770 2524 Καὶ
1794 2472 1855 2523 οὐ

282 2563 515 2612 ποιεῖται
544 2558 680 2629 πρὸς
710 2558 802 2610 τὸν
825 2556 1074 2626 Λάζαρον
1106 2558 1204 2627 τὴν
1233 2554 1535 2625 ἱκετηρίαν,
1559 2553 1695 2607 ἀλλὰ
1723 2553 1859 2622 πρὸς

280 2647 369 2697 τᾶν
418 2643 789 2715 πατριάρχην.
863 2641 1141 2706 Εἰκότως·
1208 2640 1328 2692 οὐδέ
1378 2639 1487 2710 γὰρ
1542 2637 1860 2705 ἀντιϐλέψαι

282 2728 482 2798 ἐτόλμα
517 2725 593 2796 τῷ
624 2726 836 2797 πένητι.
878 2723 1107 2777 Ἐνενόει
1136 2722 1265 2794 γὰρ,
1310 2718 1486 2792 οἶμαι,
1532 2723 1631 2792 τὴν
1656 2720 1861 2773 οἰκείαν

283 2810 703 2881 ἀπανθρωπίαν,
748 2809 841 2862 καὶ
871 2808 933 2860 τὸ
957 2806 1183 2878 ἀνηλεές
1227 2806 1577 2875 λογιζόμενος
1616 2806 1751 2874 ὅπερ
1782 2807 1862 2867 εἰς

282 2894 443 2947 αὐτὸν
478 2892 815 2955 ἐπεδείξατο,
849 2892 1171 2944 ὑπώπτευεν
1200 2889 1363 2942 αὐτὸν
1395 2888 1523 2951 ἴσως
1553 2887 1687 2958 μηδὲ
1727 2889 1863 2939 ἀπο-

283 2979 521 3048 κρίσεως
543 2974 746 3041 ἀξιοῦν.
770 2974 869 3026 Διά
903 2991 985 3027 τοι
1013 2973 1171 3026 τοῦτο
1194 2971 1314 3025 οὐδέ
1336 2971 1471 3042 πρὸς
1505 2970 1666 3024 αὐτὸν
1694 2971 1864 3022 ποιεῖ-

282 3079 370 3115 ται
424 3060 531 3131 τὴν
592 3059 962 3129 παράκλησιν,
1017 3057 1154 3112 ἀλλά
1196 3055 1287 3110 τὸν
1332 3057 1677 3128 πατριάρχην
1712 3054 1861 3127 [797]

286 3144 544 3198 ἱκετεύει.
590 3142 729 3195 Ἀλλ’
757 3142 906 3212 ὅμως
935 3140 1055 3194 οὐδέ
1084 3139 1259 3203 οὕτως
1290 3138 1552 3208 ἐκέρδανέ
1590 3155 1644 3192 τι
1678 3139 1860 3193 πλέον.

284 3226 552 3280 Τοσοῦτον
584 3226 750 3279 κακόν
774 3227 919 3278 ἐστιν
942 3225 976 3295 ή
1005 3221 1252 3293 ἀκαιρία,
1279 3223 1374 3275 καὶ
1397 3223 1457 3275 τὸ
1476 3220 1565 3274 τὸν
1584 3221 1865 3293 δεδομένον

284 3314 410 3381 ἡμῖν
438 3311 544 3381 τῆς
572 3309 717 3380 ζωῆς
750 3308 939 3380 καιρὸν
968 3307 1119 3378 παρὰ
1145 3306 1242 3377 τῆς
1271 3303 1365 3359 τοῦ
1393 3305 1530 3359 Θεοῦ
1560 3305 1867 3376 φιλανθρω-

284 3397 409 3460 πίας
433 3398 521 3458 εἰς
550 3396 645 3465 τὴν
676 3393 776 3463 τῆς
806 3391 1084 3464 ἡμετέρας
1116 3391 1388 3461 σωτηρίας
1433 3391 1688 3445 ὑπόθεσιν
1734 3409 1869 3464 προ-

282 3479 507 3534 διδόναι.
535 3476 694 3531 [Ιοῖον
713 3476 819 3548 γὰρ
842 3475 1123 3546 ἀδάμαντα
1146 3470 1246 3526 οὐκ
1266 3474 1331 3527 ἂν
1348 3473 1668 3545 κατέκαμψε
1693 3476 1868 3528 ταῦτα

281 3564 349 3618 τὰ
378 3566 631 3636 ῥήματα,
661 3562 757 3615 καὶ
785 3563 864 3625 είς
887 3556 1068 3613 οἶκτον
1093 3558 1189 3611 καὶ
1234 3557 1582 3629 συμπάθειαν
1612 3560 1819 3630 ήγαγεν
1849 3576 1865 3625 ;

365 3646 514 3701 Ἀλλ’
553 3648 703 3715 ὅμως
745 3645 866 3697 οὐδὲ
891 3642 1064 3707 οὓτως
1095 3645 1126 3696 6
1151 3642 1497 3715 πατριάρχης
1526 3642 1768 3696 ἐπινεύει
1800 3646 1866 3715 τῇ

285 3732 525 3803 αἰτήσει,
555 3729 669 3782 ἀλλ’
700 3727 1045 3799 ἀποκρίσεως
1074 3726 1171 3797 μὲν
1208 3727 1373 3780 αὐτὸν
1414 3728 1577 3793 ἀξιοῖ,
1623 3726 1868 3781 διδάσκει

288 3813 345 3868 δὲ
366 3816 531 3867 αὐτὸν
569 3813 650 3865 ὅτι
674 3812 835 3874 αὐτὸς
868 3808 1047 3880 ἐαυτῷ
1084 3808 1256 3873 αἴτιος
1284 3808 1490 3863 τούτων
1513 3810 1733 3877 ἐγένετο
1758 3810 1869 3866 τῶν

290 3898 492 3952 κακῶν.
523 3897 664 3967 Φησὶ
691 3895 801 3965 γὰρ
825 3894 962 3963 πρὸς
993 3892 1156 3946 αὐτὸν
1186 3894 1214 3945 6
1245 3892 1865 3965 πατριάρχης’Τέκνον,

284 3982 592 4051 μνήσθητι
629 3979 721 4032 ὅτι
749 3978 1047 4042 ἀπέλαϐες
1072 3975 1145 4030 τά
1178 3975 1370 4045 ἀγαθά
1395 3991 1514 4029 σου
1562 3977 1633 4029 ἐν
1656 3976 1731 4046 τῇ
1755 3976 1870 4046 ζωῇ

290 4080 428 4131 σου,
465 4063 567 4118 καὶ
598 4059 857 4131 Λάὰιρος
881 4061 1095 4130 ὁμοίως
1125 4060 1200 4114 τὰ
1220 4059 1406 4113 κακά’
1440 4060 1556 4113 νῦν
1576 4060 1645 4113 δὲ
1694 4065 1725 4114 d
1753 4061 1872 4129 μὲν

290 4147 744 4217 παρακαλεῖται,
795 4144 878 4201 σὺ
916 4143 986 4196 δὲ
1043 4142 1359 4197 ὀδυνᾶσαι.
1409 4144 1521 4197 Καὶ
1573 4143 1674 4196 ἐπὶ
1717 4142 1870 4197 πᾶσι

289 4234 526 4297 τούτοις
583 4228 812 4299 μεταξὺ
868 4225 1037 4295 ὑμῶν
1083 4224 1184 4278 καὶ
1241 4226 1411 4294 ἡμῶν
1460 4226 1668 4296 χάσμα
1715 4226 1871 4297 μέγα

291 4316 656 4384 ἐστήρικται,
672 4313 830 4376 ὅπως
849 4313 902 4364 οι
929 4308 1210 4373 θέλοντες
1233 4307 1511 4375 διαϐῆναι
1533 4310 1708 4363 ἐνθεν
1721 4310 1870 4378 πρὸς

292 4398 447 4467 ὑμᾶς
486 4396 577 4467 μὴ
629 4396 946 4455 δύνωνται,
986 4390 1145 4461 μηδὲ
1175 4394 1228 4444 οὶ
1258 4391 1488 4446 ἐκεῖθεν
1514 4391 1665 4459 πρὸς
1713 4392 1870 4461 ἡμᾶς

292 4478 640 4550 διαπερῶσι.
666 4476 878 4548 Φοϐερὰ
898 4476 966 4529 τὰ
993 4474 1282 4546 εἰρημένα,
1308 4476 1403 4528 καὶ
1440 4476 1600 4530 ἰκανά
1647 4476 1872 4529 καθικέ-

297 4563 423 4617 σθαι
445 4564 555 4617 τῶν
584 4562 708 4615 νοῦν
739 4562 991 4632 ἐχόντων.
1025 4560 1146 4612 Ἵνα
1193 4558 1304 4630 γὰρ
1333 4558 1521 4632 διδάξῃ
1564 4560 1751 4623 αὐτὸν,
1787 4560 1874 4614 ὅτι

293 4647 455 4710 αὐτὸς
489 4646 588 4717 μὲν
615 4644 712 4716 τὴν
734 4643 939 4697 οἰκείαν
971 4642 1375 4714 εὐσπλαγχνίαν
1406 4645 1534 4714 περὶ
1566 4643 1729 4699 αὐτόν
1752 4643 1874 4697 ἐπι-

292 4732 561 4794 δείκνυσι,
590 4729 687 4782 καὶ¹
730 4730 810 4792 εἰς
839 4723 1021 4781 οἶκτον
1052 4728 1484 4797 ἐπικάμπτεται,
1522 4728 1665 4800 ὀρῶν
1705 4729 1873 4784 αὐτοῦ

294 4818 391 4887 τῆς
415 4815 692 4877 κολάσεως
715 4816 817 4884 τὴν
842 4812 1116 4873 ἐπίτασιν,
1151 4812 1304 4865 οὐδὲν
1329 4811 1386 4865 δὲ
1413 4812 1579 4867 πλέον
1608 4811 1759 4886 αὐτῷ
1793 4817 1875 4879 εἰς

297 4900 653 4973 παραμυθίαν
682 4900 926 4966 ἐνεγκεῖν
953 4896 1200 4959 δύναται,
1240 4897 1525 4967 μονονουχὶ
1574 4897 1871 4967 ἀπολογούα

298 5001 458 5055 μενος
491 4980 644 5053 αὐτῴ
678 4998 865 5053 φησιν,
890 4981 971 5035 δτι
1006 4979 1338 5050 Ἐϐουλόμην
1364 4980 1523 5051 χεῖρά
1555 4997 1637 5034 σοι
1665 4981 1873 5052 ὀρέξαι,

296 5071 392 5123 καὶ
425 5067 780 5136 ἐπικουφίσαι
804 5082 898 5118 σου
922 5065 1018 5127 τὰς
1061 5064 1387 5135 ἀλγηδόνας,
1418 5064 1515 5118 καὶ
1544 5064 1656 5117 τῶν
1700 5083 1878 5137 τιμω-

299 5151 431 5223 ριῶν
458 5148 856 5222 ὑποτέμνεσθαι
884 5147 947 5201 τὸ
974 5147 1223 5217 σφοδρὸν,
1249 5147 1385 5201 ἀλλὰ
1410 5146 1697 5218 προλαϐὼν
1716 5149 1878 5214 αὐτὸς

295 5234 502 5304 ταύτης
533 5232 914 5304 ἀπεστέρησας
958 5230 1149 5285 ἐαυτὸν
1206 5230 1307 5300 τῆς
1371 5231 1755 5302 παραμυθίας’
1788 5232 1881 5287 διὰ

295 5317 456 5371 τοῦτό
475 5334 641 5388 φησι·
670 5316 908 5379 Τέκνον,
918 5313 1241 5385 μνήσθητι.
1272 5314 1412 5385 Ὅρα
1428 5314 1522 5367 τοῦ
1540 5317 1878 5389 πατριάρχου

297 5403 398 5472 τὴν
428 5401 739 5472 ἀγαθότητα
758 5416 770 5432 ⁸
808 5400 996 5454 τέκνον
1018 5399 1179 5451 αὐτὸν
1204 5397 1377 5453 καλεζ.
1418 5398 1578 5453 Ἀλλά
1597 5400 1755 5454 τοῦτο
1777 5401 1879 5473 μὲν
1930 5408 1935 5411 “

298 5487 396 5556 τὴν
420 5486 738 5558 ἡμερότητα
758 5484 857 5555 τὴν
887 5481 1053 5537 αὐτοῦ
1077 5483 1318 5554 ἐμφῆναι
1348 5480 1598 5547 δύναται,
1621 5484 1880 5555 οὐδεμίαν

299 5570 356 5623 δὲ
404 5568 558 5640 αὐτῷ
593 5568 842 5640 βοήθειαν
886 5564 1117 5639 παρέχει
1142 5565 1231 5619 διὰ
1258 5565 1320 5618 τὸ
1344 5565 1435 5635 ὑφ’
1467 5566 1662 5621 ἑαυτοῦ
1713 5568 1879 5623 αὐτὸν

302 5652 670 5725 προδίδοσθαι.
705 5651 943 5712 Τέκνον,
1004 5649 1157 5719 φησὶ,
1200 5647 1502 5717 μνήσθητι
1531 5649 1621 5703 ὅτι
1651 5651 1880 5707 ἀπέλα-

307 5740 407 5805 ϐες
436 5738 520 5792 σὺ
547 5739 619 5793 τὰ
648 5735 842 5811 ἀγαθά
881 5751 998 5791 σου
1024 5734 1095 5788 ἐν
1129 5732 1206 5803 τῇ
1239 5732 1352 5802 ζωῇ
1382 5749 1500 5790 σου
1518 5751 1532 5764 ’
1562 5739 1642 5800 εἰς
1671 5737 1882 5793 ἔννοιαν

311 5825 428 5881 ἐλθὲ
465 5827 575 5881 τῶν
623 5825 1017 5899 παρελθόντων,
1077 5821 1153 5893 μή
1186 5821 1419 5895 ἐπιλάθῃ
1467 5821 1636 5894 πόσης
1664 5827 1878 5895 τρυφῆς

1470 356 1558 412 DE
1596 352 1869 411 LAZARO
1906 352 2156 413 CONCIO
2196 359 2310 415 VII.

3392 363 3411 415 1
3421 362 3528 418 052

1957 469 2298 540 ἀπήλαυσας,
2348 474 2521 546 πόσης
2555 473 2813 542 ἀνέσεως,
2845 474 3017 543 πόσης
3061 475 3380 544 φαντασίας,
3412 478 3530 542 πῶς

1954 554 2013 606 ἐν
2037 557 2452 628 γαστριμαργίᾳ
2476 559 2572 612 καὶ
2596 556 2735 629 μέθῃ
2753 557 2931 611 πάντα
2950 558 3041 610 τὸν
3066 557 3178 627 βίον
3204 556 3528 625 διετέλεσας,

1954 637 2012 689 ἐν
2046 637 2271 701 ἐκείνοις
2296 639 2532 709 νομίζων
2552 638 2693 693 εἶναι
2710 641 2887 695 πάντα
2906 639 2996 694 τδν
3018 640 3207 703 αἰῶνα,
3225 641 3319 694 καὶ
3348 642 3532 695 ἐκεῖνα

1952 718 2269 789 ὁριζόμενος
2290 717 2507 777 εἶναιτὰ
2525 710 2725 792 ἀγαθά.
2767 723 2901 777 Ἀπὸ
2914 724 3014 794 τῆς
3040 724 3223 792 ψήφου
3244 725 3340 793 τῆς
3367 723 3531 777 αὐτοῦ

1951 800 2053 870 τήν
2098 802 2390 875 ἀπόκρισιν
2451 806 2590 877 πρὸς
2632 807 2797 877 αὐτὸν
2850 807 3163 877 ἐποιήσατο.
3203 808 3368 869 Οὐδὲν
3422 806 3532 877 γὰρ

1953 882 2163 949 ἐκεῖνος
2192 886 2394 958 ὑψηλὸν
2416 889 2842 960 φανταζόμενος,
2882 889 3006 941 οὐδὲ
3036 891 3105 943 τὰ
3149 890 3411 960 μέλλοντα
3435 891 3535 941 αὐ-

1953 966 2043 1020 τὸν
2069 967 2412 1039 διαδέχεσθαι
2430 973 2575 1025 κακὰ
2598 973 2703 1044 πρὸ
2720 973 2830 1027 τῶν
2845 973 3141 1046 ὀφθαλμῶν
3173 974 3329 1044 έχων,
3351 975 3535 1027 ἐκεῖνα

1954 1049 2135 1117 ἀγαθὰ
2164 1048 2304 1106 εἶναι
2335 1054 2574 1125 ἐνόμιζε.

2024 1139 2086 1187 ε’.
2114 1134 2284 1187 Τοῦτο
2315 1137 2425 1208 γὰρ
2455 1138 2549 1190 καὶ
2568 1137 2664 1191 νῦν
2693 1138 2814 1202 ἔθος
2836 1139 3016 1209 λέγειν
3042 1142 3156 1202 τοῖς
3179 1139 3394 1201 πολλοῖς
3421 1142 3534 1202 τοῖς

1955 1216 2087 1287 περὶ
2138 1219 2351 1290 τρυφὴν
2383 1221 2479 1273 καὶ
2527 1220 2626 1291 τὴν
2680 1222 2987 1292 ἀδηφαγίαν
3020 1222 3410 1293 ἐπτοημένοις,
3450 1222 3533 1274 ὅτι

1954 1298 2134 1353 Πολλὰ
2167 1302 2349 1369 ἀγαθὰ
2378 1303 2716 1372 ἐσχήκαμεν,
2744 1305 2873 1358 ὅταν
2901 1304 3195 1374 βούλωνται
3220 1305 3413 1368 ἀνάξαι
3435 1307 3534 1373 τῆς

1954 1382 2159 1454 πολλῆς
2179 1384 2393 1455 τρυφῆς
2420 1388 2519 1457 τὴν
2553 1386 2827 1441 ὲπίτασιν.
2861 1388 2951 1456 Μὴ
2978 1387 3133 1440 κάλει
3150 1376 3535 1448 ταῦτα’ἀπλῶς

1953 1465 2453 1539 ἀγαθὰ.ἄνθρωπε,
2494 1470 2691 1523 ἐννοῶν
2718 1471 2801 1524 ὅτι
2852 1470 3026 1525 ταῦτα
3058 1472 3156 1541 μὲν
3191 1471 3343 1542 ἐδόθη
3380 1470 3536 1541 παρὰ

1952 1549 2047 1603 τοῦ
2077 1552 2373 1617 Δεσπότου,
2402 1554 2488 1606 ἵνα
2515 1555 2616 1624 τῆς
2638 1556 2985 1627 συμμετρίας
3016 1555 3401 1620 ἀπολαύοντες,
3433 1556 3534 1627 τὴν

1956 1633 2217 1689 σύστασιν
2251 1636 2462 1707 ἔχωμεν
2486 1638 2585 1709 τῆς
2616 1638 2786 1708 ζωῆς,
2819 1641 2915 1693 καί
2963 1639 3060 1710 τὴν
3098 1639 3382 1693 ἀσθένειαν
3414 1639 3533 1692 δια-

1954 1718 2246 1789 κρατῶμεν
2266 1720 2354 1772 τοῦ
2372 1720 2641 1791 σώματος·
2667 1721 2828 1793 ἕτερα
2855 1722 2912 1775 δέ
2928 1726 3042 1776 ἐστι
3061 1722 3128 1776 τά
3147 1722 3312 1783 ὅντως
3331 1723 3532 1790 ἀγαθά.

2026 1801 2193 1854 υύδέν
2225 1802 2336 1872 γὰρ
2381 1803 2585 1857 τούτων
2603 1804 2826 1871 ἀγαθὸν,
2850 1806 2911 1857 οὐ
2936 1806 3137 1876 τρυφὴ,
3184 1807 3245 1858 οὐ
3280 1804 3530 1869 πλοῦτος,

1955 1885 2056 1938 οὐκ
2113 1886 2340 1958 ἐσθῆτος
2399 1888 2742 1953 πολυτέλεια,
2792 1889 2906 1941 ἀλλ’
2961 1888 3132 1959 ὄνομα
3192 1890 3352 1960 μόνον
3397 1889 3532 1960 ἔχει.

1956 1968 2022 2021 Τί
2054 1969 2111 2021 δὲ
2137 1968 2282 2038 λέγω
2309 1970 2479 2040 ὄνομα
2520 1971 2682 2042 μόνον
2722 1970 2877 2041 ἐχει;
2920 1971 3092 2024 ταῦτα
3135 1972 3234 2041 μὲν
3268 1969 3360 2025 οὖν
3402 1973 3537 2025 πολ-

1956 2051 2114 2117 λάκις
2170 2053 2263 2106 καὶ
2307 2053 2529 2126 ὀλέθρου
2570 2056 2701 2125 ήμῖν
2731 2054 2882 2108 αίτια
2918 2056 3149 2123 γίνεται,
3205 2056 3425 2109 ἐπειδὰν
3461 2056 3536 2128 μὴ

1956 2135 2183 2199 δεόντως
2229 2136 2414 2200 αὐτοῖς
2477 2137 2834 2208 χρησώμεθα.
2880 2139 2939 2191 ὐ
2986 2138 3095 2209 γὰρ
3148 2138 3377 2202 πλοῦτος
3415 2139 3538 2192 τότε

1957 2217 2023 2273 ἂν
2078 2219 2289 2289 γένοιτο
2317 2220 2523 2288 ἀγαθὸς
2546 2220 2625 2292 τῷ
2653 2220 2999 2291 κεκτημένῳ,
3040 2223 3170 2274 ὅταν
3190 2224 3263 2293 μὴ
3290 2223 3368 2285 εἰς
3394 2238 3532 2293 τρυ-

1959 2305 2066 2374 φὴν
2126 2305 2285 2375 μόνον
2333 2304 2494 2357 αὐτὸν
2552 2304 2840 2378 ἀναλίσκῃ,
2898 2305 3033 2375 μηδὲ
3091 2307 3172 2367 εἰς
3227 2306 3397 2377 μέθην
3444 2306 3538 2358 καὶ

1959 2389 2058 2451 τὰς
2095 2387 2409 2451 ἐπιϐλαϐεἴς
2431 2388 2644 2458 ἡδονὰς,
2673 2389 2788 2442 ἀλλ’
2831 2390 2961 2443 ὅταν
3007 2391 3105 2460 τῆς
3144 2391 3357 2460 τρυφῆς
3398 2407 3539 2459 συμο

1963 2472 2175 2544 μέτρως
2211 2471 2519 2536 ἀπολαύων,
2577 2471 2647 2525 τὰ
2674 2471 2834 2525 λοιπὰ
2890 2473 2971 2535 εἰς
2998 2474 3096 2534 τὰς
3136 2472 3243 2524 τῶν
3294 2475 3539 2543 πενήτων

1958 2556 2191 2627 διανέμῃ
2241 2556 2535 2626 γαστέρας,
2585 2555 2706 2607 τότε
2764 2556 2969 2623 ἀγαθὸν
3000 2558 3034 2627 ρ
3083 2556 3331 2620 πλοῦτος.
3376 2558 3437 2610 Εἰ
3479 2558 3541 2611 δέ

1965 2639 2149 2709 μέλλοι
2183 2657 2267 2703 τις
2295 2642 2474 2711 τρυφῇ
2512 2641 2703 2695 ἑαυτὸν
2736 2638 2891 2713 [798]
2910 2641 3179 2694 ἐκδιδόναι
3206 2641 3301 2694 καὶ
3322 2644 3386 2712 τῇ
3403 2642 3542 2717 ἄλλῃ

1962 2722 2193 2793 ἀσωτίᾳ,
2253 2723 2312 2776 οὐ
2372 2723 2533 2793 μόνον
2583 2723 2734 2776 οὐδὲν
2778 2722 2940 2775 αὐτὸν
2991 2724 3250 2794 ὀνίνησιν,
3283 2723 3541 2778 ἀλλὰκαὶ

1964 2809 2044 2869 εἰς
2079 2806 2245 2877 βαθὺν
2291 2808 2538 2878 κρημνὸν
2573 2808 2837 2875 κατάγει·
2876 2806 2904 2859 ὂ
2944 2808 3008 2878 δὴ
3058 2808 3153 2860 καὶ
3205 2811 3233 2861 6
3286 2808 3541 2873 πλούσιος

1964 2885 2119 2953 οὗτος
2164 2888 2418 2944 πέπονθε.
2499 2890 2585 2943 Διό
2647 2907 2813 2961 φησιν
2871 2890 3021 2960 αὐτῷ
3079 2891 3109 2942 6
3160 2893 3538 2962 πατριάρχης’

1970 2975 2211 3037 Τέκνον,
2269 2973 2565 3043 μνήσθητι
2590 2973 2679 3028 ὅτι
2727 2973 3028 3040 ἀπέλαϐες
3080 2975 3155 3028 τὰ
3207 2976 3399 3044 ἀγαθά
3426 2995 3542 3033 σου

1963 3059 2034 3112 ἐν
2065 3056 2140 3125 τῇ
2185 3055 2297 3125 ζωῇ
2346 3074 2481 3110 σου.
2527 3058 2739 3110 Ἐκεῖνα
2793 3056 2829 3110 ἃ
2882 3057 3130 3127 ἐνόμιζες
3186 3054 3325 3112 εἶναι
3373 3060 3542 3125 ὅντως

1964 3141 2164 3211 ἀγαθὰ,
2198 3141 2370 3195 ταῦτα
2434 3140 2723 3205 ἀπέλαϐες,
2770 3141 2866 3194 καὶ
2907 3140 3157 3211 Λάζαρος
3215 3142 3421 3212 ὁμοίως
3476 3145 3545 3198 τὰ

1968 3224 2139 3289 κακὰ,
2196 3225 2297 3279 οὐκ
2373 3223 2564 3295 ἐπειδὴ
2628 3222 2880 3297 Λάζαρος
2919 3225 3061 3278 αὐτὰ
3112 3226 3259 3279 κακά
3302 3226 3540 3296 ἐνόμιζε,

1971 3314 2045 3383 μὴ
2072 3312 2305 3380 γένοιτο·
2353 3312 2467 3366 ἀλλ’
2525 3312 2632 3366 ἀπὸ
2680 3317 2781 3386 τῆς
2833 3314 3013 3387 ψήφου
3034 3313 3128 3368 τοῦ
3157 3312 3413 3366 πλουσίου
3446 3317 3544 3368 καὶ

1964 3395 2125 3448 τοῦτο
2150 3396 2451 3465 ἐπήγαγεν.
2499 3395 2736 3460 Ἐκεῖνος
2765 3395 2875 3466 γὰρ
2934 3396 3139 3468 ταύτην
3206 3395 3332 3467 παρ’
3364 3398 3545 3467 ἐαυτῷ

1967 3477 2222 3549 κυρώσας
2248 3478 2347 3548 τὴν
2378 3478 2578 3548 ψῆφον,
2602 3477 2693 3532 τόν
2716 3478 2816 3549 μὲν
2848 3478 3078 3533 πλοῦτον
3106 3480 3197 3533 καὶ
3215 3481 3311 3550 τὴν
3334 3480 3544 3551 τρυφὴν

1969 3564 2066 3616 καὶ
2089 3562 2188 3633 τὴν
2231 3562 2526 3616 ἀκολασίαν
2560 3564 2654 3616 καὶ
2706 3562 2804 3634 τὴν
2842 3562 3010 3633 ἀλλην
3072 3562 3333 3634 βλακείαν
3362 3560 3543 3633 ἀγαθὰ

1970 3646 2210 3717 ἐνόμιζε,
2258 3645 2357 3717 τὴν
2392 3646 2450 3700 δὲ
2478 3646 2668 3700 πενίαν
2696 3646 2793 3700 καὶ
2838 3646 2931 3699 τὸν
2954 3646 3112 3716 λιμὸν
3143 3646 3236 3700 καὶ
3258 3646 3357 3717 τήν
3386 3646 3548 3718 χαλε-

1970 3730 2077 3799 πὴν
2118 3729 2429 3800 ἀρρωστίαν
2474 3728 2620 3783 κακὰ
2695 3728 3037 3785 ὑπώπτευεν.
3108 3731 3195 3794 Ὠς
3238 3725 3330 3783 οῦν
3384 3733 3553 3786 αὐτδν

1971 3812 2375 3884 ὑπελάμϐανες,
2428 3815 2521 3867 καὶ
2573 3813 2670 3883 τὴν
2720 3812 3062 3883 ἐψευσμένην
3112 3812 3292 3884 κρίσιν
3330 3814 3550 3884 ἐκείνην

1971 3893 2137 3969 εἶχες,
2178 3897 2447 3968 μνήσθητι
2473 3898 2555 3950 ὅτι
2594 3896 2739 3950 κατὰ
2777 3897 2878 3969 τὴν
2913 3897 3010 3968 σὴν
3056 3896 3236 3967 ψῆφον
3264 3898 3357 3950 καὶ
3385 3898 3448 3950 σὺ
3477 3898 3548 3951 τὰ

1973 3980 2157 4049 ἀγαθὰ
2182 3982 2368 4033 ἐκεῖνα
2384 3979 2675 4043 ἀπέλαϐες,
2712 3979 2814 4048 τὴν
2836 3979 3094 4034 πλατεῖαν
3123 3980 3216 4032 καί¹
3236 3979 3547 4051 εὐρύχωρον

1970 4063 2199 4129 ὁδεύσας
2219 4062 2358 4123 ὁδὸν,
2392 4064 2486 4115 καὶ
2502 4061 2753 4132 Λάζαρος
2781 4062 2983 4129 ὁμοίως
3012 4060 3079 4114 τὰ
3102 4061 3246 4114 κακὰ
3275 4063 3417 4115 κατά
3456 4062 3549 4117 τὸν

1974 4147 2065 4198 σὺν
2092 4145 2270 4214 λόγον,
2318 4145 2418 4214 τὴν
2472 4148 2667 4213 στενὴν
2715 4142 2891 4213 πύλην
2918 4141 3014 4195 καὶ
3056 4144 3155 4212 τὴν
3179 4142 3550 4213 τεθλιμμένην

1974 4228 2198 4299 βαδίσας
2226 4228 2363 4280 ὀδόν.
2396 4227 2549 4280 Ἐπεὶ
2595 4221 2689 4278 οὖν
2721 4226 2786 4278 σύ
2823 4225 2922 4295 μὲν
2954 4225 3023 4277 τὰ
3067 4227 3332 4295 προοίμια
3385 4226 3548 4295 μόνον

1972 4309 2113 4376 εἶδες
2148 4312 2243 4381 τῆς
2274 4310 2419 4379 ὁδοῦ,
2457 4303 2611 4370 οὗτος
2652 4307 2709 4361 δὲ
2752 4308 2847 4360 καὶ
2895 4308 3031 4379 πρὸς
3065 4307 3127 4361 τὸ
3169 4308 3321 4373 τέλος
3376 4310 3545 4379 ἐώρα,

1972 4396 2124 4450 οὐδὲν
2177 4395 2287 4449 ἀπὸ
2323 4394 2419 4446 τοῦ
2450 4392 2735 4464 προοιμίου
2767 4392 2866 4462 τῆς
2890 4390 3009 4444 ὀδοῦ
3053 4391 3335 4461 γινόμενος
3381 4393 3548 4463 ὀκνη-

1976 4481 2217 4551 ρότερος,
2245 4478 2334 4532 διὰ
2378 4476 2538 4530 τοῦτο
2566 4475 2660 4531 νῦν
2688 4472 2924 4529 ἐνταῦθα
2953 4474 3373 4545 παρακαλεῖται,
3412 4478 3474 4530 σὺ
3493 4478 3549 4531 δὲ

1972 4563 2247 4627 ὀδυνᾶσαι,
2278 4560 2373 4616 καὶ
2404 4559 2734 4623 ἀπεναντίας
2762 4558 3011 4630 ἀλλήλοις
3041 4559 3104 4612 τὸ
3159 4560 3313 4624 τέλος
3350 4564 3550 4634 κατήν-

1974 4664 2163 4719 τησεν.
2207 4646 2392 4700 Είδετε
2436 4644 2501 4698 δι’
2526 4644 2705 4697 αὐτῶν
2739 4643 2851 4697 τῶν
2886 4644 3231 4714 πραγμάτων
3263 4648 3361 4717 τῆς
3390 4647 3552 4718 εὐρυ-

1975 4729 2154 4802 χώρου
2207 4729 2306 4783 καὶ
2348 4726 2611 4792 πλατείας
2650 4726 2771 4780 ὀδοῦ
2810 4726 2872 4780 τὸ
2932 4727 3107 4791 τέλος,
3161 4728 3396 4799 ἐμάθετε
3449 4730 3552 4801 τῆς

1976 4812 2171 4884 στενῆς
2199 4811 2374 4883 πύλης
2395 4812 2491 4865 καὶ
2515 4811 2612 4881 τῆς
2625 4809 2991 4880 τεθλιμμένης
3012 4808 3134 4865 ὀδοῦ
3155 4812 3301 4873 ὅπως
3314 4811 3551 4883 χρηστὸν

1974 4898 2036 4951 τὸ
2069 4898 2243 4969 πέρας
2270 4896 2487 4963 ἐδέξατο
2533 4896 2626 4949 τὸν
2679 4894 2886 4965 ταύτην
2936 4894 3224 4965 ἑλόμενον
3278 4896 3551 4951 ἀκούσατε

1975 4980 2041 5052 δὴ
2074 4980 2247 5035 καὶτὸ
2272 4978 2646 5052 φοϐερώτερον
2666 4996 2680 5010 ο
2697 4977 2811 5031 Καὶ
2828 4977 2927 5031 ἐπὶ
2946 4976 3118 5042 πᾶσι,
3145 4977 3298 5051 φησί,
3318 4982 3553 5049 τούτοις

1971 5064 2201 5136 μεταξὺ
2244 5063 2415 5134 ήμῶν
2460 5064 2557 5118 καὶ
2586 5062 2758 5132 ὑμῶν
2782 5060 2989 5132 χάσμα
3005 5067 3159 5131 μέγα
3182 5064 3553 5134 ἐστήρικται,

1978 5150 2139 5216 ὅπως
2170 5150 2225 5203 οἱ
2267 5147 2548 5210 θέλοντες
2570 5142 2843 5212 διαϐῆναι
2857 5144 3036 5198 ἐνθεν
3064 5145 3292 5215 ἐκεῖμὴ
3324 5146 3555 5204 δύνων.

1978 5252 2096 5299 ται,
2127 5233 2285 5304 μηδὲ
2335 5234 2389 5286 οἱ
2432 5229 2663 5284 ἐκεῖθεν
2705 5228 2858 5296 πρὸς
2884 5227 3398 5299 ἡμᾶςδιαπερῶσι.
3460 5235 3553 5307 Μὴ

1979 5319 2168 5381 ἁπλῶς
2217 5315 2685 5386 παραδράμωμεν,
2733 5312 3033 5383 ἀγαπητοὶ,
3084 5313 3147 5366 τὸ
3184 5313 3395 5385 λεχθὲν,
3438 5317 3555 5373 ἀλλ’

1979 5403 2322 5472 ἐννοήσωμεν
2389 5397 2497 5451 τῶν
2574 5395 2873 5467 λεχθέντων
2926 5396 3053 5467 τῆν’
3082 5397 3405 5469 ἀκρίϐειαν,
3459 5402 3557 5455 καὶ

1980 5488 2113 5557 ὅσης
2162 5480 2426 5539 ἀπολαύει
2480 5482 2579 5551 τῆς
2640 5479 2807 5551 τιμῆς
2872 5478 2969 5533 καὶ
3030 5479 3132 5551 τῆς
3185 5482 3478 5554 προεδρίας
3526 5486 3557 5539 ὁ

1981 5569 2135 5642 παρὰ
2173 5568 2262 5621 τὸν
2291 5564 2515 5618 πυλῶνα
2542 5561 2899 5634 ἐρριμμένος,
2929 5562 2960 5615 6
2996 5562 3496 5637 εὐκαταφρόνητος,
3527 5569 3560 5621 ὀ

1983 5656 2173 5723 πένης,
2214 5655 2243 5706 6
2274 5651 2353 5721 τῷ
2399 5647 2547 5720 λιμῷ
2584 5645 2849 5717 διηνεκῶς
2879 5647 3147 5711 παλαίων,
3173 5650 3202 5702 6
3229 5650 3341 5712 τοίς
3375 5649 3558 5705 ἕλκεσι

1986 5735 2462 5809 πολιορκούμενος,
2484 5736 2514 5787 6
2535 5734 2647 5796 τοῖς
2665 5731 2793 5785 κυσὶ
2823 5731 3204 5801 προκείμενος.

2068 5824 2271 5889 Ἡδέως
2298 5821 2408 5891 γὰρ
2455 5819 2629 5872 ταῦτα
2677 5815 2896 5889 στρέφω
2944 5816 3204 5887 συνεχῶς,
3244 5816 3332 5872 ἵνα
3366 5816 3555 5887 μηδεὶς
