4006 6378
321 342 459 399 ΙΟἴῦ

311 448 445 506 enim
493 450 632 503 lianc
662 462 776 502 rem
806 443 1053 501 oratione
1077 458 1221 512 sirpe
1250 455 1430 506 versn,
1455 451 1507 494 ut
1533 456 1690 496 nemo
1714 456 1776 495 ex
1802 438 1910 492 illis

319 543 405 601 ιιιιὶ
432 548 672 610 egestate
693 539 775 593 vel
807 536 1009 592 morbis
1034 543 1089 589 et
1116 534 1255 589 fame
1287 516 1621 604 premuntur,
1650 547 1709 586 se
1734 540 1912 586 conte-

309 639 479 695 mnat,
512 642 567 687 et
594 631 827 700 seipsum
877 631 1133 683 miserum
1173 627 1491 699 arbitretur;
1518 625 1614 680 sed
1652 625 1921 701 patienter.

327 734 371 778 rt
406 741 527 779 cum
565 723 858 795 gratiarum
906 722 1117 777 actione
1161 731 1350 776 cuncta
1380 702 1556 775 ferens
1583 762 1597 785 ,
1634 719 1769 775 bona
1816 734 1913 788 spe

321 816 592 878 ΐιιερειιιιτ.
644 828 699 871 et
744 817 831 870 illa
877 831 997 884 qum
1038 815 1198 869 nullis
1223 815 1450 885 exprimi
1492 812 1671 868 verbis
1711 822 1915 884 queunt

325 909 539 978 pra-mia
565 949 579 971 ,
615 908 963 976 laborumque
1007 907 1465 960 reiuiincrationes
1506 912 1800 975 eXSpeCIet.
1844 904 1914 957 Et

319 1001 384 1056 ad
410 1006 517 1071 licet;
543 1002 731 1067 omnia.
755 999 898 1069 Quid
918 1010 1019 1067 est,
1049 1000 1119 1063 ad
1136 1000 1245 1057 Iuro
1265 999 1434 1063 omnia
1451 999 1480 1052 ?-
1495 996 1628 1059 Cum
1653 998 1874 1063 dixisset
1896 1015 1909 1050 :

322 1106 371 1147 tu
394 1094 612 1165 quidem
633 1095 685 1147 in
716 1094 818 1149 hac
844 1096 951 1149 vita
975 1103 1165 1149 cuncta
1192 1094 1463 1164 recepisti,
1490 1107 1610 1162 qua:
1635 1083 1754 1147 ésse
1777 1092 1913 1148 bona

320 1202 539 1265 censes,
560 1197 621 1255 et.
645 1186 731 1267 ilic
761 1202 822 1242 ea
854 1187 1085 1257 recepit,
1109 1201 1227 1269 qua:
1256 1195 1309 1243 tu
1339 1186 1477 1239 mala
1503 1199 1625 1243 esse
1643 1183 1879 1247 ducebas
1897 1222 1913 1255 η

319 1280 420 1343 hoc
463 1280 694 1351 adjecit,
730 1288 787 1347 ut
829 1296 957 1341 cuiu
1001 1279 1252 1346 doceret,
1284 1291 1713 1348 unumquemque
1752 1274 1914 1333 linem

315 1373 419 1437 sibi
450 1375 863 1433 convenientem
886 1373 1165 1441 excepisse
1195 1373 1260 1425 ad
1292 1370 1411 1425 hinc
1430 1370 1607 1424 omnia
1633 1383 1754 1439 quae
1773 1367 1916 1422 dicta

314 1474 505 1530 erant:
535 1474 591 1518 te
624 1464 839 1535 quidem
888 1478 989 1517 una
1032 1478 1157 1519 cum
1198 1460 1386 1527 bonis,
1434 1459 1629 1531 quibus
1681 1467 1731 1513 te
1758 1456 1937 1533 pOtiri‘

314 1556 649 1623 arbitrabare
670 1597 684 1619 ,
718 1556 937 1611 afﬂictio
962 1563 1017 1610 et
1045 1554 1308 1627 angustia:
1329 1593 1344 1618 ,
1377 1561 1433 1613 et
1460 1550 1599 1622 ignis
1627 1550 1717 1620 qui
1757 1564 1917 1604 num-

315 1665 476 1720 quam
497 1649 854 1719 exstinguitur
876 1665 891 1702 :
915 1647 1058 1703 hunc
1080 1657 1261 1702 autem
1284 1653 1635 1715 posteaquam
1657 1652 1769 1698 toto
1795 1642 1918 1696 vitae

316 1757 429 1795 sua:
471 1750 711 1811 tempore
756 1739 1094 1795 conﬂictatus
1135 1749 1218 1801 est
1248 1738 1345 1803 iis,
1372 1752 1490 1808 qua:
1522 1747 1577 1791 tu
1611 1734 1752 1790 mala
1798 1748 1925 1789 esse

315 1831 599 1911 censebas,
626 1831 868 1902 voluptas
894 1841 949 1885 et
976 1831 1238 1886 bonorum
1271 1828 1628 1907 participatio,
1658 1835 1715 1882 et
1738 1840 1922 1891 aevum

316 1922 463 1993 quod
491 1939 615 1987 cum
644 1922 847 1987 Sanctis
876 1923 1024 1977 ducit
1042 1963 1057 1986 .
1086 1921 1324 1992 excepit.
1349 1919 1581 1988 Quando.
1601 1919 1761 1989 igitur
1784 1932 1918 1977 con-

316 2018 627 2071 venientem
658 2015 1025 2086 uuusquisque
1051 2013 1216 2068 linem
1244 2013 1464 2069 sortitus
1490 2021 1604 2073 est.
1637 2020 1694 2066 et
1726 2018 1780 2066 te
1810 2010 1922 2078 qui-

316 2111 443 2165 dcm
492 2122 649 2195 porta,
693 2110 803 2175 lata
826 2090 881 2165 et
910 2109 1143 2179 spatiosa
1174 2108 1257 2177 via
1303 2107 1354 2173 in
1395 2105 1492 2171 has
1529 2106 1798 2177 angustias
1822 2105 1922 2171 de-

316 2203 478 2277 duxit,
503 2220 518 2256 :
554 2203 697 2267 hunc
720 2210 898 2269 autem
927 2209 1149 2270 angusta
1171 2209 1226 2259 et
1251 2207 1397 2263 arcta
1421 2198 1486 2255 ad
1520 2199 1658 2258 hanc
1679 2197 1926 2269 volupta-

319 2305 428 2349 tem
458 2295 722 2364 provexit.
756 2292 825 2346 Et
857 2294 925 2346 ad
947 2294 1057 2348 haec
1089 2293 1262 2346 omnia
1282 2292 1415 2346 inter
1441 2307 1533 2345 nos
1563 2300 1613 2345 et
1641 2306 1729 2345 vos
1759 2291 1925 2344 hiatus

317 2403 540 2457 magnus
565 2386 864 2447 constitutus
891 2395 985 2440 est.
1014 2385 1151 2439 Vide
1181 2397 1489 2455 pauperem,
1523 2380 1791 2436 ulceribus
1814 2381 1931 2451 μεθ..

318 2495 477 2557 num,l
511 2492 694 2541 rursus
723 2478 864 2535 enim
894 2476 1009 2537 hinc
1032 2477 1173 2542 dico,
1198 2491 1325 2545 cum
1345 2474 1651 2549 patriarcha
1677 2488 1927 2528 numera-

320 2581 471 2633 tum,
509 2580 565 2627 et
592 2570 649 2627 iit
676 2579 881 2624 emtum
916 2568 1185 2637 justoruin
1223 2576 1586 2635 aggregatuin.
1627 2565 1765 2618 Nam
1797 2565 1931 2625 inter.

319 2678 414 2716 nos
436 2672 489 2715 et
516 2677 634 2727 vos,
664 2662 852 2730 inquit.
882 2660 1042 2714 Vides
1066 2675 1224 2729 quam
1252 2659 1377 2711 vitre
1410 2657 1771 2711 conditionem
1806 2670 1926 2710 sor-

321 2755 458 2821 titus
500 2753 572 2816 sit
613 2753 692 2818 is,
740 2753 829 2821 qui
874 2768 994 2808 cum
1038 2751 1296 2822 patientia
1320 2758 1375 2803 et
1398 2752 1693 2819 gratiarum,
1718 2749 1935 2817 actione.

316 2863 547 2916 gravem
593 2845 742 2906 illum
786 2847 1030 2901 morbum
1082 2846 1254 2902 fuerat
1293 2844 1594 2912 (amentque
1623 2857 1925 2912 perpessus.

322 2938 473 2991 Nam
501 2938 631 3007 inter,
661 2955 751 2991 nos
776 2948 820 2991 et
849 2954 952 3002 vos,
979 2937 1167 3005 inquit,
1197 2931 1366 2988 hﬂ‘itus
1388 2952 1602 3005 magnus
1635 2936 1931 2988 constitutus

318 3040 412 3084 est.
464 3029 719 3099 Magnum
767 3037 882 3093 est,
930 3029 1130 3098 inquit,
1177 3027 1317 3098 quod
1361 3043 1456 3080 nos
1496 3026 1735 3103 dirimit,
1758 3041 1932 3106 neque

320 3121 650 3197 siiiipiiciter
672 3120 867 3189 hiatus,
886 3119 984 3177 sed
1004 3134 1245 3189 magnus.
1271 3118 1406 3181 Vetto
1426 3132 1656 3188 namque
1678 3133 1933 3187 mag-ttulit

320 3224 411 3267 est.
439 3213 589 3266 inter
614 3217 861 3266 virtutem
893 3219 949 3265 ct
976 3212 1165 3265 vitium
1190 3210 1532 3266 intervallum
1554 3251 1568 3274 ,
1599 3211 1932 3278 multumque

319 3305 625 3373 discrimen
652 3322 665 3356 :
689 3303 951 3373 siquidem
984 3303 1087 3358 hoc
1111 3303 1275 3358 latum
1303 3312 1357 3357 et
1385 3303 1677 3372 spatiosum
1707 3311 1815 3375 est,
1842 3300 1932 3373 illa

321 3412 465 3461 vero,
493 3406 639 3459 arma
661 3405 714 3461 et
743 3406 1008 3467 angusta:
1032 3397 1283 3465 voluptas
1303 3395 1415 3461 lata
1430 3405 1487 3449 et
1507 3378 1745 3471 spatiosa.
1766 3412 1779 3447 :
1804 3411 1933 3464 pau-

317 3500 519 3561 pertas
562 3499 742 3549 autent
783 3498 839 3545 et
879 3489 1099 3559 penuria
1126 3499 1272 3543 arcta
1303 3497 1357 3544 et
1396 3497 1641 3559 angusta.
1675 3488 1745 3544 Ut
1774 3488 1935 3558 igitur

322 3585 413 3639 hic
438 3584 733 3647 contrariae
758 3592 883 3638 sunt
912 3585 1011 3636 via)
1032 3625 1047 3650 ,
1079 3591 1135 3638 et
1159 3583 1246 3637 hic
1275 3583 1488 3654 quidem
1509 3624 1523 3646 ,
1552 3583 1640 3651 qui
1663 3582 1936 3653 virginita-

320 3689 442 3745 tein,
465 3675 659 3757 elegit,
687 3690 782 3744 per
806 3682 1082 3753 angustam
1116 3684 1169 3730 et
1195 3685 1394 3743 arctam
1423 3673 1652 3739 incedit,
1683 3674 1808 3728 item
1840 3674 1937 3743 qui

321 3774 645 3841 castitatem
668 3770 970 3841 proﬁtetur,
996 3771 1083 3839 qni
1116 3779 1483 3840 paupertatem
1509 3768 1792 3836 amplexus
1814 3779 1899 3823 est
1916 3809 1932 3832 ,

323 3873 383 3917 ct
409 3863 505 3932 qui
535 3876 726 3915 vanam
756 3861 978 3930 gloriam
1000 3867 1321 3930 aspernatur
1345 3876 1358 3913 :
1387 3860 1478 3915 ille
1508 3875 1635 3914 vero
1656 3874 1750 3930 per
1773 3860 1933 3915 latam

323 3965 381 4008 ct
424 3952 722 4022 spatiosaiu
775 3968 998 4033 pergere
1040 3950 1329 4018 fcstiiiaiis,
1373 3951 1657 4015 ebrietati,
1688 3942 1939 4027 deliciis,

326 4045 693 4118 pecuniarum
738 4044 929 4109 insano
973 4045 1174 4110 amori,
1226 4044 1493 4108 lasciviat,
1524 4058 1592 4101 ac
1621 4044 1939 4111 perniciosis

323 4135 661 4203 Spectaculis
684 4136 918 4203 seipsuni
945 4134 1176 4200 addicit,
1204 4145 1263 4189 et
1286 4134 1512 4187 multum
1556 4134 1692 4188 inter
1731 4143 1938 4188 utrum-

322 4241 440 4301 que
467 4225 763 4281 discrimen
804 4225 1041 4301 occurrit
1068 4243 1082 4281 :
1109 4226 1191 4282 sic
1218 4224 1471 4295 nimirum
1506 4233 1560 4295 et
1598 4224 1653 4281 in
1696 4234 1936 4297 tempore

1036 333 1357 390 ASCETAM
1399 335 1707 389 Fll'lF’l‘ll"
1747 334 1863 384 I‘Tl
1902 333 2038 391 NON
2081 334 2371 397 DEBERE.
2405 367 2474 378 -—
2508 332 2825 390 MONITUM

3466 318 3604 393 teet

2019 439 2263 521 supplicii
2290 457 2355 497 ac
2380 444 2745 501 retributionis
2781 445 3004 500 multam
3052 444 3194 502 inter
3229 447 3444 517 praemia
3482 464 3609 519 pos-

2018 550 2204 588 sumus
2220 535 2573 591 dili‘i-rcutiam
2598 537 2856 591 invenire.
2886 536 3076 593 Hiems
3096 539 3230 592 enim
3252 556 3466 610 magnus
3491 559 3613 596 coii-

2017 631 2227 697 stilqtiis
2267 640 2345 689 est
2375 632 2508 684 inter
2550 647 2677 695 nos,
2726 631 2829 685 hoc
2871 640 2986 695 est,
3021 631 3385 700 interjiistos,
3419 634 3614 690 virtute

2019 726 2295 793 prmditos,
2326 725 2415 793 qui
2443 724 2803 780 conditionem
2842 724 2985 778 illam
3022 724 3145 779 vita:
3171 725 3345 778 sortiti
3377 736 3532 788 sunt,
3569 737 3615 779 et

2018 833 2126 881 tios,
2158 817 2262 879 hoc
2287 828 2389 885 est,
2421 818 2509 888 qui
2538 818 2633 872 toti
2660 817 2789 883 estis
2827 817 3058 886 nequitia
3086 826 3139 870 et
3167 816 3460 872 sceleribus
3483 832 3615 871 coo~

2020 911 2179 981 perti.
2210 908 2466 978 Adeoque
2493 925 2718 981 magnus
2746 918 2829 963 est
2855 907 3051 971 hiatus,
3077 907 3145 963 Ut
3168 924 3326 977 neque
3349 911 3615 979 quisquam

2018 1021 2194 1060 eorum
2221 1005 2307 1074 qui
2333 1004 2415 1059 hic
2451 1005 2756 1067 consistunt,
2789 1002 2858 1063 ad
2885 1018 2973 1057 vos
2997 1003 3214 1057 transire
3243 1003 3429 1071 possit.
3458 1020 3618 1072 neque

2020 1100 2089 1154 ad
2117 1117 2209 1155 nos
2234 1100 2353 1153 inde
2393 1110 2719 1163 transmeare.
2750 1098 2911 1152 Vides
2941 1098 3112 1150 hiatus
3152 1096 3572 1163 magnitudinem
3602 1137 3618 1159 ,

2020 1193 2171 1249 vides
2196 1207 2512 1265 responsum
2541 1189 2784 1261 geheuna
2809 1191 3041 1260 gravius.
3065 1189 3252 1243 Nonne
3290 1204 3317 1242 a
3357 1190 3617 1258 principio

2020 1300 2145 1339 cum
2170 1283 2578 1353 prosperitatem
2600 1280 2778 1343 divitis
2798 1280 3074 1346 audiretis,
3100 1288 3155 1335 et
3177 1279 3495 1348 oltseqiiiittit
3510 1294 3616 1347 quo

2022 1376 2300 1432 colebatur
2328 1374 2397 1429 ab
2426 1375 2696 1437 omnibus,
2727 1373 2981 1428 satellitio
3010 1374 3236 1441 stipatus
3256 1414 3268 1431 ,
3297 1380 3352 1425 et
3378 1371 3617 1439 quotidie

2021 1468 2231 1537 deliciis
2261 1467 2529 1532 addictus,
2562 1466 2933 1522 beatissimum
2978 1480 3097 1521 esse
3139 1464 3284 1517 illinn
3323 1464 3617 1517 arbitraba-

2022 1560 2190 1623 miui?
2218 1560 2424 1623 Rursus
2454 1558 2579 1613 dum
2611 1572 2902 1627 pauperem
2946 1572 3043 1625 pro
3085 1555 3287 1610 foribus
3311 1555 3575 1623 alijecuim
3597 1598 3613 1621 ,

2024 1661 2079 1706 et
2105 1651 2359 1721 gravibus
2387 1651 2493 1705 illis
2521 1650 2822 1718 expositum
2855 1649 3127 1704 ulceribus
3143 1650 3460 1714 cerneretis,
3484 1664 3619 1703 non-

2024 1757 2092 1797 ne
2117 1742 2366 1795 miseram
2389 1740 2505 1812 ejus
2527 1742 2691 1795 vitam
2718 1741 3021 1808 putabatis?
3041 1741 3110 1795 At
3134 1755 3260 1794 ecce
3281 1740 3392 1810 jam
3414 1740 3482 1794 ab
3504 1740 3623 1809 ipso

2025 1848 2205 1890 rerum
2235 1834 2340 1891 line
2376 1833 2428 1887 in
2457 1833 2785 1899 contrarium
2816 1833 3087 1899 cernimus
3111 1839 3300 1889 cuncta
3328 1846 3581 1885 conversa
3601 1872 3618 1895 ,

2023 1933 2083 1979 et.
2120 1924 2264 1978 hunc
2304 1923 2523 1995 quidem
2570 1932 2692 1994 post
2741 1923 2961 1985 delicias
2992 1924 3107 1983 illas
3132 1934 3184 1977 ιιι
3210 1923 3525 1989 ebrietatem
3567 1924 3618 1974 in

2026 2015 2327 2082 tormentis,
2354 2015 2501 2069 illum
2529 2029 2661 2069 vero
2692 2023 2811 2082 post
2838 2023 3130 2083 egestatem
3156 2014 3297 2067 illam
3324 2024 3620 2068 extremam

2027 2118 2084 2166 ct
2110 2107 2311 2164 famem
2329 2109 2380 2175 in
2411 2106 2728 2178 patriarchzc
2752 2107 2872 2162 sinu
2900 2107 3122 2161 versari.
3149 2106 3529 2159 Verumtamen
3555 2122 3623 2157 ne

2027 2202 2286 2273 prolixior
2307 2218 2463 2272 aequo
2488 2211 2668 2265 nostra
2693 2200 2763 2256 sit
2786 2200 2981 2266 oratio,
3014 2198 3212 2263 sufﬁcit
3243 2209 3297 2253 ut
3329 2197 3434 2255 huc
3455 2212 3626 2267 nSqiie

2029 2305 2334 2365 provectam
2361 2294 2660 2351 doctrinam
2688 2294 2967 2358 ﬁniamus,
3000 2300 3055 2346 et
3082 2291 3359 2347 caritatem
3390 2299 3623 2343 vestiant

2028 2387 2393 2450 cohortentur,
2424 2402 2491 2442 ne
2518 2387 2677 2440 latam
2712 2396 2917 2454 portam
2947 2382 3248 2449 secteinini,
3284 2396 3457 2450 neque
3487 2380 3624 2432 viani

2029 2478 2342 2549 spatio-am,
2373 2494 2546 2549 neque
2576 2478 2905 2545 voluptatem
2936 2475 3079 2530 omni
3111 2474 3317 2531 ratione
3341 2471 3623 2540 perquira-

2033 2573 2103 2627 tis
2129 2591 2142 2627 :
2170 2573 2265 2626 sed
2308 2573 2584 2642 utriusque
2624 2570 2784 2625 tinem
2824 2568 2976 2649 vobis
3019 2567 3089 2622 ob
3129 2567 3315 2621 oculos
3342 2549 3620 2634 ponentes.

2031 2667 2171 2733 hanc
2196 2666 2438 2737 fugiatis,
2462 2666 2757 2735 cogitantes
2786 2679 2905 2733 qum
2931 2661 3147 2716 divitem
3179 2659 3339 2713 istum
3368 2657 3504 2710 mala
3531 2672 3625 2724 op-

2033 2761 2330 2830 presserint
2357 2776 2371 2812 :
2404 2767 2691 2829 angustam
2725 2767 2904 2811 autem
2935 2765 2992 2810 et
3026 2763 3227 2809 arctam
3258 2753 3396 2805 viain
3438 2766 3625 2821 persc-

2033 2850 2290 2921 qnamini,
2338 2857 2399 2904 ut
2444 2850 2510 2904 ad
2556 2851 2731 2904 locum
2777 2846 3095 2903 deliciarum
3141 2853 3261 2913 post
3305 2842 3462 2911 hujus
3507 2843 3627 2895 vita:

2034 2957 2301 2997 aerumnas
2329 2942 2610 3011 pervenire
2634 2940 2921 3011 possimus.
2954 2937 3145 3009 Fugite
3175 2949 3627 3006 ergo,quaeso,sa-

2036 3035 2209 3103 tanica
2239 3035 2326 3105 illa
2350 3034 2673 3105 spectacula,
2700 3049 2767 3088 ac
2786 3032 3116 3102 perniciosos
3144 3030 3264 3084 illos
3288 3029 3425 3083 Circi
3452 3028 3623 3093 ludos.

2035 3128 2167 3183 Nam
2196 3135 2416 3197 propter
2447 3140 2543 3181 eos
2568 3126 2657 3196 qui
2688 3123 2911 3183 subdole
2949 3121 3158 3183 attracti
3193 3120 3439 3181 fuerunt,
3471 3128 3628 3187 atque

2035 3222 2103 3276 ad
2130 3221 2419 3290 spatiosam
2446 3218 2587 3272 viam
2612 3224 2985 3286 perrexerunt,
3015 3212 3129 3265 huic
3158 3212 3339 3266 dicere
3364 3210 3628 3278 compulsi

2036 3329 2241 3376 sumus,
2278 3321 2334 3368 ut
2359 3312 2534 3371 cdocti
2560 3326 2682 3369 cum
2705 3309 2842 3375 hanc
2877 3307 3161 3371 deserant,
3193 3314 3301 3357 tum
3336 3318 3429 3377 per
3459 3317 3631 3373 angu-

2037 3418 2175 3463 stam
2218 3405 2568 3473 incedentes,
2617 3402 2830 3461 virttitis
2879 3399 3127 3465 nimirum
3152 3438 3171 3468 ι
3215 3396 3266 3455 in
3310 3393 3632 3467 patriarcha:

2038 3502 2236 3565 sinum,
2270 3496 2719 3570 quemadmodum
2749 3495 3004 3565 Lazarus,
3031 3491 3199 3559 recipi
3228 3498 3556 3550 mereantur,
3580 3498 3634 3540 et

2038 3609 2066 3647 a
2097 3593 2341 3662 gehenna
2372 3590 2508 3669 ignis
2533 3587 2889 3655 communiter
2909 3599 3096 3639 omnes
3120 3580 3325 3636 liberati
3350 3580 3500 3634 bouis
3528 3578 3633 3632 illis

2038 3688 2269 3752 arcanis,
2302 3701 2421 3756 quae
2450 3684 2637 3739 oculus
2668 3698 2779 3741 nou
2809 3680 2971 3742 vidit,
3002 3687 3056 3734 et
3084 3678 3229 3737 auris
3256 3691 3365 3739 non.
3386 3674 3589 3735 audivit
3610 3715 3625 3735 .

2040 3779 2280 3834 Friiainur
2304 3795 2317 3831 :
2340 3792 2460 3847 qua:
2488 3790 2584 3830 nos
2611 3788 2800 3839 omnes
2826 3773 3028 3827 utinam
3063 3769 3310 3822 obtinere
3336 3765 3628 3833 contingat,

2040 3871 2207 3943 gratia
2236 3878 2287 3929 et
2320 3868 2647 3938 benignitate
2672 3864 2880 3918 Domini
2915 3862 3081 3916 nostri
3107 3860 3235 3914 Jesii
3260 3857 3483 3922 L'ln'isti,
3511 3871 3635 3909 eum

2040 3978 2147 4032 quo
2176 3961 2325 4024 Patri
2349 3959 2621 4028 simulque
2641 3954 2867 4027 Spiritui
2896 3961 3081 4011 sancto
3101 3950 3291 4021 gloria,
3329 3946 3632 4018 imperium,

2042 4052 2217 4108 honor
2263 4067 2405 4122 nunc
2464 4059 2521 4106 et
2571 4063 2805 4118 semper,
2834 4055 2891 4101 ct
2938 4046 2997 4099 in
3043 4042 3238 4100 saecula
3293 4040 3632 4101 smculornui.

2041 4145 2234 4213 Arinen,

1795 4846 2197 4929 MQNITUM.

354 5388 599 5445 operum
634 5369 855 5428 lectioni
882 5358 980 5423 ‘vel
1009 5365 1279 5429 tantillum
1317 5373 1566 5425 assuetus
1592 5363 1719 5419 erit.
1758 5361 2122 5430 Quamobrem
2147 5376 2271 5431 iure
2306 5360 2448 5416 inter
2481 5359 2666 5430 spuria
2700 5357 2945 5430 ablegata
2978 5357 3082 5417 fuit
3108 5356 3176 5411 ab
3217 5358 3309 5431 iis,
3331 5359 3424 5429 qui
3472 5359 3627 5429 prius

354 5471 544 5529 i-ditis
569 5468 955 5540 advigilarunt.
984 5464 1080 5521 llic
1102 5465 1349 5534 quaedam
1380 5463 1652 5518 habentur
1675 5462 1743 5517 de
1777 5460 2213 5516 subintroductis
2240 5467 2293 5515 et
2318 5459 2579 5529 agapetis,
2611 5472 2720 5526 qua
2752 5457 2820 5511 de
2865 5471 2924 5509 re
2962 5455 3025 5509 in.
3056 5451 3204 5506 uotis
3232 5452 3628 5521 posterioribus

357 5571 607 5633 agatur;
643 5561 741 5618 sed
767 5562 932 5615 etiam
966 5559 1140 5613 fusius
1168 5566 1360 5625 agetur
1382 5557 1448 5611 ad
1477 5555 1681 5611 calcem
1713 5568 1963 5624 operum,
1992 5568 2114 5610 cum
2151 5554 2217 5609 de
2247 5552 2542 5623 disciplina
2560 5567 2679 5607 εεγο
2717 5546 3098 5622 Clirysostomi
3121 5556 3337 5618 recepta
3380 5546 3627 5617 diSpiita-

356 5653 548 5709 liitur.
584 5654 962 5728 lnterpretatio
994 5653 1187 5710 Latina
1211 5662 1294 5709 est
1324 5650 1614 5717 Frontonis
1648 5646 1852 5704 DllCll‘i.
