4006 6404
541 367 563 421 1
576 367 678 427 059

523 487 696 542 solum
728 483 868 556 pelle
886 483 1007 556 ipse
1043 496 1255 556 quoque
1282 482 1651 556 amiciebatur.
1697 478 2030 556 Stupidi___est
2057 490 2112 556 et

523 557 706 611 mollis
730 550 896 609 animi
916 550 1258 624 'splendid'um
1299 553 1665 607 indumentum
1696 561 1749 606 et
1777 550 2114 624 subtiliarti-

523 626 646 681 ﬁcio
662 621 970 680 etmtcxtuni
987 624 1160 693 magni
1185 622 1391 677 facere:
1413 624 1625 676 animus
1641 632 1817 677 autem
1834 621 1900 675 ad
1921 622 2109 678 altiora

526 712 755 765 quaeque
776 703 948 759 natus,
972 696 1060 764 qui
1088 695 1197 748 veri
1220 704 1439 747 ornatus
1459 708 1675 748 sensum
1696 707 1890 765 capere
1913 701 2107 765 potest,

526 763 744 821 mollem
784 763 1000 820 omnem
1021 775 1222 820 vestem
1253 765 1515 835 despicit,
1550 764 1992 835 etsuhlimiorem
2022 763 2109 835 illa

523 837 852 901 desiderans,
882 851 1122 890 securam
1145 877 1160 902 ,
1195 832 1413 889 minime
1438 834 1760 903 superfluam
1783 873 1799 898 ,
1830 832 2108 888 honestio-

523 921 639 961 rem
668 908 809 960 illam
841 905 1176 974 maximeque
1213 905 1572 959 venerandam
1601 905 1899 960 castitatem
1936 904 2111 957 omni-

524 975 626 1031 hus
665 977 934 1032 existimat
981 976 1386 1045 praeferendam.
1435 975 1681 1030 Contenti
1732 975 1891 1044 igitur
1936 983 2110 1030 estote

525 1049 831 1109 verborum,
849 1062 966 1116 qua:
983 1047 1120 1101 dicta
1137 1057 1281 1110 sunt,
1296 1045 1550 1100 admoniti
1588 1061 1675 1100 ne.
1693 1045 1889 1100 Cavete
1905 1054 2105 1108 autem,

521 1133 590 1171 ne
613 1118 939 1172 honestatem
961 1127 1121 1187 atque
1140 1118 1451 1187 gravitatem
1478 1116 1621 1187 ultra
1632 1117 1886 1171 terminos
1907 1116 2111 1169 medio-

520 1189 725 1241 critatis
780 1186 1046 1256 nunquam
1106 1188 1385 1241 molestam
1430 1186 1717 1311 quamdam
1762 1187 2103 1241 severitatem

524 1258 826 1311 nroducatis
856 1275 868 1310 :
897 1273 1015 1311 una:
1040 1266 1093 1311 et
1117 1257 1215 1311 insi
1247 1259 1337 1311 nui
1361 1273 1426 1310 an
1472 1259 1528 1311 it.
1556 1266 1609 1310 et
1639 1258 1702 1311 iis
1730 1257 1816 1311 qui
1844 1258 1959 1311 eius
1979 1271 2103 1309 eon-

524 1258 826 1322 producatis
856 1275 868 1310 :
897 1273 1015 1327 qua:
1040 1266 1093 1311 et
1117 1257 1215 1326 ipsi
1247 1259 1337 1326 qui
1361 1257 1528 1322 audit,
1556 1266 1609 1310 et
1639 1258 1702 1311 iis
1730 1257 1816 1327 qui
1844 1258 1959 1323 ejus
1979 1271 2109 1309 eon-

517 1329 687 1380 sonio
718 1328 969 1382 fruuntur
991 1369 1005 1393 ,
1039 1328 1199 1382 melle
1225 1343 1287 1382 ac
1317 1329 1434 1381 favo
1474 1327 1683 1381 dulcior
1710 1327 1958 1381 efficitur.
1989 1327 2107 1395 Spi-

519 1397 727 1451 ritualis
766 1400 961 1467 quippe
1002 1398 1181 1451 hetitia
1211 1398 1432 1452 honeste
1458 1414 1521 1452 ac
1546 1398 1741 1452 decore
1768 1398 1833 1450 ad
1858 1398 2104 1451 unionem

520 1481 643 1521 cum
680 1468 787 1522 Deo
826 1467 1104 1536 provehit,
1138 1484 1337 1537 eosque
1379 1471 1467 1538 qui
1517 1469 1571 1521 in
1615 1483 1960 1533 congressum
1992 1468 2106 1537 ejus

516 1540 762 1601 veniunt,
786 1540 1053 1607 voluptate
1083 1538 1369 1608 perfundit.
1392 1540 1582 1593 \‘erum
1614 1554 1681 1592 ne
1711 1540 1792 1591 his
1817 1553 1934 1608 quae
1963 1553 1991 1590 a
2022 1554 2107 1592 me

519 1608 656 1663 dicta
685 1618 806 1663 sunl
829 1651 841 1673 ,
882 1610 1162 1663 occasione
1204 1620 1446 1678 arrepta,
1480 1624 1545 1664 eo
1582 1609 1721 1679 quod
1764 1609 1813 1662 in
1844 1610 2108 1662 hilaritate

520 1679 695 1732 vivere
721 1680 795 1733 sis
827 1680 1122 1748 prolubitus
1147 1720 1160 1741 ,
1186 1681 1350 1733 tristis
1378 1696 1440 1735 ac
1465 1695 1709 1733 morosus
1735 1694 1856 1733 esse
1886 1679 2107 1747 incipias

518 1763 643 1816 erga
674 1750 861 1803 fratres
890 1749 1257 1815 adventantes,
1284 1766 1458 1820 neque
1483 1749 1714 1804 difﬁcilis
1740 1763 1859 1803 esse
1886 1750 2018 1802 velis
2043 1763 2108 1804 ac

518 1820 739 1874 minime
776 1820 999 1873 affabilis
1036 1828 1130 1875 aut
1171 1820 1489 1875 inhumanus
1536 1836 1633 1890 pro
1678 1820 1906 1889 benigno
1945 1830 2106 1888 atque

518 1889 774 1960 gratioso,
808 1906 981 1959 neque
1007 1890 1133 1945 dum
1161 1893 1386 1946 comiter
1412 1889 1735 1960 suscipiendi
1766 1898 1908 1949 sunt.
1938 1891 2026 1958 qui
2053 1899 2106 1945 te

517 1959 749 2014 invisunt
770 2002 784 2022 ,
817 1961 1006 2014 fratres
1029 2003 1043 2027 ,
1076 1976 1321 2016 morosus
1348 1977 1413 2016 ac
1441 1959 1611 2016 tristis
1630 2003 1645 2026 ,
1674 1969 1767 2014 aut
1794 1960 1847 2014 in
1878 1975 2105 2029 respon-

516 2030 755 2101 sionibus
774 2043 825 2084 et
850 2032 1094 2100 alloquiis
1124 2033 1444 2086 inaccessus.
1479 2033 1705 2101 Semper
1727 2031 1869 2101 enim
1898 2042 1948 2083 ut
1975 2045 2106 2101 gau-

521 2099 741 2170 deamus
762 2141 776 2164 ,
811 2099 1114 2154 mandatum
1140 2110 1222 2156 est
1265 2099 1653 2170 apostolicum,
1685 2113 1737 2154 et
1760 2099 2107 2155 Consolamini

517 2168 745 2241 invicem,
768 2181 842 2236 et,
869 2172 1079 2241 invicem
1109 2168 1312 2241 benigni
1333 2181 1506 2227 estote
1524 2214 1539 2238 ,
1569 2182 1641 2237 et,
1676 2170 2100 2241 Caritas,inquit,

517 2189 745 2235 invicem,
768 2189 842 2236 et,
869 2189 1079 2224 invicem
1109 2189 1218 2225 nem
1290 2189 1307 2225 ι
1333 2189 1539 2238 estote,
1569 2189 1641 2237 et,
1676 2189 2100 2241 oaritnsnnqun,

515 2238 729 2316 fluuiana
768 2251 837 2294 est
873 2240 958 2313 (1.
999 2241 1177 2316 Thess.
1312 2244 1368 2316 11
1397 2258 1413 2308 ;
1449 2242 1640 2316 Eplies.
1683 2244 1736 2297 4.
1768 2241 1872 2307 52;
1904 2243 1953 2316 1..
1982 2240 2101 2297 Cor.

514 2310 603 2364 15.
634 2310 701 2380 ⁷4)
736 2328 748 2363 :
780 2320 833 2366 et
860 2310 1223 2379 apostolorum
1253 2310 1598 2368 salutationes
1630 2314 1681 2367 in
1708 2328 1895 2367 eorum
1923 2313 2105 2366 insunt

516 2382 754 2450 epistolis
774 2393 1038 2453 tamquam
1058 2383 1196 2453 filios
1211 2383 1629 2451 complectentes
1646 2398 1740 2437 eos
1755 2384 1841 2453 qui
1858 2383 2100 2449 audiunt,

515 2459 778 2523 tamquam
816 2451 1017 2523 ’fratres
1070 2452 1413 2508 cohortantes
1441 2470 1535 2509 eos
1571 2454 1659 2523 qui
1689 2451 1989 2508 attendunt.
2023 2455 2102 2509 Ac

518 2521 681 2573 tntilta
707 2536 836 2576 sane
856 2522 923 2576 de
950 2523 1047 2576 hac
1067 2532 1253 2594 sancta
1281 2521 1623 2593 benignitate,
1652 2540 1771 2594 qua:
1789 2539 1859 2579 ex
1878 2524 2100 2594 caritate

516 2603 814 2656 promanat,
848 2608 920 2665 ex_
942 2593 1107 2665 sacris
1135 2594 1302 2665 literis
1327 2595 1534 2665 discere
1583 2593 1886 2665 possumus.
1918 2593 2101 2665 Neque

515 2670 726 2727 oportet
754 2672 814 2715 ut
855 2662 922 2715 ad
971 2663 1308 2725 inunodicam
1355 2662 1674 2718 hilaritatem
1715 2662 2099 2732 traducamur,

516 2742 688 2800 neque
709 2742 770 2786 ut
792 2732 1116 2788 scurrilitate
1142 2734 1528 2804 benignitatem
1548 2749 1608 2790 se
1626 2733 1694 2790 ad
1720 2735 1814 2790 Dei
1842 2734 2101 2790 imitatio-

2051 366 2318 430 SPURIA.

3630 373 3735 433 106)

2218 495 2341 535 nem
2380 489 2777 550 comparantem
2822 476 3202 533 labcfactemus
3227 519 3243 544 ,
3274 477 3370 535 sed
3410 479 3460 535 in
3494 483 3737 546 meditullio

2214 552 2445 628 quodam
2492 552 2744 628 perfecta:
2793 550 3075 628 hilaritatis
3115 550 3498 628 consistamus,
3522 561 3571 608 ct
3604 572 3741 628 neque

2213 620 2427 697 molesti
2460 624 2626 676 simus
2667 624 2732 697 iis
2770 622 2962 690 quibus
3007 620 3342 697 familiariter
3368 623 3579 691 utimur,
3605 620 3742 697 neque

2213 692 2499 747 dissolutos
2523 707 2617 748 eos
2637 703 2692 748 et
2722 694 2922 763 inertes
2943 691 3228 763 reddamus
3257 708 3272 745 :
3303 707 3468 763 neque
3491 696 3658 751 acerbe
3675 691 3743 754 ie-

2214 764 2630 886 prehendanius.
2658 778 2832 834 neque
2861 762 3226 843 fraudulenter
3252 762 3538 831 adolemur,
3667 771 3741 824 uti-

2236 841 2339 886 tter
2361 849 2712 886 corrigamus.
2736 843 2792 886 et
2829 834 3133 886 humaniter
3157 833 3513 886 eohortemur.
3538 834 3623 886 0m
3644 855 3741 886 nar.

2236 833 2339 888 iter
2361 834 2713 903 corrigamus,
2736 833 2792 890 et
2829 833 3133 888 humaniter
3157 833 3513 889 eohortemur.
3538 834 3624 902 Qui
3644 855 3742 903 par-

2212 903 2299 968 cit,
2326 905 2515 975 inquit,
2543 904 2767 958 emittere
2793 905 2997 958 verbum
3032 903 3238 965 durum,
3266 905 3484 974 prudens
3508 917 3586 959 est.
3611 906 3745 964 Favet

2212 974 2376 1028 mellis
2404 974 2655 1029 sermones
2679 976 2812 1037 boni,
2844 975 3058 1028 dulcedo
3086 984 3255 1027 autem
3275 991 3445 1028 eorum
3471 978 3641 1032 sanitas
3656 982 3745 1033 ani-

2212 1060 2328 1097 mos.
2361 1043 2495 1099 Sunt
2516 1047 2603 1114 qui
2622 1046 2845 1100 dicentes
2871 1049 3135 1099 vulnerant
3155 1046 3300 1114 quasi
3317 1047 3468 1110 ensis,
3493 1045 3659 1114 linguis
3678 1067 3747 1103 nu-

2213 1124 2311 1186 tent
2335 1116 2617 1186 sapientum
2655 1127 2836 1169 sanant
2875 1114 3075 1184 (Prov.
3109 1114 3197 1171 10.
3233 1116 3328 1181 19;
3376 1115 3525 1171 Prov.
3556 1114 3632 1172 16.
3664 1120 3746 1183 ἓις

2215 1183 2375 1259 Prov.
2397 1183 2490 1240 ⁷12.
2518 1186 2637 1259 l8).
2668 1183 3106 1259 Βοηιιηιςῳιίιιρῐη
3128 1194 3210 1259 est
3229 1187 3422 1259 divinis
3442 1189 3643 1243 canticis
3660 1207 3750 1245 mo-

2211 1254 2397 1311 derate
2434 1254 2837 1326 operaindare.
2871 1254 2998 1311 Nam
3044 1256 3222 1326 laetitia
3263 1258 3520 1326 ejusmodi
3559 1272 3749 1316 mentem

2212 1324 2525 1399 sanctificat,
2545 1333 2603 1379 ut
2623 1324 2701 1378 ait
2718 1326 3048 1396 Apostolus:
3069 1324 3357 1399 [inplemim'
3384 1329 3574 1399 Spiritu
3591 1341 3748 1395 sancto,

2213 1395 2420 1465 inquit,
2449 1407 2708 1451 cantantes
2745 1395 2794 1450 et
2835 1400 3103 1465 psallentes
3131 1395 3183 1450 in
3222 1395 3455 1453 cordibus
3481 1403 3639 1454 vestris
3665 1400 3749 1454 Do.

2212 1468 2348 1539 mino
2375 1466 2607 1539 (Ephes.
2639 1469 2692 1523 5.
2729 1468 2954 1539 18-19).
2986 1469 3189 1522 Bonum
3229 1469 3388 1538 igitur
3416 1480 3492 1525 est
3522 1512 3535 1534 ,
3561 1472 3620 1525 ad
3645 1473 3752 1526 laeti.

2213 1537 2339 1610 tiam
2370 1537 2632 1606 ejusmodi
2660 1537 3088 1608 consequendam
3117 1537 3353 1594 studiose
3382 1555 3584 1605 vacare,
3609 1557 3751 1610 neque

2211 1609 2281 1661 ob
2310 1610 2599 1681 quamdam
2624 1611 3215 1681 morumasperitatem
3246 1625 3309 1664 ac
3332 1610 3574 1665 duritiem
3611 1609 3751 1681 negli-

2209 1689 2396 1747 genter
2422 1680 2473 1733 in
2499 1679 2693 1733 divinis
2717 1680 2960 1734 cantibus
2989 1681 3211 1746 versari,
3244 1683 3393 1746 quasi
3423 1682 3650 1735 nimirum
3674 1679 3750 1736 vo-

2213 1764 2330 1820 cem
2361 1750 2671 1820 impendere
2702 1751 2803 1804 .Dei
2837 1751 3080 1805 laudibus
3104 1767 3209 1805 non
3245 1750 3540 1820 dignemur.
3564 1751 3680 1806 Nam
3701 1752 3753 1808 ad

2209 1819 2470 1893 ejusmodi
2502 1836 2614 1893 rem
2645 1831 2885 1875 sanctam
2917 1832 2970 1877 et
3012 1836 3224 1876 sacrum
3271 1819 3418 1876 illum
3449 1837 3753 1893 congressum

2210 1888 2453 1960 hilariter
2478 1892 2699 1946 allectos
2722 1907 2843 1947 esse
2874 1908 2970 1946 nos
2995 1901 3225 1960 oportet,
3257 1908 3360 1946 non
3390 1892 3442 1947 in
3471 1888 3641 1948 dulces
3662 1910 3754 1946 mo.

2208 1958 2364 2014 dulos
2422 1961 2665 2025 effundi,
2717 1978 2891 2030 neque
2937 1958 3163 2018 delicate
3209 1963 3404 2017 divinis
3449 1966 3755 2019 concentibus

2208 2030 2449 2103 mulceri,
2472 2047 2655 2103 neque
2678 2033 2927 2087 mollibus
2955 2048 3018 2088 ac
3044 2034 3222 2087 fractis
3246 2036 3391 2088 sonis
3412 2035 3632 2103 gaudere
3650 2077 3664 2099 ,
3689 2048 3756 2088 at-

2207 2114 2312 2169 que
2337 2102 2440 2175 huc
2467 2102 2699 2175 illucque
2724 2103 2912 2175 oculos
2928 2103 3283 2175 circumferre
3305 2146 3321 2169 ,
3355 2102 3614 2159 ut’videas
3634 2146 3647 2169 ,
3670 2122 3756 2175 quo

2208 2180 2365 2245 pacto
2389 2172 2625 2245 lauderis
2652 2191 2666 2227 :
2699 2174 2794 2228 sed
2834 2174 2887 2228 in
2920 2174 3037 2245 Deo,
3060 2175 3345 2228 laetandum
3376 2186 3482 2239 est,
3509 2177 3652 2245 eique
3675 2172 3756 2229 soli

2210 2241 2418 2310 placere
2441 2244 2812 2316 studendum,
2839 2254 3000 2314 atque
3024 2244 3112 2300 hic
3148 2246 3439 2316 prmcipue,
3468 2256 3524 2301 ut
3542 2241 3654 2300 cum
3680 2246 3758 2299 lio-

2206 2321 2416 2369 nestate
2440 2312 2681 2385 hilaritas
2715 2315 2885 2369 mixta
2913 2312 3242 2385 ‘reperiat'ur,
3276 2312 3396 2370 cum
3423 2332 3453 2370 a
3484 2317 3570 2371 Dei
3598 2317 3759 2372 timore

2205 2384 2441 2455 gravitas
2461 2396 2513 2437 et
2541 2384 2794 2441 honestas
2824 2384 3191 2455 proficiscatur
3212 2426 3229 2451 ,
3258 2386 3424 2441 divini
3454 2402 3577 2442 vero
3599 2397 3758 2441 cantus

2205 2452 2273 2524 ad
2300 2453 2536 2508 laetitiam
2562 2469 2660 2510 nos
2701 2452 2993 2524 provehant
3017 2497 3032 2522 ,
3062 2466 3115 2512 et
3142 2465 3357 2513 aeternae
3380 2457 3524 2512 illius
3546 2459 3754 2512 exsulta-

2207 2523 2372 2599 tionis
2398 2523 2751 2599 imitationem
2778 2526 2829 2599 iu
2856 2527 3013 2599 nobis
3039 2529 3362 2599 exprimant,
3391 2528 3447 2582 in
3475 2544 3574 2599 qua
3598 2529 3663 2599 illi
3685 2527 3758 2597 qui

2206 2591 2433 2668 honeste
2453 2596 2753 2668 conversati
2777 2595 2993 2668 fuerint
3012 2637 3029 2663 ,
3057 2591 3285 2668 futuram
3310 2591 3598 2668 mnsig'ent
3622 2591 3759 2651 vitam

2205 2665 2348 2738 apud
2376 2665 2681 2738 Dominum,
2704 2667 2789 2723 cui
2812 2668 2981 2738 gloria
3007 2675 3063 2723 et
3084 2667 3367 2738 imperium
3395 2670 3454 2724 in
3478 2665 3760 2725 saeuisse-

2205 2735 2476 2791 culorum.
2519 2736 2716 2792 Amen.

539 2907 3747 2942 Μ

1057 3057 1138 3119 ΙΝ
1179 3058 1587 3121 HOMlLlAM
1622 3060 1729 3121 DE
1762 3060 2077 3123 JEJUNIO
2116 3062 2219 3124 ET
2261 3060 2803 3124 ELEEMOSYNA
2841 3060 3240 3124 MONITUM.

594 3383 707 3438 Etsi
734 3400 894 3462 _non_
917 3384 1099 3462 inepta
1152 3385 1223 3441 sit
1271 3385 1389 3441 hac
1419 3385 1662 3462 humilia,
1692 3386 1815 3462 jure
1834 3401 1887 3462 _a
1928 3384 2203 3462 Frontone
2232 3387 2431 3462 Dacico
2458 3386 2601 3462 iuter
2624 3388 2832 3462 Spuria,
2858 3387 2944 3443 vel
2969 3402 3034 3462 ex
3059 3386 3177 3442 aliis
3198 3390 3575 3446 consarcinata
3600 3389 3754 3462 Chrye

525 3455 746 3510 sostomi
791 3457 1009 3526 scriptis
1042 3465 1380 3511 accensetur.
1426 3456 1807 3526 lnterpretatio
1833 3455 2026 3512 Latina
2072 3467 2156 3512 est
2197 3459 2443 3529 ejusdem
2477 3455 2770 3513 Frontonis
2806 3459 3004 3514 Ducasi.

502 3558 3755 3583 ww

1358 3676 1644 3722 EJUSDEI!
1668 3674 1905 3722 ORATIO
1945 3676 2031 3719 DE
2070 3672 2333 3720 JRJUNIO
2376 3675 2461 3719 ΕΤ
2502 3673 2942 3719 ειειςηοεῖπλ.

1945 3798 2316 3855 eam»

572 3931 776 3984 Bonum
806 3937 888 3981 est
909 3927 1188 3997 jejunium,
1224 3928 1361 3982 bona
1392 3934 1474 3981 est
1505 3935 1558 3980 et
1591 3926 1751 3982 lectio
1775 3926 2082 3992 Scriptura-

499 4016 620 4056 rum
652 4018 666 4055 :
699 4001 833 4054 bona
863 4013 990 4051 vero
1020 4005 1120 4060 est,
1150 3998 1363 4065 quando
1392 4008 1445 4050 et
1481 3998 1620 4051 actio
1640 4014 1703 4051 ex
1731 4013 1791 4049 ea
1823 3999 2084 4066 sequitur,

498 4071 748 4140 quoniam
777 4070 818 4122 si
858 4070 1024 4135 legas,
1057 4077 1113 4121 at
1144 4083 1247 4140 non
1292 4068 1471 4130 facias,
1500 4068 1551 4140 in
1579 4067 1834 4140 judicium
1878 4067 1975 4140 tibi
2005 4066 2086 4121 le-

496 4136 605 4195 ctio
633 4140 810 4201 vertit,
834 4149 887 4194 et
927 4140 978 4191 in
1009 4138 1347 4192 occasionem
1379 4139 1644 4206 supplicii.
1677 4136 1801 4192 Non
1825 4139 1960 4191 enim
1986 4153 2085 4190 au-

495 4212 681 4265 ditores
706 4210 849 4279 legis,
870 4208 1059 4277 inquit,
1082 4209 1214 4279 ju_sti
1228 4217 1343 4279 sunt
1363 4208 1502 4279 apud
1527 4207 1723 4271 Deum;
1761 4209 1850 4262 sed
1864 4210 2087 4279 factores

502 4282 629 4352 legis
649 4277 1269 4352 jnstiﬁcabuntur_(Rmn.
1292 4278 1348 4332 2.
1377 4278 1465 4352 15)
1494 4296 1507 4332 :
1536 4288 1590 4333 et
1611 4293 1800 4352 rursus
1816 4278 2081 4345 Christus,

500 4350 692 4406 Si‘non
712 4351 974 4412 venissem,
999 4359 1045 4402 et
1077 4350 1314 4419 loquutus
1343 4351 1551 4420 fuissem
1576 4350 1667 4413 eis,
1699 4359 1957 4420 peccatum
1983 4366 2086 4404 non

498 4421 735 4474 haberent
759 4436 779 4473 :
796 4437 942 4490 nunc
967 4419 1532 4490 autemiexcusa’tionem
1561 4435 1664 4473 non
1684 4419 1867 4475 habent
1895 4420 1959 4474 de
1978 4436 2086 4490 pec-

495 4501 609 4544 cato
637 4507 728 4544 suo
760 4489 937 4559 (Joan.
983 4488 1451 4560 15.722).WBeatus
1493 4498 1694 4553 autem,
1721 4491 1811 4560 qui
1857 4488 1986 4545 dicit
2031 4492 2083 4545 in

497 4561 716 4614 auribus
762 4574 971 4624 eorum,
999 4559 1090 4628 qui
1131 4559 1382 4627 audiunt,
1414 4575 1478 4614 ac
1507 4569 1617 4613 tum
1652 4559 1937 4631 praecipue,
1961 4576 2082 4616 cum

495 4632 673 4686 lienus
713 4631 1101 4699 erogaverint:
1142 4631 1316 4684 foenus
1356 4641 1535 4684 autem
1570 4640 1651 4684 est
1688 4630 1989 4686 obcdientia
2028 4641 2083 4686 et

499 4701 596 4756 Dei
628 4700 1000 4754 mandatorum
1030 4700 1363 4767 exsequutio,
1388 4701 1527 4755 sicut
1570 4700 1827 4756 Dominus
1855 4701 1931 4755 ait
1956 4717 1971 4754 :
2015 4701 2084 4756 Et

496 4788 589 4842 ego
614 4772 812 4842 veniens
832 4771 1127 4842 recepissem
1152 4771 1345 4842 utique,
1370 4771 1506 4838 quod
1531 4786 1698 4824 meum
1722 4781 1796 4842 est
1812 4788 1933 4842 cum
1958 4788 2083 4826 usu-

489 4838 809 4914 rau(llatth._
836 4839 927 4896 25.
948 4838 1386 4914 _27).‘Quid'ergo
1414 4841 1772 4914 congregasti,
1800 4841 1982 4908 frater,
2013 4858 2080 4899 ex

487 4910 739 4984 jejunio?
775 4910 1214 4980 Quandoquidem
1241 4921 1297 4964 et
1322 4910 1553 4984 agricola
1598 4912 1798 4966 idcirco
1819 4915 2078 4984 seminat,

495 4981 557 5037 nt
588 4984 749 5038 etiam
779 4989 963 5043 meiat.
990 4990 1045 5036 et
1088 4990 1354 5035 mercator
1375 4981 1576 5036 idcirco
1623 4982 2080 5052 peregrinationes

494 5056 627 5122 obit,
651 5062 711 5108 ut
732 5052 986 5122 pecunias
1012 5052 1248 5122 colligat,
1265 5061 1318 5106 et
1343 5052 1670 5122 gubernator
1695 5051 1894 5108 idcirco
1916 5054 2078 5109 multa

492 5126 660 5193 maria
701 5125 974 5189 emetitur,
1002 5132 1059 5176 ut
1100 5122 1356 5177 mercium
1382 5123 1607 5177 sarcinis
1647 5123 1823 5177 navim
1851 5123 2074 5193 repleat.

493 5192 570 5249 Ne
597 5194 726 5264 mihi
769 5193 991 5260 dixeris,
1023 5200 1103 5264 tot
1131 5193 1257 5264 dies
1277 5193 1534 5264 jejunavi,
1570 5194 1671 5248 hoc
1699 5204 1753 5248 et
1792 5194 1921 5247 illud
1969 5209 2076 5250 non

486 5263 912 5330 comedi,vinum
941 5278 1046 5318 non
1077 5263 1204 5326 bibi,
1226 5263 1462 5319 illuviem
1490 5264 1711 5333 pertuli;
1742 5265 1835 5319 sed
1855 5265 2077 5321 ostende

491 5334 644 5399 mihi,
661 5349 729 5388 an
754 5349 874 5387 cum
903 5333 1188 5388 iracundus
1216 5350 1383 5402 esses,
1410 5335 1544 5390 lenis
1575 5335 1742 5389 factus
1766 5337 1861 5397 sis,
1881 5344 2074 5390 etcum

490 5419 642 5459 esses
670 5404 923 5467 crudelis,
953 5404 1213 5474 benignus
1238 5408 1473 5459 evaseris
1503 5422 1517 5456 :
1547 5406 1799 5472 qntmiam
1826 5406 1869 5458 si
1895 5406 2076 5460 ebrius

491 5474 764 5546 iracundia
795 5474 889 5546 sis,
921 5474 1046 5546 quid
1071 5490 1294 5546 carnem
1324 5475 1548 5546 aflligis?
1592 5475 1645 5529 Si
1676 5476 1815 5546 intus
1838 5479 1917 5531 sit-
1937 5476 2075 5530 invi:

490 5543 576 5597 dia
604 5555 658 5598 et
686 5545 928 5616 avaritia,
958 5543 1082 5613 quid
1116 5545 1333 5616 prodest
1355 5543 1506 5616 aqu-.e
1532 5547 1724 5616 potus?
1750 5545 1865 5600 Non
1893 5561 2074 5615 quer

491 5625 652 5675 nunc.
681 5615 853 5679 qualis
882 5615 951 5668 sit
973 5629 1177 5673 mensa.
1208 5615 1300 5669 sed
1325 5615 1579 5669 an’tnalie
1606 5618 1800 5670 mentis
1827 5617 1963 5671 facta
2004 5618 2077 5673 sit

490 5684 733 5735 mutatio.
768 5683 822 5736 Si
850 5684 1090 5751 domina,
1118 5684 1367 5738 nimirum
1398 5687 1595 5740 anima.
1639 5686 1949 5752 fornicatur,
1977 5703 2075 5742 cur

487 5752 761 5816 ancillam,
796 5763 1033 5808 ventrem
1065 5755 1299 5824 inquam,
1329 5754 1601 5826 flagellas?
1625 5757 1681 5813 Si
1712 5756 1887 5811 anima
1909 5758 2072 5814 sedu-

2194 3927 2351 3993 citur,
2380 3941 2478 3982 cur
2514 3941 2709 3994 corpus
2749 3926 3033 3982 maceras?
3074 3925 3201 3981 Haec
3252 3924 3548 3996 egoudico,
3580 3940 3677 3979 non
3715 3932 3759 3980 ut

2194 4012 2291 4051 vos
2319 4011 2590 4063 accusem,
2613 3997 2706 4053 sed
2734 4006 2949 4066 propter
2976 3994 3324 4068 negligentes.
3353 3994 3495 4051 Cum
3524 3997 3659 4051 enim
3684 4008 3759 4068 vos

2194 4067 2407 4123 videam
2434 4069 2697 4129 volantes.
2726 4068 2887 4123 altius
2913 4066 3094 4123 volare
3120 4081 3216 4121 vos
3235 4066 3396 4122 velim
3427 4086 3443 4123 :
3472 4076 3615 4122 tanta
3642 4067 3760 4121 enim

2193 4146 2280 4193 est
2300 4140 2381 4193 vis
2401 4139 2659 4193 caritatis.
2684 4138 2754 4194 Et
2776 4138 3232 4207 quemadmodum
3261 4139 3410 4192 avari
3439 4148 3638 4208 quanto
3664 4136 3761 4204 plus

2193 4208 2308 4285 auri
2344 4209 2677 4279 collegerint,
2708 4211 3004 4285 tantoplus
3030 4216 3321 4285 expetunt:
3353 4208 3448 4285 sic1
3459 4219 3517 4285 et
3542 4223 3639 4263 nos
3665 4220 3761 4285 ina-

2190 4279 2295 4349 jori
2323 4277 2636 4348 pregressus
2656 4280 2817 4334 vestri
2839 4277 3104 4334 desiderio
3127 4290 3389 4349 tenemur.
3412 4278 3472 4334 Si
3503 4293 3631 4347 ergo
3650 4277 3762 4349 velis

2192 4347 2366 4423 excipi
2395 4350 2768 4423 apudUDeum,
2799 4350 2980 4420 jejuna
3019 4348 3473 4423 quemadmodum
3518 4347 3757 4423 NiniviL-e,

2188 4421 2264 4491 mi
2298 4420 2463 4474 frater
2474 4436 2498 4491 _:
2530 4420 2601 4474 illi
2632 4419 2811 4491 legem:
2844 4419 2949 4475 non
2976 4419 3295 4490 acceperant
3323 4438 3337 4475 :
3371 4419 3443 4476 de
3473 4420 3664 4491 quibus
3700 4419 3760 4470 ait

2192 4490 2388 4545 Paulus
2413 4507 2426 4543 :
2455 4488 2585 4545 Cum
2613 4488 2746 4545 enim
2774 4490 2975 4557 Gentes,
2998 4488 3119 4557 quat
3130 4491 3288 4561 legem
3309 4506 3411 4544 non
3454 4488 3655 4561 habent,
3682 4504 3758 4539 na-

2193 4560 2423 4643 ιαναιὲιεῖ·
2465 4577 2524 4614 θα
2565 4577 2686 4643 ira.
2728 4562 2851 4643 ἐςθεε
2895 4571 3034 4643 sua“:
3064 4560 3286 4643 [ιεςίέιηιλ
3321 4561 3595 4643 sistendi.
3622 4560 3759 4643 ἐεςξυξ

2192 4646 2295 4684 non
2318 4631 2792 4702 Imbentes,ipsisibi
2811 4643 2929 4687 sunt
2956 4633 3039 4686 lea:
3063 4631 3306 4702 (Romi.
3329 4632 3442 4698 14).
3476 4631 3597 4687 Noli
3627 4632 3760 4699 igitur

2190 4702 2420 4755 otiosum
2443 4701 2702 4771 jejunium
2719 4701 3002 4757 exhibere:
3026 4701 3130 4757 nan
3147 4701 3288 4756 enim
3317 4702 3498 4756 solum
3526 4702 3757 4771 jejunium

2189 4772 2244 4827 in
2270 4772 2456 4826 cazlum
2479 4771 2741 4838 ascendit,
2761 4772 2861 4827 nisi
2881 4787 3121 4828 sororem
3151 4774 3345 4826 habeat
3366 4787 3530 4827 suam
3553 4774 3759 4828 elecmo-

2190 4857 2399 4913 synam.
2421 4842 2696 4912 Siquidem
2721 4843 2835 4912 biga
2862 4852 2947 4898 est
2967 4842 3103 4912 ejus,
3122 4857 3225 4913 nec
3246 4840 3563 4899 fraternitas
3582 4852 3633 4897 et
3658 4841 3758 4908 biga

2191 4912 2414 4977 tantum,
2448 4915 2541 4967 sed
2567 4914 2729 4967 etiam
2757 4913 3085 4968 vehiculum.
3118 4912 3270 4970 Unde
3300 4913 3351 4967 id
3377 4913 3631 4968 constat?
3668 4913 3759 4964 An-

2184 4983 2340 5052 gelus
2365 4983 2614 5038 Cornelio
2639 4983 2850 5040 dicebat
2879 5001 2893 5034 :
2929 4982 3194 5038 Orationes
3233 4992 3420 5037 tutc‘et
3448 4985 3760 5051 elemosyna

2188 5062 2291 5107 tua:
2313 5054 2646 5123 ascenderunt
2670 5054 2725 5108 in
2767 5055 3061 5108 memoriam
3102 5055 3157 5108 in
3193 5064 3468 5123 conspectu
3509 5054 3606 5109 Dei
3644 5054 3755 5123 (Art.

2187 5123 2276 5196 10.
2312 5122 2387 5195 4).
2424 5123 2518 5180 Est
2545 5125 2687 5180 enim
2709 5125 2793 5196 ala
2816 5126 3082 5196 orationis
3104 5122 3450 5196 eleemosyna
3484 5143 3501 5179 :
3531 5126 3632 5180 nisi
3655 5122 3756 5175 ora-

2188 5195 2317 5249 tioni
2358 5203 2462 5249 tuae
2488 5196 2627 5249 alam
2672 5194 2962 5260 addideris,
2993 5196 3215 5250 minime
3257 5194 3442 5251 volat:
3475 5211 3602 5252 cum
3645 5203 3756 5245 vero

2188 5266 2348 5320 fuerit
2370 5265 2470 5319 alis
2496 5265 2716 5335 prmdita
2751 5267 2929 5320 anima
2957 5277 3063 5330 tua,
3093 5266 3147 5320 in
3177 5265 3373 5321 caelum
3396 5265 3603 5321 evolat.
3629 5263 3757 5335 Qun:

2185 5350 2357 5405 usque
2383 5328 2596 5391 tandem
2628 5338 2968 5405 pecuniarum
3012 5328 3165 5391 amor
3202 5347 3258 5391 et
3281 5350 3446 5404 opum
3473 5328 3754 5404 cupiditas?

2184 5405 2313 5461 Haec
2347 5407 2547 5469 omnia,
2577 5407 2650 5461 mi
2699 5406 2883 5473 frater,
2911 5421 3014 5460 una
3045 5422 3165 5461 cum
3197 5406 3296 5461 hac
3318 5407 3427 5460 vita
3481 5407 3755 5460 terminatio

2184 5486 2292 5531 tur.
2321 5475 2428 5532 Sed
2458 5477 2609 5542 mihi,
2627 5477 2857 5541 satscio,
2877 5476 3045 5540 dices,
3065 5477 3179 5531 lucc
3206 5476 3297 5530 tibi
3324 5477 3424 5546 ipsi
3453 5483 3756 5530 commemo-

2184 5563 2265 5602 ra.
2294 5547 2363 5602 Et
2392 5547 2521 5601 mihi
2545 5548 2644 5617 ipsi
2664 5555 3120 5610 commemoro,et
3143 5547 3321 5601 vobis:
3348 5554 3435 5601 est
3460 5547 3607 5601 enim
3628 5556 3756 5617 com-

2183 5632 2349 5690 mune
2382 5616 2688 5690 consilium,
2733 5618 2847 5688 Ego
2871 5617 2998 5690 dum
3045 5617 3161 5690 haec
3204 5618 3381 5682 audio,
3420 5627 3479 5671 et
3509 5616 3753 5690 corriget,

2182 5687 2500 5743 beneficium
2547 5704 2575 5742 a
2609 5688 2760 5743 vobis
2788 5687 3010 5758 accipio
3039 5706 3053 5741 :
3087 5689 3209 5743 licet
3253 5690 3299 5743 is
3338 5703 3535 5742 servus
3559 5687 3753 5758 sit,_qui

2179 5758 2342 5826 dicit,
2371 5760 2652 5815 consilium
2684 5755 2945 5827 admitto}
2973 5760 3095 5814 licet
3124 5760 3284 5817 liber,
3319 5758 3555 5815 libenter
3576 5755 3752 5813 audio:
