4006 6398
531 269 667 324 ΝΗ

2031 267 2305 328 ΜἯΜᾹ.

3645 280 3751 334 1068

1380 653 1461 715 IN
1493 653 1795 717 LIBRUM
1824 654 2237 716 SEPTIMUM
2270 654 2375 714 DE
2404 652 2941 716 SACERDOTIO.

604 854 767 913 Liber
793 856 1059 927 septimus
1082 855 1478 929 Chrysostomo
1508 857 1818 929 adscriptus
1856 860 1925 915 de
1955 858 2269 916 sacerdotio
2300 866 2482 914 exstat
2513 857 2569 911 in
2611 857 2947 928 quibusdam
3009 857 3430 929 manuscriptis,
3487 857 3540 912 in
3592 858 3755 913 Coislt-

536 948 702 1002 niano
726 945 957 1002 CCXLV
997 949 1271 1009 undecimi
1297 951 1504 1019 saeculi,
1535 960 1591 1008 et
1619 951 1672 1006 in
1704 949 2034 1006 Taurineusi
2067 949 2334 1021 quodam,
2369 948 2529 1016 cujus
2551 947 2876 1019 ἀπόγραφον
2911 964 3079 1006 manu
3104 959 3160 1007 et
3189 951 3335 1008 dono
3366 951 3468 1007 viri
3500 951 3753 1008 clarissimi

535 1042 952 1115 doctissimique
982 1042 1156 1099 Pfaliii
1182 1060 1348 1116 penes
1381 1064 1471 1105 me
1502 1048 1697 1105 habeo.
1729 1047 1828 1106 Est
1862 1061 1994 1103 vero
2024 1045 2192 1117 inepti
2226 1042 2518 1114 cujusdam
2557 1042 2794 1103 Graeculi
2825 1056 3201 1105 commentum
3223 1087 3240 1116 ,
3270 1056 3333 1104 ut
3365 1064 3530 1106 nemo
3559 1064 3661 1105 non
3684 1050 3751 1103 vi-

525 1203 3758 1235 ΝΜ

1453 1289 1998 1372 EJUSDEM
2047 1281 2877 1370 CHRYSOSTOMI

1595 1466 1680 1508 DE
1722 1462 2117 1509 SACERDOTIO
2161 1459 2347 1504 LIBER
2388 1459 2719 1504 SEPTIMUS.

1959 1594 2377 1657 ww

588 1731 638 1794 0
678 1733 1003 1805 stupendum
1049 1731 1415 1805 miraculum!
1469 1745 1505 1805 o_
1557 1730 1729 1805 virtus
1771 1731 2105 1805 ineffabilis!

513 1824 548 1863 ο
594 1801 905 1880 mysterium
950 1802 1236 1880 sacerdotii
1274 1801 1641 1880 horrendum!
1691 1801 1987 1880 Spirituale
2024 1812 2108 1857 est

514 1889 568 1933 et
588 1871 853 1942 sanctum,
873 1873 1239 1931 venerandum
1258 1882 1310 1928 et
1331 1871 1679 1943 inculpatum,
1697 1872 1838 1943 quod
1861 1872 2109 1928 Christus

513 1949 756 2014 veniens,
787 1946 963 2017 dignis
992 1944 1248 2017 elargitus
1269 1953 1371 1999 est.
1423 1942 1723 2017 Procumbo
1760 1955 1815 2017 et
1839 1943 2104 2017 deprecor

514 2035 634 2074 cum
656 2014 907 2089 lacrymis
926 2025 980 2071 et
1006 2015 1311 2089 gemitibus,
1354 2023 1410 2089 u_t
1438 2014 1611 2069 oculis
1633 2015 1948 2089 conspicere
1977 2014 2106 2069 mihi

517 2091 675 2145 liceat
701 2084 850 2143 illum
881 2084 1162 2141 sacerdotii
1194 2099 1319 2139 vere
1353 2084 1662 2139 thesaurum
1687 2085 1772 2151 iis,
1806 2084 1898 2154 qui
1930 2085 2105 2154 ipsum

514 2168 697 2215 sancte
716 2159 984 2226 digneque
1005 2162 1345 2211 conservant.
1387 2154 1619 2226 Clypeus
1643 2156 1787 2210 enim
1809 2164 1896 2211 est
1919 2155 2105 2222 splen-

516 2229 678 2285 didus
700 2236 755 2285 et
778 2226 1236 2295 incomparabilis,
1286 2227 1447 2279 turris
1495 2229 1836 2288 inconcussa,
1885 2241 2104 2293 murus,

515 2300 607 2370 qui
627 2298 860 2367 dirumpi
883 2296 1525 2370 nequit.Fundamen_tum
1543 2296 1739 2370 quippe
1752 2305 1836 2352 est
1855 2296 2103 2370 solidum,

515 2366 547 2425 ti
592 2379 735 2425 terra
776 2366 945 2438 usque
980 2367 1046 2438 ad
1085 2369 1258 2438 ipsum
1301 2366 1419 2438 (ξωιί
1467 2367 1726 2438 fornicem
1775 2366 2102 2438 pertingens.

518 2441 720 2511 Ecquid
773 2435 896 2511 dico
925 2480 941 2505 ,
998 2435 1247 2511 fratres?
1298 2435 1638 2511 celsissimos
1687 2435 1809 2511 illos
1870 2435 2105 2511 fornices

512 2508 745 2581 attingit,
773 2510 839 2564 ad
867 2509 1013 2581 ipsos
1039 2510 1203 2563 cmlos
1231 2508 1485 2581 caelorum
1513 2508 1629 2581 sine
1654 2508 1809 2581 obice
1832 2508 2097 2581 pervadit,

514 2583 565 2635 in
590 2578 768 2637 médio
787 2578 1099 2649 angelorum
1117 2594 1242 2649 cum
1266 2578 1592 2649 incorporeis
1608 2580 1817 2633 naturis
1828 2580 2104 2647 splendide

515 2652 779 2724 facileque
797 2648 1188 2724 Apr-ngrediesur;
1222 2648 1424 2724 Ecquid
1452 2648 1594 2724 dic_o,
1625 2650 1679 2724 in
1702 2650 1881 2705 medio
1910 2665 2103 2724 super-

514 2719 707 2778 naruni
759 2722 1013 2775 virtutum
1057 2719 1080 2772 ?
1149 2720 1284 2774 Cum
1338 2720 1456 2789 ipso
1520 2719 1748 2774 Domino
1795 2719 2102 2789 angelorum

510 2801 757 2848 creatore
784 2799 839 2846 et
867 2791 1194 2845 illustratore
1219 2798 1590 2855 conversatur,
1620 2798 1675 2843 et
1702 2804 1798 2857 pro
1829 2789 2103 2844 voluntate

508 2879 613 2941 euri
632 2878 754 2917 cum
782 2861 972 2941 ﬁducia
993 2860 1161 2914 inulla
1192 2859 1333 2941 quod
1359 2858 1517 2941 _petit_
1547 2860 1759 2941 eeripi't.
1796 2859 1909 2913 Non
1941 2860 2100 2915 ﬁnem

515 2934 704 2987 faciam
737 2974 751 2996 ,
805 2931 1017 2995 fratres,
1070 2930 1392 3000 praedicandi
1438 2930 1850 3000 celebrandique
1892 2941 2099 2988 tantum

508 3004 781 3072 dignitatis
806 3002 1059 3072 gradum,
1084 3016 1244 3071 quem
1267 3000 1414 3056 dedit
1439 3000 1673 3055 Trinitas
1709 3001 1902 3056 Adami
1932 3002 2053 3056 filiis
2078 3043 2093 3068 ,

511 3071 604 3155 per
632 3090 788 3155 quem
815 3071 874 3129 et
901 3071 1131 3127 nmndus
1148 3072 1374 3127 salutem
1396 3072 1758 3155 consequitur,
1775 3083 2097 3155 _etcreat_era

509 3143 841 3199 illuminatur
867 3161 881 3198 :
914 3159 1010 3215 per
1034 3158 1196 3215 quem
1221 3152 1454 3208 montes,
1486 3143 1673 3215 colles,
1707 3143 1898 3215 saltus,
1929 3144 2096 3199 valles

511 3216 798 3283 implentur
842 3213 1087 3269 instituto
1133 3213 1276 3285 beati
1322 3214 1564 3285 generis,
1597 3213 1982 3285 monachorum
2011 3215 2092 3285 vi-

506 3286 698 3341 delicet
752 3302 766 3338 :
825 3283 1276 3355 quemadmodum
1329 3283 1657 3341 clarissimus
1703 3300 1879 3353 praeco
1935 3284 2097 3355 Isaias

502 3356 634 3411 dicit
663 3376 676 3410 :
711 3355 796 3411 Ea:
820 3353 1091 3426 uerticibus
1121 3357 1366 3410 montium
1393 3355 1584 3426 dabunt
1623 3371 1763 3426 voces
1786 3371 1906 3409 suas
1933 3353 2093 3426 (Isai.

505 3428 593 3497 ὁὶ.
625 3428 715 3497 Η)
746 3428 993 3497 homines
1028 3425 1096 3479 ad
1116 3426 1337 3497 gloriam
1361 3424 1787 3495 praedicandam:
1816 3440 1912 3496 per
1935 3424 2093 3495 quem

506 3496 757 3566 iniquitas
788 3496 857 3551 de
899 3506 1038 3550 terra
1070 3496 1293 3561 tollitur,
1327 3512 1427 3566 per
1455 3511 1613 3566 quem
1643 3497 1994 3566 temperantia
2038 3499 2088 3551 in

506 3565 646 3623 terra
677 3577 938 3631 versatur,
966 3582 1060 3633 per
1086 3583 1242 3635 quem
1270 3565 1514 3622 diabolus
1539 3565 1723 3636 lapsus
1742 3565 1766 3632 ,ί
1785 3566 2088 3622 destructus

503 3648 608 3700 est,
662 3637 843 3693 lascivi
874 3636 997 3692 facti
1051 3646 1177 3692 sunt
1221 3653 1350 3692 vasa
1398 3637 1726 3691 sanctilicata
1752 3677 1765 3699 ,
1808 3637 2084 3693 fornicarii

502 3709 637 3764 casti
688 3717 743 3764 et
785 3708 1124 3772 intemerati.
1170 3707 1486 3776 insipientes
1536 3706 1657 3763 facti
1704 3716 1829 3762 sunt
1868 3708 2090 3777 justitite

505 3779 673 3834 duces
704 3796 720 3836 :
750 3793 846 3848 per
874 3793 1031 3845 quem
1060 3779 1248 3833 mortis
1272 3778 1556 3847 imperium
1585 3778 1843 3832 abolitum
1874 3788 1977 3841 est,
2033 3788 2088 3833 et

506 3849 746 3904 internus
805 3848 970 3905 robur
1044 3848 1266 3915 amisit,
1335 3858 1392 3903 et
1449 3848 1828 3904 condemnatio
1897 3850 2086 3903 Adami

500 3920 676 3975 soluta
710 3927 831 3985 est,
862 3918 1219 3989 nuptialisque
1254 3919 1519 3974 thalamus
1545 3917 1774 3973 cmlestis
1802 3919 2087 3974 decoratus

503 3999 588 4047 est
616 4008 633 4046 ι
662 4006 757 4060 per
780 4005 939 4061 quem
977 3988 1273 4061 hominum
1296 3998 1483 4061 natura
1514 3991 1566 4044 in
1614 3990 1882 4061 virtutem?
1911 3989 2088 4061 incor-

503 4059 808 4141 porea’rum;
837 4068 1093 4141 mutatur.
1139 4059 1479 4141 Quid__dicam
1506 4103 1523 4128 ,
1570 4067 1627 4141 e_t
1655 4075 1825 4141 quam
1858 4060 2082 4141 .laudem

502 4129 808 4203 proferam?
846 4132 1053 4187 Donum
1083 4133 1225 4187 enim
1254 4131 1393 4186 illius
1422 4129 1705 4186 sacerdotii
1743 4129 1940 4203 gradus
1965 4145 2082 4186 ser-

506 4201 721 4257 monem
748 4216 965 4258 omnem
996 4209 1051 4257 et
1073 4203 1449 4270 cogitationem
1489 4209 1709 4272 superat
1738 4216 1754 4254 :
1789 4201 1915 4256 illud
1958 4211 2041 4256 est
2062 4242 2078 4268 ,

502 4284 558 4327 ut
587 4273 861 4343 existimo,
889 4273 1029 4341 quod
1049 4272 1242 4329 Paulus
1259 4271 1588 4343 stupefactus
1611 4271 1929 4337 subindicat,
1952 4287 2079 4343 _cum

499 4345 616 4399 ait:
664 4340 712 4397 0
740 4340 959 4415 altitudo
985 4343 1274 4415 diuitiarum
1294 4340 1555 4415 sapientia:
1590 4352 1636 4415 et
1677 4343 1901 4415 scientia
1943 4341 2082 4398 Dei!

498 4430 652 4477 quam
670 4412 1198 4485 incomprehensibilia
1223 4424 1341 4471 sunt
1354 4412 1554 4485 iudicia
1576 4414 1709 4483 ejus,
1740 4424 1785 4467 et
1809 4414 2080 4485 investiga-

498 4485 757 4556 biles_uiw
800 4481 911 4554 ejus
947 4481 1255 4556 (Ronan,
1283 4481 1389 4556 55⁷)
1416 4483 1430 4538 ι
1457 4485 1528 4556 Δ
1580 4481 1721 4539 terra
1770 4483 1839 4537 ad
1888 4481 2078 4556 etclam

502 4554 733 4635 advola},
782 4553 966 4635 atque
997 4553 1334 4635 velocissime
1360 4553 1640 4635 petitiones
1671 4563 1883 4635 uestras
1905 4553 2078 4635 _otTert

504 4625 636 4697 Deo.
690 4623 979 4697 Legatione
1014 4623 1255 4697 fungitur
1286 4623 1383 4693 pro
1402 4625 1571 4697 servis
1597 4625 1735 4697 apud
1755 4624 2073 4697 _Dominum.

499 4695 748 4769 Animum
760 4693 790 4761 ,⁷
833 4693 1070 4769 Iratre_s._
1092 4695 1158 4753 ad
1199 4694 1337 4769 hanc
1362 4693 1724 4769 ntysticanjeet
1753 4694 2073 4769 horrendam

498 4765 860 4821 narrationem
922 4764 1109 4820 sedulo
1163 4764 1534 4822 adhibeamus.
1608 4766 1737 4822 Sine
1783 4765 2076 4821 venerabili

498 4834 796 4893 sacerdotio
821 4834 1072 4906 remissio
1086 4843 1424 4906 peccatorum
1446 4836 1759 4893 mortalibus
1776 4851 1880 4889 non
1897 4835 2071 4891 datur.

495 4907 746 4962 Animum
791 4905 1301 4977 adbibete,’fratres
1331 4923 1359 4977 ε⁸
1377 4921 1472 4961 vos
1509 4907 1650 4962 enim
1692 4907 1824 4962 estis
1861 4907 2075 4977 pietatis

496 4986 806 5042 amatores,
862 4976 981 5035 luce
1032 4977 1292 5048 doctrinae
1337 4974 1938 5048 fulgenteanuidnam
1991 4987 2075 5048 est

493 5048 647 5120 illud,
677 5048 818 5120 quod
844 5062 1017 5120 nuper
1042 5047 1352 5120 dicebamus
1380 5047 1448 5102 de
1470 5047 1752 5120 sacerdotii
1781 5047 2072 5120 titystcrio?

494 5117 710 5189 Paltnes
748 5119 890 5182 vitis,
923 5117 1001 5173 ’ct
1045 5133 1267 5189 granum
1319 5118 1568 5174 frumenti
1619 5128 1674 5173 et
1714 5117 2070 5174 saceidstium

496 5203 818 5247 consensum
868 5197 1052 5247 mutuo
1101 5188 1300 5243 habent
1338 5205 1355 5243 :
1398 5190 1599 5260 palmes
1641 5197 1697 5244 et
1748 5189 2071 5260 frumentum

492 5260 700 5313 ancilla:
747 5269 908 5321 sunt,
957 5259 1313 5313 sacerdotium
1339 5259 1467 5313 vero
1504 5260 1727 5314 liberum
1775 5270 1875 5313 est.
1931 5259 2066 5313 Cum

497 5328 673 5400 itaque
700 5327 814 5383 hmc
840 5329 938 5382 tria
952 5337 1361 5400 congregantur,
1377 5340 1436 5383 ut
1462 5345 1619 5400 supra
1643 5345 1829 5384 omnes
1850 5329 2069 5384 omnino

498 5396 789 5471 thesauros
800 5396 1214 5471 constituantur,
1228 5396 1644 5471 unumquodque
1664 5402 1774 5471 regi
1805 5402 2067 5455 fructuum

496 5482 713 5522 suorum
745 5468 990 5523 virtutem
1023 5468 1177 5523 oﬂ‘ert
1202 5470 1254 5522 in
1284 5468 1506 5525 odorem
1532 5468 1827 5525 suavitatis.
1858 5471 2069 5527 Palmes

495 5538 801 5610 sanguinem
832 5539 1047 5605 emittit,
1072 5538 1398 5610 frumentum
1411 5556 1541 5595 vero
1563 5556 1787 5610 panem:
1819 5540 2069 5596 sacerdo-

500 5606 628 5680 tium
657 5623 932 5680 vero‘cum
954 5608 1142 5665 liducia
1169 5610 1389 5664 evolata
1419 5606 1640 5665 terra—in
1667 5612 1877 5677 calum,
1895 5611 2064 5665 donec

508 5677 675 5739 ipsum
698 5677 1009 5737 invisibilem
1038 5681 1462 5750 contempletur;
1515 5691 1569 5739 et
1619 5691 1898 5757 postquam
1941 5690 2067 5737 ante

2215 1729 2464 1808 thronum
2519 1729 2799 1808 escelsum
2841 1729 3125 1798 adoravit,
3167 1742 3331 1808 stans
3383 1737 3640 1806 supplicat
3683 1758 3760 1808 prs

2215 1802 2385 1855 servis
2425 1802 2654 1874 Domino
2678 1842 2693 1867 ,
2750 1803 3015 1874 lacryrnas
3038 1806 3376 1872 gemitusque
3418 1802 3760 1863 conservorum

2213 1872 2815 1948 gestans,_l)ominoque
2851 1872 3084 1948 atterens
3118 1890 3132 1926 :
3169 1875 3525 1948 similiterque
3564 1890 3698 1948 rogat
3721 1892 3763 1934 ut

2213 1942 2636 2019 consolationem
2684 1952 2741 2019 et
2796 1944 3164 2019 ptenitentiam
3224 1942 3475 2019 tribuat',
3531 1942 3762 2019 simulque

2215 2014 2426 2087 genium
2457 2022 2512 2067 et
2539 2012 2959 2087 misericordiam
2988 2015 3120 2087 petit
3148 2032 3179 2068 a
3215 2016 3469 2087 clementi
3516 2033 3634 2087 rege
3659 2060 3673 2082 ,
3696 2012 3764 2072 "ut

2212 2081 2443 2156 Spiritus
2468 2082 2768 2156 paracletus
2805 2084 2963 2156 simul
2988 2085 3166 2139 veniat
3192 2126 3210 2148 ,
3255 2085 3505 2156 donaque
3545 2081 3601 2142 in
3633 2081 3763 2144 terris

2213 2154 2487 2227 [imposita
2538 2153 2849 2227 sanetilicct.
2896 2153 3030 2227 Cum
3077 2166 3259 2227 autem
3289 2153 3544 2227 mysteria
3569 2160 3649 2213 illa
3671 2171 3763 2212 tre-

2219 2223 2411 2298 menda
2444 2224 2854 2298 immortalitetis
2880 2225 3034 2293 plena
3068 2223 3461 2298 allatafuerint
3485 2270 3497 2291 ,
3529 2230 3762 2298 perillqu

2214 2296 2569 2362 praestitutum
2591 2294 2950 2361 sacerdotem,
2974 2310 3071 2364 pro
3087 2297 3336 2351 omnibus
3354 2294 3761 2359 intercedentem,

2212 2372 2340 2418 tunc
2367 2365 2628 2444 accedunt
2649 2365 3005 2444 animat,un
3034 2381 3130 2435 per
3147 2368 3761 2444 mysteriapurgationcm

2210 2451 2241 2510 ᾳ
2272 2436 2838 2510 masculis‘aecipiuut.
2877 2435 3081 2502 Videte,
3114 2435 3347 2506 religiosi
3370 2435 3494 2503 viri,
3521 2435 3758 2510 quomodo

2210 2504 2330 2560 haec
2356 2506 2464 2560 duo
2493 2504 2623 2560 nihil
2646 2514 2937 2573 operentur
2979 2522 3141 2575 super
3168 2504 3364 2562 terram
3391 2549 3407 2571 ,
3438 2504 3761 2566 nisiut-Iesus

2210 2575 2446 2631 calculus
2471 2576 2713 2641 accedat,
2736 2585 2790 2630 et
2807 2576 2945 2631 dona
2973 2578 3287 2632 sanctificet.
3312 2578 3526 2645 Vidisti,
3552 2597 3584 2635 o
3601 2581 3757 2645 homo,

2206 2646 2545 2716 splendidum
2598 2646 2951 2702 miraculum?
2981 2647 3210 2703 Videsne
3254 2649 3484 2718 gradum
3528 2651 3664 2705 illum
3690 2667 3759 2705 sa-

2209 2732 2382 2790 crum,
2407 2718 2678 2790 quomodo
2705 2718 3005 2790 animarum
3049 2717 3237 2774 sordes
3265 2717 3565 2790 expurget?
3610 2722 3755 2776 Bute-

2207 2786 2382 2841 dictus
2426 2786 2498 2860 sit
2535 2787 2837 2860 _Salvator,
2881 2788 2971 2858 qui
3020 2803 3183 2857 super
3229 2786 3644 2860 terram'posuit
3676 2792 3758 2846 hoc

2205 2857 2696 2927 splendidissimum
2742 2868 2799 2929 et
2859 2857 3291 2929 etpurgatorium
3346 2857 3591 2926 donum,
3653 2862 3755 2916 dunt

2210 2930 2518 3002 sacerdotes
2556 2929 2725 3002 gratia
2752 2927 3001 3002 illustrat,
3021 2927 3242 3000 utquasi
3260 2931 3542 2987 luminaria
3557 2933 3757 3002 fulgeant

2200 2999 2258 3052 in
2291 3000 2510 3053 mundo.
2562 2999 2796 3069 Populus
2818 2999 2908 3069 qui
2939 3014 3038 3054 nos
3066 2999 3376 3069 praecessit,
3405 3016 3573 3057 cornu
3606 2999 3755 3058 oleum

2203 3080 2421 3139 gestans
2446 3068 2745 3139 profectum
2770 3068 2979 3139 accepit
3023 3087 3038 3124 :
3070 3068 3181 3126 nos
3208 3087 3336 3126 vero
3366 3073 3585 3128 inutiles
3612 3074 3755 3128 homi-

2205 3155 2322 3207 nes,
2354 3140 2619 3196 benedicti
2652 3140 2858 3195 Domini
2888 3140 3052 3206 servi,
3101 3157 3208 3196 nen
3235 3157 3429 3207 cornu,
3476 3159 3581 3199 non
3605 3145 3753 3199 olente

2198 3211 2459 3283 sensibile
2515 3211 2822 3283 accepimus
2863 3228 2877 3263 :
2920 3211 3014 3283 sed
3061 3211 3130 3283 is,
3158 3212 3272 3281 ipse
3325 3214 3421 3283 qui
3469 3223 3620 3282 caput
3664 3223 3750 3277 est,

2196 3282 2447 3338 excelsus
2471 3289 2527 3337 et
2552 3281 2862 3336 tremendus
2898 3281 3179 3337 descendit
3206 3283 3275 3337 de
3316 3281 3456 3339 cado
3481 3325 3500 3351 ,
3538 3281 3595 3339 et
3632 3284 3753 3340 dedit

2202 3352 2360 3406 nobis
2409 3354 2460 3407 in
2512 3366 2762 3424 manuum
2813 3353 3153 3424 iutpositioue
3179 3352 3435 3422 Spiritum
3478 3355 3751 3424 suunt,qui

2199 3437 2297 3476 ceu
2329 3424 2463 3493 ignis
2489 3421 2631 3477 venit
2658 3422 2718 3493 in
2745 3423 3034 3490 apostolos.
3078 3424 3123 3478 0
3157 3421 3407 3478 virtutem
3431 3421 3747 3489 inell'abilein,

2202 3508 2325 3561 qua:
2350 3491 2564 3564 dignata
2593 3500 2689 3565 est
2706 3491 2957 3565 habitare
2992 3495 3044 3548 in
3074 3494 3229 3548 nobis
3264 3511 3359 3563 per
3377 3496 3748 3565 impositionent

2196 3563 2454 3618 manuum
2501 3563 2890 3636 sacerdotuml
2924 3563 2969 3618 Ο
3022 3576 3275 3636 quantum
3322 3563 3532 3621 obtinet
3554 3565 3748 3636 gradum

2196 3636 2532 3688 tremendum
2560 3634 2687 3688 illud
2709 3634 3102 3707 sacerdotium?
3133 3635 3323 3707 Beatus
3342 3647 3431 3691 est
3451 3634 3675 3707 quisquis
3701 3637 3744 3689 in

2195 3718 2262 3776 eo
2309 3714 2458 3776 caste
2484 3712 2728 3776 versatur
2764 3715 2819 3758 et
2849 3705 3131 3776 inculpate.
3164 3706 3354 3761 Petrus
3377 3705 3746 3776 quit-oeabatur

2192 3773 2422 3843 Cephas,
2454 3777 2543 3844 qtti
2581 3774 2649 3846 ad
2691 3775 2815 3829 litus
2861 3775 3026 3829 maris
3060 3790 3255 3845 sagcna
3304 3773 3497 3846 captus
3519 3786 3631 3841 est,
3671 3775 3745 3845 qui

2192 3846 2559 3900 testimonium
2613 3844 2715 3916 hoc
2759 3848 2976 3916 accepit
3005 3860 3034 3899 a
3078 3844 3271 3913 magno
3317 3844 3566 3914 pastore:
3603 3844 3746 3914 Super

2194 3917 2325 3989 {tene
2374 3927 2567 3985 petram
2615 3915 2910 3989 aediﬁcabo;
2931 3915 3212 3989 Ecclesium
3242 3933 3403 3989 meum
3434 3918 3636 3989 (Matth.
3666 3918 3737 3970 l6.

2192 3986 2282 4056 18)
2316 4002 2331 4051 ;
2364 4000 2461 4056 per
2488 3986 2843 4056 sacerdotium
2864 3987 3043 4041 claves
3068 3987 3230 4041 etiam
3264 3986 3521 4042 caelorum
3545 3989 3740 4055 accepit.

2188 4055 2553 4127 Similiterque
2582 4055 2781 4127 Paulus
2804 4057 2932 4111 olim
2965 4070 3315 4126 persequutor
3335 4098 3351 4123 ,
3391 4057 3498 4113 hoc
3524 4059 3740 4127 dignatus

2191 4141 2432 4194 munere,
2459 4125 2558 4183 ceu
2579 4127 2679 4180 alis
2700 4125 2992 4182 inatructus
3019 4125 3351 4183 discurrebat
3384 4129 3439 4182 in
3466 4125 3601 4183 terra
3625 4137 3672 4182 et
3695 4128 3736 4181 in

2184 4200 2322 4269 mari
2355 4198 2653 4269 prmdicans
2675 4198 3129 4254 reutrrectioncm
3157 4210 3512 4257 mortuorum.
3530 4199 3735 4254 Crudum

2188 4268 2484 4340 referamus
2506 4268 2572 4324 ad
2590 4269 2723 4325 Abel
2745 4270 2971 4340 justum,
2997 4271 3085 4339 qui
3112 4271 3164 4323 in
3195 4271 3458 4339 principio
3480 4268 3735 4325 ereatiouis

2182 4339 2439 4394 sacerdos
2487 4340 2628 4393 fuit:
2667 4350 2722 4394 et
2750 4339 2833 4396 ab
2879 4339 2976 4395 illo
3020 4340 3325 4405 discamus,
3378 4341 3523 4410 quod
3565 4339 3733 4408 ipsein

2181 4410 2448 4480 principio
2490 4411 2735 4465 hostiam‘
2770 4426 2923 4466 suam
2973 4411 3082 4465 Deo
3120 4410 3521 4466 sacriﬁcaverit.
3561 4412 3731 4480 Annon

2182 4478 2321 4549 ignis
2362 4478 2430 4535 de
2468 4482 2600 4537 caelo
2629 4481 2962 4537 descendens
3002 4481 3228 4535 hominm
3256 4480 3372 4549 ejus
3391 4478 3732 4549 consumpsit!

2182 4494 2199 4531 ι
2241 4494 2321 4534 ms
2362 4494 2430 4535 ue
2468 4494 2600 4537 casto
2629 4494 2962 4537 descendens
3002 4494 3228 4535 nostram
3256 4496 3372 4549 eius
3391 4494 3728 4548 eonsumpsnt

2180 4494 2409 4622 (Euandri
2434 4561 2614 4622 autem
2635 4552 2831 4608 obtulit
2850 4553 2959 4608 Deo
2985 4552 3265 4622 primitias,
3292 4562 3351 4606 ut
3374 4548 3728 4621 aitScripturs,

2185 4618 2423 4690 Respexit
2474 4621 2616 4676 Deus
2647 4624 2702 4677 in
2750 4623 2966 4677 hostiam
2986 4618 3166 4687 “Abel,
3203 4622 3270 4675 ad
3291 4622 3417 4676 Cain
3455 4618 3617 4676 autem
3647 4635 3729 4690 non

2180 4688 2400 4762 respexit
2439 4691 2752 4765 (δέωμαι.
2795 4693 2878 4765 5).
2936 4693 3166 4765 Rursum
3220 4702 3397 4765 autem
3451 4692 3605 4757 Noe,
3652 4688 3727 4760 qui

2181 4774 2423 4818 servatus
2453 4763 2551 4818 est
2595 4764 2649 4818 in
2694 4763 2860 4829 arca,
2907 4764 3120 4833 quando
3148 4763 3330 4818 sedata
3376 4773 3459 4818 est
3484 4771 3727 4833 ηαλμ

2176 4834 2425 4888 consedit
2475 4835 2564 4889 ille
2613 4835 2666 4888 in
2714 4830 2987 4889 montibus
3033 4839 3260 4899 Ararat,
3308 4834 3411 4889 hoc
3437 4830 3611 4889 statim
3653 4830 3726 4884 ille

2174 4904 2415 4974 suscepit
2438 4904 2818 4971 sacerdotium,
2850 4915 2906 4959 et
2922 4905 3115 4959 obtulit
3141 4904 3369 4960 hostiam
3396 4919 3528 4974 pure
3552 4904 3652 4957 Deo
3680 4901 3723 4953 in

2176 4972 2402 5030 odorem
2458 4976 2754 5030 suavitatis.
2804 4975 3168 5043 Quamobrem
3216 4972 3477 5046 disposuit
3512 4990 3628 5029 eum
3670 4988 3722 5024 eo

2182 5046 2321 5100 Deus
2345 5057 2742 5109 testamentum,
2772 5046 2915 5114 quod
2956 5062 3063 5100 non
3088 5048 3227 5099 ultra
3254 5048 3566 5100 inducturus
3600 5051 3719 5097 esset

2177 5116 2434 5170 diluvium
2461 5132 2625 5185 super
2653 5127 2850 5173 terram
2882 5132 2899 5172 :
2925 5126 2984 5170 et
3005 5116 3152 5171 dedit
3182 5117 3251 5169 illi
3285 5117 3716 5185 benedictionem.

2177 5196 2234 5261 ut
2256 5181 3085 5261 cresce:ct'etemultipliearetur.
3122 5186 3358 5241 Vidistin‘
3388 5190 3489 5241 vim
3526 5181 3720 5261 mirebi-

2179 5259 2279 5310 in.“
2312 5258 2634 5313 sacerdotii?
2677 5254 2861 5312 Vidisti
2907 5260 3131 5326 primum
3162 5264 3491 5312 sacerdotem
3519 5254 3638 5312 Abel
3675 5254 3715 5326 in

2177 5329 2345 5396 prima
2373 5330 2659 5393 creatione,
2691 5323 2958 5398 quomodo
2984 5332 3157 5396 ignem
3202 5328 3477 5383 deduxerit
3503 5323 3718 5399 deﬁci-‘19

2175 5394 2229 5453 in
2258 5408 2451 5454 terram
2481 5415 2579 5470 per
2604 5394 2930 5470 inculpatum
2958 5394 3111 5452 suum
3140 5394 3714 5470 holocaustumﬂ'idisti

2175 5485 2385 5524 rursum
2434 5461 2547 5525 Noe
2596 5461 2953 5525 venerandum
3011 5472 3344 5523 sacerdotem
3406 5470 3456 5523 in
3510 5461 3715 5520 secunda

2174 5541 2463 5601 creatione.
2491 5540 2761 5609 quomodo
2788 5541 2925 5594 Deus
2963 5539 3287 5609 disposuerit
3326 5554 3444 5593 cum
3468 5538 3556 5591 illo
3581 5543 3716 5588 testa-

2176 5614 2456 5666 mentum?
2488 5612 2596 5667 Hoc
2623 5612 2748 5666 item
2780 5609 3078 5665 saccrdodo
3095 5609 3360 5662 Abraham
3380 5610 3612 5677 dignatus
3626 5611 3713 5677 est.

2175 5689 2228 5739 et
2253 5683 2443 5737 obtulit
2475 5684 2583 5738 Deo
2612 5683 2776 5751 lsaar,
2808 5681 3008 5737 viscera
3034 5679 3244 5753 propria
3273 5672 3594 5735 sacriﬁcavit.
3626 5672 3714 5728 llltc
