4006 6380
505 381 634 438 1071

506 513 646 550 unus.
680 495 1032 551 Attendamus
1087 495 1241 550 nobis
1270 495 1420 563 ipsis,
1463 508 1637 562 neque
1664 509 1728 546 ex
1781 501 2089 563 contemptu

509 582 645 635 opus
675 566 832 632 hujus
860 566 1052 620 divina:
1079 562 1442 621 similitudinis
1463 564 1802 635 destruamus
1823 605 1836 626 ,
1861 577 1927 616 eo
1952 562 2093 635 quod

513 632 715 691 moram
747 637 902 690 faciat
931 637 1110 690 venire
1138 636 1394 690 Dominus
1439 653 1453 688 :
1485 651 1553 689 ne
1584 634 1726 688 inani
1767 647 1866 687 nos
1905 632 2094 686 fiducia

511 707 775 769 fallamus,
797 715 853 760 ut
886 707 1092 760 Domini
1121 717 1385 775 prmcepta
1413 706 1672 758 violemus
1693 745 1706 765 ,
1740 718 1873 758 neve
1898 702 2095 775 despe-

515 787 693 831 rantes
723 776 861 830 istud
894 793 992 830 nos
1019 774 1276 844 consequi
1302 774 1479 843 posse,
1529 775 1933 829 similitudinem
1960 814 1974 834 ,
2008 774 2094 826 in-

512 863 691 916 quam,
729 847 846 909 Dei,
881 858 1152 900 certamen
1179 847 1490 916 deseramus
1525 861 1757 916 :verum
1777 844 1928 916 adsit_
1944 844 2097 896 nobis

511 913 635 987 spes
673 927 892 986 propter
935 933 1078 979 eum,
1105 915 1196 986 qui
1222 917 1492 985 praecepit,
1537 925 1591 970 et
1620 916 1684 969 ad
1712 915 1762 969 id
1791 913 1930 987 quod
1948 929 2100 987 prai-

512 985 723 1055 ceptum
763 997 846 1041 est
881 985 1304 1056 exsequendum,
1332 989 1517 1052 robur,
1551 987 1799 1054 viresque
1829 985 2052 1051 largitur
2081 1001 2094 1036 :

512 1065 848 1125 contemptus
891 1055 1092 1122 autem,
1135 1066 1189 1110 et
1233 1059 1435 1111 incuria
1464 1058 1624 1122 absit,
1652 1056 1795 1126 quod
1824 1055 2098 1124 graviores

513 1142 698 1195 poenas
726 1129 795 1182 ob
821 1127 942 1196 ejus
971 1129 1425 1197 longanimitatem
1454 1137 1828 1196 exspectemus
1850 1141 1868 1178 :
1899 1133 2097 1193 quanto

513 1198 654 1251 enim
674 1207 954 1253 cunctatur
977 1199 1177 1252 diutius
1195 1198 1530 1266 longanimis,
1557 1197 1984 1253 emendationem
2013 1210 2098 1266 re-

511 1268 751 1336 quirens,
787 1279 933 1323 tanto
960 1271 1175 1338 gravius
1203 1265 1583 1337 indignabitur,
1615 1269 1659 1321 si
1707 1283 1819 1338 non
1842 1265 2098 1319 emende-

517 1355 656 1403 tnur,
681 1347 740 1408 et
766 1339 818 1393 in
846 1354 946 1393 nos
970 1337 1032 1393 ut
1059 1340 1344 1394 violatores
1366 1339 1552 1408 grati-.e
1576 1353 1688 1392 sure
1713 1337 1912 1391 acriter
1935 1338 2102 1403 impe-

515 1419 622 1463 tum
667 1407 841 1466 faciet.
890 1410 1314 1465 Contemnantur
1352 1407 1529 1463 autem
1567 1425 1597 1463 a
1625 1408 1776 1462 vobis
1812 1409 1986 1476 potius
2011 1421 2096 1460 res

515 1480 674 1547 hujus
693 1481 875 1534 sazculi
897 1496 1105 1546 omnes,
1129 1496 1286 1547 quam
1305 1480 1540 1534 divinum
1572 1479 1909 1533 mandatum:
1935 1478 2098 1530 multa

511 1550 778 1619 siquidem
809 1560 951 1616 sunt,
979 1567 1100 1620 qute
1139 1549 1290 1606 facile
1310 1550 1761 1605 excandescentes
1788 1549 1854 1602 ad
1885 1549 2098 1620 iracun-

514 1620 655 1674 diam
697 1619 1011 1690 impellunt.’
1038 1621 1137 1688 Qui
1169 1637 1298 1675 vero
1333 1621 1594 1676 tremendi
1625 1621 1764 1689 regis
1791 1619 2098 1690 mandatum

517 1700 751 1756 veretur,
781 1689 848 1747 ne
872 1692 1092 1746 omnino
1113 1693 1406 1746 irascamur
1429 1690 1780 1760 prohibentis,
1808 1704 1996 1760 omnes
2026 1689 2101 1760 fa-

516 1762 620 1816 cile
647 1771 996 1828 contemnet,
1029 1763 1116 1832 qui
1147 1764 1317 1831 ipsum
1359 1759 1624 1816 voluerint
1657 1761 1890 1832 irritare.
1923 1759 2101 1813 Facile

518 1847 676 1899 porro
700 1848 794 1888 eos
822 1829 1087 1892 tolerabit.
1119 1849 1147 1887 a
1170 1829 1362 1901 quibus
1391 1847 1639 1886 sermone
1665 1829 1982 1901 offenditur:
2017 1844 2102 1898 pa-

520 1905 712 1957 tienter
732 1912 906 1957 autem
939 1920 1122 1958 eorum
1151 1900 1543 1971 feretinjurias.
1574 1918 1601 1954 a
1625 1901 1816 1970 quibus
1846 1900 1995 1954 factis
2025 1901 2101 2024 ip-

520 1973 588 2024 sis
620 1973 874 2024 lardetur:
909 1983 965 2024 et
991 1974 1308 2024 percutienti
1353 1974 1618 2024 maxillam
1647 1971 1906 2024 praebebit
1931 1981 1985 2024 et
2017 1986 2043 2022 a
2070 1997 2100 2015 ο

517 1973 588 2027 sis
620 1973 874 2038 lardetur;
909 1983 965 2028 et
991 1974 1308 2045 percutienti
1353 1974 1618 2045 maxillam
1647 1971 1915 2045 praebebit
1931 1981 1985 2024 et
2017 1986 2043 2022 a

521 2055 710 2107 terant,
732 2043 1062 2112 verbnmqiie
1089 2054 1244 2112 turpe
1272 2044 1610 2097 contumeliae
1640 2057 1795 2096 causa
1815 2043 2098 2110 jaeientetn

541 2119 781 2178 generose
806 2129 868 2167 ac
894 2114 1102 2169 fortiter
1135 2115 1289 2176 feret,
1317 2114 1614 2168 admirabili
1641 2113 1888 2166 nimirum
1916 2127 2101 2165 conso-

541 2184 718 2236 atione
747 2195 1037 2249 recreatus,
1076 2200 1144 2239 ex
1181 2199 1247 2238 eo
1271 2183 1413 2252 quod
1443 2185 1628 2238 beatus
1659 2183 1976 2251 prmdicetur
1999 2223 2013 2245 ,
2039 2197 2103 2237 ac

525 2253 750 2324 Domino
769 2255 1022 2308 obedicus
1053 2255 1350 2324 reperiatur
1383 2271 1398 2306 :
1428 2253 1690 2324 simulque
1720 2253 1973 2324 reprimat
1995 2253 2102 2306 ira-

523 2323 769 2378 cundiam
798 2326 848 2377 in
879 2323 1569 2383 fratrem;ctdenuntiatum
1595 2323 1854 2394 ejusmodi
1886 2332 2102 2391 peccato

521 2395 836 2461 supplicium
859 2397 1039 2450 evitet.
1071 2395 1179 2450 Hac
1215 2397 1412 2449 etenim
1433 2395 1500 2449 de
1521 2410 1678 2448 causa
1709 2409 1806 2449 nos
1849 2395 2102 2447 Dominus

520 2463 853 2526 cohortatur,
876 2476 930 2518 ut
951 2481 1049 2520 nos
1069 2467 1136 2520 ab
1159 2467 1302 2519 omni
1331 2464 1807 2535 perturbationum,
1827 2464 2020 2534 quibus
2033 2463 2102 2518 ad

519 2550 714 2602 corpus
751 2537 1034 2601 afficimur,
1090 2538 1410 2603 contagione
1440 2536 1788 2596 vindicemus,
1819 2545 1876 2589 et
1927 2535 2102 2588 avari-

524 2605 647 2658 tiam
675 2605 958 2674 fugiamus,
985 2608 1273 2677 gloriaeque
1300 2607 1640 2676 cupiditatem
1663 2621 1992 2666 aversemur,
2024 2612 2104 2658 at-

521 2690 625 2740 que
646 2679 882 2739 omnino,
915 2687 1054 2731 utne
1081 2679 1334 2744 voluptati
1358 2679 1532 2731 locum
1549 2677 1607 2729 in
1626 2677 1778 2729 nobis
1795 2677 2005 2733 demus.
2037 2691 2102 2730 ne

523 2745 649 2812 quid
677 2761 742 2800 ex
789 2747 904 2801 istis
928 2749 1158 2800 animant
1186 2758 1421 2800 nostram
1453 2747 1590 2799 male
1619 2746 1861 2799 affectam
1887 2745 2096 2812 reddat,

522 2823 578 2870 ct
608 2831 676 2869 nc
699 2816 858 2870 alieni
885 2832 913 2869 a
935 2817 1134 2884 Spiritu
1157 2831 1341 2870 saneto
1373 2817 1678 2870 reddantur.
1710 2816 1808 2882 Qui
1837 2817 1978 2870 enim
2009 2832 2103 2882 pe-

525 2885 710 2940 cunias
738 2896 1083 2941 contemnere
1111 2887 1331 2940 edoctus
1360 2899 1462 2944 ρει,
1481 2887 1749 2953 quomodo
1780 2897 1996 2954 propter
2012 2902 2104 2954 pe-

524 2956 709 3010 cunias
762 2957 1055 3010 irritabitur
1110 2973 1380 3025 umquam,
1442 2957 1568 3010 licet
1607 2958 1695 3018 sit,
1723 2959 1810 3026 qui
1845 2970 1937 3010 eas
1974 2956 2103 3010 velit

523 3026 767 3093 abripere
790 3027 814 3079 ?
837 3027 898 3080 Et
928 3028 1016 3094 qui
1044 3027 1266 3096 gloriam
1299 3043 1404 3080 non
1443 3027 1662 3094 appetit,
1694 3026 1962 3095 quomodo
1983 3026 2103 3094 glo-

525 3097 620 3149 ria:
651 3111 808 3151 causa
833 3096 1224 3151 excandescet?
1266 3097 1414 3152 Exue
1459 3097 1634 3165 itaque
1666 3096 1987 3150 mundanum
2032 3096 2104 3149 in-

523 3165 834 3221 dumentum
859 3206 875 3232 ,
919 3177 972 3220 et
1021 3167 1293 3236 spirituale
1323 3168 1538 3222 indue:
1569 3183 1703 3221 exue
1729 3176 1960 3222 veterem
1992 3166 2106 3220 ho—

527 3237 722 3291 Iuiuetn
744 3279 758 3300 ,
791 3247 849 3290 ut
893 3252 1085 3292 novum
1127 3238 1314 3291 induas
1348 3257 1362 3291 :
1393 3248 1679 3306 capronter
1707 3236 1965 3305 siquidem
2013 3253 2100 3290 re-

523 3308 796 3373 generatio
815 3307 1028 3372 dicitur,
1055 3317 1111 3362 et
1137 3308 1188 3361 in
1213 3309 1380 3362 sacris
1397 3308 1592 3362 Literis
1615 3309 1930 3375 appellatur.
1969 3307 2100 3360 Nam

527 3377 719 3448 prioris
763 3386 934 3448 status
964 3379 1255 3448 mutatione
1282 3379 1481 3448 indiget
1511 3379 1655 3448 salus
1692 3386 1892 3438 nostra,
1919 3388 1991 3448 uti
2015 3378 2101 3431 alii

524 3446 594 3497 ah
619 3462 682 3498 eo
709 3447 851 3517 quod
881 3463 1064 3502 sumus
1087 3446 1297 3513 ﬁamus,
1329 3446 1544 3517 utquod
1577 3461 1780 3510 sumus,
1813 3462 1932 3501 esse
1962 3447 2105 3502 desi-

523 3529 732 3577 namus,
745 3516 903 3570 aliam
916 3527 1091 3571 autem
1105 3519 1263 3570 vitam
1280 3516 1609 3579 inchOemus,
1625 3533 1783 3586 quam
1797 3526 1919 3571 ante
1932 3527 2106 3572 trans-

521 3587 850 3656 gressionem
873 3587 1224 3641 sectabamur.
1240 3587 1354 3642 Non
1379 3592 1521 3642 enim
1551 3588 1666 3641 talis
1678 3604 1734 3642 es
1749 3589 1888 3656 apud
1911 3588 2098 3654 Deum,

521 3655 695 3733 qualis
715 3672 744 3708 a
770 3657 992 3733 pueritia
1014 3657 1155 3710 fuisti
1182 3675 1194 3711 :
1225 3673 1396 3733 neque
1417 3658 1546 3733 tales
1563 3673 1630 3712 ex
1646 3655 1917 3713 creatione
1944 3673 1974 3733 a
1993 3659 2102 3713 Deo

523 3725 658 3778 facta
686 3741 864 3780 mores
891 3727 1134 3792 haberes,
1163 3725 1346 3794 quales
1375 3744 1440 3782 ex
1471 3727 1699 3782 humana
1728 3729 2096 3794 generatione.

523 3797 560 3868 εὶ
571 3795 662 3868 udi
675 3797 850 3864 itaque
868 3797 1138 3865 jurantcm
1161 3798 1460 3863 Dominum,
1479 3806 1536 3852 et
1555 3799 1700 3863 time,
1716 3795 1875 3852 Amen
1891 3800 2094 3868 quippe,

522 3864 709 3932 inquit,
732 3864 1056 3938 idicofvobis,
1103 3869 1203 3921 nisi
1224 3870 1334 3938 quis
1371 3879 1521 3922 natus
1551 3870 1700 3938 fuerit
1739 3864 2101 3937 desuper,'non

520 3945 679 4009 potest
723 3937 934 4009 introire
968 3938 1019 3990 in
1047 3937 1255 4008 regnum
1283 3940 1523 4009 caelorum
1557 3937 1734 4008 (Joan.
1767 3942 1818 3992 3.
1850 3939 1924 4009 5).
1958 3944 2100 4004 Quo-

517 4006 660 4060 circa
688 4021 878 4061 novam
910 4006 1111 4062 inchoa
1131 4009 1312 4078 vitam,
1343 4006 1650 4076 derelinrjue
1687 4011 1736 4062 in
1767 4006 1996 4078 peccatis
2018 4010 2098 4062 iti-

519 4085 813 4148 vetcratam
846 4078 1005 4148 vitam
1032 4096 1045 4131 ε
1075 4079 1163 4148 qui
1195 4077 1310 4132 heri
1339 4079 1629 4132 fornicator
1655 4077 1788 4143 erat,
1814 4079 1973 4134 hodie
2004 4095 2098 4133 ca-

515 4157 628 4225 stus
657 4147 745 4200 fiat
762 4166 790 4225 ,ς
815 4147 906 4217 qui
935 4148 1053 4225 heri
1071 4147 1419 4225 immoderate
1446 4148 1806 4225 ltelluabatur,
1833 4149 2090 4225 hod_ie_jco

513 4218 737 4289 junator
756 4218 882 4272 fiat:
914 4219 1054 4286 quod
1083 4219 1222 4273 male
1248 4220 1580 4284 contraxisti,
1610 4221 1874 4289 posterius
1899 4218 2094 4289 abjice,

517 4287 741 4359 utquod
773 4297 916 4344 recte
944 4305 971 4340 a
996 4290 1258 4359 principio
1283 4290 1464 4343 datum
1488 4300 1590 4352 est,
1614 4287 1920 4359 recuperes.
1963 4287 2094 4345 Per-

514 4358 761 4414 exiauum
787 4368 870 4413 est
894 4358 1012 4414 sine
1035 4362 1434 4429 perturbatione
1458 4375 1520 4414 ac
1546 4361 1661 4414 sine
1687 4358 1952 4415 iracundia
1977 4377 2098 4432 per-

513 4438 751 4480 tnaocrti.

584 4494 836 4550 Hortatur
859 4498 927 4550 ad
950 4499 1252 4565 injuriurum
1295 4501 1658 4554 remissionem.
1679 4529 1751 4539 —
1778 4499 1876 4565 Qui
1906 4515 2092 4555 secun-

512 4564 638 4619 dum
668 4567 952 4639 imaginem
997 4564 1088 4622 Dei
1118 4572 1295 4624 vivere
1320 4571 1487 4639 cupit,
1520 4571 1564 4625 is
1587 4571 1656 4624 ab
1680 4564 1929 4625 omnibus
1965 4585 2096 4626 con-

517 4637 702 4700 temni,
734 4638 940 4706 deSpui,
972 4654 1034 4692 ac
1080 4640 1347 4694 lloccifieri
1379 4637 1558 4705 debet,
1605 4655 1726 4694 cum
1751 4641 1948 4706 verbis,
1983 4651 2092 4696 tum

513 4705 842 4778 factis.7Narn
878 4717 932 4778 et
969 4708 1177 4761 idcirco
1223 4725 1397 4778 neque
1433 4725 1528 4778 par
1565 4711 1761 4764 referre
1791 4705 1989 4764 malum
2014 4713 2090 4777 ei,

511 4777 606 4850 qui
632 4777 822 4846 injuria
849 4776 1119 4850 affecerat,
1138 4776 1322 4847 jussit,
1349 4796 1414 4832 ne
1437 4776 1483 4834 Si
1515 4781 1586 4842 ei,
1609 4781 1699 4850 qui
1732 4781 1920 4847 injuria
1949 4790 2001 4835 te
2023 4776 2094 4836 af-

511 4845 655 4913 fecit,
681 4845 774 4916 par
805 4848 1071 4909 retuleris,
1101 4845 1479 4904 hinnanitatetn
1507 4890 1520 4909 ,
1543 4845 1663 4918 qua:
1688 4845 1978 4904 secundum
2008 4868 2095 4906 na-

512 4927 683 4973 turam
711 4928 816 4986 est,
846 4919 1161 4988 perdideris.
1179 4919 1440 4988 Noliergo
1465 4919 1600 4988 apud
1630 4929 1680 4974 te
1700 4921 1932 4988 prudens
1947 4937 2087 4987 esse,

510 5000 695 5059 ιιινοιθ
722 4991 810 5058 qui
837 4991 1028 5044 merito
1045 5005 1188 5052 eum,
1213 5004 1243 5042 a
1269 5005 1376 5059 quo
1403 4989 1563 5043 laesus
1590 4989 1772 5054 fueris,
1791 4991 2085 5047 ulciscaris.

506 5057 810 5115 Recordare
871 5075 1144 5114 sacrorum
1199 5057 1343 5114 Pauli
1391 5060 1858 5122 documentorum,
1915 5059 2090 5116 Nolite

505 5144 613 5184 esse
668 5132 935 5196 prudentes
974 5132 1115 5199 apud
1156 5133 1511 5201 vosmetipsos,
1555 5148 1711 5198 neque
1755 5133 1945 5184 malum
1999 5150 2090 5200 pro

507 5202 639 5254 malo
660 5202 922 5255 recidentes
943 5201 1122 5272 (Rom.
1157 5201 1240 5256 12.
1276 5202 1358 5257 l6.
1392 5203 1503 5271 17).
1537 5201 1651 5256 Νοιι
1679 5201 1980 5264 honestum,
2010 5203 2089 5254 ul—

503 5278 678 5340 torem
698 5285 836 5336 esse,
863 5282 959 5325 aut
981 5274 1060 5324 sui
1091 5273 1257 5340 ipsius
1286 5273 1574 5327 vindictam
1601 5287 1841 5340 quaerere
1863 5290 1877 5326 :
1903 5287 2085 5325 verum

505 5339 707 5406 prnitce
757 5343 932 5404 potius
977 5339 1125 5395 tuam
1149 5343 1435 5397 vindictam
1479 5345 1533 5397 in
1579 5339 1766 5407 Deum,
1798 5343 1886 5410 qui
1930 5342 2086 5394 ultio-

502 5421 626 5481 nem
661 5411 779 5481 sine
804 5411 1074 5465 iracundia
1099 5413 1152 5466 in
1179 5428 1293 5477 eos,
1325 5427 1355 5466 a
1382 5413 1574 5481 quibus
1604 5412 1749 5466 fuisti
1776 5415 1957 5475 laesus,
1985 5412 2084 5465 de-

503 5480 676 5552 mittet.
731 5478 847 5534 Non
876 5483 1200 5550 vosmetipsos
1242 5478 1556 5546 ulciscentes,
1607 5483 1796 5552 inquit,
1841 5481 1930 5537 sed
1971 5483 2087 5536 date

505 5546 665 5622 locum
695 5552 814 5622 irae.
835 5546 1098 5619 Scriptum
1141 5562 1212 5606 est
1255 5554 1406 5617 enim,
1437 5553 1572 5606 Mihi
1599 5546 1817 5606 vindicta
1842 5571 1859 5617 ,'
1889 5569 1979 5622 ego
2007 5569 2085 5605 re-

506 5619 743 5697 triliuam,
763 5621 1163 5697 dicit__l)ominus
1192 5622 1297 5693 (Ib.
1322 5639 1369 5697 ιλ.
1404 5623 1513 5697 19).
1533 5624 1609 5678 Ne
1633 5625 1801 5697 dicas,
1835 5619 2083 5697 Deu_s__re-

513 5689 694 5743 tribuit
717 5727 732 5752 ,
775 5691 1064 5745 retribuam
1096 5702 1148 5746 et
1169 5689 1284 5761 ego.
1318 5689 1607 5748 Considera
1643 5693 1766 5763 quid
1807 5695 1899 5749 tibi
1927 5693 2082 5747 Chri-

2002 375 2265 434 SPURIA.

3637 378 3746 438 um

2208 500 2323 546 stus
2351 491 2668 556 ostenderit,
2697 507 2819 546 cum
2850 492 2900 545 in
2933 493 3188 548 mundum
3219 495 3468 559 venisset,
3493 505 3549 551 ut
3575 499 3743 552 salut:-

2205 577 2318 616 rem
2347 563 2465 616 vita:
2509 562 2734 633 formam
2771 574 3094 618 monstraret
3125 582 3142 617 :
3167 573 3324 633 atque
3371 567 3510 621 hunc
3545 569 3746 632 imitare,

2206 641 2262 684 ut
2291 633 2470 686 salvus
2501 633 2616 686 fias.
2647 632 2759 686 Non
2785 633 2925 686 enim
2961 635 3124 697 venit,
3160 632 3389 703 utjodex
3410 647 3574 700 esset,
3599 651 3679 693 aut
3703 654 3748 693 ιιι

2205 718 2317 777 eos,
2341 705 2434 777 qui
2453 703 2551 777 sibi
2581 703 3017 777 adversabantur,
3049 705 3428 777 ulcisceretur:
3457 723 3749 777 quamquam

2205 775 2319 846 ipse
2348 774 2562 846 quidem
2592 789 2714 846 non
2763 774 2812 826 id
2845 775 3080 846 ‘agebat,
3109 785 3167 829 ut
3197 776 3405 846 aliquod
3434 774 3498 830 ex
3533 774 3748 846 patientia

2205 845 2409 898 lucrttm
2462 845 2710 909 ambiret,
2767 842 2861 898 sed
2913 854 2969 896 ut
3015 847 3238 899 salutem
3288 842 3490 900 mundo
3534 842 3749 904 'aﬁ'erret.

2205 916 2398 968 Christi
2432 931 2663 984 namque
2707 915 2956 983 patientia
2988 914 3184 969 diaboli
3216 916 3371 984 fregit
3397 918 3683 980 audaciam,
3710 931 3754 974 et

2207 985 2503 1051 Iu-nignitas
2529 986 2737 1057 Domini
2760 984 2991 1057 ferocem
3025 987 3145 1057 mali
3177 985 3406 1041 furorem
3437 992 3754 1057 expugnavit:

2204 1065 2258 1126 et
2303 1066 2355 1108 tu
2387 1071 2514 1124 ergo
2543 1055 2766 1110 formam
2799 1055 2936 1108 hanc
2960 1057 3055 1110 tibi
3085 1056 3149 1110 ad
3180 1057 3493 1111 imitandum
3519 1055 3752 1126 propone.

2205 1125 2320 1180 Non
2349 1127 2654 1181 succensuit
2680 1127 2744 1180 iis
2767 1143 2795 1178 a
2827 1127 3016 1196 quibus
3042 1129 3378 1182 contumeliis
3405 1125 3754 1196 proscindeba-

2205 1207 2290 1250 tur
2320 1213 2335 1251 :
2363 1197 2457 1250 sed
2510 1197 2874 1268 Samaritanus
2921 1206 2974 1250 et
3016 1197 3280 1268 daemonio
3326 1209 3603 1268 correptus
3652 1215 3752 1252 eum

2205 1268 2586 1336 appellaretur,
2616 1267 2841 1337 benigne
2861 1281 2924 1321 ac
2947 1267 3152 1336 placide
3178 1268 3242 1322 iis
3271 1269 3358 1337 qui
3383 1267 3750 1326 hoc’dicebant,

2206 1338 2563 1396 respondebat
2591 1355 2604 1390 :
2655 1337 2762 1408 Ego
2786 1338 3089 1390 da'moniutn
3118 1354 3218 1392 non
3245 1339 3400 1392 habeo
3428 1379 3444 1403 ,
3469 1339 3558 1392 sed
3567 1339 3757 1408 honori-

2205 1411 2304 1477 ﬁco
2335 1408 2537 1462 Patrem
2567 1407 2731 1461 meum
2760 1423 2779 1470 ;
2823 1424 2908 1462 vos
2946 1425 3060 1462 vero
3085 1408 3397 1462 inhonorati:
3424 1424 3524 1461 me.
3557 1407 3661 1478 Ege
3683 1426 3758 1459 tnt-

2205 1489 2302 1532 tem
2329 1495 2429 1532 non
2453 1495 2624 1548 quer
2645 1479 2861 1546 gloriam
2885 1495 3065 1542 meant,
3091 1487 3160 1531 est
3185 1481 3271 1548 qui
3296 1487 3492 1547 quierat
3521 1519 3537 1543 ,
3562 1489 3604 1531 et
3628 1479 3756 1548 judi-

2205 1561 2280 1603 cet
2310 1549 2488 1615 (Joan.
2519 1549 2571 1604 8.
2606 1551 2694 1603 49.
2725 1549 2837 1619 50).
2869 1548 3048 1617 Itaque
3077 1557 3132 1604 et
3158 1558 3212 1602 tu
3244 1551 3349 1603 noli
3389 1559 3440 1604 te
3489 1549 3654 1618 ipsum
3694 1549 3757 1602 ul-

2205 1623 2331 1674 cisci
2357 1661 2372 1685 ,
2399 1629 2653 1688 exspecta
2674 1620 2928 1688 judicem.
2963 1619 3018 1672 Si
3049 1620 3190 1672 enim
3215 1620 3385 1687 judex
3409 1620 3529 1689 ipse
3548 1661 3561 1682 ,
3587 1634 3695 1673 cum
3714 1620 3757 1672 in

2207 1691 2435 1744 humana
2477 1692 2645 1744 forma
2671 1689 3023 1759 apparuisset,
3057 1705 3164 1742 non
3191 1691 3457 1756 retribuit,
3500 1705 3620 1745 cum
3655 1705 3760 1758 pos-

2206 1773 2308 1825 set,
2334 1763 2427 1815 sed
2461 1761 2555 1816 Dei
2582 1760 2840 1830 judicium
2867 1760 3200 1829 exspectavit
3229 1778 3243 1814 :
3271 1761 3400 1814 Cum
3441 1761 3587 1815 enim
3625 1761 3760 1813 male-

2205 1834 2455 1885 diceretnr
2477 1874 2490 1896 ,
2535 1848 2634 1884 non
2665 1831 2988 1884 maledicebat
3014 1847 3033 1883 :
3059 1847 3171 1883 cum
3197 1840 3455 1900 pateretur
3479 1873 3496 1898 ,
3526 1847 3623 1883 non
3645 1846 3760 1900 cont-

2204 1903 2535 1966 minabatur;
2565 1901 2792 1954 tradebat
2839 1916 3004 1972 autem
3026 1899 3280 1972 judicanti
3342 1905 3480 1972 iuste
3551 1903 3600 1968 (1
3638 1899 3758 1954 Petr.

2205 1976 2261 2028 2.
2292 1973 2407 2035 25).
2451 1973 2517 2026 Et
2557 1981 2611 2026 tu
2638 1986 2766 2042 ergo
2814 1972 2884 2025 ita
2916 1971 3092 2035 facito,
3125 1986 3188 2025 ac
3239 1971 3523 2042 Dominum
3556 1973 3759 2036 imitare,

2205 2047 2292 2114 qui
2325 2044 2388 2097 ad
2415 2058 2625 2097 crucem
2651 2041 2821 2114 uSque
2844 2042 3084 2114 injuriam
3114 2041 3331 2114 pertulit
3350 2042 3608 2114 impiam_,
3627 2051 3763 2109 atque

2205 2112 2368 2170 exitio
2394 2114 2568 2182 (lignis
2588 2113 2811 2166 salutem
2841 2113 3174 2179 procurahat.
3202 2112 3291 2172 Sic
3316 2113 3458 2166 enim
3489 2114 3554 2164 ad
3575 2112 3761 2165 Patrem

2205 2186 2402 2247 aiehat,
2453 2183 2662 2236 Dimitte
2686 2182 2790 2236 illis
2833 2184 2927 2236 hoc
2967 2194 3245 2250 peccatum,
3283 2199 3384 2236 non
3427 2183 3564 2235 enim
3600 2183 3762 2246 sciunt,

2205 2257 2328 2326 quid
2355 2256 2546 2327 faciunt
2573 2253 2723 2327 (Luc.
2773 2253 2863 2327 Ξῖ),
2915 2254 3030 2327 54).
3058 2253 3251 2322 lnjuria
3292 2262 3343 2308 te
3385 2253 3552 2327 frater
3588 2251 3760 2327 allecit,

2205 2322 2364 2380 visus
2392 2333 2475 2380 est
2519 2325 2766 2392 indignus
2803 2323 3131 2379 fraternitate
3175 2340 3188 2376 :
3227 2330 3283 2376 at
3312 2331 3364 2376 tu
3397 2322 3764 2377 fraternitatem

2207 2413 2312 2451 non
2337 2396 2574 2450 destrue.
2598 2395 2787 2449 Frater
2813 2403 2933 2448 tuus
2953 2393 3168 2462 Josephi
3199 2393 3390 2448 fratres
3419 2394 3654 2446 imitatus
3675 2402 3762 2457 est,

2205 2469 2381 2522 fratris
2405 2465 2604 2521 caedem
2636 2465 2965 2519 machinatus
2984 2473 3064 2519 est
3083 2505 3097 2528 ,
3125 2464 3395 2519 inimicum
3418 2479 3478 2519 se
3502 2479 3596 2531 pro
3625 2463 3767 2518 fratre

2205 2538 2436 2592 ostendit
2460 2577 2476 2602 ,
2530 2545 2688 2606 teque
2717 2552 2810 2602 per
2836 2550 3102 2606 summum
3130 2535 3307 2606 scelus
3338 2535 3569 2601 impetiit
3598 2575 3612 2593 ,
3643 2534 3765 2586 nulla

2205 2618 2525 2680 provocatus
2569 2604 2842 2680 injuria_te
2872 2605 3054 2680 l_:esit_:_
3074 2614 3129 2658 at
3158 2604 3324 2680 tu‘fac
3347 2606 3693 2680 contrarium,
3719 2614 3766 2654 ut

2205 2674 2259 2734 et
2291 2689 2344 2732 tu
2375 2694 2494 2732 eum
2524 2674 2739 2732 cantore
2769 2675 2968 2730 Davide
3003 2675 3170 2736 dicas,
3201 2674 3328 2730 Cum
3354 2676 3434 2728 his
3463 2676 3552 2744 qui
3577 2676 3767 2727 oderunt

2207 2766 2379 2819 pacem
2414 2791 2427 2812 ,
2456 2765 2591 2801 eram
2615 2747 2858 2819 paciﬁcus
2887 2745 3056 2819 (Psal.
3090 2746 3211 2819 119.
3245 2746 3336 2819 7_)._
3355 2746 3521 2799 Vince
3567 2746 3616 2819 i_n
3645 2745 3767 2798 bono

2205 2816 2403 2874 malum
2437 2838 2449 2874 :
2479 2833 2704 2886 provoca
2724 2818 2917 2884 ipsum,
2945 2827 2998 2870 et
3030 2817 3186 2870 incita
3213 2816 3278 2868 ad
3325 2816 3548 2878 bonum,
3578 2816 3766 2868 iracun-

2207 2889 2348 2943 diam
2379 2891 2558 2958 frange
2578 2888 2902 2956 benignitate
2931 2904 2944 2944 :
2975 2886 3056 2941 fac
3085 2887 3341 2956 intelligat
3360 2903 3420 2941 se
3453 2887 3643 2958 injuria
3671 2901 3767 2953 per-

2206 2963 2354 3028 sequi
2382 2957 2652 3013 Christum
2677 2959 2727 3010 in
2759 2967 2828 3024 te,
2861 2967 2914 3010 et
2940 2959 3155 3026 dignum
3179 2973 3282 3010 non
3305 2972 3425 3011 esse
3454 2968 3526 3020 te,
3560 2957 3645 3024 qui
3669 2970 3768 3022 pcr-

2207 3031 2576 3098 sequutionem
2611 3028 2845 3097 patiaris,
2877 3028 3135 3082 declares.
3168 3029 3235 3080 At
3257 3028 3397 3081 enim
3423 3028 3663 3096 pertinax
3679 3034 3764 3087 est,

2207 3115 2380 3169 neque
2399 3099 2668 3155 emendari
2699 3108 2891 3167 potest,
2925 3108 3023 3169 aut
3052 3098 3254 3169 illatua
3277 3098 3612 3169 benignitate
3633 3111 3766 3169 com-

2207 3165 2411 3226 moveri
2458 3186 2473 3223 :
2503 3185 2564 3224 ac
2594 3165 2784 3223 belline
2813 3168 3026 3238 quidem
3053 3168 3117 3222 ad
3147 3165 3426 3238 hominum
3451 3165 3765 3238 familiarita-

2206 3249 2314 3295 tem
2355 3241 2564 3294 cicures
2619 3239 2772 3295 factae
2811 3236 3175 3299 traducuntur,
3207 3237 3296 3292 ille
3337 3253 3464 3291 vero
3505 3236 3768 3290 immanior

2206 3311 2397 3366 belluis
2423 3321 2503 3364 est
2531 3310 2697 3364 factus
2729 3327 2744 3363 :
2774 3325 2840 3363 ne
2867 3309 3066 3363 idcirco
3094 3309 3225 3362 velis
3251 3322 3370 3361 cum
3395 3307 3656 3375 ejusmodi
3685 3305 3766 3357 ho-

2207 3383 2350 3436 mine
2392 3382 2573 3444 rixari,
2625 3396 2763 3435 neve
2810 3379 3134 3434 iracundiam
3180 3393 3300 3432 cum
3333 3378 3603 3432 iracundia
3632 3391 3762 3429 com-

2205 3452 2405 3506 mittas.
2434 3451 2578 3520 Fuge
2600 3451 2796 3520 potius,
2829 3460 2886 3503 ut
2913 3450 3238 3520 periculosas
3257 3448 3766 3520 c.1utes_sajiietisgu-

2205 3521 2459 3576 bernator
2490 3518 2756 3580 {ob—serva
2793 3518 2970 3575 autem
3001 3521 3138 3574 sicut
3163 3518 3309 3588 aspis
3333 3518 3517 3581 surda,
3547 3527 3600 3572 et
3623 3518 3764 3570 obtu-

2205 3607 2330 3648 rans
2359 3608 2516 3646 aures
2544 3606 2688 3656 suas,
2715 3607 2833 3656 quae
2861 3606 2962 3644 non
2992 3590 3239 3645 exaudiet
3268 3603 3452 3643 vocem
3502 3589 3764 3642 incantan-

2208 3663 2275 3716 tis
2302 3662 2472 3728 (Psal.
2521 3662 2610 3716 57.
2639 3662 2692 3715 5.
2720 3657 2799 3722 6).
2844 3661 3067 3715 Redime
3118 3669 3329 3729 tempus
3349 3701 3364 3724 ,
3398 3659 3650 3723 Quoniam
3674 3657 3766 3709 dies

2205 3733 2329 3786 ntali
2364 3741 2479 3787 sunt
2528 3731 2687 3804 (Eph.
2729 3731 2928 3804 5.716).
2955 3731 3011 3786 In
3056 3731 3315 3804 sapientia
3339 3729 3577 3794 ambula,
3604 3729 3762 3804 sciens

2206 3798 2546 3873 peregrinum
2570 3798 2623 3857 et
2655 3798 2914 3872 hospitem
2943 3817 3061 3873 esse
3087 3798 3137 3856 te
3163 3801 3400 3873 interra,
3428 3798 3765 3873 quemadmo-

2204 3869 2358 3928 ilum'
2379 3883 2433 3928 et
2460 3882 2636 3942 patres
2659 3874 2730 3926 tui
2754 3869 2924 3927 'fuere
2955 3871 3134 3944 (Leuit.
3166 3871 3256 3926 19.
3286 3869 3397 3944 51)..
3431 3869 3560 3923 Ovis
3587 3869 3637 3922 in
3668 3882 3762 3944 me-

2203 3944 2346 3997 dium
2377 3938 2619 4011 luporum
2671 3944 2866 3996 missus
2895 3938 3034 3996 es'tu
3063 3956 3276 4010 quoque
3299 3983 3314 4006 ,
3343 3938 3479 3994 sicut
3498 3938 3716 4011 apostoli
3744 3953 3759 3993 :

2205 4015 2311 4068 noli
2344 4009 2456 4068 fieri
2488 4029 2582 4084 pro
2611 4029 2710 4067 ove
2737 4015 2910 4081 lupus,
2940 4028 3060 4067 cum
3085 4009 3230 4079 lupis
3254 4011 3610 4084 contendens.
3640 4009 3764 4061 Caro

2203 4094 2454 4151 quantum
2489 4081 2669 4152 potes,
2717 4100 2784 4137 ne
2806 4084 3112 4137 thesaurum
3138 4082 3356 4151 justitia:
3386 4081 3580 4149 perdas
3603 4091 3764 4152 reare

2203 4147 2296 4207 tibi
2344 4171 2372 4207 a
2411 4147 2770 4222 direptoribus
2797 4172 2811 4217 ;
2841 4153 3073 4222 prudens
3101 4147 3162 4206 ut
3185 4147 3407 4218 serpens
3434 4165 3565 4222 cave
3593 4147 3763 4222 tibi__ab

2206 4225 2434 4281 insidiis.
2465 4217 2670 4279 Si'vero
2699 4217 2854 4278 findat
2877 4225 3036 4278 etiam
3059 4233 3110 4297 te
3135 4217 3309 4291 lupus,
3334 4223 3376 4275 si
3407 4221 3645 4297 membra
3669 4217 3762 4297 dis:

2207 4307 2487 4366 ccrpturus
2508 4296 2594 4358 sit,
2629 4310 2862 4362 prtepara
2891 4304 2962 4359 te,
2993 4304 3052 4347 ut
3077 4293 3248 4366 feras,
3275 4306 3484 4366 memor
3504 4291 3758 4366 illiuanui

2199 4358 2342 4442 (licii,
2378 4358 2752 4442 [iactasti-mus—
2779 4367 2905 4442 sicut
2947 4381 3078 4442 ores
3093 4363 3357 4442 occisionis
3385 4359 3507 4442 (Ps.
3539 4362 3631 4416 43.

2199 4425 2351 4490 Rom.
2402 4437 2454 4490 8.
2488 4436 2578 4503 56)
2616 4434 2945 4502 :respiciens
2984 4435 3035 4487 in
3064 4434 3234 4502 ipsum
3265 4425 3569 4495 Dominum,
3591 4433 3677 4500 qui
3703 4425 3761 4480 Ut

2199 4507 2302 4558 ovis
2335 4507 2402 4558 ad
2436 4505 2800 4558 immolandum
2828 4505 3007 4556 ductus
3029 4514 3102 4556 est
3125 4545 3139 4564 ,
3193 4512 3237 4555 et
3263 4503 3390 4556 sicut
3416 4517 3579 4567 agnus
3603 4513 3755 4552 coram

2194 4577 2438 4632 tondente
2467 4592 2546 4638 se,
2579 4585 2759 4629 mutus
2789 4571 2928 4644 (Isa.
2980 4574 3071 4630 55.
3099 4574 3165 4641 7;
3200 4573 3320 4627 Act.
3357 4572 3416 4644 8.
3439 4571 3553 4636 5‘2).
3590 4568 3761 4644 veniet

2193 4655 2246 4702 et
2271 4658 2374 4700 tua:
2395 4655 2610 4715 tempus
2625 4638 2888 4715 victorite,
2919 4660 3067 4715 eum,
3086 4638 3272 4715 multis
3291 4642 3454 4715 malis
3475 4638 3762 4715 enm_()hri-

2194 4726 2279 4774 sto
2303 4710 2570 4780 toleratis,
2602 4714 2892 4770 deviceris.
2918 4713 3052 4768 Nam
3073 4723 3127 4768 et
3151 4713 3412 4767 Dominus
3437 4726 3547 4764 non
3574 4710 3761 4761 rixatus

2196 4795 2296 4848 est,
2352 4803 2455 4838 non
2509 4785 2826 4838 vociferatus
2876 4791 2977 4846 est,
3018 4797 3193 4851 neque
3234 4781 3436 4851 audivit
3479 4781 3531 4831 in
3582 4780 3757 4851 plateis

2194 4844 2473 4922 quisquam
2513 4869 2698 4909 vocem
2736 4856 2852 4926 ejus
2883 4844 3375 4926 :‘utApostolusin
3407 4844 3756 4926 promptuha-

2198 4920 2413 4981 bere‘se
2443 4926 2517 4979 ait
2540 4967 2554 4990 ,
2584 4920 2800 4979 omnem
2828 4920 3241 4994 inobedientiam
3263 4920 3636 4994 ulciscitcu‘m
3662 4920 3756 4994 im:

2201 4997 2338 5062 pleta
2371 4986 2751 5049 fuerit'eorum
2799 4993 3100 5048 obedientia
3131 4992 3148 5062 (
3176 4991 3250 5062 2.7
3285 4991 3402 5044 Cor.
3446 4989 3529 5042 10.
3563 4989 3596 5040 6
3620 4986 3658 5062 ),
3681 4986 3758 5051 qni

2193 5059 2468 5119 ebediunt.
2503 5067 2632 5119 Dum
2663 5081 2789 5119 vero
2816 5059 3286 5132 Deuslonganimis
3307 5067 3408 5122 est,
3440 5069 3502 5132 _e_t
3538 5067 3595 5132 tu
3623 5059 3752 5119 long-

2193 5137 2388 5190 aoimis
2417 5147 2534 5189 esto
2563 5154 2574 5188 :
2605 5135 2732 5189 dum
2764 5135 2924 5188 hodie
2957 5127 3166 5201 quoque
3197 5127 3685 5204 patitur_(_3h_ris_tus_,
3714 5133 3757 5202 te

2193 5208 2449 5273 patiente,
2481 5215 2700 5274 propter
2743 5198 3011 5260 Christum
3057 5198 3756 5274 telcrareetflhristidniui-

2189 5267 2358 5330 strum
2386 5267 2617 5346 oportet.
2651 5276 2829 5329 Clama
2855 5274 2920 5327 ad
2976 5275 3144 5336 illum,
3175 5281 3232 5325 et
3269 5269 3553 5322 vindictam
3595 5267 3753 5346 faciet,

2190 5347 2296 5398 cito
2323 5335 2712 5401 eorfsummahit
2741 5346 3070 5414 iniquitatem
3112 5350 3472 5414 peccatorum,
3501 5349 3552 5390 et
3582 5335 3756 5412 diriget

2185 5415 2387 5484 justum
2419 5419 2559 5470 Deus
2597 5416 2761 5484 judex
2803 5410 2980 5484 justus
3023 5423 3078 5468 et
3114 5410 3311 5482 potens
3359 5420 3414 5463 et
3455 5410 3753 5484 longanimts

2191 5480 2412 5555 (Psalm.
2443 5488 2493 5541 7.
2529 5480 2640 5551 l2};
2673 5480 2990 5557 longanimis
3013 5480 3154 5539 enim
3186 5480 3750 5557 est_et_cu_nctatur,lut

2187 5544 2287 5682 gos
2333 5557 2400 5612 ad
2444 5544 3078 5628 ipsum-convertamur:
3128 5554 3212 5609 cui
3248 5551 3416 5622 gloria
3446 5550 3498 5603 iu
3545 5544 3748 5600 sa'cula.

2238 5643 2380 5682 men.

2238 5643 2380 5683 men.
