4006 6374
193 368 321 424 1077

188 484 314 540 dixit
335 482 462 537 Iesu
487 478 697 562 .:__Non
727 496 847 562 sum
889 479 1180 562 dignusnut
1234 478 1393 533 intres
1438 476 1763 562 subject-unt

188 570 384 617 meum;
410 552 498 605 sed
523 551 605 604 dic
635 551 919 613 verbum,et
939 545 1200 604 ianubitur
1230 566 1357 619 puer
1381 564 1521 603 meus
1546 545 1762 619 (Matth.

186 627 241 682 8.
267 624 364 693 8)?
392 622 460 676 Et
488 621 784 676 admiratus
818 620 976 693 Jesus
1015 620 1145 693 dicit
1174 638 1200 693 :_
1216 618 1374 693 Amen
1387 658 1431 693 _,_
1446 634 1605 693 amen
1652 618 1765 693 dico

188 685 341 760 robii,
368 708 468 748 non
495 693 660 747 inueni
680 701 871 746 tantant
897 690 1051 759 ﬁdem
1087 691 1141 744 in
1174 689 1341 760 Israel
1378 687 1543 760 (Ibid.
1556 706 1623 760 77v.
1653 685 1763 760 l0).

188 772 265 820 An
296 758 479 819 nocuit
504 763 580 819 illi
609 762 837 817 militia?
865 758 969 818 Sed
1000 763 1119 831 quis
1145 776 1207 817 es
1234 758 1328 815 tu?
1349 758 1416 831 an
1458 758 1673 829 opifex?
1700 759 1767 813 Et

192 835 381 895 Paulus
407 844 541 897 erat,
593 833 682 902 qui
716 841 993 902 postquam
1022 830 1301 888 Ecclesias
1352 830 1724 902 devastaverat
1746 869 1762 902 ε

188 909 279 960 luit
305 898 628 974 prxdieator
648 914 702 958 et
717 898 1018 972 apostolus.
1070 902 1175 974 Sed
1206 902 1324 971 quis
1348 901 1446 957 es?
1475 915 1541 954 an
1566 900 1717 974 dives
1742 898 1767 954 ?

189 970 454 1031 Abraham
502 989 714 1043 quoque
751 970 902 1029 dives
924 1014 939 1039 ,
968 974 1057 1043 qui
1088 970 1272 1043 habuit
1297 986 1518 1027 uxorem
1551 981 1605 1025 et
1632 970 1767 1024 lihe-

186 1062 293 1103 ros.
329 1044 400 1099 Et
428 1041 664 1110 credidit,
707 1044 902 1115 inquit,
934 1041 1192 1115 Abraham
1218 1041 1357 1107 Deo,
1394 1052 1442 1115 et
1480 1050 1768 1115 reputatum

185 1128 256 1171 est
294 1116 372 1171 illi
411 1116 481 1169 ad
508 1112 817 1186 justitiam'(
840 1113 967 1172 Gen.
1002 1117 1089 1171 i5.
1119 1114 1197 1184 6),
1241 1123 1297 1169 et
1316 1113 1519 1167 amicus
1545 1112 1636 1186 Dei
1676 1126 1770 1186 vo:

186 1197 334 1243 catus
359 1194 462 1242 est.
493 1181 573 1240 Ᾱιι
621 1181 909 1241 obfuerunt
936 1186 1011 1241 illi
1046 1181 1264 1248 divitiae,
1294 1200 1429 1239 uxor
1452 1192 1543 1237 aut
1574 1181 1769 1236 liberi?

185 1256 319 1313 Num
372 1257 661 1311 excusandi
714 1257 887 1312 locum
937 1256 1145 1311 habes?
1174 1256 1315 1311 Ecce
1362 1255 1459 1308 tria
1514 1254 1602 1307 illa
1649 1268 1771 1321 qum

187 1327 475 1398 praetendis
504 1328 591 1383 ille
616 1327 800 1382 habuit
827 1344 843 1395 ;
872 1344 1092 1382 uxorem
1123 1340 1315 1398 nempe
1343 1365 1360 1391 ,
1391 1324 1527 1398 [ilius
1553 1330 1608 1378 et
1637 1321 1772 1377 divi-

188 1395 303 1453 tias.
332 1401 403 1453 At
441 1399 561 1466 quis
590 1414 649 1453 es
677 1400 770 1452 tu?
797 1415 862 1452 au
903 1398 1130 1454 servus?
1157 1397 1223 1453 Et
1271 1395 1555 1451 Onesimus
1584 1407 1771 1466 servus

190 1478 305 1522 erat
348 1462 744 1539 :srribensque
788 1469 985 1524 Paulus
1023 1466 1324 1523 Philemoni
1363 1466 1495 1520 dicit
1519 1482 1549 1539 Δξ
1575 1462 1766 1539 _0nes_i_-_

186 1557 341 1599 mum,
372 1542 459 1605 qui
490 1541 611 1593 olint
638 1533 832 1593 inutilis
862 1550 1000 1605 erat,
1029 1555 1162 1593 nunc
1185 1548 1354 1591 autent
1388 1547 1434 1590 et
1461 1533 1586 1589 mihi
1613 1543 1657 1589 et
1684 1533 1773 1605 tibi

186 1557 341 1599 mum,
405 1556 458 1591 ut
490 1556 611 1593 aunt
638 1556 832 1593 mutuis
862 1556 1000 1605 erat,
1029 1556 1162 1593 nunc
1185 1556 1354 1591 autent
1388 1556 1434 1590 et
1461 1556 1586 1589 nunt
1613 1556 1656 1589 et
1684 1556 1770 1587 ιιυι

186 1610 324 1662 utilis
344 1556 592 1666 lz'hilem.
626 1612 739 1679 11).
771 1610 902 1677 Quis
930 1611 1141 1679 inquam
1168 1607 1264 1663 es?
1291 1622 1428 1679 nunt
1445 1605 1578 1679 rex?
1605 1603 1772 1660 David

186 1682 343 1737 etiam
373 1696 466 1734 rex
517 1691 635 1735 erat
664 1676 769 1735 {et
809 1676 1083 1750 ingressus
1124 1679 1189 1734 ad
1229 1676 1772 1750 eun’t‘Nathampro-

187 1751 363 1822 pheta,
405 1750 583 1820 arguit
627 1767 748 1806 eum
799 1746 1116 1821 de'peccato
1153 1749 1295 1822 quod
1348 1746 1569 1822 fecerat.
1604 1746 1775 1822 Num:-

186 1815 308 1891 quid
364 1815 703 1892 tyrannidem
748 1823 798 1875 in
834 1815 980 1876 illum
1031 1837 1123 1876 rex
1171 1815 1460 1875 exercuit?
1505 1815 1773 1892 Numquid

186 1889 365 1946 contra
386 1889 714 1962 prophetam
746 1894 1063 1947 sententiam
1092 1892 1349 1962 protulit?
1382 1891 1570 1962 Annon
1602 1889 1687 1962 vel
1719 1889 1771 1962 in

187 1978 347 2033 regno
386 1958 603 2033 servum
634 1978 692 2018 se
721 1962 987 2017 fatebatur
1012 1958 1241 2033 dicens,
1272 1961 1482 2033 Peccavi
1509 1958 1774 2033 Domino?

187 2029 540 2103 Etvpropheta
570 2033 758 2090 videns
787 2033 1153 2103 pmuiteutiam
1196 2031 1331 2102 ejus,
1360 2032 1495 2103 dixit
1518 2031 1631 2103 illi:
1656 2029 1771 2103 ρο-

186 2100 345 2157 minus
372 2100 632 2159 transtulit
656 2100 916 2173 peccatum
957 2114 1100 2158 tuum
1126 2103 1197 2173 (2.
1226 2100 1357 2171 Reg.
1401 2102 1488 2157 i2.
1526 2101 1639 2173 l5).
1672 2100 1776 2155 Ve-

184 2173 268 2229 lox
313 2172 665 2244 paenitentia,
692 2175 924 2230 velocior
938 2172 1278 2244 contionatio.
1308 2172 1573 2243 Numquid
1591 2186 1773 2226 secum

184 2243 449 2313 reputavit
471 2261 531 2300 se
560 2260 742 2313 regem
763 2261 905 2313 esse,
936 2261 999 2300 ac
1027 2246 1161 2301 dixit
1192 2261 1209 2300 :
1240 2243 1353 2299 Rex
1375 2259 1515 2309 sum,
1542 2256 1773 2313 purpura

186 2314 396 2372 indutus
426 2358 449 2383 ,
493 2330 557 2371 ac
603 2314 910 2371 diademate
962 2315 1287 2371 redimitus:
1318 2329 1483 2385 penes
1516 2329 1609 2385 (me
1648 2322 1775 2368 sunt

185 2401 356 2457 arcus,
410 2387 646 2457 sagitta},
689 2397 861 2453 scuta,
911 2388 1100 2457 galeae,
1126 2384 1342 2451 milites,
1394 2384 1775 2457 satellites;ct

185 2456 317 2527 hunc
343 2454 641 2527 pauperem
672 2458 889 2521 timebo,
913 2454 1014 2513 nec
1032 2457 1270 2513 occidam
1288 2472 1436 2524 eum,
1465 2457 1572 2509 imo
1598 2454 1772 2524 ipsum

184 2525 384 2582 forant?
419 2527 570 2582 Nihil
617 2527 808 2583 horum
838 2527 1014 2583 dixit:
1045 2527 1141 2582 sed
1193 2527 1402 2582 etiamsi
1456 2542 1549 2581 rex
1591 2532 1768 2587 esset,

182 2598 380 2654 sciebat
430 2614 496 2667 se
524 2614 797 2668 peccasse,
824 2599 1051 2669 ideoque
1079 2597 1448 2669 pmnitentiam
1474 2593 1775 2669 cgit,‘quo_d

180 2681 334 2735 grave
359 2665 644 2739 peccatum
662 2671 809 2725 novit
832 2684 891 2725 se
910 2665 1122 2725 fecissit.
1149 2667 1416 2739 Numquid
1438 2667 1492 2739 ei
1515 2665 1662 2735 regia
1689 2665 1773 2739 dif

180 2736 768 2863 Enitas'impedimeuto
808 2739 946 2795 fuit?
992 2739 1098 2795 Sed
1127 2740 1245 2810 quis
1267 2736 1322 2794 tu
1356 2738 1455 2795 es?
1499 2754 1563 2792 an
1603 2736 1773 2806 puer?

227 2822 302 2863 rat
321 2825 547 2863 nuomte
578 2826 709 2863 nuer
735 2810 942 2863 Daniel.
973 2811 1065 2863 aui
1091 2812 1307 2863 leonum
1337 2823 1432 2863 ora
1461 2807 1731 2863 obturavit
1755 2846 1772 2863 .

227 2822 302 2864 rat
321 2807 547 2880 quoque
576 2826 709 2880 puer
735 2810 1065 2881 Daniel,iqui
1091 2807 1432 2881 leonumora
1461 2807 1731 2881 obturavit
1755 2846 1772 2872 ,

178 2878 472 2957 draconem
520 2878 799 2957 disrupit,
846 2890 901 2936 et
950 2878 1372 2957 Be|___snbve_rtit,
1404 2880 1493 2949 qui
1532 2878 1775 2957 senipres

176 2952 590 3015 condemnavit,
616 2963 671 3007 et
702 2952 1004 3007 Susannam
1043 2952 1325 3008 liberavit:
1359 2960 1627 3020 tantazque
1654 2951 1770 3020 'vir-

178 3024 270 3075 tuti
293 3022 618 3094 imperfecta
648 3033 779 3077 tetas
824 3038 930 3094 non
974 3022 1163 3094 obluit.
1194 3025 1264 3077 At
1291 3021 1414 3093 quid
1446 3021 1546 3076 es?
1575 3037 1640 3074 an
1665 3019 1771 3094 fra-

179 3103 310 3164 trum
338 3089 602 3164 aiuator?
627 3093 774 3148 Talis
803 3102 857 3149 et
882 3092 1083 3164 Ioseph
1109 3092 1226 3158 fuit,
1254 3089 1345 3163 qui
1374 3100 1628 3164 quantam
1655 3089 1775 3164 phi-_-

182 3163 479 3233 losophiam
513 3163 786 3230 exhibuit,
821 3175 876 3219 et
921 3160 1172 3233 quantam
1202 3160 1584 3219 continentiam
1632 3160 1774 3231 apud

185 3232 481 3308 (Egyptiam
507 3235 778 3308 ?_Vestem
827 3232 978 3308 suam
1000 3234 1187 3308 scidit,
1216 3234 1309 3290 sed
1340 3234 1502 3308 tidem
1525 3248 1632 3288 non
1659 3234 1771 3308 vio-

185 3303 333 3371 lavit,
375 3304 764 3376 impudentiam
799 3305 1043 3376 mulieris
1079 3305 1226 3370 vicit,
1278 3304 1770 3376 concupiscentiam

186 3390 286 3430 non
311 3375 547 3431 satiavit.
575 3378 661 3431 An
685 3376 842 3432 vidua
862 3375 955 3433 es?
983 3376 1109 3432 Erat
1130 3384 1184 3431 et
1212 3375 1430 3430 Sidonia
1451 3375 1628 3440 vidua,
1652 3389 1772 3444 qua:

186 3445 380 3503 lleliam
409 3446 726 3517 prophetam
749 3449 1005 3517 suscepit,
1032 3457 1089 3501 et
1110 3447 1253 3516 pavit
1282 3461 1416 3517 pane
1458 3456 1510 3501 et
1531 3462 1689 3516 aqua,
1718 3453 1773 3517 et

183 3516 449 3574 auctorem
481 3517 643 3572 famis
671 3533 777 3574 non
808 3516 1058 3574 labefecit
1077 3517 1266 3573 fames.
1288 3516 1376 3573 'An
1399 3519 1650 3573 meretrix
1679 3516 1771 3572 es?

187 3586 306 3644 Erat
326 3600 388 3659 et
412 3588 625 3657 llahab,
663 3603 783 3659 qua:
821 3590 1189 3658 exploratores
1216 3588 1521 3654 occultavit,
1551 3595 1606 3643 et
1647 3602 1770 3642 eum

186 3658 275 3714 lilii
314 3658 477 3716 Israel
513 3658 712 3715 terram
754 3659 1127 3731 promissionis
1172 3658 1525 3731 accepissent,
1558 3666 1770 3713 servata

183 3742 263 3785 cst
302 3731 419 3801 ipsa
462 3746 587 3785 cum
619 3727 780 3785 dom6
820 3738 877 3786 et
901 3746 1099 3801 genere
1128 3746 1245 3786 suo.
1277 3727 1381 3801 sed
1407 3730 1536 3799 quid
1565 3731 1664 3783 es?
1701 3745 1769 3801 an

181 3799 418 3872 pauper?
467 3802 677 3872 Pauper
717 3799 930 3871 quoque
968 3799 1240 3872 Lazarus.
1294 3799 1362 3855 Et
1399 3811 1653 3869 quantam
1682 3800 1771 3856 ille

180 3871 593 3942 philosophiam
614 3881 671 3925 et
697 3872 1002 3941 patientiam
1033 3871 1294 3942 exhibuit,
1328 3886 1426 3925 nec
1453 3880 1649 3926 tantam
1679 3886 1772 3926 ue-

178 3941 478 3997 cesshatein
539 3942 754 4013 indigne
818 3942 977 3998 tulit?
1021 3941 1126 3998 Sed
1155 3941 1437 4013 quid?iAn
1487 3942 1770 3997 mulierum

176 4026 358 4082 amans
396 4030 455 4068 es
475 4013 500 4064 7
540 4012 685 4068 'l‘alis
710 4022 825 4067 erat
858 4024 912 4070 et
966 4012 1253 4082 Sampsuu.
1306 4012 1408 4081 Qui
1438 4013 1565 4067 licet
1586 4028 1615 4066 a
1647 4028 1769 4068 mu—

179 4081 307 4153 liere
339 4086 584 4153 proditus
628 4084 718 4146 sit,
747 4083 843 4140 sed
872 4085 976 4140 hoc
1004 4085 1078 4139 illi
1105 4081 1255 4139 Deus
1278 4083 1567 4150 concessit,
1598 4092 1657 4136 ut
1701 4098 1764 4139 se

177 4152 245 4225 de
284 4152 602 4225 alienigenis
626 4153 994 4225 ulcisceretur.
1049 4154 1155 4225 sed
1199 4153 1326 4225 quid
1353 4156 1447 4225 es?
1469 4169 1537 4207 an
1581 4168 1770 4225 amans

176 4224 404 4280 ﬁliorum
424 4222 627 4296 ?"l‘alis
643 4235 761 4281 erat
783 4237 837 4281 et
865 4222 1484 4296 Iacoh.A[Sed'tentaris,
1512 4224 1758 4296 tentaha-_

176 4302 269 4368 tur
282 4306 338 4351 et
360 4296 465 4353 Job
502 4294 629 4368 (a).]
660 4296 816 4350 Vides
842 4304 974 4368 quot
998 4294 1224 4352 salutem
1252 4296 1565 4368 consequuti
1604 4294 1768 4348 sunt?

176 4362 358 4421 Habes
409 4362 628 4423 ﬁdenti?"
662 4362 1059 4421 oumia'habes
1090 4384 1105 4420 :
1134 4382 1242 4421 non
1286 4365 1453 4420 babes
1500 4364 1658 4421 (idem
1713 4375 1768 4419 et

173 4450 393 4506 regnum
440 4438 689 4509 obtines?
744 4436 883 4509 Nihil
955 4447 1010 4492 te
1064 4435 1507 4509 juvat__regnnm.
1571 4436 1765 4509 verum

174 4504 285 4579 non
332 4524 453 4562 sum
517 4508 763 4579 promissi
844 4504 1146 4562 immemor.
1213 4504 1430 4564 Vocatus
1483 4514 1555 4579 est
1607 4506 1767 4577 igitur

170 4575 324 4649 Iesus
355 4580 424 4635 ad
453 4575 679 4649 nuptias.
710 4581 840 4635 Cum
881 4579 1187 4635 advenisset
1207 4588 1384 4649 autem
1404 4618 1421 4641 ,
1449 4575 1766 4649 vinumfuon

178 4646 471 4717 habebant.
527 4646 667 4704 Dicit
717 4651 765 4703 ei
798 4649 962 4707 Mater
1005 4650 1123 4715 ejus
1148 4690 1164 4715 ,
1222 4646 1413 4702 Vinum
1435 4665 1535 4702 non
1561 4648 1762 4702 habent.

174 4716 307 4773 Dicit
355 4723 403 4776 ei
445 4720 600 4776 Iesus
629 4736 649 4774 :
685 4717 825 4775 Vade
849 4761 864 4787 ,
920 4721 1121 4784 mulier,
1173 4720 1397 4774 nondum
1453 4719 1583 4774 venit
1639 4719 1767 4774 liora

170 4805 299 4862 mea.
361 4791 434 4847 Et
491 4808 612 4862 cum
654 4790 760 4862 hoc
792 4790 1019 4846 dixisset
1040 4790 1203 4862 desus
1228 4791 1304 4846 ait
1350 4787 1617 4862 :‘Implete
1666 4789 1768 4862 lig-

169 4859 310 4935 drias
328 4879 467 4933 aqua
495 4860 699 4935 (Joan.
820 4863 873 4917 ’5.
900 4878 1006 4932 sqq.
1038 4859 1058 4934 )
1084 4878 1111 4935 ;_
1138 4870 1194 4915 et
1258 4860 1617 4935 impleverunt
1663 4859 1767 4935 hy-

169 4929 315 5003 drias
368 4929 540 5003 aqua,
592 4942 648 4988 et.
675 4932 795 4988 fecit
844 4929 1279 5003 aquam'viuum.
1314 4929 1420 4987 Cur
1443 4930 1578 4988 dixit
1608 4949 1623 5003 ι
1657 4929 1767 4985 lm-

168 5001 298 5069 plete
352 5001 564 5074 hydrias
597 5004 770 5072 aqua?
813 5001 907 5057 Ani
935 5002 999 5074 is
1043 5003 1133 5071 qui
1174 5002 1555 5074 verboczclum
1601 5001 1762 5074 fecit,

165 5082 219 5125 et
247 5073 450 5128 terram
478 5074 749 5137 fundavit,
779 5084 834 5130 et
861 5073 1038 5127 omnia
1068 5088 1190 5144 qua:
1225 5076 1277 5127 in
1309 5073 1387 5128 eis
1424 5083 1582 5134 sunt;
1614 5073 1766 5141 cujus

163 5155 419 5215 aspectus
441 5145 668 5200 arefacit
688 5145 947 5215 abyssos,
976 5159 1143 5213 quem
1165 5146 1406 5200 timetac
1434 5144 1616 5215 tremit
1643 5160 1765 5199 om-

164 5214 249 5268 nis
276 5225 526 5270 creatura
565 5213 857 5271 cmlestium
883 5257 899 5280 ,
934 5215 1264 5270 terrestrium
1309 5224 1362 5269 et
1400 5213 1760 5282 iufernorum,

165 5297 271 5357 nou
302 5295 524 5354 poterat
560 5287 776 5357 hydrias
805 5286 969 5357 verbo
995 5286 1261 5357 implere?
1285 5285 1393 5357 Sed
1415 5286 1544 5340 dicit
1580 5303 1593 5337 :
1624 5286 1766 5340 Hau-

163 5356 265 5427 rite
303 5372 523 5427 aquam.
564 5355 781 5423 Quare?
824 5356 938 5427 Ego
976 5355 1150 5411 dicam
1196 5372 1215 5427 :7
1256 5364 1312 5410 ut
1353 5356 1401 5409 si
1446 5367 1760 5426 negassent,

164 5426 404 5495 ipsorum
427 5442 638 5491 manus,
661 5444 779 5498 quae
801 5427 1109 5498 hauserant,
1133 5435 1188 5481 et
1206 5426 1435 5498 humeri,
1459 5427 1549 5498 qui
1568 5443 1762 5497 aquam

162 5505 509 5579 gestaret-aut
531 5539 546 5564 ,
589 5495 735 5569 ipsos
772 5497 1175 5579 redarguerem.
1204 5495 1341 5579 biant
1375 5495 1764 5579 idipsumjec-it

164 5567 498 5641 iu_Lazaro_:
521 5567 804 5641 antequam
848 5569 900 5622 in
941 5567 1116 5625 locum
1141 5568 1492 5641 advenisset,
1519 5567 1652 5641 dixit
1679 5569 1763 5623 di-

162 5638 383 5711 scipulis
410 5657 422 5691 :
451 5637 678 5694 Lazarus
700 5641 894 5693 anticus
922 5650 1089 5694 noster
1114 5639 1298 5711 dormit
1323 5638 1499 5710 (Joan.
1531 5639 1617 5693 11.
1646 5641 1754 5711 Η).

167 5708 455 5778 [utquam
481 5719 660 5765 autem
684 5719 948 5766 venerunt
972 5724 1187 5765 sorores
1208 5708 1415 5773 Lazari,
1438 5718 1489 5764 et
1512 5708 1761 5766 dixerunt

164 5780 234 5842 ci,
267 5779 502 5834 Lazarus
527 5792 755 5836 mortuus
782 5790 855 5835 est
883 5779 989 5851 (Ib.
1020 5797 1067 5835 ιι.
1098 5782 1189 5835 21.
1217 5779 1331 5851 3‘2),
1360 5780 1493 5835 dixit
1517 5782 1593 5836 eis
1618 5800 1630 5836 :
1662 5782 1758 5837 Ubi

227 5870 301 5937 (a)
333 5880 452 5933 Qum.
477 5875 665 5927 uncinis
686 5873 973 5926 clauduntur
996 5874 1176 5926 desunt
1197 5875 1246 5923 in
1264 5880 1444 5925 Greco.

1034 361 1309 419 CONTRA
1351 359 1660 426 IUDIEOS,
1701 361 2044 420 GENTILES
2084 361 2173 418 ET
2215 360 2649 420 IIIERETICOS.

3335 352 3474 420 1078

1874 478 2116 548 posuistis
2135 478 2288 534 eum?
2307 477 2494 535 Dicunt
2510 478 2591 531 ei:
2630 474 2752 533 νειιὶ
2772 487 2818 533 et
2837 477 2947 535 vide
2977 476 3156 548 (Joan.
3177 476 3268 534 ll.
3292 476 3404 548 54).
3429 469 3475 536 Ο

1874 564 2016 604 nova
2044 558 2099 604 et
2128 549 2398 619 inopinata
2428 548 2626 617 opera!
2658 548 2822 605 Paulo
2848 557 2971 603 ante
2998 549 3211 619 dixeras
3236 548 3471 616 discipu-

1872 619 1938 673 lis
1966 637 1980 672 :
2011 618 2242 691 Lazarus
2271 629 2513 674 mortuus
2539 628 2643 689 est,
2662 628 2728 691 et
2753 635 2895 691 nunc
2922 620 3074 686 dicis,
3110 618 3207 691 Ubi
3237 620 3476 691 posuistis

1871 691 2023 745 eum?
2048 689 2270 746 Mortem
2294 691 2619 759 pm‘uuntias
2640 690 2912 759 discipulis
2936 691 3057 757 tuis,
3086 699 3139 747 et
3162 689 3337 745 locum
3366 704 3471 743 non

1872 763 2010 835 nosti
2030 760 2053 814 ἲ
2077 760 2288 835 Sciebat
2318 762 2521 835 utique,
2550 760 2647 817 sed
2672 768 2900 835 propter
2912 761 3147 835 Judaeos,
3171 769 3365 835 utpote
3392 761 3474 835 in‘

1875 831 2018 891 scies
2038 840 2093 887 et
2120 833 2376 901 ingratos,
2403 834 2480 886 sic
2502 831 2839 902 loquebatur.
2867 831 3313 902 Quandoquidem
3337 840 3391 902 et
3418 831 3472 902 in

1872 903 2122 972 paradiso
2151 896 2392 967 dicebat,
2425 896 2589 957 Adoni
2612 944 2627 965 ,
2658 901 2826 957 Adam
2847 896 2977 970 ,iubi
3014 919 3066 959 es
3096 896 3251 971 (Gen.
3283 899 3337 958 5.
3368 896 3475 971 9)?

1873 974 1955 1044 An
2001 974 2279 1044 ignorabat
2320 973 2408 1027 ubi
2454 973 2635 1029 esset?
2668 973 2863 1029 Verum
2890 974 3020 1044 quia
3064 974 3193 1044 ipsis
3226 972 3475 1028 diabolus

1872 1042 2115 1116 dixerat,
2150 1042 2561 1116 Inuquacumque
2599 1044 2681 1100 die
2722 1042 3037 1116 comederitis
3067 1042 3130 1116 de
3167 1044 3306 1116 ligno
3344 1044 3476 1110 hoc.

1872 1115 2011 1169 eritis
2036 1115 2165 1169 sicut
2191 1114 2263 1169 dii
2294 1115 2400 1185 (Ib.
2432 1114 2484 1168 u.‘
2514 1114 2591 1185 5),
2628 1115 3044 1185 suspicabantur
3072 1114 3150 1173 illi
3178 1128 3238 1170 se
3265 1114 3474 1185 futuros

1872 1199 1996 1240 esse
2024 1184 2156 1240 deos
2180 1203 2193 1239 :
2224 1183 2345 1242 ideo
2373 1183 2588 1241 dicebat
2623 1184 2697 1240 illi
2730 1187 2896 1253 Deus,
2928 1185 3125 1252 Adam,
3153 1185 3239 1240 ubi
3275 1201 3326 1240 es
3346 1183 3373 1238 1’
3401 1194 3470 1239 ex

1872 1269 1980 1325 quo
2027 1255 2345 1320 comedisti,
2388 1257 2629 1312 mansisti
2676 1266 2851 1313 tamen
2898 1258 3102 1311 homo:
3134 1271 3196 1310 ea
3240 1269 3371 1310 vero
3404 1254 3474 1309 de

1872 1341 2033 1381 causa
2057 1326 2188 1381 dixit
2219 1326 2294 1381 illi
2324 1328 2481 1391 Dens,
2513 1327 2700 1393 Adam,
2728 1328 2813 1380 ubi
2838 1327 2930 1381 es?
2952 1328 3039 1383 Sic
3061 1335 3116 1383 et
3140 1325 3280 1383 circa
3309 1325 3475 1381 Laza‘a

1874 1411 1993 1451 rum
2021 1396 2166 1453 fecit.
2194 1394 2507 1455 Utaccessit
2533 1397 2603 1453 ad
2629 1408 3053 1460 monumentum,
3083 1396 3215 1453 dixit
3233 1396 3430 1452 Iudaeis
3456 1411 3472 1451 :

1874 1464 2061 1539 _Tollite
2086 1468 2310 1539 lapidem
2339 1469 2401 1523 de
2428 1478 2750 1525 monumento
2778 1467 2992 1539 (Joaun.
3028 1469 3115 1524 ii.
3144 1469 3233 1531 39)
3258 1485 3273 1533 ;
3303 1477 3356 1522 et
3386 1476 3474 1521 tu-

1876 1536 2070 1611 lerunt.
2106 1536 2248 1611 Dicit
2269 1540 2319 1593 ei
2348 1539 2738 1611 sorogLazari,
2766 1538 3003 1604 Domine,
3025 1541 3140 1610 jam
3170 1542 3328 1611 (latet,
3357 1545 3477 1611 erat

1872 1610 2017 1664 enim
2042 1608 2443 1681 quatriduanns.
2475 1609 2541 1664 Et
2571 1611 2799 1681 clamans
2823 1627 2938 1665 voce
2967 1608 3155 1681 magna
3171 1608 3303 1664 dixit
3332 1608 3476 1664 :La-

1875 1695 2014 1753 gare,
2042 1679 2155 1753 ueni
2181 1682 2321 1753 foras
2348 1680 2451 1751 (Ib.
2480 1698 2528 1735 ιι.
2555 1679 2669 1753 4'5).
2699 1683 2763 1739 Et
2783 1682 2910 1737 exiit
2934 1679 3127 1751 ligatus
3150 1680 3366 1736 institis.
3392 1683 3473 1735 An

1878 1748 1954 1816 is,
1986 1751 2075 1821 qui
2115 1748 2378 1816 transfert,
2409 1748 2709 1808 uioutes'in
2752 1767 2847 1808 cor
2886 1748 3048 1807 maris
3072 1792 3088 1818 ,
3123 1767 3230 1806 nou
3268 1757 3476 1822 poterat

1877 1834 2129 1877 amovere
2158 1822 2429 1892 lapidem?
2456 1823 2555 1890 Qui
2585 1824 2830 1879 stimulos
2858 1823 3045 1879 mortis
3071 1821 3354 1892 confregit,
3382 1824 3472 1891 qui

1917 1901 2060 1948 ortas
2087 1892 2275 1949 interni
2302 1895 2572 1961 contrivit,
2597 1908 2702 1949 non
2729 1903 2930 1961 poterat
2962 1894 3169 1949 institas
3190 1892 3476 1961 rumpere?

1929 1962 2025 2017 ixit
2052 1963 2158 2018 illis
2182 2005 2201 2031 ,
2244 1963 2436 2020 Solvite
2478 1958 2622 2019 illum
2663 1958 2778 2035 (Ib.
2825 1980 2872 2017 υ.
2914 1964 3043 2035 Ib).
3072 1963 3290 2035 Quare?
3321 1958 3392 2019 Ut
3429 1963 3476 2018 si

1878 2043 2168 2103 negarent,
2196 2044 2250 2089 et
2279 2050 2468 2089 manus
2506 2043 2559 2089 et
2597 2033 2738 2090 oculi
2780 2033 3016 2104 ipsorum
3051 2050 3146 2091 eos
3185 2033 3478 2104 redargue-

1876 2106 2033 2176 rent.
2050 2105 2175 2161 Ideo
2200 2104 2352 2169 dixit,
2386 2105 2579 2161 Solvite
2606 2106 2770 2160 illum.
2798 2104 2881 2176 [In
2906 2105 3092 2176 primis
3116 2114 3292 2160 autem
3320 2120 3477 2176 soror

1878 2174 2066 2256 Isauri
2113 2164 2492 2256 testimonium
2521 2176 2708 2256 dedit,
2752 2164 2936 2256 ἀίξειιρ
2967 2194 2980 2231 :
3012 2176 3315 2256 {amfaetgt

1881 2244 2111 2316 Idipsum
2141 2247 2194 2303 in
2230 2248 2426 2317 nuptiis
2467 2246 2594 2304 fecit
2628 2247 2813 2318 dicens
2842 2246 2949 2318 illis
2980 2265 2993 2302 :
3023 2244 3240 2318 Implete
3266 2244 3478 2318 hydrina

1877 2331 2029 2390 aqua.
2064 2318 2131 2374 Et
2158 2319 2514 2388 impleverunt
2541 2317 2780 2390 hydrias,
2809 2326 2865 2390 et
2892 2317 3022 2373 fecit
3046 2332 3235 2388 aquam
3267 2317 3475 2390 vinum.

1879 2385 2168 2456 Pr0pterea
2201 2385 2333 2444 nihil
2377 2406 2482 2443 uon
2516 2385 2704 2458 agebat
2735 2397 2792 2442 ut
2820 2388 2964 2458 ipsos
2988 2385 3248 2444 certiores
3280 2387 3474 2458 redde-

1879 2466 1979 2528 ret.
2009 2458 2233 2528 Semper
2272 2462 2413 2517 enim
2457 2456 2631 2515 Iud‘mi
2669 2456 2925 2515 increduli
2973 2459 3265 2514 fueruntet
3296 2457 3475 2526 impu-

1877 2527 2087 2584 dentes.
2126 2528 2298 2602 Vultis
2333 2531 2540 2602 discere
2578 2537 2783 2602 quanta
2813 2529 2920 2602 illis
2954 2529 3264 2602 praestiterit
3293 2528 3432 2584 Deus
3457 2559 3475 2593 ς

1877 2614 2105 2668 quorum
2150 2601 2367 2657 luerunt
2403 2599 2788 2657 immemores?
2826 2599 3051 2667 Discite,
3092 2599 3186 2656 sed
3208 2640 3223 2665 ,
3255 2613 3472 2669 quaeso,

1878 2670 2115 2739 animum
2160 2672 2440 2738 adhibete,
2482 2680 2538 2728 et
2581 2671 2677 2739 iis,
2708 2687 2829 2739 qua:
2871 2671 3152 2734 dicuntur,
3193 2669 3472 2725 attendite.

1883 2738 2016 2797 Volo
2038 2741 2237 2813 quippe
2260 2743 2631 2799 demonstrare
2660 2738 2831 2808 vobis,
2859 2740 3075 2799 ,Ιιιὰωοε
3103 2741 3171 2796 ab
3200 2741 3363 2813 initio
3391 2741 3480 2813 in-

1878 2810 2071 2880 gratos
2090 2810 2277 2869 fuisse.
2313 2813 2659 2883 Septuaginta
2689 2814 2926 2883 quinque
2962 2810 3477 2883 auimmdescende-

1880 2894 2004 2966 runt
2032 2882 2426 2966 in_/Egyptuiri,
2456 2882 2887 2966 et’ad‘sex’centa
2914 2882 3275 2966 usque_millia
3303 2890 3477 2963 auctaeI

1879 2963 2026 3012 sunt.
2056 2951 2297 3012 Mortuus
2325 2966 2407 3011 est
2446 2953 2645 3024 Joseph
2670 2995 2686 3022 ,
2718 2964 2773 3011 et
2800 2951 3031 3011 surrexit
3059 2953 3196 3009 alius
3220 2968 3313 3008 rex
3340 2995 3355 3020 ,
3384 2951 3475 3021 qui

1879 3039 2088 3080 memor
2114 3025 2232 3094 ejus
2260 3042 2365 3080 non
2394 3024 2511 3081 fuit.
2542 3024 2591 3081 Is
2630 3024 2771 3081 ﬁlios
2809 3024 2971 3081 Israel
3004 3025 3349 3080 vehementer
3374 3038 3475 3094 op-

1914 3096 2092 3152 ressit.
2114 3095 2426 3151 Clamaruut
2451 3095 2709 3167 igiturilli
2734 3095 2801 3150 ad
2833 3096 3113 3167 Dominum
3136 3134 3153 3160 ,
3183 3095 3425 3167 dicentes
3454 3108 3471 3147 :

1925 3167 2124 3232 omine,
2155 3175 2212 3222 tu
2246 3167 2437 3237 jurasti
2469 3164 2706 3237 patribus
2732 3166 2954 3232 nostris,
2987 3166 3132 3221 Dabo
3157 3164 3473 3237 seminive-

1876 3245 1990 3292 stro
2017 3248 2214 3293 terram
2244 3236 2497 3293 liuentem
2540 3236 2623 3292 lac
2651 3247 2705 3294 et
2741 3238 2866 3293 mel.
2900 3237 2969 3292 Et
2998 3251 3175 3301 nunc,
3210 3236 3472 3299 Domine,

1878 3318 2148 3364 memento
2175 3309 2481 3365 testamenti
2511 3306 2584 3362 tui
2604 3349 2618 3371 ,
2649 3308 2790 3377 quod
2828 3307 3049 3377 posuisti
3092 3307 3330 3377 patribus
3371 3321 3473 3360 no-

1875 3380 2006 3460 stris
2031 3398 2045 3434 :
2075 3388 2131 3435 et
2155 3395 2295 3460 erue
2322 3395 2442 3460 nos
2449 3379 2518 3435 de
2547 3376 2707 3460 manu
2739 3376 3202 3460 Pharaonisregis
3231 3376 3471 3460 ngpti.

1875 3461 1930 3504 et
1975 3451 2044 3506 de
2081 3452 2339 3507 servitute
2374 3449 2815 3522 Egyptiorum...
2863 3449 3079 3522 audivit
3127 3449 3287 3522 igitur
3332 3449 3471 3522 Deus

1875 3535 2062 3576 vocem
2103 3536 2324 3588 eorum,
2357 3532 2414 3577 et
2449 3518 2593 3575 misit
2627 3519 2695 3573 ad
2732 3534 2829 3575 eos
2867 3520 3129 3590 Moysem.
3172 3519 3271 3575 llic
3306 3518 3473 3581 mihi,

1876 3607 2059 3660 quaso
2082 3635 2098 3659 ,
2130 3600 2366 3651 mentem
2394 3591 2664 3647 adhibete.
2697 3591 2850 3659 Dicit,
2873 3589 3038 3662 Moysi
3080 3590 3259 3645 Deus:
3288 3589 3476 3662 Accipe

1874 3678 2064 3734 agnum
2088 3664 2490 3729 immaculatum,
2521 3662 2839 3728 anniculam,
2866 3660 3272 3734 primogenitum,
3299 3670 3345 3714 et
3372 3660 3471 3714 ἰιιιέ

1875 3732 2032 3800 uiola,
2047 3744 2093 3788 et
2113 3736 2361 3806 sanguine
2381 3735 2492 3804 ejus
2512 3735 2852 3806 unusquisque
2875 3733 3015 3806 liniet
3032 3732 3272 3802 januatn,
3291 3741 3343 3806 ut
3360 3744 3477 3806 cunt

1876 3809 2063 3859 uenerit
2088 3801 2300 3876 angelus
2338 3801 2525 3859 habens
2568 3803 2796 3876 gladium
2834 3801 3152 3876 euaginatum
3176 3811 3268 3876 ,Ae‘t
3297 3801 3476 3876 uiderit

1873 3878 2010 3946 quod
2031 3872 2280 3947 sanguine
2308 3876 2455 3931 (inita
2480 3877 2546 3929 sit
2571 3872 2773 3941 domus,
2801 3872 3001 3929 recedat
3023 3888 3044 3938 ;
3066 3874 3145 3928 sin
3170 3872 3473 3947 uiderit_n0n

1874 3941 2053 4019 ddesse
2078 3941 2395 4019 sanguinem,
2425 3948 2677 4019 introeat,
2694 3961 2961 4019 omnesque
2987 3945 3299 4019 exterminat.
3329 3941 3476 4019 Fecit

1874 4017 2029 4100 igitur
2058 4013 2262 4100 Magius
2291 4019 2393 4100 sic,
2412 4028 2459 4071 et
2488 4017 2697 4071 tradidit
2728 4013 2938 4100 populo,
2964 4025 3025 4100 et
3034 4015 3342 4100 accipientes
3368 4013 3470 4100 illi,

1874 4084 2112 4160 ﬁnierunt
2148 4084 2336 4160 singuli
2363 4088 2559 4160 jauuas
2587 4104 2711 4160 suas
2733 4084 2926 4160 (Exod.
2960 4086 3071 4160 ψ).
3104 4086 3169 4140 Et
3202 4084 3471 4160 ingredie-

1874 4157 2031 4214 batur
2057 4153 2276 4229 angellis
2295 4199 2313 4226 ,
2343 4153 2588 4229 strictum
2630 4153 2835 4229 habens
2858 4153 3123 4229 gladium,
3172 4164 3227 4210 et
3256 4153 3470 4210 videbat

1873 4226 2189 4299 sanguinein
2228 4229 2281 4283 in
2325 4228 2543 4298 ianuis,
2585 4238 2640 4283 et
2681 4226 3120 4299 recedebatsubi
3154 4234 3331 4299 autem
3361 4241 3470 4279 non

1873 4295 2109 4362 videbat,
2141 4295 2558 4369 ingrediebatur.
2582 4308 2635 4355 et
2658 4312 2848 4353 omnes
2872 4295 3165 4369 occidebat.
3187 4295 3467 4369 lia-opor-

1871 4385 1936 4425 ro
1963 4372 2145 4427 omnia
2180 4363 2285 4424 rion
2316 4378 2520 4425 temere
2560 4369 2693 4423 facta
2722 4377 2886 4423 sunt:
2914 4368 3010 4422 sed
3038 4366 3290 4437 quoniam
3320 4363 3469 4420 futue

1874 4456 1991 4495 rum
2014 4448 2134 4496 erat
2157 4449 2217 4495 ut
2245 4455 2340 4509 per
2368 4439 2682 4508 sanguinem
2708 4448 2763 4493 et
2792 4439 2989 4509 lignum
3017 4439 3242 4493 salutem
3271 4451 3468 4509 conse-

1874 4456 1991 4495 rum
2014 4453 2134 4496 erat
2157 4453 2217 4495 ut
2245 4455 2340 4509 per
2368 4454 2682 4508 sanguinem
2708 4453 2763 4493 et
2793 4453 2823 4491 ιι
2865 4454 2989 4492 num
3017 4453 3242 4493 salutem
3271 4453 3467 4491 conse-

1871 4527 2192 4582 queremur,
2234 4512 2356 4568 ideo
2395 4510 2531 4566 dixit
2574 4509 2712 4582 Dens
2744 4453 3169 4582 elﬁtusquisque
3208 4508 3467 4582 sanguine

1872 4579 2023 4645 liuiet
2044 4582 2257 4651 januas.
2289 4583 2398 4636 Cur
2427 4595 2530 4635 non
2561 4579 2716 4645 dixit,
2751 4580 2844 4634 lini
2876 4579 3136 4649 sanguine
3169 4579 3467 4651 parietem?

1870 4653 2004 4721 Quia
2034 4649 2243 4708 nonnisi
2272 4668 2367 4723 per
2391 4652 2592 4723 lignum
2621 4649 3258 4723 salillenLCODSOQllttlill'i
3286 4661 3463 4723 erant.

1871 4720 2070 4779 Eduxit
2113 4720 2288 4795 igitur
2307 4738 2403 4779 eos
2440 4720 2771 4795 Moysesex
2806 4722 3069 4795 Egypto,
3099 4730 3156 4776 et
3195 4720 3372 4795 intulit
3409 4721 3465 4777 in

1869 4790 2185 4850 desertum':
2217 4790 2571 4863 dixeruntque
2613 4792 2687 4847 illi
2725 4790 2901 4863 Moysi
2916 4790 2942 4847 7:
2976 4790 3053 4845 Eo
3077 4791 3214 4863 quod
3253 4808 3356 4846 non
3380 4807 3465 4845 es-

1868 4876 1979 4922 sent
2010 4865 2248 4935 sepulcra
2286 4866 2345 4936 in
2381 4862 2615 4936 .Egypto
2637 4904 2654 4931 ,
2691 4862 2861 4936 intulit
2901 4880 2992 4918 nos
3016 4862 3080 4936 in
3123 4862 3372 4936 desertum
3409 4870 3468 4936 ut

1868 4932 2113 4991 occideret
2158 4935 2367 5005 (Exod.
2413 4932 2510 4989 li:
2532 4932 2606 4990 "li
2635 4937 2674 5003 ).
2715 4933 2903 4988 Nonne
2940 4932 3083 4987 nobis
3119 4933 3241 4985 bene
3276 4934 3465 5005 eratin

1868 5006 2122 5085 {Egyptm
2155 5004 2669 5085 cunt'comedcrcmu‘s
2690 5020 3002 5085 cucnnteres,
3035 5019 3275 5085 pepones,
3303 5012 3350 5056 et
3377 5004 3461 5085 al:

1868 5072 1967 5141 lia,
1982 5072 2029 5131 Et
2055 5094 2192 5148 cwpe
2220 5076 2529 5148 (Nauali.
2558 5076 2659 5142 5)?
2682 5076 2869 5148 _\’ideu’
2896 5076 3155 5148 ingratum
3186 5072 3466 5148 anim_ut_u?

1867 5148 1949 5202 llli
1993 5144 2158 5205 Deum
2201 5147 2636 5217 alloquebantttr,
2681 5146 2846 5200 Deum
2890 5144 3283 5217 precabantur,
3314 5144 3465 5200 Edon

1867 5234 1968 5291 nos
1988 5221 2055 5275 de
2076 5230 2216 5275 terra
2238 5214 2483 5291 Egypti,
2498 5228 2552 5291 et
2568 5233 2690 5291 cum
2720 5218 2771 5269 in
2796 5217 3069 5270 desertum
3097 5214 3459 5291 advenissent,

1868 5290 2075 5360 ingrate
2111 5286 2361 5359 agebant;
2382 5286 2634 5360 Vidistin‘
2670 5289 2932 5360 iugratum
2972 5299 3157 5360 eorum
3186 5286 3465 5360 animum?

1867 5356 1974 5416 Sed
1996 5356 2189 5415 discite
2208 5376 2320 5415 rem
2345 5359 2602 5428 majorem
2630 5356 3081 5428 singularemque.
3105 5356 3464 5425 Quadraginta

1866 5432 2022 5487 annis
2052 5431 2266 5486 fuerunt
2292 5432 2344 5484 iu
2376 5429 2591 5484 deserto
2620 5447 2633 5483 :
2663 5429 2885 5499 capillus
2914 5442 3099 5499 eorum
3132 5440 3241 5481 non
3266 5429 3458 5499 erevit,

1866 5518 1973 5557 non
2013 5504 2205 5572 unguis
2243 5502 2401 5567 item,
2444 5500 2608 5555 vestis
2643 5496 2748 5555 non
2784 5496 3062 5572 sordidata
3097 5507 3214 5563 est,
3257 5498 3463 5572 calcem

1866 5566 2113 5628 mentum
2147 5587 2253 5626 non
2297 5572 2551 5626 detritum
2585 5588 2598 5624 :
2632 5586 2740 5626 non
2783 5566 3120 5634 laborarunt,
3161 5585 3265 5622 non
3309 5567 3464 5622 fode-

1865 5654 2019 5709 runt,
2050 5643 2214 5698 boves
2249 5658 2355 5697 non
2388 5644 2715 5711 junxerunt,
2746 5650 2978 5696 aratrum
3010 5654 3116 5694 non
3148 5647 3460 5703 traxerunt,

1864 5717 2043 5771 sulcos
2064 5729 2169 5769 non
2196 5725 2541 5785 aperuerunt,
2573 5715 2756 5784 spinas
2780 5726 2888 5768 non
2915 5711 3242 5777 avulserunt,
3272 5724 3460 5765 semen

1939 5874 2016 5941 (a)
2037 5881 2145 5924 tunc
2167 5872 2348 5923 desunt
2372 5872 2421 5921 in
2441 5878 2618 5925 GItPCO.
