  <div class='ocr_page' id='page_1' title='image "/cluster/home/n/w/nwhite01/storage/ocr_20150623/48:no.1:pt.2/coo.31924054869478/564.png"; bbox 0 0 4006 6394; ppageno 0'>
   <div class='ocr_carea' id='block_1_1' title="bbox 248 417 388 476">
    <p class='ocr_par' dir='ltr' id='par_1_1' title="bbox 248 417 388 476">
     <span class='ocr_line' id='line_1_1' title="bbox 248 417 388 476; baseline 0.014 -2"><span class='ocrx_word' id='word_1_1' title='bbox 248 417 388 476; x_wconf 74' lang='grc'><strong>1085</strong></span> 
     </span>
    </p>
   </div>
   <div class='ocr_carea' id='block_1_2' title="bbox 239 525 1830 601">
    <p class='ocr_par' dir='ltr' id='par_1_2' title="bbox 239 525 1830 601">
     <span class='ocr_line' id='line_1_2' title="bbox 239 525 1830 601; baseline -0.006 -12"><span class='ocrx_word' id='word_1_2' title='bbox 239 525 351 589; x_wconf 78' lang='lat' dir='ltr'><strong>illis</strong></span> <span class='ocrx_word' id='word_1_3' title='bbox 384 540 583 588; x_wconf 61' lang='lat' dir='ltr'><strong>nostris</strong></span> <span class='ocrx_word' id='word_1_4' title='bbox 622 530 859 601; x_wconf 84' lang='lat' dir='ltr'><strong>ipsorum</strong></span> <span class='ocrx_word' id='word_1_5' title='bbox 894 526 1830 601; x_wconf 56' lang='lat' dir='ltr'><strong>infirmiuttismcmoresiteremus.</strong></span> 
     </span>
    </p>
   </div>
   <div class='ocr_carea' id='block_1_3' title="bbox 247 597 1835 667">
    <p class='ocr_par' dir='ltr' id='par_1_3' title="bbox 247 597 1835 667">
     <span class='ocr_line' id='line_1_3' title="bbox 247 597 1835 667; baseline -0.006 -8"><span class='ocrx_word' id='word_1_6' title='bbox 247 604 370 659; x_wconf 75' lang='lat' dir='ltr'><strong>ideo</strong></span> <span class='ocrx_word' id='word_1_7' title='bbox 411 603 587 657; x_wconf 89' lang='lat' dir='ltr'><strong>omnis</strong></span> <span class='ocrx_word' id='word_1_8' title='bbox 627 597 846 667; x_wconf 82' lang='lat' dir='ltr'><strong>civitas,</strong></span> <span class='ocrx_word' id='word_1_9' title='bbox 883 614 1041 653; x_wconf 89' lang='lat' dir='ltr'><strong>omne</strong></span> <span class='ocrx_word' id='word_1_10' title='bbox 1067 597 1343 653; x_wconf 87' lang='lat' dir='ltr'><strong>castellum</strong></span> <span class='ocrx_word' id='word_1_11' title='bbox 1371 607 1494 651; x_wconf 98' lang='lat' dir='ltr'><strong>ante</strong></span> <span class='ocrx_word' id='word_1_12' title='bbox 1538 597 1835 666; x_wconf 84' lang='lat' dir='ltr'><strong>ingressum</strong></span> 
     </span>
    </p>
   </div>
   <div class='ocr_carea' id='block_1_4' title="bbox 242 667 1832 742">
    <p class='ocr_par' dir='ltr' id='par_1_4' title="bbox 242 667 1832 742">
     <span class='ocr_line' id='line_1_4' title="bbox 242 667 1832 742; baseline -0.007 -12"><span class='ocrx_word' id='word_1_13' title='bbox 242 674 486 742; x_wconf 72' lang='lat' dir='ltr'><strong>sepulcra</strong></span> <span class='ocrx_word' id='word_1_14' title='bbox 516 671 710 738; x_wconf 90' lang='lat' dir='ltr'><strong>habet,</strong></span> <span class='ocrx_word' id='word_1_15' title='bbox 742 685 810 742; x_wconf 91' lang='lat' dir='ltr'><strong>ut_</strong></span> <span class='ocrx_word' id='word_1_16' title='bbox 828 671 947 742; x_wconf 87' lang='lat' dir='ltr'><strong>quis</strong></span> <span class='ocrx_word' id='word_1_17' title='bbox 975 669 1305 742; x_wconf 87' lang='lat' dir='ltr'><strong>contendens</strong></span> <span class='ocrx_word' id='word_1_18' title='bbox 1337 668 1534 742; x_wconf 76' lang='lat' dir='ltr'><strong>intrare</strong></span> <span class='ocrx_word' id='word_1_19' title='bbox 1563 668 1620 742; x_wconf 75' lang='lat' dir='ltr'><strong>in</strong></span> <span class='ocrx_word' id='word_1_20' title='bbox 1645 667 1832 742; x_wconf 76' lang='lat' dir='ltr'><strong>civita-</strong></span> 
     </span>
    </p>
   </div>
   <div class='ocr_carea' id='block_1_5' title="bbox 244 735 1839 821">
    <p class='ocr_par' dir='ltr' id='par_1_5' title="bbox 244 735 1839 821">
     <span class='ocr_line' id='line_1_5' title="bbox 244 735 1839 821; baseline -0.004 -23"><span class='ocrx_word' id='word_1_21' title='bbox 244 735 354 821; x_wconf 71' lang='lat' dir='ltr'><strong>tein</strong></span> <span class='ocrx_word' id='word_1_22' title='bbox 377 735 1000 821; x_wconf 72' lang='lat' dir='ltr'><strong>imperantem,_divitiis,</strong></span> <span class='ocrx_word' id='word_1_23' title='bbox 1031 738 1542 821; x_wconf 41' lang='lat' dir='ltr'><strong>patenum-aliisque</strong></span> <span class='ocrx_word' id='word_1_24' title='bbox 1571 735 1839 821; x_wconf 77' lang='lat' dir='ltr'><strong>dignitati-</strong></span> 
     </span>
    </p>
   </div>
   <div class='ocr_carea' id='block_1_6' title="bbox 241 808 1835 883">
    <p class='ocr_par' dir='ltr' id='par_1_6' title="bbox 241 808 1835 883">
     <span class='ocr_line' id='line_1_6' title="bbox 241 808 1835 883; baseline -0.006 -13"><span class='ocrx_word' id='word_1_25' title='bbox 241 813 346 870; x_wconf 77' lang='lat' dir='ltr'><strong>bus</strong></span> <span class='ocrx_word' id='word_1_26' title='bbox 371 808 674 883; x_wconf 77' lang='lat' dir='ltr'><strong>ﬂorentem,</strong></span> <span class='ocrx_word' id='word_1_27' title='bbox 701 808 1009 883; x_wconf 78' lang='lat' dir='ltr'><strong>priusquam</strong></span> <span class='ocrx_word' id='word_1_28' title='bbox 1034 808 1109 883; x_wconf 77' lang='lat' dir='ltr'><strong>id,</strong></span> <span class='ocrx_word' id='word_1_29' title='bbox 1139 810 1279 879; x_wconf 89' lang='lat' dir='ltr'><strong>quod</strong></span> <span class='ocrx_word' id='word_1_30' title='bbox 1303 810 1354 883; x_wconf 84' lang='lat' dir='ltr'><strong>in</strong></span> <span class='ocrx_word' id='word_1_31' title='bbox 1378 816 1556 883; x_wconf 75' lang='lat' dir='ltr'><strong>nte..te</strong></span> <span class='ocrx_word' id='word_1_32' title='bbox 1582 808 1835 883; x_wconf 82' lang='lat' dir='ltr'><strong>concipit,</strong></span> 
     </span>
    </p>
   </div>
   <div class='ocr_carea' id='block_1_7' title="bbox 244 878 1835 953">
    <p class='ocr_par' dir='ltr' id='par_1_7' title="bbox 244 878 1835 953">
     <span class='ocr_line' id='line_1_7' title="bbox 244 878 1835 953; baseline -0.005 -12"><span class='ocrx_word' id='word_1_33' title='bbox 244 891 466 946; x_wconf 87' lang='lat' dir='ltr'><strong>cernat,</strong></span> <span class='ocrx_word' id='word_1_34' title='bbox 495 882 675 938; x_wconf 92' lang='lat' dir='ltr'><strong>videat</strong></span> <span class='ocrx_word' id='word_1_35' title='bbox 701 878 837 953; x_wconf 65' lang='lat' dir='ltr'><strong>&#39;quis</strong></span> <span class='ocrx_word' id='word_1_36' title='bbox 864 878 993 953; x_wconf 70' lang='lat' dir='ltr'><strong>ipse</strong></span> <span class='ocrx_word' id='word_1_37' title='bbox 1025 878 1231 953; x_wconf 84' lang='lat' dir='ltr'><strong>futurus</strong></span> <span class='ocrx_word' id='word_1_38' title='bbox 1276 880 1364 934; x_wconf 91' lang='lat' dir='ltr'><strong>sit.</strong></span> <span class='ocrx_word' id='word_1_39' title='bbox 1397 880 1533 953; x_wconf 82' lang='lat' dir='ltr'><strong>Ante</strong></span> <span class='ocrx_word' id='word_1_40' title='bbox 1561 878 1835 943; x_wconf 82' lang='lat' dir='ltr'><strong>civitates,</strong></span> 
     </span>
    </p>
   </div>
   <div class='ocr_carea' id='block_1_8' title="bbox 245 949 1832 1027">
    <p class='ocr_par' dir='ltr' id='par_1_8' title="bbox 245 949 1832 1027">
     <span class='ocr_line' id='line_1_8' title="bbox 245 949 1832 1027; baseline -0.005 -18"><span class='ocrx_word' id='word_1_41' title='bbox 245 963 371 1010; x_wconf 84' lang='lat' dir='ltr'><strong>ante</strong></span> <span class='ocrx_word' id='word_1_42' title='bbox 398 962 701 1027; x_wconf 10' lang='lat' dir='ltr'><strong>agrosgsunt</strong></span> <span class='ocrx_word' id='word_1_43' title='bbox 726 949 969 1027; x_wconf 63' lang='lat' dir='ltr'><strong>sepulcra</strong></span> <span class='ocrx_word' id='word_1_44' title='bbox 994 969 1008 1016; x_wconf 90' lang='lat'><strong>;</strong></span> <span class='ocrx_word' id='word_1_45' title='bbox 1040 952 1235 1027; x_wconf 88' lang='lat' dir='ltr'><strong>ubique</strong></span> <span class='ocrx_word' id='word_1_46' title='bbox 1261 958 1383 1027; x_wconf 76' lang='lat' dir='ltr'><strong>ante</strong></span> <span class='ocrx_word' id='word_1_47' title='bbox 1406 949 1592 1027; x_wconf 74' lang='lat' dir='ltr'><strong>ocplos</strong></span> <span class='ocrx_word' id='word_1_48' title='bbox 1619 958 1701 1027; x_wconf 76' lang='lat' dir='ltr'><strong>est</strong></span> <span class='ocrx_word' id='word_1_49' title='bbox 1725 964 1832 1027; x_wconf 71' lang='grc' dir='ltr'><strong>μο-</strong></span> 
     </span>
    </p>
   </div>
   <div class='ocr_carea' id='block_1_9' title="bbox 247 1017 1838 1088">
    <p class='ocr_par' dir='ltr' id='par_1_9' title="bbox 247 1017 1838 1088">
     <span class='ocr_line' id='line_1_9' title="bbox 247 1017 1838 1088; baseline -0.006 -7"><span class='ocrx_word' id='word_1_50' title='bbox 247 1033 379 1081; x_wconf 74' lang='lat' dir='ltr'><strong>atra:</strong></span> <span class='ocrx_word' id='word_1_51' title='bbox 406 1017 716 1078; x_wconf 66' lang='lat' dir='ltr'><strong>humilitatis</strong></span> <span class='ocrx_word' id='word_1_52' title='bbox 745 1017 930 1077; x_wconf 79' lang='lat' dir='ltr'><strong>schola</strong></span> <span class='ocrx_word' id='word_1_53' title='bbox 960 1040 972 1074; x_wconf 90' lang='lat'>:</span> <span class='ocrx_word' id='word_1_54' title='bbox 1003 1031 1057 1077; x_wconf 90' lang='lat' dir='ltr'><strong>et</strong></span> <span class='ocrx_word' id='word_1_55' title='bbox 1082 1017 1339 1076; x_wconf 77' lang='lat' dir='ltr'><strong>docemur</strong></span> <span class='ocrx_word' id='word_1_56' title='bbox 1365 1019 1417 1074; x_wconf 92' lang='lat' dir='ltr'><strong>in</strong></span> <span class='ocrx_word' id='word_1_57' title='bbox 1460 1017 1586 1088; x_wconf 80' lang='lat' dir='ltr'><strong>quid</strong></span> <span class='ocrx_word' id='word_1_58' title='bbox 1625 1019 1838 1074; x_wconf 87' lang='lat' dir='ltr'><strong>desina-</strong></span> 
     </span>
    </p>
   </div>
   <div class='ocr_carea' id='block_1_10' title="bbox 246 1092 1836 1160">
    <p class='ocr_par' dir='ltr' id='par_1_10' title="bbox 246 1092 1836 1160">
     <span class='ocr_line' id='line_1_10' title="bbox 246 1092 1836 1160; baseline -0.005 -9"><span class='ocrx_word' id='word_1_59' title='bbox 246 1110 368 1151; x_wconf 87' lang='lat' dir='ltr'><strong>mus</strong></span> <span class='ocrx_word' id='word_1_60' title='bbox 397 1094 636 1159; x_wconf 85' lang='lat' dir='ltr'><strong>tandem,</strong></span> <span class='ocrx_word' id='word_1_61' title='bbox 669 1102 725 1150; x_wconf 87' lang='lat' dir='ltr'><strong>et</strong></span> <span class='ocrx_word' id='word_1_62' title='bbox 752 1101 878 1147; x_wconf 93' lang='lat' dir='ltr'><strong>tunc</strong></span> <span class='ocrx_word' id='word_1_63' title='bbox 905 1092 1147 1147; x_wconf 83' lang='lat' dir='ltr'><strong>videmus</strong></span> <span class='ocrx_word' id='word_1_64' title='bbox 1173 1107 1291 1160; x_wconf 77' lang='lat' dir='ltr'><strong>quae</strong></span> <span class='ocrx_word' id='word_1_65' title='bbox 1316 1092 1456 1144; x_wconf 90' lang='lat' dir='ltr'><strong>intus</strong></span> <span class='ocrx_word' id='word_1_66' title='bbox 1481 1098 1605 1144; x_wconf 89' lang='lat' dir='ltr'><strong>sunt</strong></span> <span class='ocrx_word' id='word_1_67' title='bbox 1633 1100 1836 1155; x_wconf 81' lang='lat' dir='ltr'><strong>snecta-</strong></span> 
     </span>
    </p>
   </div>
   <div class='ocr_carea' id='block_1_11' title="bbox 245 1161 1841 1235">
    <p class='ocr_par' dir='ltr' id='par_1_11' title="bbox 245 1161 1841 1235">
     <span class='ocr_line' id='line_1_11' title="bbox 245 1161 1841 1235; baseline -0.006 -13"><span class='ocrx_word' id='word_1_68' title='bbox 245 1167 367 1222; x_wconf 89' lang='lat' dir='ltr'><strong>cula</strong></span> <span class='ocrx_word' id='word_1_69' title='bbox 397 1184 411 1222; x_wconf 88' lang='lat'><strong>:</strong></span> <span class='ocrx_word' id='word_1_70' title='bbox 442 1180 615 1235; x_wconf 90' lang='lat' dir='ltr'><strong>neque</strong></span> <span class='ocrx_word' id='word_1_71' title='bbox 641 1164 726 1235; x_wconf 86' lang='lat' dir='ltr'><strong>hic</strong></span> <span class='ocrx_word' id='word_1_72' title='bbox 752 1163 950 1230; x_wconf 90' lang='lat' dir='ltr'><strong>solum,</strong></span> <span class='ocrx_word' id='word_1_73' title='bbox 981 1163 1077 1235; x_wconf 82' lang='lat' dir='ltr'><strong>sed</strong></span> <span class='ocrx_word' id='word_1_74' title='bbox 1112 1170 1168 1216; x_wconf 90' lang='lat' dir='ltr'><strong>et</strong></span> <span class='ocrx_word' id='word_1_75' title='bbox 1194 1162 1480 1230; x_wconf 80' lang='lat' dir='ltr'><strong>ingressuri</strong></span> <span class='ocrx_word' id='word_1_76' title='bbox 1506 1161 1573 1214; x_wconf 91' lang='lat' dir='ltr'><strong>ad</strong></span> <span class='ocrx_word' id='word_1_77' title='bbox 1600 1173 1841 1214; x_wconf 89' lang='lat' dir='ltr'><strong>commu-</strong></span> 
     </span>
    </p>
   </div>
   <div class='ocr_carea' id='block_1_12' title="bbox 246 1233 1836 1301">
    <p class='ocr_par' dir='ltr' id='par_1_12' title="bbox 246 1233 1836 1301">
     <span class='ocr_line' id='line_1_12' title="bbox 246 1233 1836 1301; baseline -0.008 -10"><span class='ocrx_word' id='word_1_78' title='bbox 246 1238 466 1292; x_wconf 88' lang='lat' dir='ltr'><strong>nionem</strong></span> <span class='ocrx_word' id='word_1_79' title='bbox 515 1233 661 1301; x_wconf 63' lang='lat' dir='ltr'><strong>vitat,</strong></span> <span class='ocrx_word' id='word_1_80' title='bbox 692 1234 948 1289; x_wconf 83' lang='lat' dir='ltr'><strong>docemur</strong></span> <span class='ocrx_word' id='word_1_81' title='bbox 991 1233 1250 1287; x_wconf 91' lang='lat' dir='ltr'><strong>vilitatem</strong></span> <span class='ocrx_word' id='word_1_82' title='bbox 1300 1245 1564 1285; x_wconf 87' lang='lat' dir='ltr'><strong>summam</strong></span> <span class='ocrx_word' id='word_1_83' title='bbox 1613 1239 1836 1301; x_wconf 40' lang='lat' dir='ltr'><strong>natura;</strong></span> 
     </span>
    </p>
   </div>
   <div class='ocr_carea' id='block_1_13' title="bbox 243 1300 1841 1377">
    <p class='ocr_par' dir='ltr' id='par_1_13' title="bbox 243 1300 1841 1377">
     <span class='ocr_line' id='line_1_13' title="bbox 243 1300 1841 1377; baseline -0.005 -16"><span class='ocrx_word' id='word_1_84' title='bbox 243 1308 405 1377; x_wconf 56' lang='lat' dir='ltr'><strong>Sapo</strong></span> <span class='ocrx_word' id='word_1_85' title='bbox 429 1307 511 1360; x_wconf 90' lang='lat' dir='ltr'><strong>vir</strong></span> <span class='ocrx_word' id='word_1_86' title='bbox 531 1300 990 1377; x_wconf 71' lang='lat' dir='ltr'><strong>quandouxorem</strong></span> <span class='ocrx_word' id='word_1_87' title='bbox 1012 1304 1210 1377; x_wconf 80' lang='lat' dir='ltr'><strong>ducere</strong></span> <span class='ocrx_word' id='word_1_88' title='bbox 1234 1302 1367 1361; x_wconf 86' lang='lat' dir='ltr'><strong>vult.</strong></span> <span class='ocrx_word' id='word_1_89' title='bbox 1392 1301 1580 1355; x_wconf 80' lang='lat' dir='ltr'><strong>scriba:</strong></span> <span class='ocrx_word' id='word_1_90' title='bbox 1602 1300 1841 1377; x_wconf 71' lang='lat' dir='ltr'><strong>suggerit</strong></span> 
     </span>
    </p>
   </div>
   <div class='ocr_carea' id='block_1_14' title="bbox 242 1371 1838 1442">
    <p class='ocr_par' dir='ltr' id='par_1_14' title="bbox 242 1371 1838 1442">
     <span class='ocr_line' id='line_1_14' title="bbox 242 1371 1838 1442; baseline -0.006 -9"><span class='ocrx_word' id='word_1_91' title='bbox 242 1371 445 1433; x_wconf 78' lang='lat' dir='ltr'><strong>dotalia</strong></span> <span class='ocrx_word' id='word_1_92' title='bbox 471 1371 713 1432; x_wconf 80' lang='lat' dir='ltr'><strong>munera.</strong></span> <span class='ocrx_word' id='word_1_93' title='bbox 743 1374 991 1429; x_wconf 85' lang='lat' dir='ltr'><strong>Nondum</strong></span> <span class='ocrx_word' id='word_1_94' title='bbox 1019 1374 1208 1442; x_wconf 85' lang='lat' dir='ltr'><strong>copula</strong></span> <span class='ocrx_word' id='word_1_95' title='bbox 1226 1412 1245 1440; x_wconf 95' lang='lat'><strong>,</strong></span> <span class='ocrx_word' id='word_1_96' title='bbox 1271 1380 1328 1427; x_wconf 89' lang='lat' dir='ltr'><strong>et</strong></span> <span class='ocrx_word' id='word_1_97' title='bbox 1356 1385 1504 1425; x_wconf 89' lang='lat' dir='ltr'><strong>mors</strong></span> <span class='ocrx_word' id='word_1_98' title='bbox 1532 1372 1709 1424; x_wconf 81' lang='lat' dir='ltr'><strong>Statim</strong></span> <span class='ocrx_word' id='word_1_99' title='bbox 1741 1371 1838 1424; x_wconf 92' lang='lat' dir='ltr'><strong>de-</strong></span> 
     </span>
    </p>
   </div>
   <div class='ocr_carea' id='block_1_15' title="bbox 243 1442 1841 1511">
    <p class='ocr_par' dir='ltr' id='par_1_15' title="bbox 243 1442 1841 1511">
     <span class='ocr_line' id='line_1_15' title="bbox 243 1442 1841 1511; baseline -0.006 -8"><span class='ocrx_word' id='word_1_100' title='bbox 243 1448 499 1503; x_wconf 78' lang='lat' dir='ltr'><strong>scribitur</strong></span> <span class='ocrx_word' id='word_1_101' title='bbox 538 1463 551 1499; x_wconf 88' lang='lat'>:</span> <span class='ocrx_word' id='word_1_102' title='bbox 598 1445 835 1500; x_wconf 90' lang='lat' dir='ltr'><strong>nondum</strong></span> <span class='ocrx_word' id='word_1_103' title='bbox 864 1445 1142 1499; x_wconf 90' lang='lat' dir='ltr'><strong>consortio</strong></span> <span class='ocrx_word' id='word_1_104' title='bbox 1165 1453 1219 1497; x_wconf 93' lang='lat' dir='ltr'><strong>et</strong></span> <span class='ocrx_word' id='word_1_105' title='bbox 1263 1442 1463 1511; x_wconf 85' lang='lat' dir='ltr'><strong>nuptiis</strong></span> <span class='ocrx_word' id='word_1_106' title='bbox 1491 1455 1620 1495; x_wconf 89' lang='lat' dir='ltr'><strong>usus</strong></span> <span class='ocrx_word' id='word_1_107' title='bbox 1645 1451 1721 1495; x_wconf 89' lang='lat' dir='ltr'><strong>est</strong></span> <span class='ocrx_word' id='word_1_108' title='bbox 1741 1480 1757 1506; x_wconf 93' lang='lat'><strong>,</strong></span> <span class='ocrx_word' id='word_1_109' title='bbox 1786 1448 1841 1495; x_wconf 91' lang='lat' dir='ltr'><strong>et</strong></span> 
     </span>
    </p>
   </div>
   <div class='ocr_carea' id='block_1_16' title="bbox 242 1510 1839 1581">
    <p class='ocr_par' dir='ltr' id='par_1_16' title="bbox 242 1510 1839 1581">
     <span class='ocr_line' id='line_1_16' title="bbox 242 1510 1839 1581; baseline -0.006 -9"><span class='ocrx_word' id='word_1_110' title='bbox 242 1525 474 1572; x_wconf 83' lang='lat' dir='ltr'><strong>mortem</strong></span> <span class='ocrx_word' id='word_1_111' title='bbox 496 1516 675 1571; x_wconf 86' lang='lat' dir='ltr'><strong>statim</strong></span> <span class='ocrx_word' id='word_1_112' title='bbox 694 1515 898 1571; x_wconf 88' lang='lat' dir='ltr'><strong>delinit.</strong></span> <span class='ocrx_word' id='word_1_113' title='bbox 923 1514 1167 1569; x_wconf 86' lang='lat' dir='ltr'><strong>Nondum</strong></span> <span class='ocrx_word' id='word_1_114' title='bbox 1192 1510 1408 1581; x_wconf 85' lang='lat' dir='ltr'><strong>nuptam</strong></span> <span class='ocrx_word' id='word_1_115' title='bbox 1434 1510 1586 1578; x_wconf 86' lang='lat' dir='ltr'><strong>vidit,</strong></span> <span class='ocrx_word' id='word_1_116' title='bbox 1611 1520 1667 1565; x_wconf 91' lang='lat' dir='ltr'><strong>et</strong></span> <span class='ocrx_word' id='word_1_117' title='bbox 1695 1527 1839 1564; x_wconf 90' lang='lat' dir='ltr'><strong>mor-</strong></span> 
     </span>
    </p>
   </div>
   <div class='ocr_carea' id='block_1_17' title="bbox 242 1582 1835 1656">
    <p class='ocr_par' dir='ltr' id='par_1_17' title="bbox 242 1582 1835 1656">
     <span class='ocr_line' id='line_1_17' title="bbox 242 1582 1835 1656; baseline -0.007 -14"><span class='ocrx_word' id='word_1_118' title='bbox 242 1591 315 1643; x_wconf 79' lang='lat' dir='ltr'><strong>tis</strong></span> <span class='ocrx_word' id='word_1_119' title='bbox 335 1588 591 1642; x_wconf 88' lang='lat' dir='ltr'><strong>adversus</strong></span> <span class='ocrx_word' id='word_1_120' title='bbox 618 1587 876 1656; x_wconf 79' lang='lat' dir='ltr'><strong>seipstnn,</strong></span> <span class='ocrx_word' id='word_1_121' title='bbox 901 1595 957 1640; x_wconf 91' lang='lat' dir='ltr'><strong>et</strong></span> <span class='ocrx_word' id='word_1_122' title='bbox 984 1585 1243 1656; x_wconf 85' lang='lat' dir='ltr'><strong>adversus</strong></span> <span class='ocrx_word' id='word_1_123' title='bbox 1268 1584 1413 1656; x_wconf 80' lang='lat' dir='ltr'><strong>illam</strong></span> <span class='ocrx_word' id='word_1_124' title='bbox 1443 1582 1835 1656; x_wconf 35' lang='lat' dir='ltr'><strong>calculos‘pro-</strong></span> 
     </span>
    </p>
   </div>
   <div class='ocr_carea' id='block_1_18' title="bbox 246 1650 1844 1727">
    <p class='ocr_par' dir='ltr' id='par_1_18' title="bbox 246 1650 1844 1727">
     <span class='ocr_line' id='line_1_18' title="bbox 246 1650 1844 1727; baseline -0.004 -16"><span class='ocrx_word' id='word_1_125' title='bbox 246 1658 435 1727; x_wconf 87' lang='lat' dir='ltr'><strong>ponit,</strong></span> <span class='ocrx_word' id='word_1_126' title='bbox 466 1672 530 1713; x_wconf 88' lang='lat' dir='ltr'><strong>ac</strong></span> <span class='ocrx_word' id='word_1_127' title='bbox 555 1650 743 1711; x_wconf 85' lang='lat' dir='ltr'><strong>scribit</strong></span> <span class='ocrx_word' id='word_1_128' title='bbox 769 1656 821 1710; x_wconf 89' lang='lat' dir='ltr'><strong>in</strong></span> <span class='ocrx_word' id='word_1_129' title='bbox 851 1650 991 1727; x_wconf 83' lang='lat' dir='ltr'><strong>hunc</strong></span> <span class='ocrx_word' id='word_1_130' title='bbox 1014 1654 1250 1727; x_wconf 69' lang='lat' dir='ltr'><strong>modum</strong></span> <span class='ocrx_word' id='word_1_131' title='bbox 1283 1670 1299 1707; x_wconf 88' lang='lat'><strong>:</strong></span> <span class='ocrx_word' id='word_1_132' title='bbox 1324 1653 1375 1727; x_wconf 80' lang='lat' dir='ltr'><strong>si</strong></span> <span class='ocrx_word' id='word_1_133' title='bbox 1412 1661 1657 1727; x_wconf 77' lang='lat' dir='ltr'><strong>mortuus</strong></span> <span class='ocrx_word' id='word_1_134' title='bbox 1682 1650 1844 1727; x_wconf 78' lang='lat' dir='ltr'><strong>fuerit</strong></span> 
     </span>
    </p>
   </div>
   <div class='ocr_carea' id='block_1_19' title="bbox 242 1722 1841 1791">
    <p class='ocr_par' dir='ltr' id='par_1_19' title="bbox 242 1722 1841 1791">
     <span class='ocr_line' id='line_1_19' title="bbox 242 1722 1841 1791; baseline -0.004 -10"><span class='ocrx_word' id='word_1_135' title='bbox 242 1722 329 1783; x_wconf 78' lang='lat' dir='ltr'><strong>vir</strong></span> <span class='ocrx_word' id='word_1_136' title='bbox 353 1722 476 1782; x_wconf 83' lang='lat' dir='ltr'><strong>ante</strong></span> <span class='ocrx_word' id='word_1_137' title='bbox 502 1728 803 1791; x_wconf 90' lang='lat' dir='ltr'><strong>mulierem,</strong></span> <span class='ocrx_word' id='word_1_138' title='bbox 833 1725 878 1779; x_wconf 91' lang='lat' dir='ltr'><strong>si</strong></span> <span class='ocrx_word' id='word_1_139' title='bbox 921 1725 1112 1780; x_wconf 88' lang='lat' dir='ltr'><strong>mulier</strong></span> <span class='ocrx_word' id='word_1_140' title='bbox 1130 1733 1262 1779; x_wconf 83' lang='lat' dir='ltr'><strong>ante</strong></span> <span class='ocrx_word' id='word_1_141' title='bbox 1292 1724 1487 1788; x_wconf 87' lang='lat' dir='ltr'><strong>virum,</strong></span> <span class='ocrx_word' id='word_1_142' title='bbox 1523 1722 1627 1777; x_wconf 89' lang='lat' dir='ltr'><strong>hoc</strong></span> <span class='ocrx_word' id='word_1_143' title='bbox 1652 1730 1709 1776; x_wconf 85' lang='lat' dir='ltr'><strong>et</strong></span> <span class='ocrx_word' id='word_1_144' title='bbox 1734 1723 1841 1775; x_wconf 84' lang='lat' dir='ltr'><strong>boc</strong></span> 
     </span>
    </p>
   </div>
   <div class='ocr_carea' id='block_1_20' title="bbox 244 1792 1841 1867">
    <p class='ocr_par' dir='ltr' id='par_1_20' title="bbox 244 1792 1841 1867">
     <span class='ocr_line' id='line_1_20' title="bbox 244 1792 1841 1867; baseline -0.005 -13"><span class='ocrx_word' id='word_1_145' title='bbox 244 1799 583 1867; x_wconf 85' lang='lat' dir='ltr'><strong>disponatur.</strong></span> <span class='ocrx_word' id='word_1_146' title='bbox 630 1797 719 1853; x_wconf 90' lang='lat' dir='ltr'><strong>Sic</strong></span> <span class='ocrx_word' id='word_1_147' title='bbox 747 1796 986 1850; x_wconf 73' lang='lat' dir='ltr'><strong>formatae</strong></span> <span class='ocrx_word' id='word_1_148' title='bbox 1023 1805 1147 1849; x_wconf 91' lang='lat' dir='ltr'><strong>sunt</strong></span> <span class='ocrx_word' id='word_1_149' title='bbox 1177 1794 1363 1864; x_wconf 69' lang='lat' dir='ltr'><strong>patriar.</strong></span> <span class='ocrx_word' id='word_1_150' title='bbox 1408 1793 1552 1863; x_wconf 87' lang='lat' dir='ltr'><strong>leges</strong></span> <span class='ocrx_word' id='word_1_151' title='bbox 1590 1808 1616 1867; x_wconf 90' lang='lat'><strong>:_</strong></span> <span class='ocrx_word' id='word_1_152' title='bbox 1646 1792 1841 1862; x_wconf 83' lang='lat' dir='ltr'><strong>ubique</strong></span> 
     </span>
    </p>
   </div>
   <div class='ocr_carea' id='block_1_21' title="bbox 241 1863 1838 1925">
    <p class='ocr_par' dir='ltr' id='par_1_21' title="bbox 241 1863 1838 1925">
     <span class='ocr_line' id='line_1_21' title="bbox 241 1863 1838 1925; baseline -0.005 0"><span class='ocrx_word' id='word_1_153' title='bbox 241 1863 494 1925; x_wconf 77' lang='lat' dir='ltr'><strong>omnibus</strong></span> <span class='ocrx_word' id='word_1_154' title='bbox 526 1878 733 1921; x_wconf 70' lang='lat' dir='ltr'><strong>nstin-zu</strong></span> <span class='ocrx_word' id='word_1_155' title='bbox 768 1873 891 1920; x_wconf 55' lang='lat' dir='ltr'><strong>sunt</strong></span> <span class='ocrx_word' id='word_1_156' title='bbox 912 1863 1256 1920; x_wconf 86' lang='lat' dir='ltr'><strong>monumenta</strong></span> <span class='ocrx_word' id='word_1_157' title='bbox 1288 1881 1301 1917; x_wconf 89' lang='lat'><strong>:</strong></span> <span class='ocrx_word' id='word_1_158' title='bbox 1332 1876 1392 1919; x_wconf 88' lang='lat' dir='ltr'><strong>et</strong></span> <span class='ocrx_word' id='word_1_159' title='bbox 1414 1877 1517 1917; x_wconf 84' lang='lat' dir='ltr'><strong>non</strong></span> <span class='ocrx_word' id='word_1_160' title='bbox 1537 1863 1714 1917; x_wconf 80' lang='lat' dir='ltr'><strong>solum</strong></span> <span class='ocrx_word' id='word_1_161' title='bbox 1738 1879 1838 1917; x_wconf 82' lang='lat' dir='ltr'><strong>eo-</strong></span> 
     </span>
    </p>
   </div>
   <div class='ocr_carea' id='block_1_22' title="bbox 243 1934 1835 2008">
    <p class='ocr_par' dir='ltr' id='par_1_22' title="bbox 243 1934 1835 2008">
     <span class='ocr_line' id='line_1_22' title="bbox 243 1934 1835 2008; baseline -0.004 -13"><span class='ocrx_word' id='word_1_162' title='bbox 243 1957 366 1995; x_wconf 85' lang='lat' dir='ltr'><strong>rum</strong></span> <span class='ocrx_word' id='word_1_163' title='bbox 397 1940 487 2008; x_wconf 86' lang='lat' dir='ltr'><strong>qui</strong></span> <span class='ocrx_word' id='word_1_164' title='bbox 514 1948 639 1994; x_wconf 76' lang='lat' dir='ltr'><strong>sunt</strong></span> <span class='ocrx_word' id='word_1_165' title='bbox 662 1948 720 1994; x_wconf 85' lang='lat' dir='ltr'><strong>et</strong></span> <span class='ocrx_word' id='word_1_166' title='bbox 758 1937 971 2008; x_wconf 84' lang='lat' dir='ltr'><strong>vivunt,</strong></span> <span class='ocrx_word' id='word_1_167' title='bbox 1010 1935 1481 2008; x_wconf 80' lang='lat' dir='ltr'><strong>mortisferuntur</strong></span> <span class='ocrx_word' id='word_1_168' title='bbox 1505 1934 1791 2008; x_wconf 66' lang='lat' dir='ltr'><strong>sententia:</strong></span> <span class='ocrx_word' id='word_1_169' title='bbox 1821 1951 1835 2008; x_wconf 68' lang='grc' dir='ltr'>ς</span> 
     </span>
    </p>
   </div>
   <div class='ocr_carea' id='block_1_23' title="bbox 242 2005 1846 2079">
    <p class='ocr_par' dir='ltr' id='par_1_23' title="bbox 242 2005 1846 2079">
     <span class='ocr_line' id='line_1_23' title="bbox 242 2005 1846 2079; baseline -0.004 -14"><span class='ocrx_word' id='word_1_170' title='bbox 242 2010 344 2065; x_wconf 87' lang='lat' dir='ltr'><strong>sed</strong></span> <span class='ocrx_word' id='word_1_171' title='bbox 365 2005 628 2067; x_wconf 76' lang='lat' dir='ltr'><strong>eteorum</strong></span> <span class='ocrx_word' id='word_1_172' title='bbox 659 2008 746 2079; x_wconf 90' lang='lat' dir='ltr'><strong>qui</strong></span> <span class='ocrx_word' id='word_1_173' title='bbox 770 2007 1002 2079; x_wconf 82' lang='lat' dir='ltr'><strong>nondum</strong></span> <span class='ocrx_word' id='word_1_174' title='bbox 1033 2009 1165 2062; x_wconf 87' lang='lat' dir='ltr'><strong>nati.</strong></span> <span class='ocrx_word' id='word_1_175' title='bbox 1193 2006 1330 2073; x_wconf 84' lang='lat' dir='ltr'><strong>Quid</strong></span> <span class='ocrx_word' id='word_1_176' title='bbox 1357 2007 1499 2079; x_wconf 76' lang='lat' dir='ltr'><strong>enim</strong></span> <span class='ocrx_word' id='word_1_177' title='bbox 1530 2005 1665 2079; x_wconf 83' lang='lat' dir='ltr'><strong>ultra</strong></span> <span class='ocrx_word' id='word_1_178' title='bbox 1690 2005 1846 2058; x_wconf 71' lang='lat' dir='ltr'><strong>dict?</strong></span> 
     </span>
    </p>
   </div>
   <div class='ocr_carea' id='block_1_24' title="bbox 241 2073 1842 2147">
    <p class='ocr_par' dir='ltr' id='par_1_24' title="bbox 241 2073 1842 2147">
     <span class='ocr_line' id='line_1_24' title="bbox 241 2073 1842 2147; baseline -0.004 -13"><span class='ocrx_word' id='word_1_179' title='bbox 241 2082 401 2147; x_wconf 82' lang='lat' dir='ltr'><strong>Quod</strong></span> <span class='ocrx_word' id='word_1_180' title='bbox 432 2082 475 2134; x_wconf 92' lang='lat' dir='ltr'><strong>si</strong></span> <span class='ocrx_word' id='word_1_181' title='bbox 505 2073 849 2134; x_wconf 65' lang='lat' dir='ltr'><strong>natus&#39;fuerit</strong></span> <span class='ocrx_word' id='word_1_182' title='bbox 878 2077 1018 2131; x_wconf 82' lang='lat' dir='ltr'><strong>ﬁlius</strong></span> <span class='ocrx_word' id='word_1_183' title='bbox 1037 2119 1053 2143; x_wconf 92' lang='lat'><strong>,</strong></span> <span class='ocrx_word' id='word_1_184' title='bbox 1080 2088 1135 2132; x_wconf 90' lang='lat' dir='ltr'><strong>et</strong></span> <span class='ocrx_word' id='word_1_185' title='bbox 1178 2086 1431 2147; x_wconf 13' lang='lat' dir='ltr'><strong>mortuus,</strong></span> <span class='ocrx_word' id='word_1_186' title='bbox 1450 2073 1608 2147; x_wconf 84' lang='lat' dir='ltr'><strong>fuerit</strong></span> <span class='ocrx_word' id='word_1_187' title='bbox 1644 2091 1660 2147; x_wconf 68' lang='grc' dir='ltr'><strong><em>ς</em></strong></span> <span class='ocrx_word' id='word_1_188' title='bbox 1705 2090 1842 2128; x_wconf 82' lang='lat' dir='ltr'><strong>non-</strong></span> 
     </span>
    </p>
   </div>
   <div class='ocr_carea' id='block_1_25' title="bbox 242 2145 1838 2216">
    <p class='ocr_par' dir='ltr' id='par_1_25' title="bbox 242 2145 1838 2216">
     <span class='ocr_line' id='line_1_25' title="bbox 242 2145 1838 2216; baseline -0.003 -11"><span class='ocrx_word' id='word_1_189' title='bbox 242 2145 374 2205; x_wconf 78' lang='lat' dir='ltr'><strong>dum</strong></span> <span class='ocrx_word' id='word_1_190' title='bbox 422 2150 660 2215; x_wconf 87' lang='lat' dir='ltr'><strong>fructus,</strong></span> <span class='ocrx_word' id='word_1_191' title='bbox 702 2157 758 2204; x_wconf 91' lang='lat' dir='ltr'><strong>et</strong></span> <span class='ocrx_word' id='word_1_192' title='bbox 782 2149 1047 2203; x_wconf 84' lang='lat' dir='ltr'><strong>sententia</strong></span> <span class='ocrx_word' id='word_1_193' title='bbox 1080 2148 1186 2202; x_wconf 87' lang='lat' dir='ltr'><strong>lata</strong></span> <span class='ocrx_word' id='word_1_194' title='bbox 1221 2155 1323 2202; x_wconf 89' lang='lat' dir='ltr'><strong>est.</strong></span> <span class='ocrx_word' id='word_1_195' title='bbox 1361 2146 1528 2216; x_wconf 87' lang='lat' dir='ltr'><strong>Igitur</strong></span> <span class='ocrx_word' id='word_1_196' title='bbox 1555 2145 1609 2200; x_wconf 90' lang='lat' dir='ltr'><strong>in</strong></span> <span class='ocrx_word' id='word_1_197' title='bbox 1640 2146 1838 2216; x_wconf 75' lang='lat' dir='ltr'><strong>instru-</strong></span> 
     </span>
    </p>
   </div>
   <div class='ocr_carea' id='block_1_26' title="bbox 241 2214 1834 2290">
    <p class='ocr_par' dir='ltr' id='par_1_26' title="bbox 241 2214 1834 2290">
     <span class='ocr_line' id='line_1_26' title="bbox 241 2214 1834 2290; baseline -0.004 -13"><span class='ocrx_word' id='word_1_198' title='bbox 241 2221 445 2277; x_wconf 86' lang='lat' dir='ltr'><strong>mentis</strong></span> <span class='ocrx_word' id='word_1_199' title='bbox 471 2214 686 2290; x_wconf 84' lang='lat' dir='ltr'><strong>quidem</strong></span> <span class='ocrx_word' id='word_1_200' title='bbox 715 2220 956 2288; x_wconf 90' lang='lat' dir='ltr'><strong>agnoscit</strong></span> <span class='ocrx_word' id='word_1_201' title='bbox 979 2218 1358 2290; x_wconf 12' lang='lat' dir='ltr'><strong>naturam,gsic</strong></span> <span class='ocrx_word' id='word_1_202' title='bbox 1381 2214 1580 2290; x_wconf 69' lang='lat' dir='ltr'><strong>cavens</strong></span> <span class='ocrx_word' id='word_1_203' title='bbox 1608 2234 1621 2268; x_wconf 89' lang='lat'><strong>:</strong></span> <span class='ocrx_word' id='word_1_204' title='bbox 1648 2214 1709 2290; x_wconf 78' lang='lat' dir='ltr'><strong>Si</strong></span> <span class='ocrx_word' id='word_1_205' title='bbox 1738 2231 1834 2271; x_wconf 84' lang='lat' dir='ltr'><strong>au-</strong></span> 
     </span>
    </p>
   </div>
   <div class='ocr_carea' id='block_1_27' title="bbox 244 2288 1838 2361">
    <p class='ocr_par' dir='ltr' id='par_1_27' title="bbox 244 2288 1838 2361">
     <span class='ocr_line' id='line_1_27' title="bbox 244 2288 1838 2361; baseline -0.004 -14"><span class='ocrx_word' id='word_1_206' title='bbox 244 2303 358 2347; x_wconf 89' lang='lat' dir='ltr'><strong>tem</strong></span> <span class='ocrx_word' id='word_1_207' title='bbox 397 2288 524 2361; x_wconf 85' lang='lat' dir='ltr'><strong>quid</strong></span> <span class='ocrx_word' id='word_1_208' title='bbox 575 2291 864 2345; x_wconf 88' lang='lat' dir='ltr'><strong>humanum</strong></span> <span class='ocrx_word' id='word_1_209' title='bbox 897 2290 1147 2361; x_wconf 85' lang='lat' dir='ltr'><strong>patiatur,</strong></span> <span class='ocrx_word' id='word_1_210' title='bbox 1193 2288 1279 2344; x_wconf 91' lang='lat' dir='ltr'><strong>vel</strong></span> <span class='ocrx_word' id='word_1_211' title='bbox 1323 2288 1516 2361; x_wconf 78' lang='lat' dir='ltr'><strong>mulier</strong></span> <span class='ocrx_word' id='word_1_212' title='bbox 1560 2288 1838 2361; x_wconf 74' lang='lat' dir='ltr'><strong>moriatur,</strong></span> 
     </span>
    </p>
   </div>
   <div class='ocr_carea' id='block_1_28' title="bbox 243 2358 1840 2432">
    <p class='ocr_par' dir='ltr' id='par_1_28' title="bbox 243 2358 1840 2432">
     <span class='ocr_line' id='line_1_28' title="bbox 243 2358 1840 2432; baseline -0.004 -14"><span class='ocrx_word' id='word_1_213' title='bbox 243 2358 579 2418; x_wconf 59' lang='lat' dir='ltr'><strong>obliviécitur</strong></span> <span class='ocrx_word' id='word_1_214' title='bbox 606 2375 792 2416; x_wconf 89' lang='lat' dir='ltr'><strong>eorum</strong></span> <span class='ocrx_word' id='word_1_215' title='bbox 822 2358 943 2432; x_wconf 69' lang='lat' dir='ltr'><strong>quis</strong></span> <span class='ocrx_word' id='word_1_216' title='bbox 970 2360 1283 2432; x_wconf 67' lang='lat' dir='ltr'><strong>scripsit,_et</strong></span> <span class='ocrx_word' id='word_1_217' title='bbox 1311 2358 1531 2413; x_wconf 79' lang='lat' dir='ltr'><strong>alterius</strong></span> <span class='ocrx_word' id='word_1_218' title='bbox 1564 2358 1840 2432; x_wconf 71' lang='lat' dir='ltr'><strong>tragtediae</strong></span> 
     </span>
    </p>
   </div>
   <div class='ocr_carea' id='block_1_29' title="bbox 245 2428 1843 2500">
    <p class='ocr_par' dir='ltr' id='par_1_29' title="bbox 245 2428 1843 2500">
     <span class='ocr_line' id='line_1_29' title="bbox 245 2428 1843 2500; baseline -0.002 -13"><span class='ocrx_word' id='word_1_219' title='bbox 245 2433 414 2489; x_wconf 87' lang='lat' dir='ltr'><strong>verba</strong></span> <span class='ocrx_word' id='word_1_220' title='bbox 460 2432 694 2500; x_wconf 87' lang='lat' dir='ltr'><strong>profert,</strong></span> <span class='ocrx_word' id='word_1_221' title='bbox 738 2440 794 2485; x_wconf 90' lang='lat' dir='ltr'><strong>et</strong></span> <span class='ocrx_word' id='word_1_222' title='bbox 818 2428 957 2485; x_wconf 37' lang='lat' dir='ltr'><strong>[haec</strong></span> <span class='ocrx_word' id='word_1_223' title='bbox 984 2428 1152 2485; x_wconf 86' lang='lat' dir='ltr'><strong>dicit:</strong></span> <span class='ocrx_word' id='word_1_224' title='bbox 1182 2430 1347 2500; x_wconf 14' lang='lat' dir='ltr'><strong>Mene,</strong></span> <span class='ocrx_word' id='word_1_225' title='bbox 1390 2428 1675 2499; x_wconf 89' lang='lat' dir='ltr'><strong>oportebat</strong></span> <span class='ocrx_word' id='word_1_226' title='bbox 1726 2429 1843 2500; x_wconf 66' lang='lat' dir='ltr'><strong>haec</strong></span> 
     </span>
    </p>
   </div>
   <div class='ocr_carea' id='block_1_30' title="bbox 216 2498 1835 2576">
    <p class='ocr_par' dir='ltr' id='par_1_30' title="bbox 216 2498 1835 2576">
     <span class='ocr_line' id='line_1_30' title="bbox 216 2498 1835 2576; baseline 0.002 -25"><span class='ocrx_word' id='word_1_227' title='bbox 216 2503 397 2576; x_wconf 69' lang='lat' dir='ltr'><strong>pati?</strong></span> <span class='ocrx_word' id='word_1_228' title='bbox 428 2498 579 2576; x_wconf 72' lang='lat' dir='ltr'><strong>Hunc</strong></span> <span class='ocrx_word' id='word_1_229' title='bbox 604 2510 813 2576; x_wconf 72' lang='lat' dir='ltr'><strong>tantum</strong></span> <span class='ocrx_word' id='word_1_230' title='bbox 837 2502 987 2576; x_wconf 85' lang='lat' dir='ltr'><strong>potui</strong></span> <span class='ocrx_word' id='word_1_231' title='bbox 1017 2515 1236 2576; x_wconf 74' lang='lat' dir='ltr'><strong>sperare</strong></span> <span class='ocrx_word' id='word_1_232' title='bbox 1264 2498 1530 2576; x_wconf 75' lang='lat' dir='ltr'><strong>dolorem,</strong></span> <span class='ocrx_word' id='word_1_233' title='bbox 1561 2506 1619 2552; x_wconf 89' lang='lat' dir='ltr'><strong>ut</strong></span> <span class='ocrx_word' id='word_1_234' title='bbox 1643 2499 1835 2570; x_wconf 88' lang='lat' dir='ltr'><strong>conju-</strong></span> 
     </span>
    </p>
   </div>
   <div class='ocr_carea' id='block_1_31' title="bbox 245 2569 1842 2645">
    <p class='ocr_par' dir='ltr' id='par_1_31' title="bbox 245 2569 1842 2645">
     <span class='ocr_line' id='line_1_31' title="bbox 245 2569 1842 2645; baseline -0.006 -12"><span class='ocrx_word' id='word_1_235' title='bbox 245 2569 342 2645; x_wconf 58' lang='grc' dir='ltr'><strong>με)</strong></span> <span class='ocrx_word' id='word_1_236' title='bbox 388 2573 667 2645; x_wconf 77' lang='lat' dir='ltr'><strong>privarer?</strong></span> <span class='ocrx_word' id='word_1_237' title='bbox 712 2569 854 2639; x_wconf 85' lang='lat' dir='ltr'><strong>Quid</strong></span> <span class='ocrx_word' id='word_1_238' title='bbox 900 2569 1092 2642; x_wconf 82' lang='lat' dir='ltr'><strong>igitur?</strong></span> <span class='ocrx_word' id='word_1_239' title='bbox 1120 2569 1464 2645; x_wconf 80' lang='lat' dir='ltr'><strong>Oblivisceris</strong></span> <span class='ocrx_word' id='word_1_240' title='bbox 1503 2584 1693 2624; x_wconf 89' lang='lat' dir='ltr'><strong>eorum</strong></span> <span class='ocrx_word' id='word_1_241' title='bbox 1721 2585 1842 2645; x_wconf 63' lang='lat' dir='ltr'><strong>quae</strong></span> 
     </span>
    </p>
   </div>
   <div class='ocr_carea' id='block_1_32' title="bbox 243 2643 1843 2712">
    <p class='ocr_par' dir='ltr' id='par_1_32' title="bbox 243 2643 1843 2712">
     <span class='ocr_line' id='line_1_32' title="bbox 243 2643 1843 2712; baseline -0.003 -12"><span class='ocrx_word' id='word_1_242' title='bbox 243 2643 544 2712; x_wconf 78' lang='lat' dir='ltr'><strong>scripsisti?</strong></span> <span class='ocrx_word' id='word_1_243' title='bbox 588 2653 642 2698; x_wconf 87' lang='lat' dir='ltr'><strong>et</strong></span> <span class='ocrx_word' id='word_1_244' title='bbox 679 2657 802 2698; x_wconf 87' lang='lat' dir='ltr'><strong>eum</strong></span> <span class='ocrx_word' id='word_1_245' title='bbox 833 2652 991 2698; x_wconf 83' lang='lat' dir='ltr'><strong>extra</strong></span> <span class='ocrx_word' id='word_1_246' title='bbox 1020 2643 1295 2712; x_wconf 80' lang='lat' dir='ltr'><strong>negotium</strong></span> <span class='ocrx_word' id='word_1_247' title='bbox 1324 2655 1479 2705; x_wconf 83' lang='lat' dir='ltr'><strong>eras,</strong></span> <span class='ocrx_word' id='word_1_248' title='bbox 1512 2643 1843 2712; x_wconf 86' lang='lat' dir='ltr'><strong>agnoscebas</strong></span> 
     </span>
    </p>
   </div>
   <div class='ocr_carea' id='block_1_33' title="bbox 248 2710 1841 2783">
    <p class='ocr_par' dir='ltr' id='par_1_33' title="bbox 248 2710 1841 2783">
     <span class='ocr_line' id='line_1_33' title="bbox 248 2710 1841 2783; baseline -0.003 -13"><span class='ocrx_word' id='word_1_249' title='bbox 248 2710 458 2770; x_wconf 64' lang='lat' dir='ltr'><strong>natura:</strong></span> <span class='ocrx_word' id='word_1_250' title='bbox 499 2712 697 2768; x_wconf 75' lang='lat' dir='ltr'><strong>limites</strong></span> <span class='ocrx_word' id='word_1_251' title='bbox 726 2729 740 2766; x_wconf 89' lang='lat'><strong>:</strong></span> <span class='ocrx_word' id='word_1_252' title='bbox 783 2711 997 2783; x_wconf 84' lang='lat' dir='ltr'><strong>quando</strong></span> <span class='ocrx_word' id='word_1_253' title='bbox 1037 2710 1216 2768; x_wconf 79' lang='lat' dir='ltr'><strong>autem</strong></span> <span class='ocrx_word' id='word_1_254' title='bbox 1258 2712 1311 2783; x_wconf 80' lang='lat' dir='ltr'><strong>in</strong></span> <span class='ocrx_word' id='word_1_255' title='bbox 1342 2726 1539 2783; x_wconf 14' lang='lat' dir='ltr'><strong>casum,</strong></span> <span class='ocrx_word' id='word_1_256' title='bbox 1570 2710 1841 2779; x_wconf 89' lang='lat' dir='ltr'><strong>incidisti,</strong></span> 
     </span>
    </p>
   </div>
   <div class='ocr_carea' id='block_1_34' title="bbox 248 2781 1842 2854">
    <p class='ocr_par' dir='ltr' id='par_1_34' title="bbox 248 2781 1842 2854">
     <span class='ocr_line' id='line_1_34' title="bbox 248 2781 1842 2854; baseline -0.004 -12"><span class='ocrx_word' id='word_1_257' title='bbox 248 2785 590 2842; x_wconf 79' lang='lat' dir='ltr'><strong>Oblivisceris</strong></span> <span class='ocrx_word' id='word_1_258' title='bbox 619 2781 1066 2854; x_wconf 58' lang='lat' dir='ltr'><strong>legum&#39;naturzn?</strong></span> <span class='ocrx_word' id='word_1_259' title='bbox 1096 2783 1222 2839; x_wconf 84' lang='lat' dir='ltr'><strong>Haec</strong></span> <span class='ocrx_word' id='word_1_260' title='bbox 1250 2781 1500 2854; x_wconf 76' lang='lat' dir='ltr'><strong>dicuntur</strong></span> <span class='ocrx_word' id='word_1_261' title='bbox 1521 2782 1582 2854; x_wconf 85' lang='lat' dir='ltr'><strong>in</strong></span> <span class='ocrx_word' id='word_1_262' title='bbox 1611 2782 1842 2854; x_wconf 86' lang='lat' dir='ltr'><strong>castiga-</strong></span> 
     </span>
    </p>
   </div>
   <div class='ocr_carea' id='block_1_35' title="bbox 245 2852 1838 2923">
    <p class='ocr_par' dir='ltr' id='par_1_35' title="bbox 245 2852 1838 2923">
     <span class='ocr_line' id='line_1_35' title="bbox 245 2852 1838 2923; baseline -0.003 -11"><span class='ocrx_word' id='word_1_263' title='bbox 245 2857 450 2912; x_wconf 87' lang='lat' dir='ltr'><strong>tionem</strong></span> <span class='ocrx_word' id='word_1_264' title='bbox 475 2852 736 2922; x_wconf 82' lang='lat' dir='ltr'><strong>omniuut,</strong></span> <span class='ocrx_word' id='word_1_265' title='bbox 764 2862 822 2917; x_wconf 87' lang='lat' dir='ltr'><strong>ut</strong></span> <span class='ocrx_word' id='word_1_266' title='bbox 842 2869 1031 2909; x_wconf 86' lang='lat' dir='ltr'><strong>omnes</strong></span> <span class='ocrx_word' id='word_1_267' title='bbox 1055 2855 1256 2921; x_wconf 84' lang='lat' dir='ltr'><strong>omnia,</strong></span> <span class='ocrx_word' id='word_1_268' title='bbox 1285 2868 1407 2923; x_wconf 76' lang='lat' dir='ltr'><strong>quae</strong></span> <span class='ocrx_word' id='word_1_269' title='bbox 1433 2852 1533 2923; x_wconf 84' lang='lat' dir='ltr'><strong>sibi</strong></span> <span class='ocrx_word' id='word_1_270' title='bbox 1560 2853 1838 2923; x_wconf 84' lang='lat' dir='ltr'><strong>eveniunt,</strong></span> 
     </span>
    </p>
   </div>
   <div class='ocr_carea' id='block_1_36' title="bbox 244 2922 1835 2992">
    <p class='ocr_par' dir='ltr' id='par_1_36' title="bbox 244 2922 1835 2992">
     <span class='ocr_line' id='line_1_36' title="bbox 244 2922 1835 2992; baseline -0.004 -10"><span class='ocrx_word' id='word_1_271' title='bbox 244 2926 460 2982; x_wconf 79' lang='lat' dir='ltr'><strong>fortiter</strong></span> <span class='ocrx_word' id='word_1_272' title='bbox 486 2927 677 2990; x_wconf 88' lang='lat' dir='ltr'><strong>ferant,</strong></span> <span class='ocrx_word' id='word_1_273' title='bbox 705 2935 761 2979; x_wconf 91' lang='lat' dir='ltr'><strong>et</strong></span> <span class='ocrx_word' id='word_1_274' title='bbox 787 2924 855 2980; x_wconf 86' lang='lat' dir='ltr'><strong>ne</strong></span> <span class='ocrx_word' id='word_1_275' title='bbox 886 2926 1003 2988; x_wconf 90' lang='lat' dir='ltr'><strong>quis</strong></span> <span class='ocrx_word' id='word_1_276' title='bbox 1027 2922 1464 2992; x_wconf 48' lang='lat' dir='ltr'><strong>datnnosa&#39;putet</strong></span> <span class='ocrx_word' id='word_1_277' title='bbox 1492 2922 1589 2977; x_wconf 90' lang='lat' dir='ltr'><strong>Dei</strong></span> <span class='ocrx_word' id='word_1_278' title='bbox 1614 2922 1835 2990; x_wconf 87' lang='lat' dir='ltr'><strong>judicia.</strong></span> 
     </span>
    </p>
   </div>
   <div class='ocr_carea' id='block_1_37' title="bbox 245 2992 1846 3064">
    <p class='ocr_par' dir='ltr' id='par_1_37' title="bbox 245 2992 1846 3064">
     <span class='ocr_line' id='line_1_37' title="bbox 245 2992 1846 3064; baseline -0.004 -10"><span class='ocrx_word' id='word_1_279' title='bbox 245 2996 416 3054; x_wconf 78' lang='lat' dir='ltr'><strong>Extra</strong></span> <span class='ocrx_word' id='word_1_280' title='bbox 441 3010 710 3051; x_wconf 68' lang='lat' dir='ltr'><strong>aerumnas</strong></span> <span class='ocrx_word' id='word_1_281' title='bbox 735 3010 801 3048; x_wconf 91' lang='lat' dir='ltr'><strong>ne</strong></span> <span class='ocrx_word' id='word_1_282' title='bbox 828 2994 1255 3064; x_wconf 79' lang='lat' dir='ltr'><strong>philOSOpberis;</strong></span> <span class='ocrx_word' id='word_1_283' title='bbox 1286 2992 1382 3048; x_wconf 92' lang='lat' dir='ltr'><strong>sed</strong></span> <span class='ocrx_word' id='word_1_284' title='bbox 1409 3008 1529 3048; x_wconf 92' lang='lat' dir='ltr'><strong>cum</strong></span> <span class='ocrx_word' id='word_1_285' title='bbox 1561 2993 1668 3048; x_wconf 68' lang='lat' dir='ltr'><strong>illas</strong></span> <span class='ocrx_word' id='word_1_286' title='bbox 1695 2993 1846 3049; x_wconf 85' lang='lat' dir='ltr'><strong>inva-</strong></span> 
     </span>
    </p>
   </div>
   <div class='ocr_carea' id='block_1_38' title="bbox 247 3063 1846 3136">
    <p class='ocr_par' dir='ltr' id='par_1_38' title="bbox 247 3063 1846 3136">
     <span class='ocr_line' id='line_1_38' title="bbox 247 3063 1846 3136; baseline -0.004 -12"><span class='ocrx_word' id='word_1_287' title='bbox 247 3069 408 3134; x_wconf 90' lang='lat' dir='ltr'><strong>dunt,</strong></span> <span class='ocrx_word' id='word_1_288' title='bbox 435 3065 924 3136; x_wconf 82' lang='lat' dir='ltr'><strong>magnanimitatem</strong></span> <span class='ocrx_word' id='word_1_289' title='bbox 944 3063 1207 3136; x_wconf 77' lang='lat' dir='ltr'><strong>ostende.</strong></span> <span class='ocrx_word' id='word_1_290' title='bbox 1239 3063 1463 3134; x_wconf 82' lang='lat' dir='ltr'><strong>Quando</strong></span> <span class='ocrx_word' id='word_1_291' title='bbox 1499 3078 1846 3136; x_wconf 71' lang='lat' dir='ltr'><strong>tuteres,_re-</strong></span> 
     </span>
    </p>
   </div>
   <div class='ocr_carea' id='block_1_39' title="bbox 246 3133 1847 3205">
    <p class='ocr_par' dir='ltr' id='par_1_39' title="bbox 246 3133 1847 3205">
     <span class='ocr_line' id='line_1_39' title="bbox 246 3133 1847 3205; baseline -0.003 -12"><span class='ocrx_word' id='word_1_292' title='bbox 246 3138 481 3193; x_wconf 82' lang='lat' dir='ltr'><strong>cordare</strong></span> <span class='ocrx_word' id='word_1_293' title='bbox 508 3133 815 3202; x_wconf 74' lang='lat' dir='ltr'><strong>verborum,</strong></span> <span class='ocrx_word' id='word_1_294' title='bbox 845 3135 1038 3205; x_wconf 90' lang='lat' dir='ltr'><strong>quibus</strong></span> <span class='ocrx_word' id='word_1_295' title='bbox 1078 3146 1329 3191; x_wconf 78' lang='lat' dir='ltr'><strong>nitnstttnt</strong></span> <span class='ocrx_word' id='word_1_296' title='bbox 1367 3133 1692 3205; x_wconf 81' lang='lat' dir='ltr'><strong>consolaris.</strong></span> <span class='ocrx_word' id='word_1_297' title='bbox 1718 3134 1847 3202; x_wconf 87' lang='lat' dir='ltr'><strong>Qui-</strong></span> 
     </span>
    </p>
   </div>
   <div class='ocr_carea' id='block_1_40' title="bbox 246 3204 1840 3276">
    <p class='ocr_par' dir='ltr' id='par_1_40' title="bbox 246 3204 1840 3276">
     <span class='ocr_line' id='line_1_40' title="bbox 246 3204 1840 3276; baseline -0.003 -11"><span class='ocrx_word' id='word_1_298' title='bbox 246 3210 356 3265; x_wconf 82' lang='lat' dir='ltr'><strong>bus</strong></span> <span class='ocrx_word' id='word_1_299' title='bbox 373 3218 553 3262; x_wconf 87' lang='lat' dir='ltr'><strong>autem</strong></span> <span class='ocrx_word' id='word_1_300' title='bbox 584 3204 924 3263; x_wconf 85' lang='lat' dir='ltr'><strong>sermonibus</strong></span> <span class='ocrx_word' id='word_1_301' title='bbox 952 3207 1152 3262; x_wconf 87' lang='lat' dir='ltr'><strong>utimur</strong></span> <span class='ocrx_word' id='word_1_302' title='bbox 1178 3205 1317 3275; x_wconf 89' lang='lat' dir='ltr'><strong>apud</strong></span> <span class='ocrx_word' id='word_1_303' title='bbox 1342 3206 1620 3276; x_wconf 76' lang='lat' dir='ltr'><strong>lugentes?</strong></span> <span class='ocrx_word' id='word_1_304' title='bbox 1650 3204 1840 3260; x_wconf 87' lang='lat' dir='ltr'><strong>Nonne</strong></span> 
     </span>
    </p>
   </div>
   <div class='ocr_carea' id='block_1_41' title="bbox 246 3276 1845 3347">
    <p class='ocr_par' dir='ltr' id='par_1_41' title="bbox 246 3276 1845 3347">
     <span class='ocr_line' id='line_1_41' title="bbox 246 3276 1845 3347; baseline -0.004 -12"><span class='ocrx_word' id='word_1_305' title='bbox 246 3280 329 3335; x_wconf 84' lang='lat' dir='ltr'><strong>ita</strong></span> <span class='ocrx_word' id='word_1_306' title='bbox 356 3277 496 3347; x_wconf 87' lang='lat' dir='ltr'><strong>apud</strong></span> <span class='ocrx_word' id='word_1_307' title='bbox 521 3292 618 3333; x_wconf 90' lang='lat' dir='ltr'><strong>eos</strong></span> <span class='ocrx_word' id='word_1_308' title='bbox 647 3278 1127 3347; x_wconf 84' lang='lat' dir='ltr'><strong>pbilosopbamur?</strong></span> <span class='ocrx_word' id='word_1_309' title='bbox 1156 3278 1414 3332; x_wconf 76' lang='lat' dir='ltr'><strong>Humana:</strong></span> <span class='ocrx_word' id='word_1_310' title='bbox 1438 3284 1565 3330; x_wconf 89' lang='lat' dir='ltr'><strong>sunt</strong></span> <span class='ocrx_word' id='word_1_311' title='bbox 1591 3276 1672 3329; x_wconf 80' lang='lat' dir='ltr'><strong>hac</strong></span> <span class='ocrx_word' id='word_1_312' title='bbox 1699 3276 1845 3347; x_wconf 87' lang='lat' dir='ltr'><strong>cala-</strong></span> 
     </span>
    </p>
   </div>
   <div class='ocr_carea' id='block_1_42' title="bbox 248 3345 1846 3406">
    <p class='ocr_par' dir='ltr' id='par_1_42' title="bbox 248 3345 1846 3406">
     <span class='ocr_line' id='line_1_42' title="bbox 248 3345 1846 3406; baseline -0.003 -2"><span class='ocrx_word' id='word_1_313' title='bbox 248 3345 470 3406; x_wconf 83' lang='lat' dir='ltr'><strong>mitates</strong></span> <span class='ocrx_word' id='word_1_314' title='bbox 500 3366 515 3403; x_wconf 89' lang='lat'><strong>:</strong></span> <span class='ocrx_word' id='word_1_315' title='bbox 544 3345 659 3403; x_wconf 14' lang='lat' dir='ltr'><strong>non,</strong></span> <span class='ocrx_word' id='word_1_316' title='bbox 691 3345 802 3402; x_wconf 89' lang='lat' dir='ltr'><strong>fers</strong></span> <span class='ocrx_word' id='word_1_317' title='bbox 834 3345 982 3403; x_wconf 83' lang='lat' dir='ltr'><strong>solus</strong></span> <span class='ocrx_word' id='word_1_318' title='bbox 1008 3348 1146 3403; x_wconf 88' lang='lat' dir='ltr'><strong>hanc</strong></span> <span class='ocrx_word' id='word_1_319' title='bbox 1175 3362 1469 3402; x_wconf 63' lang='lat' dir='ltr'><strong>aerumnam</strong></span> <span class='ocrx_word' id='word_1_320' title='bbox 1502 3367 1515 3398; x_wconf 85' lang='lat'><strong>:</strong></span> <span class='ocrx_word' id='word_1_321' title='bbox 1548 3361 1655 3401; x_wconf 92' lang='lat' dir='ltr'><strong>non</strong></span> <span class='ocrx_word' id='word_1_322' title='bbox 1699 3346 1846 3401; x_wconf 89' lang='lat' dir='ltr'><strong>solus</strong></span> 
     </span>
    </p>
   </div>
   <div class='ocr_carea' id='block_1_43' title="bbox 246 3416 1847 3489">
    <p class='ocr_par' dir='ltr' id='par_1_43' title="bbox 246 3416 1847 3489">
     <span class='ocr_line' id='line_1_43' title="bbox 246 3416 1847 3489; baseline -0.004 -13"><span class='ocrx_word' id='word_1_323' title='bbox 246 3420 440 3476; x_wconf 85' lang='lat' dir='ltr'><strong>mortis</strong></span> <span class='ocrx_word' id='word_1_324' title='bbox 466 3420 575 3474; x_wconf 80' lang='lat' dir='ltr'><strong>vim</strong></span> <span class='ocrx_word' id='word_1_325' title='bbox 600 3418 902 3474; x_wconf 88' lang='lat' dir='ltr'><strong>sustinuisti</strong></span> <span class='ocrx_word' id='word_1_326' title='bbox 929 3437 942 3471; x_wconf 92' lang='lat'>:</span> <span class='ocrx_word' id='word_1_327' title='bbox 970 3427 1024 3474; x_wconf 90' lang='lat' dir='ltr'><strong>et</strong></span> <span class='ocrx_word' id='word_1_328' title='bbox 1063 3432 1218 3489; x_wconf 89' lang='lat' dir='ltr'><strong>reges</strong></span> <span class='ocrx_word' id='word_1_329' title='bbox 1242 3418 1436 3473; x_wconf 82' lang='lat' dir='ltr'><strong>similia</strong></span> <span class='ocrx_word' id='word_1_330' title='bbox 1468 3416 1645 3471; x_wconf 75' lang='lat' dir='ltr'><strong>ferunt</strong></span> <span class='ocrx_word' id='word_1_331' title='bbox 1678 3435 1702 3489; x_wconf 14' lang='lat'><strong>7:</strong></span> <span class='ocrx_word' id='word_1_332' title='bbox 1750 3416 1847 3470; x_wconf 85' lang='lat' dir='ltr'><strong>da-</strong></span> 
     </span>
    </p>
   </div>
   <div class='ocr_carea' id='block_1_44' title="bbox 248 3488 1845 3560">
    <p class='ocr_par' dir='ltr' id='par_1_44' title="bbox 248 3488 1845 3560">
     <span class='ocr_line' id='line_1_44' title="bbox 248 3488 1845 3560; baseline -0.004 -14"><span class='ocrx_word' id='word_1_333' title='bbox 248 3504 443 3547; x_wconf 85' lang='lat' dir='ltr'><strong>mnum</strong></span> <span class='ocrx_word' id='word_1_334' title='bbox 474 3490 575 3543; x_wconf 93' lang='lat' dir='ltr'><strong>hoc</strong></span> <span class='ocrx_word' id='word_1_335' title='bbox 597 3503 742 3559; x_wconf 54' lang='lat' dir='ltr'><strong>sape</strong></span> <span class='ocrx_word' id='word_1_336' title='bbox 760 3498 816 3544; x_wconf 91' lang='lat' dir='ltr'><strong>et</strong></span> <span class='ocrx_word' id='word_1_337' title='bbox 846 3489 1113 3559; x_wconf 88' lang='lat' dir='ltr'><strong>principes</strong></span> <span class='ocrx_word' id='word_1_338' title='bbox 1134 3488 1435 3560; x_wconf 86' lang='lat' dir='ltr'><strong>patiuntur,</strong></span> <span class='ocrx_word' id='word_1_339' title='bbox 1457 3496 1617 3557; x_wconf 87' lang='lat' dir='ltr'><strong>atque</strong></span> <span class='ocrx_word' id='word_1_340' title='bbox 1640 3488 1726 3541; x_wconf 86' lang='lat' dir='ltr'><strong>alii</strong></span> <span class='ocrx_word' id='word_1_341' title='bbox 1753 3503 1845 3556; x_wconf 90' lang='lat' dir='ltr'><strong>po-</strong></span> 
     </span>
    </p>
   </div>
   <div class='ocr_carea' id='block_1_45' title="bbox 248 3559 1846 3630">
    <p class='ocr_par' dir='ltr' id='par_1_45' title="bbox 248 3559 1846 3630">
     <span class='ocr_line' id='line_1_45' title="bbox 248 3559 1846 3630; baseline -0.003 -13"><span class='ocrx_word' id='word_1_342' title='bbox 248 3570 432 3617; x_wconf 81' lang='lat' dir='ltr'><strong>tentes</strong></span> <span class='ocrx_word' id='word_1_343' title='bbox 456 3577 471 3615; x_wconf 87' lang='lat'><strong>:</strong></span> <span class='ocrx_word' id='word_1_344' title='bbox 498 3574 729 3630; x_wconf 79' lang='lat' dir='ltr'><strong>agnosce</strong></span> <span class='ocrx_word' id='word_1_345' title='bbox 753 3569 895 3614; x_wconf 86' lang='lat' dir='ltr'><strong>tuam</strong></span> <span class='ocrx_word' id='word_1_346' title='bbox 919 3560 1085 3629; x_wconf 87' lang='lat' dir='ltr'><strong>ipsius</strong></span> <span class='ocrx_word' id='word_1_347' title='bbox 1112 3559 1354 3614; x_wconf 86' lang='lat' dir='ltr'><strong>naturam</strong></span> <span class='ocrx_word' id='word_1_348' title='bbox 1381 3576 1395 3613; x_wconf 90' lang='lat'><strong>:</strong></span> <span class='ocrx_word' id='word_1_349' title='bbox 1424 3559 1586 3614; x_wconf 86' lang='lat' dir='ltr'><strong>homo</strong></span> <span class='ocrx_word' id='word_1_350' title='bbox 1614 3573 1694 3623; x_wconf 90' lang='lat' dir='ltr'><strong>es,</strong></span> <span class='ocrx_word' id='word_1_351' title='bbox 1725 3574 1846 3613; x_wconf 91' lang='lat' dir='ltr'><strong>cum</strong></span> 
     </span>
    </p>
   </div>
   <div class='ocr_carea' id='block_1_46' title="bbox 248 3631 1559 3705">
    <p class='ocr_par' dir='ltr' id='par_1_46' title="bbox 248 3631 1559 3705">
     <span class='ocr_line' id='line_1_46' title="bbox 248 3631 1559 3705; baseline -0.002 -20"><span class='ocrx_word' id='word_1_352' title='bbox 248 3631 504 3705; x_wconf 65' lang='lat' dir='ltr'><strong>omnibus</strong></span> <span class='ocrx_word' id='word_1_353' title='bbox 526 3644 841 3705; x_wconf 75' lang='lat' dir='ltr'><strong>communes</strong></span> <span class='ocrx_word' id='word_1_354' title='bbox 870 3631 1013 3705; x_wconf 81' lang='lat' dir='ltr'><strong>leges</strong></span> <span class='ocrx_word' id='word_1_355' title='bbox 1043 3632 1228 3705; x_wconf 85' lang='lat' dir='ltr'><strong>habes.</strong></span> <span class='ocrx_word' id='word_1_356' title='bbox 1470 3699 1501 3705; x_wconf 45' lang='grc' dir='ltr'>η</span> <span class='ocrx_word' id='word_1_357' title='bbox 1550 3694 1559 3705; x_wconf 24' lang='grc' dir='ltr'>κ</span> 
     </span>
    </p>
   </div>
   <div class='ocr_carea' id='block_1_47' title="bbox 327 3698 1848 3771">
    <p class='ocr_par' dir='ltr' id='par_1_47' title="bbox 327 3698 1848 3771">
     <span class='ocr_line' id='line_1_47' title="bbox 327 3698 1848 3771; baseline -0.002 -15"><span class='ocrx_word' id='word_1_358' title='bbox 327 3703 380 3756; x_wconf 78' lang='grc'><strong>5.</strong></span> <span class='ocrx_word' id='word_1_359' title='bbox 412 3701 538 3756; x_wconf 68' lang='lat' dir='ltr'><strong>Haec</strong></span> <span class='ocrx_word' id='word_1_360' title='bbox 565 3710 619 3757; x_wconf 91' lang='lat' dir='ltr'><strong>et</strong></span> <span class='ocrx_word' id='word_1_361' title='bbox 655 3702 738 3755; x_wconf 88' lang='lat' dir='ltr'><strong>bis</strong></span> <span class='ocrx_word' id='word_1_362' title='bbox 783 3698 946 3770; x_wconf 67' lang='lat' dir='ltr'><strong>plura</strong></span> <span class='ocrx_word' id='word_1_363' title='bbox 970 3702 1237 3771; x_wconf 88' lang='lat' dir='ltr'><strong>loqueris,</strong></span> <span class='ocrx_word' id='word_1_364' title='bbox 1269 3714 1390 3755; x_wconf 89' lang='lat' dir='ltr'><strong>cum</strong></span> <span class='ocrx_word' id='word_1_365' title='bbox 1436 3698 1596 3753; x_wconf 83' lang='lat' dir='ltr'><strong>alium</strong></span> <span class='ocrx_word' id='word_1_366' title='bbox 1635 3698 1848 3753; x_wconf 83' lang='lat' dir='ltr'><strong>solaris.</strong></span> 
     </span>
    </p>
   </div>
   <div class='ocr_carea' id='block_1_48' title="bbox 247 3771 1851 3841">
    <p class='ocr_par' dir='ltr' id='par_1_48' title="bbox 247 3771 1851 3841">
     <span class='ocr_line' id='line_1_48' title="bbox 247 3771 1851 3841; baseline -0.003 -10"><span class='ocrx_word' id='word_1_367' title='bbox 247 3772 392 3831; x_wconf 72' lang='lat' dir='ltr'><strong>Nnm</strong></span> <span class='ocrx_word' id='word_1_368' title='bbox 420 3772 644 3827; x_wconf 84' lang='lat' dir='ltr'><strong>aliorum</strong></span> <span class='ocrx_word' id='word_1_369' title='bbox 672 3772 987 3841; x_wconf 60' lang='lat' dir='ltr'><strong>magnificus</strong></span> <span class='ocrx_word' id='word_1_370' title='bbox 1009 3788 1069 3826; x_wconf 88' lang='lat' dir='ltr'><strong>es</strong></span> <span class='ocrx_word' id='word_1_371' title='bbox 1095 3771 1303 3837; x_wconf 84' lang='lat' dir='ltr'><strong>doetor,</strong></span> <span class='ocrx_word' id='word_1_372' title='bbox 1334 3771 1424 3825; x_wconf 87' lang='lat' dir='ltr'><strong>tibi</strong></span> <span class='ocrx_word' id='word_1_373' title='bbox 1454 3781 1631 3824; x_wconf 88' lang='lat' dir='ltr'><strong>autem</strong></span> <span class='ocrx_word' id='word_1_374' title='bbox 1678 3786 1851 3840; x_wconf 87' lang='lat' dir='ltr'><strong>neque</strong></span> 
     </span>
    </p>
   </div>
   <div class='ocr_carea' id='block_1_49' title="bbox 250 3841 1850 3911">
    <p class='ocr_par' dir='ltr' id='par_1_49' title="bbox 250 3841 1850 3911">
     <span class='ocr_line' id='line_1_49' title="bbox 250 3841 1850 3911; baseline -0.003 -11"><span class='ocrx_word' id='word_1_375' title='bbox 250 3843 421 3900; x_wconf 84' lang='lat' dir='ltr'><strong>miser</strong></span> <span class='ocrx_word' id='word_1_376' title='bbox 448 3858 508 3897; x_wconf 87' lang='lat' dir='ltr'><strong>es</strong></span> <span class='ocrx_word' id='word_1_377' title='bbox 541 3842 872 3910; x_wconf 86' lang='lat' dir='ltr'><strong>discipulus?</strong></span> <span class='ocrx_word' id='word_1_378' title='bbox 901 3842 1104 3911; x_wconf 63' lang='lat' dir='ltr'><strong>Magnae</strong></span> <span class='ocrx_word' id='word_1_379' title='bbox 1132 3852 1188 3895; x_wconf 90' lang='lat' dir='ltr'><strong>et</strong></span> <span class='ocrx_word' id='word_1_380' title='bbox 1206 3856 1483 3911; x_wconf 82' lang='lat' dir='ltr'><strong>generosae</strong></span> <span class='ocrx_word' id='word_1_381' title='bbox 1511 3842 1706 3894; x_wconf 79' lang='lat' dir='ltr'><strong>aniune</strong></span> <span class='ocrx_word' id='word_1_382' title='bbox 1736 3841 1850 3895; x_wconf 84' lang='lat' dir='ltr'><strong>fne-</strong></span> 
     </span>
    </p>
   </div>
   <div class='ocr_carea' id='block_1_50' title="bbox 251 3912 1854 3982">
    <p class='ocr_par' dir='ltr' id='par_1_50' title="bbox 251 3912 1854 3982">
     <span class='ocr_line' id='line_1_50' title="bbox 251 3912 1854 3982; baseline -0.002 -13"><span class='ocrx_word' id='word_1_383' title='bbox 251 3915 351 3978; x_wconf 89' lang='lat' dir='ltr'><strong>rit,</strong></span> <span class='ocrx_word' id='word_1_384' title='bbox 382 3913 434 3967; x_wconf 92' lang='lat' dir='ltr'><strong>in</strong></span> <span class='ocrx_word' id='word_1_385' title='bbox 460 3913 850 3968; x_wconf 80' lang='lat' dir='ltr'><strong>calamitatibus</strong></span> <span class='ocrx_word' id='word_1_386' title='bbox 878 3912 1249 3982; x_wconf 84' lang='lat' dir='ltr'><strong>philosophum</strong></span> <span class='ocrx_word' id='word_1_387' title='bbox 1271 3927 1450 3982; x_wconf 86' lang='lat' dir='ltr'><strong>agere.</strong></span> <span class='ocrx_word' id='word_1_388' title='bbox 1477 3912 1532 3965; x_wconf 90' lang='lat' dir='ltr'><strong>Si</strong></span> <span class='ocrx_word' id='word_1_389' title='bbox 1564 3912 1731 3981; x_wconf 75' lang='lat' dir='ltr'><strong>possit</strong></span> <span class='ocrx_word' id='word_1_390' title='bbox 1757 3912 1854 3966; x_wconf 86' lang='lat' dir='ltr'><strong>ali-</strong></span> 
     </span>
    </p>
   </div>
   <div class='ocr_carea' id='block_1_51' title="bbox 249 3982 1846 4054">
    <p class='ocr_par' dir='ltr' id='par_1_51' title="bbox 249 3982 1846 4054">
     <span class='ocr_line' id='line_1_51' title="bbox 249 3982 1846 4054; baseline -0.001 -17"><span class='ocrx_word' id='word_1_391' title='bbox 249 3984 378 4054; x_wconf 83' lang='lat' dir='ltr'><strong>quis</strong></span> <span class='ocrx_word' id='word_1_392' title='bbox 407 3985 458 4037; x_wconf 89' lang='lat' dir='ltr'><strong>in</strong></span> <span class='ocrx_word' id='word_1_393' title='bbox 481 3983 670 4054; x_wconf 80' lang='lat' dir='ltr'><strong>quavis</strong></span> <span class='ocrx_word' id='word_1_394' title='bbox 696 3984 1035 4054; x_wconf 79' lang='lat' dir='ltr'><strong>calamitate,</strong></span> <span class='ocrx_word' id='word_1_395' title='bbox 1063 3985 1149 4038; x_wconf 89' lang='lat' dir='ltr'><strong>vel</strong></span> <span class='ocrx_word' id='word_1_396' title='bbox 1178 3983 1514 4054; x_wconf 83' lang='lat' dir='ltr'><strong>tristitiavel</strong></span> <span class='ocrx_word' id='word_1_397' title='bbox 1541 3993 1738 4036; x_wconf 82' lang='lat' dir='ltr'><strong>damno</strong></span> <span class='ocrx_word' id='word_1_398' title='bbox 1762 3982 1846 4054; x_wconf 85' lang='lat' dir='ltr'><strong>di-</strong></span> 
     </span>
    </p>
   </div>
   <div class='ocr_carea' id='block_1_52' title="bbox 251 4052 1857 4124">
    <p class='ocr_par' dir='ltr' id='par_1_52' title="bbox 251 4052 1857 4124">
     <span class='ocr_line' id='line_1_52' title="bbox 251 4052 1857 4124; baseline -0.002 -14"><span class='ocrx_word' id='word_1_399' title='bbox 251 4052 386 4110; x_wconf 77' lang='lat' dir='ltr'><strong>cere</strong></span> <span class='ocrx_word' id='word_1_400' title='bbox 415 4070 429 4106; x_wconf 88' lang='lat'><strong>:</strong></span> <span class='ocrx_word' id='word_1_401' title='bbox 459 4052 643 4109; x_wconf 81' lang='lat' dir='ltr'><strong>Justus</strong></span> <span class='ocrx_word' id='word_1_402' title='bbox 666 4053 992 4120; x_wconf 80' lang='lat' dir='ltr'><strong>es,Domine,</strong></span> <span class='ocrx_word' id='word_1_403' title='bbox 1036 4065 1082 4108; x_wconf 88' lang='lat' dir='ltr'><strong>et</strong></span> <span class='ocrx_word' id='word_1_404' title='bbox 1127 4064 1264 4109; x_wconf 83' lang='lat' dir='ltr'><strong>recta</strong></span> <span class='ocrx_word' id='word_1_405' title='bbox 1295 4053 1498 4124; x_wconf 82' lang='lat' dir='ltr'><strong>judicia</strong></span> <span class='ocrx_word' id='word_1_406' title='bbox 1539 4063 1629 4124; x_wconf 82' lang='lat' dir='ltr'><strong>tua</strong></span> <span class='ocrx_word' id='word_1_407' title='bbox 1649 4068 1669 4107; x_wconf 84' lang='lat'><strong>.&#39;</strong></span> <span class='ocrx_word' id='word_1_408' title='bbox 1694 4054 1739 4124; x_wconf 81' lang='lat' dir='ltr'><strong>is</strong></span> <span class='ocrx_word' id='word_1_409' title='bbox 1762 4052 1857 4107; x_wconf 89' lang='lat' dir='ltr'><strong>da-</strong></span> 
     </span>
    </p>
   </div>
   <div class='ocr_carea' id='block_1_53' title="bbox 252 4123 1854 4191">
    <p class='ocr_par' dir='ltr' id='par_1_53' title="bbox 252 4123 1854 4191">
     <span class='ocr_line' id='line_1_53' title="bbox 252 4123 1854 4191; baseline -0.001 -12"><span class='ocrx_word' id='word_1_410' title='bbox 252 4139 445 4179; x_wconf 86' lang='lat' dir='ltr'><strong>mnum</strong></span> <span class='ocrx_word' id='word_1_411' title='bbox 498 4126 601 4179; x_wconf 82' lang='lat' dir='ltr'><strong>fert</strong></span> <span class='ocrx_word' id='word_1_412' title='bbox 650 4135 708 4177; x_wconf 91' lang='lat' dir='ltr'><strong>ut</strong></span> <span class='ocrx_word' id='word_1_413' title='bbox 762 4124 965 4191; x_wconf 90' lang='lat' dir='ltr'><strong>homo,</strong></span> <span class='ocrx_word' id='word_1_414' title='bbox 1012 4123 1306 4178; x_wconf 89' lang='lat' dir='ltr'><strong>coronatur</strong></span> <span class='ocrx_word' id='word_1_415' title='bbox 1330 4132 1507 4178; x_wconf 88' lang='lat' dir='ltr'><strong>autem</strong></span> <span class='ocrx_word' id='word_1_416' title='bbox 1560 4123 1638 4177; x_wconf 91' lang='lat' dir='ltr'><strong>uti</strong></span> <span class='ocrx_word' id='word_1_417' title='bbox 1687 4123 1854 4177; x_wconf 88' lang='lat' dir='ltr'><strong>Deum</strong></span> 
     </span>
    </p>
   </div>
   <div class='ocr_carea' id='block_1_54' title="bbox 251 4191 1858 4262">
    <p class='ocr_par' dir='ltr' id='par_1_54' title="bbox 251 4191 1858 4262">
     <span class='ocr_line' id='line_1_54' title="bbox 251 4191 1858 4262; baseline -0.001 -13"><span class='ocrx_word' id='word_1_418' title='bbox 251 4209 468 4249; x_wconf 86' lang='lat' dir='ltr'><strong>amans.</strong></span> <span class='ocrx_word' id='word_1_419' title='bbox 500 4193 652 4260; x_wconf 80' lang='lat' dir='ltr'><strong>Vita,</strong></span> <span class='ocrx_word' id='word_1_420' title='bbox 683 4192 878 4249; x_wconf 80' lang='lat' dir='ltr'><strong>fratres</strong></span> <span class='ocrx_word' id='word_1_421' title='bbox 901 4234 916 4259; x_wconf 93' lang='lat'><strong>,</strong></span> <span class='ocrx_word' id='word_1_422' title='bbox 945 4195 1110 4248; x_wconf 84' lang='lat' dir='ltr'><strong>multa</strong></span> <span class='ocrx_word' id='word_1_423' title='bbox 1137 4193 1446 4249; x_wconf 77' lang='lat' dir='ltr'><strong>difﬁcultate</strong></span> <span class='ocrx_word' id='word_1_424' title='bbox 1474 4191 1627 4262; x_wconf 86' lang='lat' dir='ltr'><strong>plena</strong></span> <span class='ocrx_word' id='word_1_425' title='bbox 1668 4202 1770 4259; x_wconf 72' lang='grc' dir='ltr'><strong>εει,</strong></span> <span class='ocrx_word' id='word_1_426' title='bbox 1801 4204 1858 4248; x_wconf 91' lang='lat' dir='ltr'><strong>et</strong></span> 
     </span>
    </p>
   </div>
   <div class='ocr_carea' id='block_1_55' title="bbox 251 4264 1852 4334">
    <p class='ocr_par' dir='ltr' id='par_1_55' title="bbox 251 4264 1852 4334">
     <span class='ocr_line' id='line_1_55' title="bbox 251 4264 1852 4334; baseline -0.002 -15"><span class='ocrx_word' id='word_1_427' title='bbox 251 4274 468 4334; x_wconf 76' lang='lat' dir='ltr'><strong>oportet</strong></span> <span class='ocrx_word' id='word_1_428' title='bbox 501 4266 722 4334; x_wconf 86' lang='lat' dir='ltr'><strong>omnino</strong></span> <span class='ocrx_word' id='word_1_429' title='bbox 754 4265 957 4334; x_wconf 85' lang='lat' dir='ltr'><strong>justum</strong></span> <span class='ocrx_word' id='word_1_430' title='bbox 996 4273 1052 4319; x_wconf 91' lang='lat' dir='ltr'><strong>et</strong></span> <span class='ocrx_word' id='word_1_431' title='bbox 1088 4264 1366 4334; x_wconf 79' lang='lat' dir='ltr'><strong>injustam,</strong></span> <span class='ocrx_word' id='word_1_432' title='bbox 1397 4274 1452 4317; x_wconf 92' lang='lat' dir='ltr'><strong>et</strong></span> <span class='ocrx_word' id='word_1_433' title='bbox 1482 4264 1627 4334; x_wconf 86' lang='lat' dir='ltr'><strong>pium</strong></span> <span class='ocrx_word' id='word_1_434' title='bbox 1656 4272 1711 4317; x_wconf 88' lang='lat' dir='ltr'><strong>et</strong></span> <span class='ocrx_word' id='word_1_435' title='bbox 1750 4264 1852 4317; x_wconf 89' lang='lat' dir='ltr'><strong>im-</strong></span> 
     </span>
    </p>
   </div>
   <div class='ocr_carea' id='block_1_56' title="bbox 254 4333 1858 4407">
    <p class='ocr_par' dir='ltr' id='par_1_56' title="bbox 254 4333 1858 4407">
     <span class='ocr_line' id='line_1_56' title="bbox 254 4333 1858 4407; baseline -0.001 -19"><span class='ocrx_word' id='word_1_436' title='bbox 254 4333 406 4407; x_wconf 86' lang='lat' dir='ltr'><strong>pium</strong></span> <span class='ocrx_word' id='word_1_437' title='bbox 440 4335 621 4407; x_wconf 81' lang='lat' dir='ltr'><strong>afﬂigi.</strong></span> <span class='ocrx_word' id='word_1_438' title='bbox 656 4333 766 4391; x_wconf 88' lang='lat' dir='ltr'><strong>Sed</strong></span> <span class='ocrx_word' id='word_1_439' title='bbox 794 4351 983 4404; x_wconf 79' lang='lat' dir='ltr'><strong>magna</strong></span> <span class='ocrx_word' id='word_1_440' title='bbox 1021 4343 1104 4407; x_wconf 85' lang='lat' dir='ltr'><strong>est</strong></span> <span class='ocrx_word' id='word_1_441' title='bbox 1128 4333 1376 4407; x_wconf 74' lang='lat' dir='ltr'><strong>varietas.</strong></span> <span class='ocrx_word' id='word_1_442' title='bbox 1406 4333 1563 4407; x_wconf 84' lang='lat' dir='ltr'><strong>Aliud</strong></span> <span class='ocrx_word' id='word_1_443' title='bbox 1590 4334 1733 4407; x_wconf 85' lang='lat' dir='ltr'><strong>enim</strong></span> <span class='ocrx_word' id='word_1_444' title='bbox 1775 4342 1858 4388; x_wconf 91' lang='lat' dir='ltr'><strong>est</strong></span> 
     </span>
    </p>
   </div>
   <div class='ocr_carea' id='block_1_57' title="bbox 252 4404 1851 4475">
    <p class='ocr_par' dir='ltr' id='par_1_57' title="bbox 252 4404 1851 4475">
     <span class='ocr_line' id='line_1_57' title="bbox 252 4404 1851 4475; baseline -0.001 -15"><span class='ocrx_word' id='word_1_445' title='bbox 252 4404 458 4475; x_wconf 72' lang='lat' dir='ltr'><strong>corripi</strong></span> <span class='ocrx_word' id='word_1_446' title='bbox 501 4404 571 4460; x_wconf 17' lang='lat' dir='ltr'><strong>uti</strong></span> <span class='ocrx_word' id='word_1_447' title='bbox 595 4406 947 4461; x_wconf 82' lang='lat' dir='ltr'><strong>domesticum</strong></span> <span class='ocrx_word' id='word_1_448' title='bbox 979 4424 992 4459; x_wconf 86' lang='lat'><strong>:</strong></span> <span class='ocrx_word' id='word_1_449' title='bbox 1022 4406 1164 4460; x_wconf 89' lang='lat' dir='ltr'><strong>aliud</strong></span> <span class='ocrx_word' id='word_1_450' title='bbox 1195 4404 1452 4475; x_wconf 77' lang='lat' dir='ltr'><strong>ﬂagellari</strong></span> <span class='ocrx_word' id='word_1_451' title='bbox 1494 4414 1552 4459; x_wconf 90' lang='lat' dir='ltr'><strong>ut</strong></span> <span class='ocrx_word' id='word_1_452' title='bbox 1587 4404 1851 4475; x_wconf 83' lang='lat' dir='ltr'><strong>alienum.</strong></span> 
     </span>
    </p>
   </div>
   <div class='ocr_carea' id='block_1_58' title="bbox 263 4474 1859 4541">
    <p class='ocr_par' dir='ltr' id='par_1_58' title="bbox 263 4474 1859 4541">
     <span class='ocr_line' id='line_1_58' title="bbox 263 4474 1859 4541; baseline -0.001 -11"><span class='ocrx_word' id='word_1_453' title='bbox 263 4474 591 4531; x_wconf 81' lang='lat' dir='ltr'><strong>Verberatur</strong></span> <span class='ocrx_word' id='word_1_454' title='bbox 634 4478 804 4541; x_wconf 80' lang='lat' dir='ltr'><strong>illius,</strong></span> <span class='ocrx_word' id='word_1_455' title='bbox 857 4477 1167 4531; x_wconf 87' lang='lat' dir='ltr'><strong>verberatur</strong></span> <span class='ocrx_word' id='word_1_456' title='bbox 1210 4474 1528 4531; x_wconf 36' lang='lat' dir='ltr'><strong>et’famulus</strong></span> <span class='ocrx_word' id='word_1_457' title='bbox 1569 4492 1582 4527; x_wconf 89' lang='lat'><strong>:</strong></span> <span class='ocrx_word' id='word_1_458' title='bbox 1624 4474 1719 4530; x_wconf 89' lang='lat' dir='ltr'><strong>sed</strong></span> <span class='ocrx_word' id='word_1_459' title='bbox 1772 4475 1859 4529; x_wconf 88' lang='lat' dir='ltr'><strong>hic</strong></span> 
     </span>
    </p>
   </div>
   <div class='ocr_carea' id='block_1_59' title="bbox 255 4545 1859 4617">
    <p class='ocr_par' dir='ltr' id='par_1_59' title="bbox 255 4545 1859 4617">
     <span class='ocr_line' id='line_1_59' title="bbox 255 4545 1859 4617; baseline 0.001 -18"><span class='ocrx_word' id='word_1_460' title='bbox 255 4546 478 4617; x_wconf 86' lang='lat' dir='ltr'><strong>quidem</strong></span> <span class='ocrx_word' id='word_1_461' title='bbox 503 4558 560 4600; x_wconf 93' lang='lat' dir='ltr'><strong>ut</strong></span> <span class='ocrx_word' id='word_1_462' title='bbox 583 4562 771 4602; x_wconf 87' lang='lat' dir='ltr'><strong>servus</strong></span> <span class='ocrx_word' id='word_1_463' title='bbox 791 4552 878 4615; x_wconf 88' lang='lat' dir='ltr'><strong>qui</strong></span> <span class='ocrx_word' id='word_1_464' title='bbox 908 4547 1167 4616; x_wconf 87' lang='lat' dir='ltr'><strong>peccavit,</strong></span> <span class='ocrx_word' id='word_1_465' title='bbox 1198 4546 1288 4601; x_wconf 91' lang='lat' dir='ltr'><strong>ille</strong></span> <span class='ocrx_word' id='word_1_466' title='bbox 1307 4560 1437 4600; x_wconf 89' lang='lat' dir='ltr'><strong>vero</strong></span> <span class='ocrx_word' id='word_1_467' title='bbox 1458 4556 1517 4617; x_wconf 85' lang='lat' dir='ltr'><strong>ut</strong></span> <span class='ocrx_word' id='word_1_468' title='bbox 1543 4545 1697 4611; x_wconf 88' lang='lat' dir='ltr'><strong>liber,</strong></span> <span class='ocrx_word' id='word_1_469' title='bbox 1724 4555 1779 4600; x_wconf 90' lang='lat' dir='ltr'><strong>et</strong></span> <span class='ocrx_word' id='word_1_470' title='bbox 1802 4557 1859 4600; x_wconf 93' lang='lat' dir='ltr'><strong>ut</strong></span> 
     </span>
    </p>
   </div>
   <div class='ocr_carea' id='block_1_60' title="bbox 257 4616 1857 4688">
    <p class='ocr_par' dir='ltr' id='par_1_60' title="bbox 257 4616 1857 4688">
     <span class='ocr_line' id='line_1_60' title="bbox 257 4616 1857 4688; baseline -0.004 -12"><span class='ocrx_word' id='word_1_471' title='bbox 257 4616 408 4676; x_wconf 69' lang='lat' dir='ltr'><strong>illius</strong></span> <span class='ocrx_word' id='word_1_472' title='bbox 423 4617 700 4687; x_wconf 78' lang='lat' dir='ltr'><strong>disciplina</strong></span> <span class='ocrx_word' id='word_1_473' title='bbox 723 4617 985 4687; x_wconf 76' lang='lat' dir='ltr'><strong>indigens.</strong></span> <span class='ocrx_word' id='word_1_474' title='bbox 1012 4617 1187 4688; x_wconf 62' lang='lat' dir='ltr'><strong>Plagae</strong></span> <span class='ocrx_word' id='word_1_475' title='bbox 1206 4617 1310 4671; x_wconf 77' lang='lat' dir='ltr'><strong>illa:</strong></span> <span class='ocrx_word' id='word_1_476' title='bbox 1326 4630 1433 4671; x_wconf 92' lang='lat' dir='ltr'><strong>non</strong></span> <span class='ocrx_word' id='word_1_477' title='bbox 1454 4616 1654 4671; x_wconf 85' lang='lat' dir='ltr'><strong>faciunt</strong></span> <span class='ocrx_word' id='word_1_478' title='bbox 1675 4632 1857 4686; x_wconf 67' lang='lat' dir='ltr'><strong>atqua-</strong></span> 
     </span>
    </p>
   </div>
   <div class='ocr_carea' id='block_1_61' title="bbox 256 4688 1893 4769">
    <p class='ocr_par' dir='ltr' id='par_1_61' title="bbox 256 4688 1893 4769">
     <span class='ocr_line' id='line_1_61' title="bbox 256 4688 1893 4769; baseline -0.005 -24"><span class='ocrx_word' id='word_1_479' title='bbox 256 4691 373 4745; x_wconf 85' lang='lat' dir='ltr'><strong>lem</strong></span> <span class='ocrx_word' id='word_1_480' title='bbox 402 4688 685 4769; x_wconf 71' lang='lat' dir='ltr'><strong>honorem.</strong></span> <span class='ocrx_word' id='word_1_481' title='bbox 730 4688 1216 4769; x_wconf 52' lang='lat' dir='ltr'><strong>Sinpatiaturpius</strong></span> <span class='ocrx_word' id='word_1_482' title='bbox 1253 4703 1372 4769; x_wconf 61' lang='lat' dir='ltr'><strong>quin</strong></span> <span class='ocrx_word' id='word_1_483' title='bbox 1399 4688 1822 4769; x_wconf 83' lang='lat' dir='ltr'><strong>patitur_impius</strong></span> <span class='ocrx_word' id='word_1_484' title='bbox 1842 4729 1857 4750; x_wconf 88' lang='lat'><strong>,</strong></span> <span class='ocrx_word' id='word_1_485' title='bbox 1882 4690 1893 4736; x_wconf 62' lang='grc' dir='ltr'><strong>ι</strong></span> 
     </span>
    </p>
   </div>
   <div class='ocr_carea' id='block_1_62' title="bbox 256 4757 1860 4828">
    <p class='ocr_par' dir='ltr' id='par_1_62' title="bbox 256 4757 1860 4828">
     <span class='ocr_line' id='line_1_62' title="bbox 256 4757 1860 4828; baseline -0.003 -13"><span class='ocrx_word' id='word_1_486' title='bbox 256 4773 377 4825; x_wconf 80' lang='lat' dir='ltr'><strong>non</strong></span> <span class='ocrx_word' id='word_1_487' title='bbox 406 4758 646 4828; x_wconf 81' lang='lat' dir='ltr'><strong>ejusdem</strong></span> <span class='ocrx_word' id='word_1_488' title='bbox 676 4759 998 4814; x_wconf 84' lang='lat' dir='ltr'><strong>conditionis</strong></span> <span class='ocrx_word' id='word_1_489' title='bbox 1021 4759 1124 4813; x_wconf 89' lang='lat' dir='ltr'><strong>erit</strong></span> <span class='ocrx_word' id='word_1_490' title='bbox 1145 4774 1265 4813; x_wconf 89' lang='lat' dir='ltr'><strong>cum</strong></span> <span class='ocrx_word' id='word_1_491' title='bbox 1288 4759 1452 4827; x_wconf 88' lang='lat' dir='ltr'><strong>impio</strong></span> <span class='ocrx_word' id='word_1_492' title='bbox 1479 4775 1491 4812; x_wconf 90' lang='lat'><strong>:</strong></span> <span class='ocrx_word' id='word_1_493' title='bbox 1522 4757 1618 4812; x_wconf 90' lang='lat' dir='ltr'><strong>sed</strong></span> <span class='ocrx_word' id='word_1_494' title='bbox 1650 4768 1860 4827; x_wconf 79' lang='lat' dir='ltr'><strong>reputa-</strong></span> 
     </span>
    </p>
   </div>
   <div class='ocr_carea' id='block_1_63' title="bbox 262 4828 1860 4899">
    <p class='ocr_par' dir='ltr' id='par_1_63' title="bbox 262 4828 1860 4899">
     <span class='ocr_line' id='line_1_63' title="bbox 262 4828 1860 4899; baseline -0.004 -14"><span class='ocrx_word' id='word_1_495' title='bbox 262 4842 360 4885; x_wconf 84' lang='lat' dir='ltr'><strong>tttr</strong></span> <span class='ocrx_word' id='word_1_496' title='bbox 381 4831 649 4898; x_wconf 85' lang='lat' dir='ltr'><strong>correptio</strong></span> <span class='ocrx_word' id='word_1_497' title='bbox 672 4831 796 4885; x_wconf 88' lang='lat' dir='ltr'><strong>huic</strong></span> <span class='ocrx_word' id='word_1_498' title='bbox 817 4830 871 4884; x_wconf 91' lang='lat' dir='ltr'><strong>in</strong></span> <span class='ocrx_word' id='word_1_499' title='bbox 899 4828 1240 4884; x_wconf 87' lang='lat' dir='ltr'><strong>afﬂictionem</strong></span> <span class='ocrx_word' id='word_1_500' title='bbox 1263 4837 1318 4884; x_wconf 89' lang='lat' dir='ltr'><strong>et</strong></span> <span class='ocrx_word' id='word_1_501' title='bbox 1341 4829 1732 4899; x_wconf 82' lang='lat' dir='ltr'><strong>probationem,</strong></span> <span class='ocrx_word' id='word_1_502' title='bbox 1758 4829 1860 4880; x_wconf 81' lang='lat' dir='ltr'><strong>int-</strong></span> 
     </span>
    </p>
   </div>
   <div class='ocr_carea' id='block_1_64' title="bbox 256 4899 1861 4973">
    <p class='ocr_par' dir='ltr' id='par_1_64' title="bbox 256 4899 1861 4973">
     <span class='ocr_line' id='line_1_64' title="bbox 256 4899 1861 4973; baseline -0.001 -19"><span class='ocrx_word' id='word_1_503' title='bbox 256 4900 358 4973; x_wconf 81' lang='lat' dir='ltr'><strong>pio</strong></span> <span class='ocrx_word' id='word_1_504' title='bbox 394 4909 575 4973; x_wconf 80' lang='lat' dir='ltr'><strong>autem</strong></span> <span class='ocrx_word' id='word_1_505' title='bbox 610 4900 683 4973; x_wconf 83' lang='lat' dir='ltr'><strong>in</strong></span> <span class='ocrx_word' id='word_1_506' title='bbox 729 4899 938 4971; x_wconf 90' lang='lat' dir='ltr'><strong>ﬂagella</strong></span> <span class='ocrx_word' id='word_1_507' title='bbox 991 4909 1048 4973; x_wconf 80' lang='lat' dir='ltr'><strong>et</strong></span> <span class='ocrx_word' id='word_1_508' title='bbox 1074 4914 1330 4973; x_wconf 12' lang='lat' dir='ltr'><strong>ipteuas.</strong></span> <span class='ocrx_word' id='word_1_509' title='bbox 1358 4899 1654 4973; x_wconf 68' lang='lat' dir='ltr'><strong>Propterea</strong></span> <span class='ocrx_word' id='word_1_510' title='bbox 1694 4899 1861 4973; x_wconf 72' lang='lat' dir='ltr'><strong>Davd</strong></span> 
     </span>
    </p>
   </div>
   <div class='ocr_carea' id='block_1_65' title="bbox 256 4969 1863 5040">
    <p class='ocr_par' dir='ltr' id='par_1_65' title="bbox 256 4969 1863 5040">
     <span class='ocr_line' id='line_1_65' title="bbox 256 4969 1863 5040; baseline -0.002 -13"><span class='ocrx_word' id='word_1_511' title='bbox 256 4969 443 5027; x_wconf 78' lang='lat' dir='ltr'><strong>sciens</strong></span> <span class='ocrx_word' id='word_1_512' title='bbox 463 4971 560 5026; x_wconf 85' lang='lat' dir='ltr'><strong>bas</strong></span> <span class='ocrx_word' id='word_1_513' title='bbox 587 4969 949 5038; x_wconf 73' lang='lat' dir='ltr'><strong>difﬁcultates,</strong></span> <span class='ocrx_word' id='word_1_514' title='bbox 972 4971 1042 5026; x_wconf 90' lang='lat' dir='ltr'><strong>de</strong></span> <span class='ocrx_word' id='word_1_515' title='bbox 1065 4972 1224 5040; x_wconf 85' lang='lat' dir='ltr'><strong>jttstis</strong></span> <span class='ocrx_word' id='word_1_516' title='bbox 1244 4970 1461 5040; x_wconf 87' lang='lat' dir='ltr'><strong>quidem</strong></span> <span class='ocrx_word' id='word_1_517' title='bbox 1485 4969 1653 5024; x_wconf 89' lang='lat' dir='ltr'><strong>dicit:</strong></span> <span class='ocrx_word' id='word_1_518' title='bbox 1683 4970 1863 5040; x_wconf 75' lang='lat' dir='ltr'><strong>Multa:</strong></span> 
     </span>
    </p>
   </div>
   <div class='ocr_carea' id='block_1_66' title="bbox 260 5038 1864 5114">
    <p class='ocr_par' dir='ltr' id='par_1_66' title="bbox 260 5038 1864 5114">
     <span class='ocr_line' id='line_1_66' title="bbox 260 5038 1864 5114; baseline 0.001 -20"><span class='ocrx_word' id='word_1_519' title='bbox 260 5040 623 5114; x_wconf 60' lang='lat' dir='ltr'><strong>tribulatione</strong></span> <span class='ocrx_word' id='word_1_520' title='bbox 655 5043 934 5114; x_wconf 67' lang='lat' dir='ltr'><strong>justorum.</strong></span> <span class='ocrx_word' id='word_1_521' title='bbox 981 5038 1085 5096; x_wconf 86' lang='lat' dir='ltr'><strong>Sed</strong></span> <span class='ocrx_word' id='word_1_522' title='bbox 1109 5038 1659 5114; x_wconf 57' lang='lat' dir='ltr'><strong>yide_quid_s_ttbdit_3</strong></span> 
     </span>
    </p>
   </div>
   <div class='ocr_carea' id='block_1_67' title="bbox 258 5107 1859 5184">
    <p class='ocr_par' dir='ltr' id='par_1_67' title="bbox 258 5107 1859 5184">
     <span class='ocr_line' id='line_1_67' title="bbox 258 5107 1859 5184; baseline -0.001 -16"><span class='ocrx_word' id='word_1_523' title='bbox 258 5112 501 5184; x_wconf 69' lang='lat' dir='ltr'><strong>omnilms</strong></span> <span class='ocrx_word' id='word_1_524' title='bbox 547 5107 671 5167; x_wconf 60' lang='lat' dir='ltr'><strong>illis&#39;</strong></span> <span class='ocrx_word' id='word_1_525' title='bbox 695 5107 922 5184; x_wconf 49' lang='lat' dir='ltr'><strong>licerabit</strong></span> <span class='ocrx_word' id='word_1_526' title='bbox 965 5128 1051 5166; x_wconf 80' lang='lat' dir='ltr'><strong>eos</strong></span> <span class='ocrx_word' id='word_1_527' title='bbox 1095 5107 1347 5166; x_wconf 75' lang='lat' dir='ltr'><strong>Dominus</strong></span> <span class='ocrx_word' id='word_1_528' title='bbox 1376 5109 1566 5184; x_wconf 81' lang='lat' dir='ltr'><strong>(Psal.</strong></span> <span class='ocrx_word' id='word_1_529' title='bbox 1592 5110 1684 5184; x_wconf 78' lang='lat'><strong>55.</strong></span> <span class='ocrx_word' id='word_1_530' title='bbox 1720 5112 1788 5166; x_wconf 72' lang='lat'><strong>10</strong></span> <span class='ocrx_word' id='word_1_531' title='bbox 1821 5116 1859 5180; x_wconf 90' lang='lat'><strong>).</strong></span> 
     </span>
    </p>
   </div>
   <div class='ocr_carea' id='block_1_68' title="bbox 259 5178 1860 5243">
    <p class='ocr_par' dir='ltr' id='par_1_68' title="bbox 259 5178 1860 5243">
     <span class='ocr_line' id='line_1_68' title="bbox 259 5178 1860 5243; baseline -0.002 -4"><span class='ocrx_word' id='word_1_532' title='bbox 259 5178 517 5239; x_wconf 78' lang='lat' dir='ltr'><strong>Nondum</strong></span> <span class='ocrx_word' id='word_1_533' title='bbox 545 5183 679 5237; x_wconf 78' lang='lat' dir='ltr'><strong>dixit</strong></span> <span class='ocrx_word' id='word_1_534' title='bbox 702 5181 1066 5243; x_wconf 84' lang='lat' dir='ltr'><strong>afﬂictionem.</strong></span> <span class='ocrx_word' id='word_1_535' title='bbox 1084 5193 1140 5238; x_wconf 91' lang='lat' dir='ltr'><strong>et</strong></span> <span class='ocrx_word' id='word_1_536' title='bbox 1167 5178 1484 5236; x_wconf 78' lang='lat' dir='ltr'><strong>monstravit</strong></span> <span class='ocrx_word' id='word_1_537' title='bbox 1505 5178 1860 5237; x_wconf 85' lang='lat' dir='ltr'><strong>curationem.</strong></span> 
     </span>
    </p>
   </div>
   <div class='ocr_carea' id='block_1_69' title="bbox 266 5252 1863 5323">
    <p class='ocr_par' dir='ltr' id='par_1_69' title="bbox 266 5252 1863 5323">
     <span class='ocr_line' id='line_1_69' title="bbox 266 5252 1863 5323; baseline 0 -17"><span class='ocrx_word' id='word_1_538' title='bbox 266 5256 353 5323; x_wconf 71' lang='lat' dir='ltr'><strong>De</strong></span> <span class='ocrx_word' id='word_1_539' title='bbox 382 5253 702 5323; x_wconf 77' lang='lat' dir='ltr'><strong>adversariis</strong></span> <span class='ocrx_word' id='word_1_540' title='bbox 742 5264 919 5309; x_wconf 88' lang='lat' dir='ltr'><strong>autem</strong></span> <span class='ocrx_word' id='word_1_541' title='bbox 948 5253 1078 5311; x_wconf 87' lang='lat' dir='ltr'><strong>dicit</strong></span> <span class='ocrx_word' id='word_1_542' title='bbox 1106 5270 1121 5307; x_wconf 91' lang='lat'><strong>:</strong></span> <span class='ocrx_word' id='word_1_543' title='bbox 1155 5253 1323 5307; x_wconf 76' lang='lat' dir='ltr'><strong>Multa</strong></span> <span class='ocrx_word' id='word_1_544' title='bbox 1351 5252 1559 5323; x_wconf 80' lang='lat' dir='ltr'><strong>ﬂagella</strong></span> <span class='ocrx_word' id='word_1_545' title='bbox 1586 5255 1863 5320; x_wconf 78' lang='lat' dir='ltr'><strong>peccatoris</strong></span> 
     </span>
    </p>
   </div>
   <div class='ocr_carea' id='block_1_70' title="bbox 261 5320 1864 5396">
    <p class='ocr_par' dir='ltr' id='par_1_70' title="bbox 261 5320 1864 5396">
     <span class='ocr_line' id='line_1_70' title="bbox 261 5320 1864 5396; baseline -0.001 -17"><span class='ocrx_word' id='word_1_546' title='bbox 261 5320 449 5396; x_wconf 57' lang='grc' dir='ltr'><strong>(ρεςι.</strong></span> <span class='ocrx_word' id='word_1_547' title='bbox 473 5323 564 5379; x_wconf 79' lang='grc'><strong>51.</strong></span> <span class='ocrx_word' id='word_1_548' title='bbox 598 5324 687 5396; x_wconf 81' lang='grc'><strong>10)</strong></span> <span class='ocrx_word' id='word_1_549' title='bbox 726 5341 740 5377; x_wconf 89' lang='lat'><strong>:</strong></span> <span class='ocrx_word' id='word_1_550' title='bbox 769 5335 823 5379; x_wconf 86' lang='lat' dir='ltr'><strong>et</strong></span> <span class='ocrx_word' id='word_1_551' title='bbox 844 5324 984 5396; x_wconf 81' lang='lat' dir='ltr'><strong>nihil</strong></span> <span class='ocrx_word' id='word_1_552' title='bbox 1016 5320 1375 5396; x_wconf 12' lang='lat' dir='ltr'><strong>talersubdit&#39;.</strong></span> <span class='ocrx_word' id='word_1_553' title='bbox 1425 5320 1565 5395; x_wconf 81' lang='lat' dir='ltr'><strong>quod</strong></span> <span class='ocrx_word' id='word_1_554' title='bbox 1613 5323 1681 5378; x_wconf 91' lang='lat' dir='ltr'><strong>de</strong></span> <span class='ocrx_word' id='word_1_555' title='bbox 1705 5323 1864 5393; x_wconf 86' lang='lat' dir='ltr'><strong>justis</strong></span> 
     </span>
    </p>
   </div>
   <div class='ocr_carea' id='block_1_71' title="bbox 260 5392 1862 5465">
    <p class='ocr_par' dir='ltr' id='par_1_71' title="bbox 260 5392 1862 5465">
     <span class='ocr_line' id='line_1_71' title="bbox 260 5392 1862 5465; baseline 0 -17"><span class='ocrx_word' id='word_1_556' title='bbox 260 5392 487 5448; x_wconf 84' lang='lat' dir='ltr'><strong>dicebat</strong></span> <span class='ocrx_word' id='word_1_557' title='bbox 515 5412 530 5451; x_wconf 90' lang='lat'><strong>:</strong></span> <span class='ocrx_word' id='word_1_558' title='bbox 558 5392 739 5449; x_wconf 63' lang='lat' dir='ltr'><strong>multa:</strong></span> <span class='ocrx_word' id='word_1_559' title='bbox 775 5394 1094 5451; x_wconf 86' lang='lat' dir='ltr'><strong>al&#39;ﬂictiones</strong></span> <span class='ocrx_word' id='word_1_560' title='bbox 1121 5395 1417 5465; x_wconf 87' lang='lat' dir='ltr'><strong>justorutn;</strong></span> <span class='ocrx_word' id='word_1_561' title='bbox 1445 5392 1513 5465; x_wconf 71' lang='lat' dir='ltr'><strong>tle</strong></span> <span class='ocrx_word' id='word_1_562' title='bbox 1562 5396 1646 5448; x_wconf 86' lang='lat' dir='ltr'><strong>his</strong></span> <span class='ocrx_word' id='word_1_563' title='bbox 1684 5392 1862 5449; x_wconf 85' lang='lat' dir='ltr'><strong>autem</strong></span> 
     </span>
    </p>
   </div>
   <div class='ocr_carea' id='block_1_72' title="bbox 259 5464 1861 5534">
    <p class='ocr_par' dir='ltr' id='par_1_72' title="bbox 259 5464 1861 5534">
     <span class='ocr_line' id='line_1_72' title="bbox 259 5464 1861 5534; baseline 0.001 -18"><span class='ocrx_word' id='word_1_564' title='bbox 259 5466 525 5527; x_wconf 83' lang='lat' dir='ltr'><strong>omnibus</strong></span> <span class='ocrx_word' id='word_1_565' title='bbox 554 5465 800 5520; x_wconf 76' lang='lat' dir='ltr'><strong>liberabit</strong></span> <span class='ocrx_word' id='word_1_566' title='bbox 825 5480 921 5520; x_wconf 90' lang='lat' dir='ltr'><strong>eos</strong></span> <span class='ocrx_word' id='word_1_567' title='bbox 943 5464 1219 5521; x_wconf 88' lang='lat' dir='ltr'><strong>Dominus.</strong></span> <span class='ocrx_word' id='word_1_568' title='bbox 1252 5465 1380 5520; x_wconf 74' lang='lat' dir='ltr'><strong>llaze</strong></span> <span class='ocrx_word' id='word_1_569' title='bbox 1421 5464 1467 5518; x_wconf 90' lang='lat' dir='ltr'><strong>si</strong></span> <span class='ocrx_word' id='word_1_570' title='bbox 1492 5465 1612 5534; x_wconf 90' lang='lat' dir='ltr'><strong>quis</strong></span> <span class='ocrx_word' id='word_1_571' title='bbox 1647 5466 1826 5520; x_wconf 77' lang='lat' dir='ltr'><strong>audiat</strong></span> <span class='ocrx_word' id='word_1_572' title='bbox 1846 5506 1861 5530; x_wconf 86' lang='lat'><strong>,</strong></span> 
     </span>
    </p>
   </div>
   <div class='ocr_carea' id='block_1_73' title="bbox 263 5535 1865 5605">
    <p class='ocr_par' dir='ltr' id='par_1_73' title="bbox 263 5535 1865 5605">
     <span class='ocr_line' id='line_1_73' title="bbox 263 5535 1865 5605; baseline 0 -15"><span class='ocrx_word' id='word_1_573' title='bbox 263 5549 345 5590; x_wconf 76' lang='lat' dir='ltr'><strong>ne</strong></span> <span class='ocrx_word' id='word_1_574' title='bbox 365 5535 433 5591; x_wconf 89' lang='lat' dir='ltr'><strong>de</strong></span> <span class='ocrx_word' id='word_1_575' title='bbox 458 5537 636 5604; x_wconf 80' lang='lat' dir='ltr'><strong>seipse</strong></span> <span class='ocrx_word' id='word_1_576' title='bbox 660 5537 910 5604; x_wconf 87' lang='lat' dir='ltr'><strong>desperet</strong></span> <span class='ocrx_word' id='word_1_577' title='bbox 926 5579 940 5601; x_wconf 95' lang='lat'><strong>,</strong></span> <span class='ocrx_word' id='word_1_578' title='bbox 972 5549 1147 5605; x_wconf 82' lang='lat' dir='ltr'><strong>neque</strong></span> <span class='ocrx_word' id='word_1_579' title='bbox 1170 5538 1313 5591; x_wconf 88' lang='lat' dir='ltr'><strong>dicat</strong></span> <span class='ocrx_word' id='word_1_580' title='bbox 1343 5552 1357 5589; x_wconf 92' lang='lat'><strong>:</strong></span> <span class='ocrx_word' id='word_1_581' title='bbox 1384 5535 1441 5590; x_wconf 90' lang='lat' dir='ltr'><strong>Si</strong></span> <span class='ocrx_word' id='word_1_582' title='bbox 1470 5537 1627 5605; x_wconf 85' lang='lat' dir='ltr'><strong>igitur</strong></span> <span class='ocrx_word' id='word_1_583' title='bbox 1652 5547 1709 5591; x_wconf 93' lang='lat' dir='ltr'><strong>ut</strong></span> <span class='ocrx_word' id='word_1_584' title='bbox 1738 5552 1865 5605; x_wconf 87' lang='lat' dir='ltr'><strong>pec-</strong></span> 
     </span>
    </p>
   </div>
   <div class='ocr_carea' id='block_1_74' title="bbox 261 5605 1866 5676">
    <p class='ocr_par' dir='ltr' id='par_1_74' title="bbox 261 5605 1866 5676">
     <span class='ocr_line' id='line_1_74' title="bbox 261 5605 1866 5676; baseline 0 -15"><span class='ocrx_word' id='word_1_585' title='bbox 261 5614 424 5676; x_wconf 74' lang='lat' dir='ltr'><strong>cator</strong></span> <span class='ocrx_word' id='word_1_586' title='bbox 447 5607 660 5674; x_wconf 88' lang='lat' dir='ltr'><strong>vapulo,</strong></span> <span class='ocrx_word' id='word_1_587' title='bbox 690 5617 741 5661; x_wconf 91' lang='lat' dir='ltr'><strong>et</strong></span> <span class='ocrx_word' id='word_1_588' title='bbox 765 5622 914 5676; x_wconf 89' lang='lat' dir='ltr'><strong>spem</strong></span> <span class='ocrx_word' id='word_1_589' title='bbox 938 5622 1043 5661; x_wconf 86' lang='lat' dir='ltr'><strong>non</strong></span> <span class='ocrx_word' id='word_1_590' title='bbox 1071 5607 1265 5673; x_wconf 80' lang='lat' dir='ltr'><strong>habeo,</strong></span> <span class='ocrx_word' id='word_1_591' title='bbox 1294 5605 1619 5661; x_wconf 75' lang='lat' dir='ltr'><strong>infructuosa</strong></span> <span class='ocrx_word' id='word_1_592' title='bbox 1645 5620 1728 5660; x_wconf 80' lang='lat' dir='ltr'><strong>est</strong></span> <span class='ocrx_word' id='word_1_593' title='bbox 1746 5622 1866 5661; x_wconf 87' lang='lat' dir='ltr'><strong>cor-</strong></span> 
     </span>
    </p>
   </div>
   <div class='ocr_carea' id='block_1_75' title="bbox 265 5675 1864 5746">
    <p class='ocr_par' dir='ltr' id='par_1_75' title="bbox 265 5675 1864 5746">
     <span class='ocr_line' id='line_1_75' title="bbox 265 5675 1864 5746; baseline -0.001 -13"><span class='ocrx_word' id='word_1_594' title='bbox 265 5675 470 5745; x_wconf 77' lang='lat' dir='ltr'><strong>reptio.</strong></span> <span class='ocrx_word' id='word_1_595' title='bbox 498 5678 841 5733; x_wconf 77' lang='lat' dir='ltr'><strong>Peccatorem</strong></span> <span class='ocrx_word' id='word_1_596' title='bbox 870 5680 1013 5733; x_wconf 88' lang='lat' dir='ltr'><strong>enim</strong></span> <span class='ocrx_word' id='word_1_597' title='bbox 1041 5692 1185 5732; x_wconf 89' lang='lat' dir='ltr'><strong>nunc</strong></span> <span class='ocrx_word' id='word_1_598' title='bbox 1212 5678 1483 5746; x_wconf 84' lang='lat' dir='ltr'><strong>Scriptura</strong></span> <span class='ocrx_word' id='word_1_599' title='bbox 1507 5678 1734 5741; x_wconf 73' lang='lat' dir='ltr'><strong>vocarit,</strong></span> <span class='ocrx_word' id='word_1_600' title='bbox 1759 5694 1864 5731; x_wconf 92' lang='lat' dir='ltr'><strong>non</strong></span> 
     </span>
    </p>
   </div>
   <div class='ocr_carea' id='block_1_76' title="bbox 262 5748 1866 5819">
    <p class='ocr_par' dir='ltr' id='par_1_76' title="bbox 262 5748 1866 5819">
     <span class='ocr_line' id='line_1_76' title="bbox 262 5748 1866 5819; baseline 0.001 -18"><span class='ocrx_word' id='word_1_601' title='bbox 262 5748 493 5819; x_wconf 83' lang='lat' dir='ltr'><strong>omnino</strong></span> <span class='ocrx_word' id='word_1_602' title='bbox 518 5764 548 5801; x_wconf 88' lang='lat' dir='ltr'><strong>a</strong></span> <span class='ocrx_word' id='word_1_603' title='bbox 580 5750 777 5817; x_wconf 86' lang='lat' dir='ltr'><strong>pietate</strong></span> <span class='ocrx_word' id='word_1_604' title='bbox 804 5749 1037 5803; x_wconf 88' lang='lat' dir='ltr'><strong>alienmn</strong></span> <span class='ocrx_word' id='word_1_605' title='bbox 1057 5788 1073 5813; x_wconf 87' lang='lat'><strong>,</strong></span> <span class='ocrx_word' id='word_1_606' title='bbox 1104 5748 1198 5803; x_wconf 84' lang='lat' dir='ltr'><strong>sed</strong></span> <span class='ocrx_word' id='word_1_607' title='bbox 1225 5764 1347 5802; x_wconf 89' lang='lat' dir='ltr'><strong>eum</strong></span> <span class='ocrx_word' id='word_1_608' title='bbox 1373 5789 1387 5813; x_wconf 93' lang='lat'><strong>,</strong></span> <span class='ocrx_word' id='word_1_609' title='bbox 1414 5749 1502 5818; x_wconf 89' lang='lat' dir='ltr'><strong>qtti</strong></span> <span class='ocrx_word' id='word_1_610' title='bbox 1528 5748 1783 5819; x_wconf 82' lang='lat' dir='ltr'><strong>afﬂigitur</strong></span> <span class='ocrx_word' id='word_1_611' title='bbox 1811 5758 1866 5803; x_wconf 90' lang='lat' dir='ltr'><strong>et</strong></span> 
     </span>
    </p>
   </div>
   <div class='ocr_carea' id='block_1_77' title="bbox 265 5817 1862 5889">
    <p class='ocr_par' dir='ltr' id='par_1_77' title="bbox 265 5817 1862 5889">
     <span class='ocr_line' id='line_1_77' title="bbox 265 5817 1862 5889; baseline -0.001 -17"><span class='ocrx_word' id='word_1_612' title='bbox 265 5817 614 5889; x_wconf 75' lang='lat' dir='ltr'><strong>aliquatenus</strong></span> <span class='ocrx_word' id='word_1_613' title='bbox 637 5821 755 5888; x_wconf 85' lang='lat' dir='ltr'><strong>pius</strong></span> <span class='ocrx_word' id='word_1_614' title='bbox 781 5827 885 5884; x_wconf 80' lang='lat' dir='ltr'><strong>est,</strong></span> <span class='ocrx_word' id='word_1_615' title='bbox 914 5819 1105 5873; x_wconf 80' lang='lat' dir='ltr'><strong>labitur</strong></span> <span class='ocrx_word' id='word_1_616' title='bbox 1128 5830 1305 5873; x_wconf 86' lang='lat' dir='ltr'><strong>tamen</strong></span> <span class='ocrx_word' id='word_1_617' title='bbox 1326 5821 1379 5871; x_wconf 89' lang='lat' dir='ltr'><strong>in</strong></span> <span class='ocrx_word' id='word_1_618' title='bbox 1408 5817 1566 5872; x_wconf 81' lang='lat' dir='ltr'><strong>rebus</strong></span> <span class='ocrx_word' id='word_1_619' title='bbox 1594 5817 1862 5874; x_wconf 81' lang='lat' dir='ltr'><strong>humanis.</strong></span> 
     </span>
    </p>
   </div>
   <div class='ocr_carea' id='block_1_78' title="bbox 266 5890 1862 5968">
    <p class='ocr_par' dir='ltr' id='par_1_78' title="bbox 266 5890 1862 5968">
     <span class='ocr_line' id='line_1_78' title="bbox 266 5890 1862 5968; baseline 0.006 -30"><span class='ocrx_word' id='word_1_620' title='bbox 266 5891 429 5968; x_wconf 61' lang='lat' dir='ltr'><strong>quod</strong></span> <span class='ocrx_word' id='word_1_621' title='bbox 459 5892 601 5946; x_wconf 87' lang='lat' dir='ltr'><strong>enim</strong></span> <span class='ocrx_word' id='word_1_622' title='bbox 639 5891 1007 5961; x_wconf 82' lang='lat' dir='ltr'><strong>peccatoribus</strong></span> <span class='ocrx_word' id='word_1_623' title='bbox 1039 5890 1175 5947; x_wconf 83' lang='lat' dir='ltr'><strong>Deus</strong></span> <span class='ocrx_word' id='word_1_624' title='bbox 1202 5890 1538 5960; x_wconf 80' lang='lat' dir='ltr'><strong>misereatur,</strong></span> <span class='ocrx_word' id='word_1_625' title='bbox 1567 5891 1724 5962; x_wconf 85' lang='lat' dir='ltr'><strong>plena</strong></span> <span class='ocrx_word' id='word_1_626' title='bbox 1749 5905 1862 5947; x_wconf 86' lang='lat' dir='ltr'><strong>om-</strong></span> 
     </span>
    </p>
   </div>
   <div class='ocr_carea' id='block_1_79' title="bbox 1382 407 2372 469">
    <p class='ocr_par' dir='ltr' id='par_1_79' title="bbox 1382 407 2372 469">
     <span class='ocr_line' id='line_1_79' title="bbox 1382 407 2372 469; baseline -0.002 -1"><span class='ocrx_word' id='word_1_627' title='bbox 1382 411 1471 468; x_wconf 83' lang='lat' dir='ltr'><strong>DE</strong></span> <span class='ocrx_word' id='word_1_628' title='bbox 1496 407 1656 468; x_wconf 86' lang='lat' dir='ltr'><strong>FIDE</strong></span> <span class='ocrx_word' id='word_1_629' title='bbox 1696 409 1785 467; x_wconf 83' lang='lat' dir='ltr'>ET</span> <span class='ocrx_word' id='word_1_630' title='bbox 1824 409 2009 467; x_wconf 80' lang='lat' dir='ltr'><strong>LEGE</strong></span> <span class='ocrx_word' id='word_1_631' title='bbox 2046 410 2372 469; x_wconf 55' lang='lat' dir='ltr'><strong>NATURJE.</strong></span> 
     </span>
    </p>
   </div>
   <div class='ocr_carea' id='block_1_80' title="bbox 3400 416 3539 473">
    <p class='ocr_par' dir='ltr' id='par_1_80' title="bbox 3400 416 3539 473">
     <span class='ocr_line' id='line_1_80' title="bbox 3400 416 3539 473; baseline -0.007 -1"><span class='ocrx_word' id='word_1_632' title='bbox 3400 416 3539 473; x_wconf 65' lang='lat'><strong>1086</strong></span> 
     </span>
    </p>
   </div>
   <div class='ocr_carea' id='block_1_81' title="bbox 1953 526 3538 651">
    <p class='ocr_par' dir='ltr' id='par_1_81' title="bbox 1953 526 3538 651">
     <span class='ocr_line' id='line_1_81' title="bbox 1953 526 3538 651; baseline 0.002 -69"><span class='ocrx_word' id='word_1_633' title='bbox 1953 527 2037 582; x_wconf 85' lang='lat' dir='ltr'><strong>uis</strong></span> <span class='ocrx_word' id='word_1_634' title='bbox 2057 526 2332 651; x_wconf 54' lang='lat' dir='ltr'><strong>Scriptura</strong></span> <span class='ocrx_word' id='word_1_635' title='bbox 2364 527 2675 601; x_wconf 78' lang='lat' dir='ltr'><strong>pignoribus</strong></span> <span class='ocrx_word' id='word_1_636' title='bbox 2699 527 2894 583; x_wconf 70' lang='lat' dir='ltr'><strong>divinae</strong></span> <span class='ocrx_word' id='word_1_637' title='bbox 2913 527 3296 586; x_wconf 75' lang='lat' dir='ltr'><strong>inist-ric0rdtan</strong></span> <span class='ocrx_word' id='word_1_638' title='bbox 3326 546 3340 583; x_wconf 83' lang='lat' dir='ltr'><strong>z</strong></span> <span class='ocrx_word' id='word_1_639' title='bbox 3368 530 3538 599; x_wconf 79' lang='lat' dir='ltr'><strong>inquit</strong></span> 
     </span>
     <span class='ocr_line' id='line_1_82' title="bbox 1953 597 3511 651; baseline 0 0"><span class='ocrx_word' id='word_1_640' title='bbox 1953 599 2091 651; x_wconf 89' lang='lat' dir='ltr'><strong>cnim</strong></span> <span class='ocrx_word' id='word_1_641' title='bbox 2121 614 2137 651; x_wconf 84' lang='lat'><strong>:</strong></span> <span class='ocrx_word' id='word_1_642' title='bbox 2222 599 2301 651; x_wconf 86' lang='lat' dir='ltr'><strong>ivo</strong></span> <span class='ocrx_word' id='word_1_643' title='bbox 2319 615 2434 651; x_wconf 84' lang='lat' dir='ltr'><strong>eae.</strong></span> <span class='ocrx_word' id='word_1_644' title='bbox 2464 600 2585 651; x_wconf 83' lang='lat' dir='ltr'><strong>dicit</strong></span> <span class='ocrx_word' id='word_1_645' title='bbox 2613 597 2866 651; x_wconf 82' lang='lat' dir='ltr'><strong>Dominus</strong></span> <span class='ocrx_word' id='word_1_646' title='bbox 2890 600 3045 651; x_wconf 73' lang='lat' dir='ltr'><strong>mole</strong></span> <span class='ocrx_word' id='word_1_647' title='bbox 3074 610 3282 651; x_wconf 75' lang='lat' dir='ltr'><strong>mortem</strong></span> <span class='ocrx_word' id='word_1_648' title='bbox 3311 612 3511 651; x_wconf 77' lang='lat' dir='ltr'><strong>neccan</strong></span> 
     </span>
    </p>
   </div>
   <div class='ocr_carea' id='block_1_82' title="bbox 1947 597 3511 670">
    <p class='ocr_par' dir='ltr' id='par_1_82' title="bbox 1947 597 3511 670">
     <span class='ocr_line' id='line_1_83' title="bbox 1947 597 3511 670; baseline 0 -18"><span class='ocrx_word' id='word_1_649' title='bbox 1947 599 2091 670; x_wconf 79' lang='lat' dir='ltr'><strong>enim</strong></span> <span class='ocrx_word' id='word_1_650' title='bbox 2121 614 2150 670; x_wconf 17' lang='lat' dir='ltr'><strong>:A</strong></span> <span class='ocrx_word' id='word_1_651' title='bbox 2182 597 2301 652; x_wconf 85' lang='lat' dir='ltr'><strong>Vivo</strong></span> <span class='ocrx_word' id='word_1_652' title='bbox 2319 597 2435 670; x_wconf 68' lang='lat' dir='ltr'><strong>ego,</strong></span> <span class='ocrx_word' id='word_1_653' title='bbox 2464 600 2585 653; x_wconf 84' lang='lat' dir='ltr'><strong>dicit</strong></span> <span class='ocrx_word' id='word_1_654' title='bbox 2613 597 2866 653; x_wconf 83' lang='lat' dir='ltr'><strong>Dominus</strong></span> <span class='ocrx_word' id='word_1_655' title='bbox 2890 600 3053 670; x_wconf 56' lang='lat' dir='ltr'><strong>male</strong></span> <span class='ocrx_word' id='word_1_656' title='bbox 3074 610 3282 670; x_wconf 76' lang='lat' dir='ltr'><strong>mortem</strong></span> <span class='ocrx_word' id='word_1_657' title='bbox 3309 597 3511 668; x_wconf 73' lang='lat' dir='ltr'><strong>percolo</strong></span> 
     </span>
    </p>
   </div>
   <div class='ocr_carea' id='block_1_83' title="bbox 1947 666 3541 742">
    <p class='ocr_par' dir='ltr' id='par_1_83' title="bbox 1947 666 3541 742">
     <span class='ocr_line' id='line_1_84' title="bbox 1947 666 3541 742; baseline 0.003 -20"><span class='ocrx_word' id='word_1_658' title='bbox 1947 669 2038 742; x_wconf 67' lang='lat' dir='ltr'><strong>ris,</strong></span> <span class='ocrx_word' id='word_1_659' title='bbox 2062 668 2151 742; x_wconf 69' lang='lat' dir='ltr'><strong>sed</strong></span> <span class='ocrx_word' id='word_1_660' title='bbox 2172 679 2223 723; x_wconf 90' lang='lat' dir='ltr'><strong>ut</strong></span> <span class='ocrx_word' id='word_1_661' title='bbox 2243 666 2405 742; x_wconf 68' lang='lat' dir='ltr'><strong>magis</strong></span> <span class='ocrx_word' id='word_1_662' title='bbox 2424 679 2742 742; x_wconf 68' lang='lat' dir='ltr'><strong>convertatur</strong></span> <span class='ocrx_word' id='word_1_663' title='bbox 2763 678 2812 742; x_wconf 71' lang='lat' dir='ltr'><strong>et</strong></span> <span class='ocrx_word' id='word_1_664' title='bbox 2833 671 2960 742; x_wconf 75' lang='lat' dir='ltr'><strong>uiuat</strong></span> <span class='ocrx_word' id='word_1_665' title='bbox 2983 666 3193 742; x_wconf 69' lang='lat' dir='ltr'><strong>(Ezecfi.</strong></span> <span class='ocrx_word' id='word_1_666' title='bbox 3226 666 3318 725; x_wconf 57' lang='grc'><strong>18.</strong></span> <span class='ocrx_word' id='word_1_667' title='bbox 3338 671 3541 742; x_wconf 67' lang='lat'><strong>5.23).</strong></span> 
     </span>
    </p>
   </div>
   <div class='ocr_carea' id='block_1_84' title="bbox 1948 737 3516 811">
    <p class='ocr_par' dir='ltr' id='par_1_84' title="bbox 1948 737 3516 811">
     <span class='ocr_line' id='line_1_85' title="bbox 1948 737 3516 811; baseline 0.001 -18"><span class='ocrx_word' id='word_1_668' title='bbox 1948 737 2103 794; x_wconf 84' lang='lat' dir='ltr'><strong>Jurat</strong></span> <span class='ocrx_word' id='word_1_669' title='bbox 2133 740 2293 811; x_wconf 88' lang='lat' dir='ltr'><strong>Deus,</strong></span> <span class='ocrx_word' id='word_1_670' title='bbox 2319 737 2425 794; x_wconf 80' lang='lat' dir='ltr'><strong>non</strong></span> <span class='ocrx_word' id='word_1_671' title='bbox 2450 741 2600 811; x_wconf 84' lang='lat' dir='ltr'><strong>quasi</strong></span> <span class='ocrx_word' id='word_1_672' title='bbox 2625 740 2726 794; x_wconf 89' lang='lat' dir='ltr'><strong>sibi</strong></span> <span class='ocrx_word' id='word_1_673' title='bbox 2763 740 2861 810; x_wconf 82' lang='lat' dir='ltr'><strong>ipsi</strong></span> <span class='ocrx_word' id='word_1_674' title='bbox 2891 737 3000 794; x_wconf 84' lang='lat' dir='ltr'><strong>non</strong></span> <span class='ocrx_word' id='word_1_675' title='bbox 3023 740 3251 795; x_wconf 85' lang='lat' dir='ltr'><strong>credens</strong></span> <span class='ocrx_word' id='word_1_676' title='bbox 3273 782 3289 805; x_wconf 92' lang='lat'><strong>,</strong></span> <span class='ocrx_word' id='word_1_677' title='bbox 3318 741 3412 797; x_wconf 87' lang='lat' dir='ltr'><strong>sed</strong></span> <span class='ocrx_word' id='word_1_678' title='bbox 3444 757 3516 796; x_wconf 87' lang='lat' dir='ltr'><strong>no</strong></span> 
     </span>
    </p>
   </div>
   <div class='ocr_carea' id='block_1_85' title="bbox 1946 810 3543 881">
    <p class='ocr_par' dir='ltr' id='par_1_85' title="bbox 1946 810 3543 881">
     <span class='ocr_line' id='line_1_86' title="bbox 1946 810 3543 881; baseline 0.002 -18"><span class='ocrx_word' id='word_1_679' title='bbox 1946 818 2112 881; x_wconf 84' lang='lat' dir='ltr'><strong>stram</strong></span> <span class='ocrx_word' id='word_1_680' title='bbox 2134 810 2509 881; x_wconf 73' lang='lat' dir='ltr'><strong>infidelitatem</strong></span> <span class='ocrx_word' id='word_1_681' title='bbox 2531 810 2599 866; x_wconf 86' lang='lat' dir='ltr'><strong>ad</strong></span> <span class='ocrx_word' id='word_1_682' title='bbox 2622 810 2777 865; x_wconf 86' lang='lat' dir='ltr'><strong>fidem</strong></span> <span class='ocrx_word' id='word_1_683' title='bbox 2810 824 3020 881; x_wconf 76' lang='lat' dir='ltr'><strong>urgens.</strong></span> <span class='ocrx_word' id='word_1_684' title='bbox 3047 811 3199 865; x_wconf 87' lang='lat' dir='ltr'><strong>Dicat</strong></span> <span class='ocrx_word' id='word_1_685' title='bbox 3216 811 3374 880; x_wconf 84' lang='lat' dir='ltr'><strong>igitur</strong></span> <span class='ocrx_word' id='word_1_686' title='bbox 3396 813 3543 881; x_wconf 44' lang='lat' dir='ltr'><strong>quise</strong></span> 
     </span>
    </p>
   </div>
   <div class='ocr_carea' id='block_1_86' title="bbox 1947 877 3544 948">
    <p class='ocr_par' dir='ltr' id='par_1_86' title="bbox 1947 877 3544 948">
     <span class='ocr_line' id='line_1_87' title="bbox 1947 877 3544 948; baseline 0.003 -16"><span class='ocrx_word' id='word_1_687' title='bbox 1947 880 2064 948; x_wconf 89' lang='lat' dir='ltr'><strong>quis</strong></span> <span class='ocrx_word' id='word_1_688' title='bbox 2092 877 2469 937; x_wconf 87' lang='lat' dir='ltr'><strong>afﬂictionibus</strong></span> <span class='ocrx_word' id='word_1_689' title='bbox 2513 877 3078 946; x_wconf 51' lang='lat' dir='ltr'><strong>exatninaturflustus</strong></span> <span class='ocrx_word' id='word_1_690' title='bbox 3103 896 3174 944; x_wconf 76' lang='lat' dir='ltr'><strong>es,</strong></span> <span class='ocrx_word' id='word_1_691' title='bbox 3217 877 3452 947; x_wconf 69' lang='lat' dir='ltr'><strong>Domine,</strong></span> <span class='ocrx_word' id='word_1_692' title='bbox 3495 893 3544 936; x_wconf 84' lang='lat' dir='ltr'><strong>et</strong></span> 
     </span>
    </p>
   </div>
   <div class='ocr_carea' id='block_1_87' title="bbox 1946 949 3544 1035">
    <p class='ocr_par' dir='ltr' id='par_1_87' title="bbox 1946 949 3544 1035">
     <span class='ocr_line' id='line_1_88' title="bbox 1946 949 3544 1035; baseline 0.004 -33"><span class='ocrx_word' id='word_1_693' title='bbox 1946 959 2104 1035; x_wconf 26' lang='lat' dir='ltr'><strong>recta.</strong></span> <span class='ocrx_word' id='word_1_694' title='bbox 2114 951 2314 1019; x_wconf 76' lang='lat' dir='ltr'><strong>judicia</strong></span> <span class='ocrx_word' id='word_1_695' title='bbox 2356 963 2443 1006; x_wconf 85' lang='lat' dir='ltr'><strong>tua</strong></span> <span class='ocrx_word' id='word_1_696' title='bbox 2475 971 2494 1007; x_wconf 81' lang='lat'><strong>.&#39;</strong></span> <span class='ocrx_word' id='word_1_697' title='bbox 2525 960 2580 1035; x_wconf 67' lang='lat' dir='ltr'><strong>et</strong></span> <span class='ocrx_word' id='word_1_698' title='bbox 2603 952 2761 1035; x_wconf 59' lang='lat' dir='ltr'><strong>simul</strong></span> <span class='ocrx_word' id='word_1_699' title='bbox 2808 949 3000 1035; x_wconf 64' lang='lat' dir='ltr'><strong>fortem</strong></span> <span class='ocrx_word' id='word_1_700' title='bbox 3018 951 3239 1035; x_wconf 48' lang='lat' dir='ltr'><strong>eahibet</strong></span> <span class='ocrx_word' id='word_1_701' title='bbox 3263 955 3501 1035; x_wconf 69' lang='lat' dir='ltr'><strong>animum</strong></span> <span class='ocrx_word' id='word_1_702' title='bbox 3522 993 3544 1035; x_wconf 53' lang='grc' dir='ltr'><em>τ</em></span> 
     </span>
    </p>
   </div>
   <div class='ocr_carea' id='block_1_88' title="bbox 1949 1020 3542 1094">
    <p class='ocr_par' dir='ltr' id='par_1_88' title="bbox 1949 1020 3542 1094">
     <span class='ocr_line' id='line_1_89' title="bbox 1949 1020 3542 1094; baseline 0.006 -23"><span class='ocrx_word' id='word_1_703' title='bbox 1949 1020 2308 1094; x_wconf 78' lang='lat' dir='ltr'><strong>pietatemque</strong></span> <span class='ocrx_word' id='word_1_704' title='bbox 2347 1038 2454 1077; x_wconf 90' lang='lat' dir='ltr'><strong>non</strong></span> <span class='ocrx_word' id='word_1_705' title='bbox 2485 1022 2660 1077; x_wconf 82' lang='lat' dir='ltr'><strong>solvit.</strong></span> <span class='ocrx_word' id='word_1_706' title='bbox 2698 1020 2883 1089; x_wconf 86' lang='lat' dir='ltr'><strong>Qualis</strong></span> <span class='ocrx_word' id='word_1_707' title='bbox 2919 1030 3035 1078; x_wconf 89' lang='lat' dir='ltr'><strong>erat</strong></span> <span class='ocrx_word' id='word_1_708' title='bbox 3058 1022 3246 1078; x_wconf 81' lang='lat' dir='ltr'><strong>beatus</strong></span> <span class='ocrx_word' id='word_1_709' title='bbox 3272 1023 3408 1086; x_wconf 80' lang='lat' dir='ltr'><strong>Job.</strong></span> <span class='ocrx_word' id='word_1_710' title='bbox 3447 1020 3542 1094; x_wconf 88' lang='lat' dir='ltr'><strong>qui</strong></span> 
     </span>
    </p>
   </div>
   <div class='ocr_carea' id='block_1_89' title="bbox 1947 1090 3542 1163">
    <p class='ocr_par' dir='ltr' id='par_1_89' title="bbox 1947 1090 3542 1163">
     <span class='ocr_line' id='line_1_90' title="bbox 1947 1090 3542 1163; baseline 0.004 -20"><span class='ocrx_word' id='word_1_711' title='bbox 1947 1090 2204 1163; x_wconf 74' lang='lat' dir='ltr'><strong>adversus</strong></span> <span class='ocrx_word' id='word_1_712' title='bbox 2222 1090 2428 1148; x_wconf 73' lang='lat' dir='ltr'><strong>omnes</strong></span> <span class='ocrx_word' id='word_1_713' title='bbox 2465 1094 2783 1148; x_wconf 86' lang='lat' dir='ltr'><strong>afflictiones</strong></span> <span class='ocrx_word' id='word_1_714' title='bbox 2816 1093 2983 1147; x_wconf 87' lang='lat' dir='ltr'><strong>aciem</strong></span> <span class='ocrx_word' id='word_1_715' title='bbox 3012 1094 3280 1159; x_wconf 79' lang='lat' dir='ltr'><strong>instruxit,</strong></span> <span class='ocrx_word' id='word_1_716' title='bbox 3311 1095 3398 1163; x_wconf 93' lang='lat' dir='ltr'><strong>qui</strong></span> <span class='ocrx_word' id='word_1_717' title='bbox 3421 1090 3542 1149; x_wconf 74' lang='lat' dir='ltr'><strong>dia-</strong></span> 
     </span>
    </p>
   </div>
   <div class='ocr_carea' id='block_1_90' title="bbox 1944 1158 3536 1233">
    <p class='ocr_par' dir='ltr' id='par_1_90' title="bbox 1944 1158 3536 1233">
     <span class='ocr_line' id='line_1_91' title="bbox 1944 1158 3536 1233; baseline 0.003 -18"><span class='ocrx_word' id='word_1_718' title='bbox 1944 1158 2053 1215; x_wconf 85' lang='lat' dir='ltr'><strong>boli</strong></span> <span class='ocrx_word' id='word_1_719' title='bbox 2085 1162 2512 1233; x_wconf 82' lang='lat' dir='ltr'><strong>terriculamenta</strong></span> <span class='ocrx_word' id='word_1_720' title='bbox 2540 1164 2688 1229; x_wconf 90' lang='lat' dir='ltr'><strong>vicit,</strong></span> <span class='ocrx_word' id='word_1_721' title='bbox 2714 1163 2804 1233; x_wconf 90' lang='lat' dir='ltr'><strong>qui</strong></span> <span class='ocrx_word' id='word_1_722' title='bbox 2836 1172 2998 1233; x_wconf 81' lang='lat' dir='ltr'><strong>totam</strong></span> <span class='ocrx_word' id='word_1_723' title='bbox 3025 1165 3142 1231; x_wconf 86' lang='lat' dir='ltr'><strong>ejus</strong></span> <span class='ocrx_word' id='word_1_724' title='bbox 3177 1158 3380 1219; x_wconf 82' lang='lat' dir='ltr'><strong>rabiem</strong></span> <span class='ocrx_word' id='word_1_725' title='bbox 3408 1166 3536 1220; x_wconf 84' lang='lat' dir='ltr'><strong>irri-</strong></span> 
     </span>
    </p>
   </div>
   <div class='ocr_carea' id='block_1_91' title="bbox 1954 1231 3541 1303">
    <p class='ocr_par' dir='ltr' id='par_1_91' title="bbox 1954 1231 3541 1303">
     <span class='ocr_line' id='line_1_92' title="bbox 1954 1231 3541 1303; baseline 0.004 -19"><span class='ocrx_word' id='word_1_726' title='bbox 1954 1239 2063 1303; x_wconf 84' lang='lat' dir='ltr'><strong>tam</strong></span> <span class='ocrx_word' id='word_1_727' title='bbox 2090 1231 2234 1297; x_wconf 86' lang='lat' dir='ltr'><strong>fecit,</strong></span> <span class='ocrx_word' id='word_1_728' title='bbox 2264 1233 2354 1303; x_wconf 93' lang='lat' dir='ltr'><strong>qui</strong></span> <span class='ocrx_word' id='word_1_729' title='bbox 2379 1236 2676 1288; x_wconf 82' lang='lat' dir='ltr'><strong>constantia</strong></span> <span class='ocrx_word' id='word_1_730' title='bbox 2713 1231 2906 1288; x_wconf 86' lang='lat' dir='ltr'><strong>mentis</strong></span> <span class='ocrx_word' id='word_1_731' title='bbox 2932 1232 3122 1288; x_wconf 88' lang='lat' dir='ltr'><strong>ﬂuctus</strong></span> <span class='ocrx_word' id='word_1_732' title='bbox 3150 1234 3346 1289; x_wconf 89' lang='lat' dir='ltr'><strong>diaboli</strong></span> <span class='ocrx_word' id='word_1_733' title='bbox 3375 1235 3541 1290; x_wconf 60' lang='lat' dir='ltr'><strong>dissiw</strong></span> 
     </span>
    </p>
   </div>
   <div class='ocr_carea' id='block_1_92' title="bbox 1946 1301 3541 1373">
    <p class='ocr_par' dir='ltr' id='par_1_92' title="bbox 1946 1301 3541 1373">
     <span class='ocr_line' id='line_1_93' title="bbox 1946 1301 3541 1373; baseline 0.006 -18"><span class='ocrx_word' id='word_1_734' title='bbox 1946 1301 2113 1373; x_wconf 78' lang='lat' dir='ltr'><strong>pavit,</strong></span> <span class='ocrx_word' id='word_1_735' title='bbox 2141 1304 2230 1373; x_wconf 86' lang='lat' dir='ltr'><strong>qui</strong></span> <span class='ocrx_word' id='word_1_736' title='bbox 2262 1301 2511 1358; x_wconf 82' lang='lat' dir='ltr'><strong>omnibus</strong></span> <span class='ocrx_word' id='word_1_737' title='bbox 2549 1305 2707 1359; x_wconf 89' lang='lat' dir='ltr'><strong>simul</strong></span> <span class='ocrx_word' id='word_1_738' title='bbox 2746 1305 2997 1372; x_wconf 87' lang='lat' dir='ltr'><strong>privatus,</strong></span> <span class='ocrx_word' id='word_1_739' title='bbox 3030 1315 3263 1360; x_wconf 88' lang='lat' dir='ltr'><strong>attamen</strong></span> <span class='ocrx_word' id='word_1_740' title='bbox 3303 1307 3541 1364; x_wconf 89' lang='lat' dir='ltr'><strong>omnium</strong></span> 
     </span>
    </p>
   </div>
   <div class='ocr_carea' id='block_1_93' title="bbox 1948 1371 3541 1447">
    <p class='ocr_par' dir='ltr' id='par_1_93' title="bbox 1948 1371 3541 1447">
     <span class='ocr_line' id='line_1_94' title="bbox 1948 1371 3541 1447; baseline 0.004 -22"><span class='ocrx_word' id='word_1_741' title='bbox 1948 1371 2223 1447; x_wconf 76' lang='lat' dir='ltr'><strong>dominum</strong></span> <span class='ocrx_word' id='word_1_742' title='bbox 2253 1388 2359 1428; x_wconf 92' lang='lat' dir='ltr'><strong>non</strong></span> <span class='ocrx_word' id='word_1_743' title='bbox 2385 1375 2626 1447; x_wconf 57' lang='lat' dir='ltr'><strong>negavit.</strong></span> <span class='ocrx_word' id='word_1_744' title='bbox 2645 1371 2838 1429; x_wconf 83' lang='lat' dir='ltr'><strong>Verum</strong></span> <span class='ocrx_word' id='word_1_745' title='bbox 2868 1374 3007 1429; x_wconf 91' lang='lat' dir='ltr'><strong>illius</strong></span> <span class='ocrx_word' id='word_1_746' title='bbox 3031 1383 3406 1447; x_wconf 82' lang='lat' dir='ltr'><strong>stratagemata</strong></span> <span class='ocrx_word' id='word_1_747' title='bbox 3444 1393 3541 1447; x_wconf 89' lang='lat' dir='ltr'><strong>pe-</strong></span> 
     </span>
    </p>
   </div>
   <div class='ocr_carea' id='block_1_94' title="bbox 1945 1443 3536 1517">
    <p class='ocr_par' dir='ltr' id='par_1_94' title="bbox 1945 1443 3536 1517">
     <span class='ocr_line' id='line_1_95' title="bbox 1945 1443 3536 1517; baseline 0.005 -23"><span class='ocrx_word' id='word_1_748' title='bbox 1945 1443 2133 1517; x_wconf 76' lang='lat' dir='ltr'><strong>culiari</strong></span> <span class='ocrx_word' id='word_1_749' title='bbox 2162 1459 2413 1499; x_wconf 87' lang='lat' dir='ltr'><strong>sermone</strong></span> <span class='ocrx_word' id='word_1_750' title='bbox 2435 1444 2843 1517; x_wconf 85' lang='lat' dir='ltr'><strong>describentur:</strong></span> <span class='ocrx_word' id='word_1_751' title='bbox 2876 1460 2996 1499; x_wconf 91' lang='lat' dir='ltr'><strong>nam</strong></span> <span class='ocrx_word' id='word_1_752' title='bbox 3020 1459 3143 1500; x_wconf 88' lang='lat' dir='ltr'><strong>vere</strong></span> <span class='ocrx_word' id='word_1_753' title='bbox 3175 1443 3308 1517; x_wconf 74' lang='lat' dir='ltr'><strong>opus</strong></span> <span class='ocrx_word' id='word_1_754' title='bbox 3337 1443 3536 1502; x_wconf 79' lang='lat' dir='ltr'><strong>habent</strong></span> 
     </span>
    </p>
   </div>
   <div class='ocr_carea' id='block_1_95' title="bbox 1946 1513 3539 1586">
    <p class='ocr_par' dir='ltr' id='par_1_95' title="bbox 1946 1513 3539 1586">
     <span class='ocr_line' id='line_1_96' title="bbox 1946 1513 3539 1586; baseline 0.006 -21"><span class='ocrx_word' id='word_1_755' title='bbox 1946 1513 2211 1586; x_wconf 79' lang='lat' dir='ltr'><strong>destinato</strong></span> <span class='ocrx_word' id='word_1_756' title='bbox 2246 1525 2484 1586; x_wconf 87' lang='lat' dir='ltr'><strong>tempore</strong></span> <span class='ocrx_word' id='word_1_757' title='bbox 2521 1525 2578 1570; x_wconf 89' lang='lat' dir='ltr'><strong>ut</strong></span> <span class='ocrx_word' id='word_1_758' title='bbox 2610 1516 2961 1586; x_wconf 84' lang='lat' dir='ltr'><strong>exquirantur</strong></span> <span class='ocrx_word' id='word_1_759' title='bbox 3007 1531 3023 1569; x_wconf 84' lang='lat'><strong>:</strong></span> <span class='ocrx_word' id='word_1_760' title='bbox 3072 1530 3141 1586; x_wconf 88' lang='lat' dir='ltr'><strong>ne</strong></span> <span class='ocrx_word' id='word_1_761' title='bbox 3179 1513 3539 1585; x_wconf 63' lang='lat' dir='ltr'><strong>pErfuuctorie</strong></span> 
     </span>
    </p>
   </div>
   <div class='ocr_carea' id='block_1_96' title="bbox 1947 1582 3542 1655">
    <p class='ocr_par' dir='ltr' id='par_1_96' title="bbox 1947 1582 3542 1655">
     <span class='ocr_line' id='line_1_97' title="bbox 1947 1582 3542 1655; baseline 0.005 -19"><span class='ocrx_word' id='word_1_762' title='bbox 1947 1582 2214 1655; x_wconf 85' lang='lat' dir='ltr'><strong>loquendo</strong></span> <span class='ocrx_word' id='word_1_763' title='bbox 2242 1582 2367 1655; x_wconf 83' lang='lat' dir='ltr'><strong>ejus</strong></span> <span class='ocrx_word' id='word_1_764' title='bbox 2394 1582 3040 1641; x_wconf 59' lang='lat' dir='ltr'><strong>certamina&#39;eontumelia</strong></span> <span class='ocrx_word' id='word_1_765' title='bbox 3078 1582 3393 1641; x_wconf 83' lang='lat' dir='ltr'><strong>afficiamus.</strong></span> <span class='ocrx_word' id='word_1_766' title='bbox 3424 1588 3542 1644; x_wconf 66' lang='lat' dir='ltr'><strong>Prae</strong></span> 
     </span>
    </p>
   </div>
   <div class='ocr_carea' id='block_1_97' title="bbox 1914 1654 3542 1727">
    <p class='ocr_par' dir='ltr' id='par_1_97' title="bbox 1914 1654 3542 1727">
     <span class='ocr_line' id='line_1_98' title="bbox 1914 1654 3542 1727; baseline 0.004 -20"><span class='ocrx_word' id='word_1_767' title='bbox 1914 1654 2117 1710; x_wconf 81' lang='lat' dir='ltr'><strong>oculis</strong></span> <span class='ocrx_word' id='word_1_768' title='bbox 2140 1654 2321 1711; x_wconf 83' lang='lat' dir='ltr'><strong>tamen</strong></span> <span class='ocrx_word' id='word_1_769' title='bbox 2351 1655 2641 1712; x_wconf 86' lang='lat' dir='ltr'><strong>habeamus</strong></span> <span class='ocrx_word' id='word_1_770' title='bbox 2678 1672 2798 1727; x_wconf 63' lang='lat' dir='ltr'><strong>qua;</strong></span> <span class='ocrx_word' id='word_1_771' title='bbox 2831 1657 2966 1710; x_wconf 80' lang='lat' dir='ltr'><strong>dixit</strong></span> <span class='ocrx_word' id='word_1_772' title='bbox 3005 1655 3160 1711; x_wconf 89' lang='lat' dir='ltr'><strong>fortis</strong></span> <span class='ocrx_word' id='word_1_773' title='bbox 3206 1658 3294 1711; x_wconf 89' lang='lat' dir='ltr'><strong>ille</strong></span> <span class='ocrx_word' id='word_1_774' title='bbox 3335 1667 3392 1713; x_wconf 88' lang='lat' dir='ltr'><strong>et</strong></span> <span class='ocrx_word' id='word_1_775' title='bbox 3429 1675 3542 1714; x_wconf 73' lang='grc' dir='ltr'>ιιιειο</span> 
     </span>
    </p>
   </div>
   <div class='ocr_carea' id='block_1_98' title="bbox 1943 1727 3541 1797">
    <p class='ocr_par' dir='ltr' id='par_1_98' title="bbox 1943 1727 3541 1797">
     <span class='ocr_line' id='line_1_99' title="bbox 1943 1727 3541 1797; baseline 0.004 -21"><span class='ocrx_word' id='word_1_776' title='bbox 1943 1740 2082 1797; x_wconf 84' lang='lat' dir='ltr'><strong>gnus</strong></span> <span class='ocrx_word' id='word_1_777' title='bbox 2104 1727 2263 1796; x_wconf 75' lang='lat' dir='ltr'><strong>pugil.</strong></span> <span class='ocrx_word' id='word_1_778' title='bbox 2288 1727 2555 1793; x_wconf 81' lang='lat' dir='ltr'><strong>Quoniam</strong></span> <span class='ocrx_word' id='word_1_779' title='bbox 2595 1727 2740 1783; x_wconf 82' lang='lat' dir='ltr'><strong>enim</strong></span> <span class='ocrx_word' id='word_1_780' title='bbox 2771 1727 3001 1797; x_wconf 90' lang='lat' dir='ltr'><strong>sigillum</strong></span> <span class='ocrx_word' id='word_1_781' title='bbox 3038 1728 3195 1783; x_wconf 89' lang='lat' dir='ltr'><strong>dictis</strong></span> <span class='ocrx_word' id='word_1_782' title='bbox 3223 1727 3404 1794; x_wconf 89' lang='lat' dir='ltr'><strong>infert,</strong></span> <span class='ocrx_word' id='word_1_783' title='bbox 3438 1745 3541 1783; x_wconf 89' lang='lat' dir='ltr'><strong>nu-</strong></span> 
     </span>
    </p>
   </div>
   <div class='ocr_carea' id='block_1_99' title="bbox 1947 1795 3539 1867">
    <p class='ocr_par' dir='ltr' id='par_1_99' title="bbox 1947 1795 3539 1867">
     <span class='ocr_line' id='line_1_100' title="bbox 1947 1795 3539 1867; baseline 0.004 -19"><span class='ocrx_word' id='word_1_784' title='bbox 1947 1795 2099 1867; x_wconf 72' lang='lat' dir='ltr'><strong>datus</strong></span> <span class='ocrx_word' id='word_1_785' title='bbox 2142 1797 2417 1867; x_wconf 80' lang='lat' dir='ltr'><strong>omnibus,</strong></span> <span class='ocrx_word' id='word_1_786' title='bbox 2467 1797 2702 1867; x_wconf 88' lang='lat' dir='ltr'><strong>seipsum</strong></span> <span class='ocrx_word' id='word_1_787' title='bbox 2757 1795 2950 1867; x_wconf 77' lang='lat' dir='ltr'><strong>pietate</strong></span> <span class='ocrx_word' id='word_1_788' title='bbox 3000 1813 3104 1865; x_wconf 87' lang='lat' dir='ltr'><strong>non</strong></span> <span class='ocrx_word' id='word_1_789' title='bbox 3154 1798 3394 1864; x_wconf 89' lang='lat' dir='ltr'><strong>nudavit,</strong></span> <span class='ocrx_word' id='word_1_790' title='bbox 3446 1801 3539 1855; x_wconf 90' lang='lat' dir='ltr'><strong>sed</strong></span> 
     </span>
    </p>
   </div>
   <div class='ocr_carea' id='block_1_100' title="bbox 1943 1865 3541 1932">
    <p class='ocr_par' dir='ltr' id='par_1_100' title="bbox 1943 1865 3541 1932">
     <span class='ocr_line' id='line_1_101' title="bbox 1943 1865 3541 1932; baseline 0.004 -13"><span class='ocrx_word' id='word_1_791' title='bbox 1943 1865 2080 1921; x_wconf 78' lang='lat' dir='ltr'><strong>dixit</strong></span> <span class='ocrx_word' id='word_1_792' title='bbox 2111 1883 2124 1920; x_wconf 88' lang='lat'><strong>:</strong></span> <span class='ocrx_word' id='word_1_793' title='bbox 2156 1866 2412 1927; x_wconf 70' lang='lat' dir='ltr'><strong>Dominus</strong></span> <span class='ocrx_word' id='word_1_794' title='bbox 2437 1865 2606 1932; x_wconf 75' lang='lat' dir='ltr'><strong>dedit,</strong></span> <span class='ocrx_word' id='word_1_795' title='bbox 2639 1865 2888 1922; x_wconf 64' lang='lat' dir='ltr'><strong>Dominus</strong></span> <span class='ocrx_word' id='word_1_796' title='bbox 2912 1869 3142 1931; x_wconf 73' lang='lat' dir='ltr'><strong>abstulit;</strong></span> <span class='ocrx_word' id='word_1_797' title='bbox 3166 1874 3294 1923; x_wconf 77' lang='lat' dir='ltr'><strong>sfout</strong></span> <span class='ocrx_word' id='word_1_798' title='bbox 3320 1869 3541 1925; x_wconf 72' lang='lat' dir='ltr'><strong>Domino</strong></span> 
     </span>
    </p>
   </div>
   <div class='ocr_carea' id='block_1_101' title="bbox 1944 1937 3540 2011">
    <p class='ocr_par' dir='ltr' id='par_1_101' title="bbox 1944 1937 3540 2011">
     <span class='ocr_line' id='line_1_102' title="bbox 1944 1937 3540 2011; baseline 0.004 -22"><span class='ocrx_word' id='word_1_799' title='bbox 1944 1937 2105 2011; x_wconf 73' lang='lat' dir='ltr'><strong>visum</strong></span> <span class='ocrx_word' id='word_1_800' title='bbox 2132 1949 2237 2005; x_wconf 79' lang='lat' dir='ltr'><strong>est,</strong></span> <span class='ocrx_word' id='word_1_801' title='bbox 2276 1941 2352 1993; x_wconf 80' lang='lat' dir='ltr'><strong>ita</strong></span> <span class='ocrx_word' id='word_1_802' title='bbox 2386 1948 2434 1993; x_wconf 83' lang='lat' dir='ltr'><strong>et</strong></span> <span class='ocrx_word' id='word_1_803' title='bbox 2470 1944 2662 2011; x_wconf 75' lang='lat' dir='ltr'><strong>factum</strong></span> <span class='ocrx_word' id='word_1_804' title='bbox 2689 1948 2763 2011; x_wconf 75' lang='lat' dir='ltr'><strong>est</strong></span> <span class='ocrx_word' id='word_1_805' title='bbox 2797 1938 2919 2011; x_wconf 68' lang='lat' dir='ltr'><strong>(Job</strong></span> <span class='ocrx_word' id='word_1_806' title='bbox 2969 1940 3019 1995; x_wconf 84' lang='grc'><strong>1.</strong></span> <span class='ocrx_word' id='word_1_807' title='bbox 3050 1939 3167 2008; x_wconf 68' lang='grc'><strong>21).</strong></span> <span class='ocrx_word' id='word_1_808' title='bbox 3192 1941 3341 1997; x_wconf 75' lang='lat' dir='ltr'><strong>Bene</strong></span> <span class='ocrx_word' id='word_1_809' title='bbox 3386 1942 3540 2006; x_wconf 83' lang='lat' dir='ltr'><strong>dicit,</strong></span> 
     </span>
    </p>
   </div>
   <div class='ocr_carea' id='block_1_102' title="bbox 1946 2008 3544 2081">
    <p class='ocr_par' dir='ltr' id='par_1_102' title="bbox 1946 2008 3544 2081">
     <span class='ocr_line' id='line_1_103' title="bbox 1946 2008 3544 2081; baseline 0.004 -20"><span class='ocrx_word' id='word_1_810' title='bbox 1946 2008 2107 2081; x_wconf 78' lang='lat' dir='ltr'><strong>visum</strong></span> <span class='ocrx_word' id='word_1_811' title='bbox 2131 2018 2200 2063; x_wconf 77' lang='lat' dir='ltr'><strong>cst</strong></span> <span class='ocrx_word' id='word_1_812' title='bbox 2228 2027 2245 2064; x_wconf 82' lang='lat'><strong>.-</strong></span> <span class='ocrx_word' id='word_1_813' title='bbox 2276 2008 2523 2081; x_wconf 72' lang='lat' dir='ltr'><strong>concedit</strong></span> <span class='ocrx_word' id='word_1_814' title='bbox 2541 2009 2866 2081; x_wconf 80' lang='lat' dir='ltr'><strong>auctoritati,</strong></span> <span class='ocrx_word' id='word_1_815' title='bbox 2898 2026 3003 2065; x_wconf 86' lang='lat' dir='ltr'><strong>non</strong></span> <span class='ocrx_word' id='word_1_816' title='bbox 3025 2011 3236 2066; x_wconf 86' lang='lat' dir='ltr'><strong>curiose</strong></span> <span class='ocrx_word' id='word_1_817' title='bbox 3259 2011 3544 2081; x_wconf 86' lang='lat' dir='ltr'><strong>diSpensa-</strong></span> 
     </span>
    </p>
   </div>
   <div class='ocr_carea' id='block_1_103' title="bbox 1947 2077 3540 2151">
    <p class='ocr_par' dir='ltr' id='par_1_103' title="bbox 1947 2077 3540 2151">
     <span class='ocr_line' id='line_1_104' title="bbox 1947 2077 3540 2151; baseline 0.004 -19"><span class='ocrx_word' id='word_1_818' title='bbox 1947 2077 2144 2151; x_wconf 88' lang='lat' dir='ltr'><strong>tionem</strong></span> <span class='ocrx_word' id='word_1_819' title='bbox 2165 2080 2414 2149; x_wconf 78' lang='lat' dir='ltr'><strong>explorat</strong></span> <span class='ocrx_word' id='word_1_820' title='bbox 2445 2097 2588 2135; x_wconf 89' lang='lat' dir='ltr'><strong>:non</strong></span> <span class='ocrx_word' id='word_1_821' title='bbox 2617 2079 2751 2135; x_wconf 78' lang='lat' dir='ltr'><strong>dixit</strong></span> <span class='ocrx_word' id='word_1_822' title='bbox 2775 2080 2913 2135; x_wconf 84' lang='lat' dir='ltr'><strong>sicut</strong></span> <span class='ocrx_word' id='word_1_823' title='bbox 2938 2094 3034 2135; x_wconf 91' lang='lat' dir='ltr'><strong>nos</strong></span> <span class='ocrx_word' id='word_1_824' title='bbox 3068 2098 3082 2136; x_wconf 92' lang='lat'><strong>:</strong></span> <span class='ocrx_word' id='word_1_825' title='bbox 3110 2082 3288 2146; x_wconf 89' lang='lat' dir='ltr'><strong>Quare</strong></span> <span class='ocrx_word' id='word_1_826' title='bbox 3313 2077 3540 2151; x_wconf 78' lang='lat' dir='ltr'><strong>juvenes</strong></span> 
     </span>
    </p>
   </div>
   <div class='ocr_carea' id='block_1_104' title="bbox 1945 2150 3534 2221">
    <p class='ocr_par' dir='ltr' id='par_1_104' title="bbox 1945 2150 3534 2221">
     <span class='ocr_line' id='line_1_105' title="bbox 1945 2150 3534 2221; baseline 0.003 -19"><span class='ocrx_word' id='word_1_827' title='bbox 1945 2150 2266 2221; x_wconf 85' lang='lat' dir='ltr'><strong>moriuntur,</strong></span> <span class='ocrx_word' id='word_1_828' title='bbox 2308 2161 2363 2205; x_wconf 90' lang='lat' dir='ltr'><strong>et</strong></span> <span class='ocrx_word' id='word_1_829' title='bbox 2398 2166 2555 2206; x_wconf 85' lang='lat' dir='ltr'><strong>senes</strong></span> <span class='ocrx_word' id='word_1_830' title='bbox 2586 2151 2837 2206; x_wconf 86' lang='lat' dir='ltr'><strong>manent?</strong></span> <span class='ocrx_word' id='word_1_831' title='bbox 2865 2151 3048 2220; x_wconf 80' lang='lat' dir='ltr'><strong>Qualis</strong></span> <span class='ocrx_word' id='word_1_832' title='bbox 3074 2159 3156 2206; x_wconf 85' lang='lat' dir='ltr'><strong>est</strong></span> <span class='ocrx_word' id='word_1_833' title='bbox 3185 2152 3284 2206; x_wconf 85' lang='lat' dir='ltr'><strong>ista</strong></span> <span class='ocrx_word' id='word_1_834' title='bbox 3313 2150 3534 2221; x_wconf 86' lang='lat' dir='ltr'><strong>dispen-</strong></span> 
     </span>
    </p>
   </div>
   <div class='ocr_carea' id='block_1_105' title="bbox 1942 2220 3539 2291">
    <p class='ocr_par' dir='ltr' id='par_1_105' title="bbox 1942 2220 3539 2291">
     <span class='ocr_line' id='line_1_106' title="bbox 1942 2220 3539 2291; baseline 0.004 -18"><span class='ocrx_word' id='word_1_835' title='bbox 1942 2220 2084 2274; x_wconf 85' lang='lat' dir='ltr'><strong>satio</strong></span> <span class='ocrx_word' id='word_1_836' title='bbox 2098 2220 2124 2273; x_wconf 83' lang='lat'><strong>-?</strong></span> <span class='ocrx_word' id='word_1_837' title='bbox 2157 2221 2441 2291; x_wconf 72' lang='lat' dir='ltr'><strong>Desz</strong></span> <span class='ocrx_word' id='word_1_838' title='bbox 2480 2236 2651 2277; x_wconf 72' lang='lat' dir='ltr'><strong>senex</strong></span> <span class='ocrx_word' id='word_1_839' title='bbox 2694 2230 2929 2276; x_wconf 78' lang='lat' dir='ltr'><strong>mortem</strong></span> <span class='ocrx_word' id='word_1_840' title='bbox 2950 2263 2965 2285; x_wconf 92' lang='lat'><strong>,</strong></span> <span class='ocrx_word' id='word_1_841' title='bbox 3016 2224 3224 2277; x_wconf 78' lang='lat' dir='ltr'><strong>solutus</strong></span> <span class='ocrx_word' id='word_1_842' title='bbox 3256 2220 3539 2291; x_wconf 78' lang='lat' dir='ltr'><strong>cantibus,</strong></span> 
     </span>
    </p>
   </div>
   <div class='ocr_carea' id='block_1_106' title="bbox 1946 2290 3537 2363">
    <p class='ocr_par' dir='ltr' id='par_1_106' title="bbox 1946 2290 3537 2363">
     <span class='ocr_line' id='line_1_107' title="bbox 1946 2290 3537 2363; baseline 0.003 -18"><span class='ocrx_word' id='word_1_843' title='bbox 1946 2304 2108 2363; x_wconf 71' lang='lat' dir='ltr'><strong>opum</strong></span> <span class='ocrx_word' id='word_1_844' title='bbox 2163 2290 2407 2363; x_wconf 84' lang='lat' dir='ltr'><strong>indigus,</strong></span> <span class='ocrx_word' id='word_1_845' title='bbox 2458 2302 2517 2348; x_wconf 82' lang='lat' dir='ltr'><strong>et</strong></span> <span class='ocrx_word' id='word_1_846' title='bbox 2568 2292 2688 2348; x_wconf 85' lang='lat' dir='ltr'><strong>aliis</strong></span> <span class='ocrx_word' id='word_1_847' title='bbox 2726 2292 3180 2348; x_wconf 78' lang='lat' dir='ltr'><strong>consolationibus</strong></span> <span class='ocrx_word' id='word_1_848' title='bbox 3226 2293 3537 2360; x_wconf 86' lang='lat' dir='ltr'><strong>destitutus,</strong></span> 
     </span>
    </p>
   </div>
   <div class='ocr_carea' id='block_1_107' title="bbox 1945 2358 3542 2435">
    <p class='ocr_par' dir='ltr' id='par_1_107' title="bbox 1945 2358 3542 2435">
     <span class='ocr_line' id='line_1_108' title="bbox 1945 2358 3542 2435; baseline 0.004 -21"><span class='ocrx_word' id='word_1_849' title='bbox 1945 2358 2335 2435; x_wconf 77' lang='lat' dir='ltr'><strong>frustraturque</strong></span> <span class='ocrx_word' id='word_1_850' title='bbox 2385 2371 2544 2435; x_wconf 84' lang='lat' dir='ltr'><strong>voto;</strong></span> <span class='ocrx_word' id='word_1_851' title='bbox 2589 2374 2644 2418; x_wconf 91' lang='lat' dir='ltr'><strong>et</strong></span> <span class='ocrx_word' id='word_1_852' title='bbox 2693 2379 2825 2432; x_wconf 85' lang='lat' dir='ltr'><strong>puer</strong></span> <span class='ocrx_word' id='word_1_853' title='bbox 2866 2363 3121 2435; x_wconf 85' lang='lat' dir='ltr'><strong>amabilis</strong></span> <span class='ocrx_word' id='word_1_854' title='bbox 3154 2362 3377 2435; x_wconf 68' lang='lat' dir='ltr'><strong>formae,</strong></span> <span class='ocrx_word' id='word_1_855' title='bbox 3416 2358 3542 2435; x_wconf 58' lang='lat' dir='ltr'><strong>gra-l</strong></span> 
     </span>
    </p>
   </div>
   <div class='ocr_carea' id='block_1_108' title="bbox 1950 2433 3539 2502">
    <p class='ocr_par' dir='ltr' id='par_1_108' title="bbox 1950 2433 3539 2502">
     <span class='ocr_line' id='line_1_109' title="bbox 1950 2433 3539 2502; baseline 0.003 -16"><span class='ocrx_word' id='word_1_856' title='bbox 1950 2437 2037 2486; x_wconf 86' lang='lat' dir='ltr'><strong>tus</strong></span> <span class='ocrx_word' id='word_1_857' title='bbox 2088 2433 2432 2501; x_wconf 88' lang='lat' dir='ltr'><strong>parentibus,</strong></span> <span class='ocrx_word' id='word_1_858' title='bbox 2478 2434 2795 2488; x_wconf 89' lang='lat' dir='ltr'><strong>immaturus</strong></span> <span class='ocrx_word' id='word_1_859' title='bbox 2839 2433 3063 2502; x_wconf 75' lang='lat' dir='ltr'><strong>rapitur.</strong></span> <span class='ocrx_word' id='word_1_860' title='bbox 3110 2433 3264 2489; x_wconf 90' lang='lat' dir='ltr'><strong>Disce</strong></span> <span class='ocrx_word' id='word_1_861' title='bbox 3306 2433 3440 2489; x_wconf 46' lang='lat' dir='ltr'><strong>non‘</strong></span> <span class='ocrx_word' id='word_1_862' title='bbox 3468 2446 3539 2490; x_wconf 86' lang='lat' dir='ltr'><strong>ta-</strong></span> 
     </span>
    </p>
   </div>
   <div class='ocr_carea' id='block_1_109' title="bbox 1946 2501 3535 2575">
    <p class='ocr_par' dir='ltr' id='par_1_109' title="bbox 1946 2501 3535 2575">
     <span class='ocr_line' id='line_1_110' title="bbox 1946 2501 3535 2575; baseline 0.003 -20"><span class='ocrx_word' id='word_1_863' title='bbox 1946 2501 2016 2556; x_wconf 86' lang='lat' dir='ltr'><strong>lia</strong></span> <span class='ocrx_word' id='word_1_864' title='bbox 2050 2517 2346 2575; x_wconf 19' lang='lat' dir='ltr'><strong>Aqywrere;</strong></span> <span class='ocrx_word' id='word_1_865' title='bbox 2400 2502 2496 2575; x_wconf 86' lang='lat' dir='ltr'><strong>sed</strong></span> <span class='ocrx_word' id='word_1_866' title='bbox 2541 2503 2703 2575; x_wconf 81' lang='lat' dir='ltr'><strong>dicito</strong></span> <span class='ocrx_word' id='word_1_867' title='bbox 2735 2503 2987 2558; x_wconf 75' lang='lat' dir='ltr'><strong>:Judicia</strong></span> <span class='ocrx_word' id='word_1_868' title='bbox 3032 2514 3121 2575; x_wconf 75' lang='lat' dir='ltr'><strong>tuo</strong></span> <span class='ocrx_word' id='word_1_869' title='bbox 3160 2505 3371 2575; x_wconf 78' lang='lat' dir='ltr'><strong>abyssus</strong></span> <span class='ocrx_word' id='word_1_870' title='bbox 3400 2507 3535 2559; x_wconf 84' lang='lat' dir='ltr'><strong>mul-</strong></span> 
     </span>
    </p>
   </div>
   <div class='ocr_carea' id='block_1_110' title="bbox 1947 2572 3545 2641">
    <p class='ocr_par' dir='ltr' id='par_1_110' title="bbox 1947 2572 3545 2641">
     <span class='ocr_line' id='line_1_111' title="bbox 1947 2572 3545 2641; baseline 0.003 -15"><span class='ocrx_word' id='word_1_871' title='bbox 1947 2580 1999 2626; x_wconf 88' lang='lat' dir='ltr'><strong>ta</strong></span> <span class='ocrx_word' id='word_1_872' title='bbox 2037 2572 2236 2637; x_wconf 76' lang='lat' dir='ltr'><strong>(Psat.</strong></span> <span class='ocrx_word' id='word_1_873' title='bbox 2287 2575 2377 2629; x_wconf 80' lang='lat'><strong>55.</strong></span> <span class='ocrx_word' id='word_1_874' title='bbox 2407 2574 2487 2641; x_wconf 74' lang='grc' dir='ltr'><strong>η.</strong></span> <span class='ocrx_word' id='word_1_875' title='bbox 2541 2574 2696 2629; x_wconf 85' lang='lat' dir='ltr'><strong>Disce</strong></span> <span class='ocrx_word' id='word_1_876' title='bbox 2751 2585 2804 2628; x_wconf 86' lang='grc' dir='ltr'><strong>ιιι</strong></span> <span class='ocrx_word' id='word_1_877' title='bbox 2853 2575 3003 2630; x_wconf 89' lang='lat' dir='ltr'><strong>dicas</strong></span> <span class='ocrx_word' id='word_1_878' title='bbox 3041 2572 3267 2631; x_wconf 69' lang='lat' dir='ltr'><strong>:Justtts</strong></span> <span class='ocrx_word' id='word_1_879' title='bbox 3315 2592 3387 2636; x_wconf 81' lang='lat' dir='ltr'><strong>es.</strong></span> <span class='ocrx_word' id='word_1_880' title='bbox 3434 2577 3545 2631; x_wconf 82' lang='lat' dir='ltr'><strong>Do-</strong></span> 
     </span>
    </p>
   </div>
   <div class='ocr_carea' id='block_1_111' title="bbox 1948 2641 3533 2715">
    <p class='ocr_par' dir='ltr' id='par_1_111' title="bbox 1948 2641 3533 2715">
     <span class='ocr_line' id='line_1_112' title="bbox 1948 2641 3533 2715; baseline 0 -20"><span class='ocrx_word' id='word_1_881' title='bbox 1948 2644 2109 2715; x_wconf 65' lang='lat' dir='ltr'><strong>mine,</strong></span> <span class='ocrx_word' id='word_1_882' title='bbox 2151 2656 2201 2700; x_wconf 83' lang='lat' dir='ltr'><strong>et</strong></span> <span class='ocrx_word' id='word_1_883' title='bbox 2250 2657 2394 2700; x_wconf 80' lang='lat' dir='ltr'><strong>recta</strong></span> <span class='ocrx_word' id='word_1_884' title='bbox 2422 2645 2633 2715; x_wconf 75' lang='lat' dir='ltr'><strong>judicia</strong></span> <span class='ocrx_word' id='word_1_885' title='bbox 2659 2657 2751 2698; x_wconf 80' lang='lat' dir='ltr'><strong>tua</strong></span> <span class='ocrx_word' id='word_1_886' title='bbox 2783 2643 2958 2714; x_wconf 81' lang='lat' dir='ltr'><strong>(l’sal.</strong></span> <span class='ocrx_word' id='word_1_887' title='bbox 3004 2642 3127 2715; x_wconf 11' lang='lat'><strong>1‘18.</strong></span> <span class='ocrx_word' id='word_1_888' title='bbox 3172 2641 3317 2715; x_wconf 57' lang='lat'><strong>1237).</strong></span> <span class='ocrx_word' id='word_1_889' title='bbox 3354 2641 3533 2709; x_wconf 82' lang='lat' dir='ltr'><strong>Uiscc,</strong></span> 
     </span>
    </p>
   </div>
   <div class='ocr_carea' id='block_1_112' title="bbox 1951 2711 3535 2773">
    <p class='ocr_par' dir='ltr' id='par_1_112' title="bbox 1951 2711 3535 2773">
     <span class='ocr_line' id='line_1_113' title="bbox 1951 2711 3535 2773; baseline -0.002 -6"><span class='ocrx_word' id='word_1_890' title='bbox 1951 2722 2009 2768; x_wconf 87' lang='lat' dir='ltr'><strong>ut</strong></span> <span class='ocrx_word' id='word_1_891' title='bbox 2032 2713 2183 2769; x_wconf 86' lang='lat' dir='ltr'><strong>dicas</strong></span> <span class='ocrx_word' id='word_1_892' title='bbox 2208 2735 2223 2772; x_wconf 88' lang='lat'><strong>:</strong></span> <span class='ocrx_word' id='word_1_893' title='bbox 2263 2711 2672 2772; x_wconf 46' lang='lat' dir='ltr'><strong>Sicut&#39;llomino</strong></span> <span class='ocrx_word' id='word_1_894' title='bbox 2700 2711 2869 2769; x_wconf 75' lang='lat' dir='ltr'><strong>visum</strong></span> <span class='ocrx_word' id='word_1_895' title='bbox 2890 2729 2987 2773; x_wconf 85' lang='lat' dir='ltr'><strong>est,</strong></span> <span class='ocrx_word' id='word_1_896' title='bbox 3021 2713 3101 2766; x_wconf 82' lang='lat' dir='ltr'><strong>ita</strong></span> <span class='ocrx_word' id='word_1_897' title='bbox 3127 2720 3175 2765; x_wconf 87' lang='lat' dir='ltr'><strong>et</strong></span> <span class='ocrx_word' id='word_1_898' title='bbox 3206 2711 3404 2767; x_wconf 84' lang='lat' dir='ltr'><strong>factum</strong></span> <span class='ocrx_word' id='word_1_899' title='bbox 3435 2720 3535 2764; x_wconf 81' lang='lat' dir='ltr'><strong>est.</strong></span> 
     </span>
    </p>
   </div>
   <div class='ocr_carea' id='block_1_113' title="bbox 1946 2783 3543 2857">
    <p class='ocr_par' dir='ltr' id='par_1_113' title="bbox 1946 2783 3543 2857">
     <span class='ocr_line' id='line_1_114' title="bbox 1946 2783 3543 2857; baseline 0.001 -19"><span class='ocrx_word' id='word_1_900' title='bbox 1946 2783 2193 2857; x_wconf 77' lang='lat' dir='ltr'><strong>Agnosco</strong></span> <span class='ocrx_word' id='word_1_901' title='bbox 2217 2784 2606 2857; x_wconf 75' lang='lat' dir='ltr'><strong>aucmritatcm,</strong></span> <span class='ocrx_word' id='word_1_902' title='bbox 2633 2792 2706 2857; x_wconf 89' lang='lat' dir='ltr'><strong>ut_</strong></span> <span class='ocrx_word' id='word_1_903' title='bbox 2718 2797 2975 2857; x_wconf 83' lang='lat' dir='ltr'><strong>agnoscas</strong></span> <span class='ocrx_word' id='word_1_904' title='bbox 2991 2794 3046 2857; x_wconf 67' lang='lat' dir='ltr'><strong>et</strong></span> <span class='ocrx_word' id='word_1_905' title='bbox 3067 2783 3543 2857; x_wconf 79' lang='lat' dir='ltr'><strong>pietatem.Vet-ttnt</strong></span> 
     </span>
    </p>
   </div>
   <div class='ocr_carea' id='block_1_114' title="bbox 1947 2854 3543 2925">
    <p class='ocr_par' dir='ltr' id='par_1_114' title="bbox 1947 2854 3543 2925">
     <span class='ocr_line' id='line_1_115' title="bbox 1947 2854 3543 2925; baseline 0.001 -19"><span class='ocrx_word' id='word_1_906' title='bbox 1947 2856 2196 2924; x_wconf 87' lang='lat' dir='ltr'><strong>quoniam</strong></span> <span class='ocrx_word' id='word_1_907' title='bbox 2238 2856 2420 2910; x_wconf 81' lang='lat' dir='ltr'><strong>incidit</strong></span> <span class='ocrx_word' id='word_1_908' title='bbox 2460 2869 2637 2911; x_wconf 87' lang='lat' dir='ltr'><strong>sermo</strong></span> <span class='ocrx_word' id='word_1_909' title='bbox 2674 2854 2744 2910; x_wconf 91' lang='lat' dir='ltr'><strong>de</strong></span> <span class='ocrx_word' id='word_1_910' title='bbox 2779 2855 2946 2924; x_wconf 81' lang='lat' dir='ltr'><strong>gloria</strong></span> <span class='ocrx_word' id='word_1_911' title='bbox 2985 2854 3213 2925; x_wconf 88' lang='lat' dir='ltr'><strong>Spiritus</strong></span> <span class='ocrx_word' id='word_1_912' title='bbox 3245 2857 3436 2922; x_wconf 88' lang='lat' dir='ltr'><strong>sancti,</strong></span> <span class='ocrx_word' id='word_1_913' title='bbox 3459 2856 3543 2908; x_wconf 86' lang='lat' dir='ltr'><strong>di-</strong></span> 
     </span>
    </p>
   </div>
   <div class='ocr_carea' id='block_1_115' title="bbox 1948 2925 3543 2995">
    <p class='ocr_par' dir='ltr' id='par_1_115' title="bbox 1948 2925 3543 2995">
     <span class='ocr_line' id='line_1_116' title="bbox 1948 2925 3543 2995; baseline 0.001 -16"><span class='ocrx_word' id='word_1_914' title='bbox 1948 2940 2133 2981; x_wconf 88' lang='lat' dir='ltr'><strong>camus</strong></span> <span class='ocrx_word' id='word_1_915' title='bbox 2170 2925 2371 2995; x_wconf 79' lang='lat' dir='ltr'><strong>aliquid</strong></span> <span class='ocrx_word' id='word_1_916' title='bbox 2416 2941 2485 2982; x_wconf 78' lang='lat' dir='ltr'><strong>ex</strong></span> <span class='ocrx_word' id='word_1_917' title='bbox 2523 2925 2859 2995; x_wconf 75' lang='lat' dir='ltr'><strong>dogmatibus</strong></span> <span class='ocrx_word' id='word_1_918' title='bbox 2904 2926 2956 2980; x_wconf 86' lang='lat' dir='ltr'><strong>in</strong></span> <span class='ocrx_word' id='word_1_919' title='bbox 3000 2936 3236 2980; x_wconf 78' lang='lat' dir='ltr'><strong>nostram</strong></span> <span class='ocrx_word' id='word_1_920' title='bbox 3264 2926 3543 2981; x_wconf 86' lang='lat' dir='ltr'><strong>utilitatem</strong></span> 
     </span>
    </p>
   </div>
   <div class='ocr_carea' id='block_1_116' title="bbox 1900 2995 3538 3068">
    <p class='ocr_par' dir='ltr' id='par_1_116' title="bbox 1900 2995 3538 3068">
     <span class='ocr_line' id='line_1_117' title="bbox 1900 2995 3538 3068; baseline 0.001 -19"><span class='ocrx_word' id='word_1_921' title='bbox 1900 3057 1916 3068; x_wconf 25' lang='grc' dir='ltr'><strong>κ</strong></span> <span class='ocrx_word' id='word_1_922' title='bbox 1949 2996 2393 3068; x_wconf 85' lang='lat' dir='ltr'><strong>etsecuritatem.</strong></span> <span class='ocrx_word' id='word_1_923' title='bbox 2423 2996 2555 3051; x_wconf 86' lang='lat' dir='ltr'><strong>Nam</strong></span> <span class='ocrx_word' id='word_1_924' title='bbox 2582 2999 2721 3051; x_wconf 78' lang='lat' dir='ltr'><strong>sicut</strong></span> <span class='ocrx_word' id='word_1_925' title='bbox 2759 2995 2879 3060; x_wconf 72' lang='lat' dir='ltr'><strong>Job,</strong></span> <span class='ocrx_word' id='word_1_926' title='bbox 2912 3010 3033 3050; x_wconf 92' lang='lat' dir='ltr'><strong>cum</strong></span> <span class='ocrx_word' id='word_1_927' title='bbox 3066 2996 3216 3059; x_wconf 82' lang='lat' dir='ltr'><strong>dixit,</strong></span> <span class='ocrx_word' id='word_1_928' title='bbox 3249 2996 3400 3051; x_wconf 82' lang='lat' dir='ltr'><strong>Sicut</strong></span> <span class='ocrx_word' id='word_1_929' title='bbox 3428 2997 3538 3051; x_wconf 83' lang='lat' dir='ltr'><strong>Do-</strong></span> 
     </span>
    </p>
   </div>
   <div class='ocr_carea' id='block_1_117' title="bbox 1948 3067 3543 3132">
    <p class='ocr_par' dir='ltr' id='par_1_117' title="bbox 1948 3067 3543 3132">
     <span class='ocr_line' id='line_1_118' title="bbox 1948 3067 3543 3132; baseline 0 -13"><span class='ocrx_word' id='word_1_930' title='bbox 1948 3067 2086 3119; x_wconf 84' lang='lat' dir='ltr'><strong>mino</strong></span> <span class='ocrx_word' id='word_1_931' title='bbox 2112 3068 2271 3121; x_wconf 84' lang='lat' dir='ltr'><strong>visum</strong></span> <span class='ocrx_word' id='word_1_932' title='bbox 2315 3074 2409 3132; x_wconf 84' lang='lat' dir='ltr'><strong>est,</strong></span> <span class='ocrx_word' id='word_1_933' title='bbox 2436 3068 2807 3121; x_wconf 86' lang='lat' dir='ltr'><strong>auctoritatem</strong></span> <span class='ocrx_word' id='word_1_934' title='bbox 2837 3068 3158 3121; x_wconf 86' lang='lat' dir='ltr'><strong>monstravit</strong></span> <span class='ocrx_word' id='word_1_935' title='bbox 3196 3076 3255 3120; x_wconf 88' lang='lat' dir='ltr'><strong>et</strong></span> <span class='ocrx_word' id='word_1_936' title='bbox 3290 3067 3543 3121; x_wconf 83' lang='lat' dir='ltr'><strong>domina-</strong></span> 
     </span>
    </p>
   </div>
   <div class='ocr_carea' id='block_1_118' title="bbox 1950 3136 3542 3206">
    <p class='ocr_par' dir='ltr' id='par_1_118' title="bbox 1950 3136 3542 3206">
     <span class='ocr_line' id='line_1_119' title="bbox 1950 3136 3542 3206; baseline 0 -15"><span class='ocrx_word' id='word_1_937' title='bbox 1950 3137 2172 3201; x_wconf 90' lang='lat' dir='ltr'><strong>tionem,</strong></span> <span class='ocrx_word' id='word_1_938' title='bbox 2203 3139 2283 3191; x_wconf 89' lang='lat' dir='ltr'><strong>sic</strong></span> <span class='ocrx_word' id='word_1_939' title='bbox 2322 3147 2378 3192; x_wconf 90' lang='lat' dir='ltr'><strong>et</strong></span> <span class='ocrx_word' id='word_1_940' title='bbox 2417 3136 2642 3206; x_wconf 84' lang='lat' dir='ltr'><strong>apostoli</strong></span> <span class='ocrx_word' id='word_1_941' title='bbox 2689 3137 2931 3206; x_wconf 82' lang='lat' dir='ltr'><strong>herilem</strong></span> <span class='ocrx_word' id='word_1_942' title='bbox 2955 3137 3324 3192; x_wconf 83' lang='lat' dir='ltr'><strong>auctoritatem</strong></span> <span class='ocrx_word' id='word_1_943' title='bbox 3371 3139 3542 3192; x_wconf 84' lang='lat' dir='ltr'><strong>sancti</strong></span> 
     </span>
    </p>
   </div>
   <div class='ocr_carea' id='block_1_119' title="bbox 1951 3205 3547 3278">
    <p class='ocr_par' dir='ltr' id='par_1_119' title="bbox 1951 3205 3547 3278">
     <span class='ocr_line' id='line_1_120' title="bbox 1951 3205 3547 3278; baseline 0.001 -17"><span class='ocrx_word' id='word_1_944' title='bbox 1951 3208 2183 3278; x_wconf 87' lang='lat' dir='ltr'><strong>Spiritus</strong></span> <span class='ocrx_word' id='word_1_945' title='bbox 2221 3207 2587 3273; x_wconf 80' lang='lat' dir='ltr'><strong>ostendentes,</strong></span> <span class='ocrx_word' id='word_1_946' title='bbox 2634 3208 2855 3263; x_wconf 87' lang='lat' dir='ltr'><strong>dicunt:</strong></span> <span class='ocrx_word' id='word_1_947' title='bbox 2895 3205 3068 3261; x_wconf 79' lang='lat' dir='ltr'><strong>Visum</strong></span> <span class='ocrx_word' id='word_1_948' title='bbox 3113 3217 3187 3262; x_wconf 81' lang='lat' dir='ltr'><strong>est</strong></span> <span class='ocrx_word' id='word_1_949' title='bbox 3219 3219 3392 3263; x_wconf 82' lang='lat' dir='ltr'><strong>sancto</strong></span> <span class='ocrx_word' id='word_1_950' title='bbox 3422 3210 3547 3278; x_wconf 79' lang='lat' dir='ltr'><strong>Spi-</strong></span> 
     </span>
    </p>
   </div>
   <div class='ocr_carea' id='block_1_120' title="bbox 1950 3278 3542 3347">
    <p class='ocr_par' dir='ltr' id='par_1_120' title="bbox 1950 3278 3542 3347">
     <span class='ocr_line' id='line_1_121' title="bbox 1950 3278 3542 3347; baseline 0 -15"><span class='ocrx_word' id='word_1_951' title='bbox 1950 3280 2073 3332; x_wconf 84' lang='lat' dir='ltr'><strong>ritui</strong></span> <span class='ocrx_word' id='word_1_952' title='bbox 2124 3278 2252 3332; x_wconf 81' lang='lat' dir='ltr'><strong>nihil</strong></span> <span class='ocrx_word' id='word_1_953' title='bbox 2298 3279 2556 3347; x_wconf 79' lang='lat' dir='ltr'><strong>imponere</strong></span> <span class='ocrx_word' id='word_1_954' title='bbox 2598 3278 2736 3332; x_wconf 83' lang='lat' dir='ltr'><strong>vobis</strong></span> <span class='ocrx_word' id='word_1_955' title='bbox 2782 3279 2880 3332; x_wconf 78' lang='lat' dir='ltr'><strong>nisi</strong></span> <span class='ocrx_word' id='word_1_956' title='bbox 2927 3294 3040 3347; x_wconf 69' lang='lat' dir='ltr'><strong>qua:</strong></span> <span class='ocrx_word' id='word_1_957' title='bbox 3082 3281 3361 3347; x_wconf 57' lang='lat' dir='ltr'><strong>necessaria</strong></span> <span class='ocrx_word' id='word_1_958' title='bbox 3407 3289 3542 3333; x_wconf 83' lang='lat' dir='ltr'><strong>sunt.</strong></span> 
     </span>
    </p>
   </div>
   <div class='ocr_carea' id='block_1_121' title="bbox 1962 3346 3547 3421">
    <p class='ocr_par' dir='ltr' id='par_1_121' title="bbox 1962 3346 3547 3421">
     <span class='ocr_line' id='line_1_122' title="bbox 1962 3346 3547 3421; baseline 0.001 -19"><span class='ocrx_word' id='word_1_959' title='bbox 1962 3347 2141 3403; x_wconf 82' lang='lat' dir='ltr'><strong>Visum</strong></span> <span class='ocrx_word' id='word_1_960' title='bbox 2187 3357 2257 3403; x_wconf 88' lang='lat' dir='ltr'><strong>est</strong></span> <span class='ocrx_word' id='word_1_961' title='bbox 2298 3346 2474 3402; x_wconf 81' lang='lat' dir='ltr'><strong>sancto</strong></span> <span class='ocrx_word' id='word_1_962' title='bbox 2524 3348 2744 3421; x_wconf 77' lang='lat' dir='ltr'><strong>Spiritui</strong></span> <span class='ocrx_word' id='word_1_963' title='bbox 2758 3351 2909 3421; x_wconf 17' lang='lat' dir='ltr'><strong>A(Act.</strong></span> <span class='ocrx_word' id='word_1_964' title='bbox 2940 3346 3030 3421; x_wconf 59' lang='grc' dir='ltr'><strong>ιδ.</strong></span> <span class='ocrx_word' id='word_1_965' title='bbox 3061 3346 3175 3421; x_wconf 73' lang='lat'><strong>28).</strong></span> <span class='ocrx_word' id='word_1_966' title='bbox 3218 3348 3274 3404; x_wconf 89' lang='lat' dir='ltr'><strong>Si</strong></span> <span class='ocrx_word' id='word_1_967' title='bbox 3305 3349 3547 3405; x_wconf 82' lang='lat' dir='ltr'><strong>subditus</strong></span> 
     </span>
    </p>
   </div>
   <div class='ocr_carea' id='block_1_122' title="bbox 1952 3419 3546 3490">
    <p class='ocr_par' dir='ltr' id='par_1_122' title="bbox 1952 3419 3546 3490">
     <span class='ocr_line' id='line_1_123' title="bbox 1952 3419 3546 3490; baseline 0.001 -16"><span class='ocrx_word' id='word_1_968' title='bbox 1952 3430 2057 3484; x_wconf 83' lang='lat' dir='ltr'><strong>est,</strong></span> <span class='ocrx_word' id='word_1_969' title='bbox 2097 3435 2261 3490; x_wconf 88' lang='lat' dir='ltr'><strong>quare</strong></span> <span class='ocrx_word' id='word_1_970' title='bbox 2285 3420 2333 3475; x_wconf 86' lang='lat' dir='ltr'><strong>ei</strong></span> <span class='ocrx_word' id='word_1_971' title='bbox 2367 3421 2535 3474; x_wconf 84' lang='lat' dir='ltr'><strong>visunt</strong></span> <span class='ocrx_word' id='word_1_972' title='bbox 2572 3419 2697 3474; x_wconf 87' lang='lat' dir='ltr'><strong>est?</strong></span> <span class='ocrx_word' id='word_1_973' title='bbox 2724 3419 2771 3474; x_wconf 88' lang='lat' dir='ltr'><strong>si</strong></span> <span class='ocrx_word' id='word_1_974' title='bbox 2811 3422 2917 3490; x_wconf 85' lang='lat' dir='ltr'><strong>sub</strong></span> <span class='ocrx_word' id='word_1_975' title='bbox 2941 3419 3056 3488; x_wconf 86' lang='lat' dir='ltr'><strong>lege</strong></span> <span class='ocrx_word' id='word_1_976' title='bbox 3096 3419 3176 3474; x_wconf 82' lang='lat' dir='ltr'><strong>est</strong></span> <span class='ocrx_word' id='word_1_977' title='bbox 3203 3420 3457 3489; x_wconf 88' lang='lat' dir='ltr'><strong>spiritus,</strong></span> <span class='ocrx_word' id='word_1_978' title='bbox 3490 3432 3546 3475; x_wconf 88' lang='lat' dir='ltr'><strong>ct</strong></span> 
     </span>
    </p>
   </div>
   <div class='ocr_carea' id='block_1_123' title="bbox 1954 3489 3543 3561">
    <p class='ocr_par' dir='ltr' id='par_1_123' title="bbox 1954 3489 3543 3561">
     <span class='ocr_line' id='line_1_124' title="bbox 1954 3489 3543 3561; baseline 0.001 -17"><span class='ocrx_word' id='word_1_979' title='bbox 1954 3489 2138 3556; x_wconf 75' lang='lat' dir='ltr'><strong>servit,</strong></span> <span class='ocrx_word' id='word_1_980' title='bbox 2170 3490 2438 3559; x_wconf 90' lang='lat' dir='ltr'><strong>quomodo</strong></span> <span class='ocrx_word' id='word_1_981' title='bbox 2468 3490 2638 3543; x_wconf 87' lang='lat' dir='ltr'><strong>visum</strong></span> <span class='ocrx_word' id='word_1_982' title='bbox 2666 3490 2763 3544; x_wconf 90' lang='lat' dir='ltr'><strong>fuit</strong></span> <span class='ocrx_word' id='word_1_983' title='bbox 2790 3489 3040 3545; x_wconf 84' lang='lat' dir='ltr'><strong>subdito?</strong></span> <span class='ocrx_word' id='word_1_984' title='bbox 3071 3490 3257 3544; x_wconf 87' lang='lat' dir='ltr'><strong>Nonne</strong></span> <span class='ocrx_word' id='word_1_985' title='bbox 3283 3507 3401 3560; x_wconf 69' lang='lat' dir='ltr'><strong>quae</strong></span> <span class='ocrx_word' id='word_1_986' title='bbox 3434 3492 3543 3561; x_wconf 83' lang='lat' dir='ltr'><strong>regi</strong></span> 
     </span>
    </p>
   </div>
   <div class='ocr_carea' id='block_1_124' title="bbox 1955 3561 3548 3631">
    <p class='ocr_par' dir='ltr' id='par_1_124' title="bbox 1955 3561 3548 3631">
     <span class='ocr_line' id='line_1_125' title="bbox 1955 3561 3548 3631; baseline 0.002 -18"><span class='ocrx_word' id='word_1_987' title='bbox 1955 3561 2225 3631; x_wconf 85' lang='lat' dir='ltr'><strong>videntur,</strong></span> <span class='ocrx_word' id='word_1_988' title='bbox 2246 3576 2310 3613; x_wconf 86' lang='lat' dir='ltr'><strong>ea</strong></span> <span class='ocrx_word' id='word_1_989' title='bbox 2332 3561 2660 3626; x_wconf 82' lang='lat' dir='ltr'><strong>efﬁciuntur,</strong></span> <span class='ocrx_word' id='word_1_990' title='bbox 2686 3570 2867 3616; x_wconf 88' lang='lat' dir='ltr'><strong>etnon</strong></span> <span class='ocrx_word' id='word_1_991' title='bbox 2898 3576 3015 3631; x_wconf 71' lang='lat' dir='ltr'><strong>qua:</strong></span> <span class='ocrx_word' id='word_1_992' title='bbox 3045 3562 3272 3616; x_wconf 85' lang='lat' dir='ltr'><strong>subditis</strong></span> <span class='ocrx_word' id='word_1_993' title='bbox 3299 3562 3548 3631; x_wconf 87' lang='lat' dir='ltr'><strong>placent?</strong></span> 
     </span>
    </p>
   </div>
   <div class='ocr_carea' id='block_1_125' title="bbox 1957 3630 3551 3699">
    <p class='ocr_par' dir='ltr' id='par_1_125' title="bbox 1957 3630 3551 3699">
     <span class='ocr_line' id='line_1_126' title="bbox 1957 3630 3551 3699; baseline 0.001 -15"><span class='ocrx_word' id='word_1_994' title='bbox 1957 3630 2101 3685; x_wconf 84' lang='lat' dir='ltr'><strong>Sicut</strong></span> <span class='ocrx_word' id='word_1_995' title='bbox 2122 3630 2344 3685; x_wconf 87' lang='lat' dir='ltr'><strong>Domino</strong></span> <span class='ocrx_word' id='word_1_996' title='bbox 2381 3633 2543 3685; x_wconf 80' lang='lat' dir='ltr'><strong>visum</strong></span> <span class='ocrx_word' id='word_1_997' title='bbox 2567 3642 2659 3695; x_wconf 82' lang='lat' dir='ltr'><strong>est,</strong></span> <span class='ocrx_word' id='word_1_998' title='bbox 2688 3632 2816 3686; x_wconf 91' lang='lat' dir='ltr'><strong>dicit</strong></span> <span class='ocrx_word' id='word_1_999' title='bbox 2841 3630 2981 3697; x_wconf 82' lang='lat' dir='ltr'><strong>Job;</strong></span> <span class='ocrx_word' id='word_1_1000' title='bbox 3014 3632 3236 3699; x_wconf 83' lang='lat' dir='ltr'><strong>Spiritui</strong></span> <span class='ocrx_word' id='word_1_1001' title='bbox 3265 3630 3437 3686; x_wconf 68' lang='lat' dir='ltr'><strong>sancto</strong></span> <span class='ocrx_word' id='word_1_1002' title='bbox 3475 3634 3551 3686; x_wconf 84' lang='lat' dir='ltr'><strong>vi-</strong></span> 
     </span>
    </p>
   </div>
   <div class='ocr_carea' id='block_1_126' title="bbox 1956 3702 3548 3772">
    <p class='ocr_par' dir='ltr' id='par_1_126' title="bbox 1956 3702 3548 3772">
     <span class='ocr_line' id='line_1_127' title="bbox 1956 3702 3548 3772; baseline 0.002 -18"><span class='ocrx_word' id='word_1_1003' title='bbox 1956 3718 2069 3755; x_wconf 84' lang='lat' dir='ltr'><strong>sunt</strong></span> <span class='ocrx_word' id='word_1_1004' title='bbox 2097 3711 2189 3764; x_wconf 81' lang='lat' dir='ltr'><strong>est,</strong></span> <span class='ocrx_word' id='word_1_1005' title='bbox 2213 3703 2397 3757; x_wconf 82' lang='lat' dir='ltr'><strong>dicunt</strong></span> <span class='ocrx_word' id='word_1_1006' title='bbox 2420 3703 2671 3772; x_wconf 89' lang='lat' dir='ltr'><strong>apostoli.</strong></span> <span class='ocrx_word' id='word_1_1007' title='bbox 2695 3702 2944 3772; x_wconf 85' lang='lat' dir='ltr'><strong>Ejusdem</strong></span> <span class='ocrx_word' id='word_1_1008' title='bbox 2973 3703 3306 3757; x_wconf 86' lang='lat' dir='ltr'><strong>auctoritatis</strong></span> <span class='ocrx_word' id='word_1_1009' title='bbox 3349 3713 3401 3758; x_wconf 88' lang='lat' dir='ltr'><strong>et</strong></span> <span class='ocrx_word' id='word_1_1010' title='bbox 3446 3703 3548 3757; x_wconf 82' lang='lat' dir='ltr'><strong>ho-</strong></span> 
     </span>
    </p>
   </div>
   <div class='ocr_carea' id='block_1_127' title="bbox 1958 3772 3548 3843">
    <p class='ocr_par' dir='ltr' id='par_1_127' title="bbox 1958 3772 3548 3843">
     <span class='ocr_line' id='line_1_128' title="bbox 1958 3772 3548 3843; baseline 0.001 -17"><span class='ocrx_word' id='word_1_1011' title='bbox 1958 3773 2105 3827; x_wconf 84' lang='lat' dir='ltr'><strong>noris</strong></span> <span class='ocrx_word' id='word_1_1012' title='bbox 2148 3772 2311 3827; x_wconf 89' lang='lat' dir='ltr'><strong>dictio</strong></span> <span class='ocrx_word' id='word_1_1013' title='bbox 2354 3772 2659 3843; x_wconf 85' lang='lat' dir='ltr'><strong>utrobique,</strong></span> <span class='ocrx_word' id='word_1_1014' title='bbox 2701 3775 2952 3843; x_wconf 86' lang='lat' dir='ltr'><strong>quoniam</strong></span> <span class='ocrx_word' id='word_1_1015' title='bbox 3004 3774 3230 3828; x_wconf 76' lang='lat' dir='ltr'><strong>indivisa</strong></span> <span class='ocrx_word' id='word_1_1016' title='bbox 3260 3783 3347 3828; x_wconf 89' lang='lat' dir='ltr'><strong>est</strong></span> <span class='ocrx_word' id='word_1_1017' title='bbox 3374 3773 3548 3843; x_wconf 82' lang='lat' dir='ltr'><strong>gloria</strong></span> 
     </span>
    </p>
   </div>
   <div class='ocr_carea' id='block_1_128' title="bbox 1959 3843 3549 3914">
    <p class='ocr_par' dir='ltr' id='par_1_128' title="bbox 1959 3843 3549 3914">
     <span class='ocr_line' id='line_1_129' title="bbox 1959 3843 3549 3914; baseline 0.001 -17"><span class='ocrx_word' id='word_1_1018' title='bbox 1959 3843 2132 3914; x_wconf 87' lang='lat' dir='ltr'><strong>regni.</strong></span> <span class='ocrx_word' id='word_1_1019' title='bbox 2146 3844 2216 3897; x_wconf 86' lang='lat' dir='ltr'><strong>At</strong></span> <span class='ocrx_word' id='word_1_1020' title='bbox 2231 3844 2429 3898; x_wconf 89' lang='lat' dir='ltr'><strong>malitia</strong></span> <span class='ocrx_word' id='word_1_1021' title='bbox 2449 3844 2817 3899; x_wconf 65' lang='lat' dir='ltr'><strong>hwreticorum</strong></span> <span class='ocrx_word' id='word_1_1022' title='bbox 2843 3846 3034 3899; x_wconf 88' lang='lat' dir='ltr'><strong>iterum</strong></span> <span class='ocrx_word' id='word_1_1023' title='bbox 3058 3844 3257 3899; x_wconf 89' lang='lat' dir='ltr'><strong>invenit</strong></span> <span class='ocrx_word' id='word_1_1024' title='bbox 3276 3844 3549 3913; x_wconf 86' lang='lat' dir='ltr'><strong>eﬂ&#39;ugiutn.</strong></span> 
     </span>
    </p>
   </div>
   <div class='ocr_carea' id='block_1_129' title="bbox 1958 3913 3551 3997">
    <p class='ocr_par' dir='ltr' id='par_1_129' title="bbox 1958 3913 3551 3997">
     <span class='ocr_line' id='line_1_130' title="bbox 1958 3913 3551 3997; baseline -0.001 -28"><span class='ocrx_word' id='word_1_1025' title='bbox 1958 3913 2105 3997; x_wconf 39' lang='lat' dir='ltr'><strong>Nam.</strong></span> <span class='ocrx_word' id='word_1_1026' title='bbox 2152 3915 2275 3997; x_wconf 84' lang='lat' dir='ltr'><strong>quia</strong></span> <span class='ocrx_word' id='word_1_1027' title='bbox 2316 3915 2876 3997; x_wconf 50' lang='lat' dir='ltr'><strong>dixeruutnapostoli,</strong></span> <span class='ocrx_word' id='word_1_1028' title='bbox 2928 3916 3206 3997; x_wconf 62' lang='lat' dir='ltr'><strong>inquiunt:</strong></span> <span class='ocrx_word' id='word_1_1029' title='bbox 3256 3914 3551 3997; x_wconf 50' lang='lat' dir='ltr'><strong>Yisutnuest</strong></span> 
     </span>
    </p>
   </div>
   <div class='ocr_carea' id='block_1_130' title="bbox 1961 3984 3553 4056">
    <p class='ocr_par' dir='ltr' id='par_1_130' title="bbox 1961 3984 3553 4056">
     <span class='ocr_line' id='line_1_131' title="bbox 1961 3984 3553 4056; baseline 0.002 -17"><span class='ocrx_word' id='word_1_1030' title='bbox 1961 3984 2181 4056; x_wconf 79' lang='lat' dir='ltr'><strong>Spiritui</strong></span> <span class='ocrx_word' id='word_1_1031' title='bbox 2229 3995 2427 4052; x_wconf 84' lang='lat' dir='ltr'><strong>sancto,</strong></span> <span class='ocrx_word' id='word_1_1032' title='bbox 2458 3986 2813 4041; x_wconf 84' lang='lat' dir='ltr'><strong>subdiderunt</strong></span> <span class='ocrx_word' id='word_1_1033' title='bbox 2848 3984 3051 4053; x_wconf 81' lang='lat' dir='ltr'><strong>autem,</strong></span> <span class='ocrx_word' id='word_1_1034' title='bbox 3097 3986 3166 4040; x_wconf 85' lang='lat' dir='ltr'><strong>Et</strong></span> <span class='ocrx_word' id='word_1_1035' title='bbox 3194 3986 3376 4041; x_wconf 86' lang='lat' dir='ltr'><strong>nobis:</strong></span> <span class='ocrx_word' id='word_1_1036' title='bbox 3428 3986 3553 4042; x_wconf 88' lang='lat' dir='ltr'><strong>ideo</strong></span> 
     </span>
    </p>
   </div>
   <div class='ocr_carea' id='block_1_131' title="bbox 1964 4055 3555 4125">
    <p class='ocr_par' dir='ltr' id='par_1_131' title="bbox 1964 4055 3555 4125">
     <span class='ocr_line' id='line_1_132' title="bbox 1964 4055 3555 4125; baseline 0.002 -16"><span class='ocrx_word' id='word_1_1037' title='bbox 1964 4055 2237 4110; x_wconf 85' lang='lat' dir='ltr'><strong>habebunt</strong></span> <span class='ocrx_word' id='word_1_1038' title='bbox 2285 4064 2342 4111; x_wconf 90' lang='lat' dir='ltr'><strong>et</strong></span> <span class='ocrx_word' id='word_1_1039' title='bbox 2377 4056 2605 4125; x_wconf 89' lang='lat' dir='ltr'><strong>apostoli</strong></span> <span class='ocrx_word' id='word_1_1040' title='bbox 2629 4056 2925 4113; x_wconf 88' lang='lat' dir='ltr'><strong>divinitatis</strong></span> <span class='ocrx_word' id='word_1_1041' title='bbox 2973 4057 3384 4112; x_wconf 85' lang='lat' dir='ltr'><strong>auctoritatem?</strong></span> <span class='ocrx_word' id='word_1_1042' title='bbox 3428 4056 3555 4112; x_wconf 71' lang='lat' dir='ltr'><strong>llaec</strong></span> 
     </span>
    </p>
   </div>
   <div class='ocr_carea' id='block_1_132' title="bbox 1963 4126 3555 4195">
    <p class='ocr_par' dir='ltr' id='par_1_132' title="bbox 1963 4126 3555 4195">
     <span class='ocr_line' id='line_1_133' title="bbox 1963 4126 3555 4195; baseline 0.002 -15"><span class='ocrx_word' id='word_1_1043' title='bbox 1963 4127 2129 4195; x_wconf 87' lang='lat' dir='ltr'><strong>probe</strong></span> <span class='ocrx_word' id='word_1_1044' title='bbox 2172 4127 2564 4191; x_wconf 80' lang='lat' dir='ltr'><strong>examinentur,</strong></span> <span class='ocrx_word' id='word_1_1045' title='bbox 2595 4141 2665 4183; x_wconf 86' lang='lat' dir='ltr'><strong>ne</strong></span> <span class='ocrx_word' id='word_1_1046' title='bbox 2692 4128 3052 4182; x_wconf 80' lang='lat' dir='ltr'><strong>inexercitatis</strong></span> <span class='ocrx_word' id='word_1_1047' title='bbox 3085 4142 3198 4182; x_wconf 70' lang='lat' dir='ltr'><strong>sua:</strong></span> <span class='ocrx_word' id='word_1_1048' title='bbox 3226 4126 3555 4183; x_wconf 85' lang='lat' dir='ltr'><strong>infidelitatis</strong></span> 
     </span>
    </p>
   </div>
   <div class='ocr_carea' id='block_1_133' title="bbox 1959 4197 3554 4267">
    <p class='ocr_par' dir='ltr' id='par_1_133' title="bbox 1959 4197 3554 4267">
     <span class='ocr_line' id='line_1_134' title="bbox 1959 4197 3554 4267; baseline 0.001 -16"><span class='ocrx_word' id='word_1_1049' title='bbox 1959 4211 2229 4267; x_wconf 85' lang='lat' dir='ltr'><strong>venenum</strong></span> <span class='ocrx_word' id='word_1_1050' title='bbox 2248 4197 2507 4266; x_wconf 88' lang='lat' dir='ltr'><strong>injiciant,</strong></span> <span class='ocrx_word' id='word_1_1051' title='bbox 2530 4213 2666 4251; x_wconf 72' lang='lat' dir='ltr'><strong>neve</strong></span> <span class='ocrx_word' id='word_1_1052' title='bbox 2687 4198 3008 4267; x_wconf 88' lang='lat' dir='ltr'><strong>simplicium</strong></span> <span class='ocrx_word' id='word_1_1053' title='bbox 3028 4198 3244 4252; x_wconf 88' lang='lat' dir='ltr'><strong>auribus</strong></span> <span class='ocrx_word' id='word_1_1054' title='bbox 3265 4198 3554 4267; x_wconf 87' lang='lat' dir='ltr'><strong>impietatis</strong></span> 
     </span>
    </p>
   </div>
   <div class='ocr_carea' id='block_1_134' title="bbox 1962 4265 3552 4338">
    <p class='ocr_par' dir='ltr' id='par_1_134' title="bbox 1962 4265 3552 4338">
     <span class='ocr_line' id='line_1_135' title="bbox 1962 4265 3552 4338; baseline 0.001 -16"><span class='ocrx_word' id='word_1_1055' title='bbox 1962 4265 2211 4322; x_wconf 80' lang='lat' dir='ltr'><strong>haeresim</strong></span> <span class='ocrx_word' id='word_1_1056' title='bbox 2253 4265 2556 4338; x_wconf 88' lang='lat' dir='ltr'><strong>infundant.</strong></span> <span class='ocrx_word' id='word_1_1057' title='bbox 2607 4267 2754 4338; x_wconf 84' lang='lat' dir='ltr'><strong>Talia</strong></span> <span class='ocrx_word' id='word_1_1058' title='bbox 2790 4265 2939 4322; x_wconf 76' lang='lat' dir='ltr'><strong>enim</strong></span> <span class='ocrx_word' id='word_1_1059' title='bbox 2985 4283 3129 4336; x_wconf 63' lang='lat' dir='ltr'><strong>saepe</strong></span> <span class='ocrx_word' id='word_1_1060' title='bbox 3157 4265 3437 4338; x_wconf 80' lang='lat' dir='ltr'><strong>magnifice</strong></span> <span class='ocrx_word' id='word_1_1061' title='bbox 3467 4270 3552 4324; x_wconf 84' lang='lat' dir='ltr'><strong>lo-</strong></span> 
     </span>
    </p>
   </div>
   <div class='ocr_carea' id='block_1_135' title="bbox 1962 4337 3551 4425">
    <p class='ocr_par' dir='ltr' id='par_1_135' title="bbox 1962 4337 3551 4425">
     <span class='ocr_line' id='line_1_136' title="bbox 1962 4337 3551 4425; baseline 0 -33"><span class='ocrx_word' id='word_1_1062' title='bbox 1962 4337 2656 4425; x_wconf 33' lang='lat' dir='ltr'><strong>quuntur:LNihiltaiunt,</strong></span> <span class='ocrx_word' id='word_1_1063' title='bbox 2712 4337 2900 4425; x_wconf 70' lang='lat' dir='ltr'><strong>frater,</strong></span> <span class='ocrx_word' id='word_1_1064' title='bbox 2948 4337 3551 4425; x_wconf 37' lang='lat' dir='ltr'><strong>te‘dictacontnrbcn&#39;t.</strong></span> 
     </span>
    </p>
   </div>
   <div class='ocr_carea' id='block_1_136' title="bbox 1963 4409 3551 4477">
    <p class='ocr_par' dir='ltr' id='par_1_136' title="bbox 1963 4409 3551 4477">
     <span class='ocr_line' id='line_1_137' title="bbox 1963 4409 3551 4477; baseline 0.001 -15"><span class='ocrx_word' id='word_1_1065' title='bbox 1963 4409 2206 4462; x_wconf 77' lang='lat' dir='ltr'><strong>Fratrem</strong></span> <span class='ocrx_word' id='word_1_1066' title='bbox 2237 4418 2288 4462; x_wconf 87' lang='lat' dir='ltr'><strong>te</strong></span> <span class='ocrx_word' id='word_1_1067' title='bbox 2316 4415 2493 4473; x_wconf 83' lang='lat' dir='ltr'><strong>vocat,</strong></span> <span class='ocrx_word' id='word_1_1068' title='bbox 2521 4417 2571 4463; x_wconf 86' lang='lat' dir='ltr'><strong>el</strong></span> <span class='ocrx_word' id='word_1_1069' title='bbox 2600 4410 2749 4477; x_wconf 77' lang='lat' dir='ltr'><strong>quasi</strong></span> <span class='ocrx_word' id='word_1_1070' title='bbox 2780 4409 2986 4465; x_wconf 90' lang='lat' dir='ltr'><strong>hostem</strong></span> <span class='ocrx_word' id='word_1_1071' title='bbox 3017 4418 3069 4464; x_wconf 91' lang='lat' dir='ltr'><strong>te</strong></span> <span class='ocrx_word' id='word_1_1072' title='bbox 3097 4411 3309 4465; x_wconf 85' lang='lat' dir='ltr'><strong>occidit.</strong></span> <span class='ocrx_word' id='word_1_1073' title='bbox 3343 4410 3421 4465; x_wconf 93' lang='lat' dir='ltr'><strong>Ne</strong></span> <span class='ocrx_word' id='word_1_1074' title='bbox 3450 4412 3551 4463; x_wconf 85' lang='lat' dir='ltr'><strong>tui-</strong></span> 
     </span>
    </p>
   </div>
   <div class='ocr_carea' id='block_1_137' title="bbox 1964 4478 3550 4550">
    <p class='ocr_par' dir='ltr' id='par_1_137' title="bbox 1964 4478 3550 4550">
     <span class='ocr_line' id='line_1_138' title="bbox 1964 4478 3550 4550; baseline 0.001 -19"><span class='ocrx_word' id='word_1_1075' title='bbox 1964 4478 2120 4550; x_wconf 77' lang='lat' dir='ltr'><strong>reris,</strong></span> <span class='ocrx_word' id='word_1_1076' title='bbox 2151 4478 2344 4548; x_wconf 89' lang='lat' dir='ltr'><strong>inquit,</strong></span> <span class='ocrx_word' id='word_1_1077' title='bbox 2378 4481 2421 4535; x_wconf 90' lang='lat' dir='ltr'><strong>si</strong></span> <span class='ocrx_word' id='word_1_1078' title='bbox 2448 4478 2516 4535; x_wconf 90' lang='lat' dir='ltr'><strong>de</strong></span> <span class='ocrx_word' id='word_1_1079' title='bbox 2545 4478 2746 4548; x_wconf 87' lang='lat' dir='ltr'><strong>Spiritu</strong></span> <span class='ocrx_word' id='word_1_1080' title='bbox 2775 4491 2963 4536; x_wconf 88' lang='lat' dir='ltr'><strong>sancto</strong></span> <span class='ocrx_word' id='word_1_1081' title='bbox 2990 4481 3044 4536; x_wconf 89' lang='lat' dir='ltr'><strong>id</strong></span> <span class='ocrx_word' id='word_1_1082' title='bbox 3088 4479 3274 4537; x_wconf 80' lang='lat' dir='ltr'><strong>dicunt</strong></span> <span class='ocrx_word' id='word_1_1083' title='bbox 3301 4483 3550 4550; x_wconf 83' lang='lat' dir='ltr'><strong>apostoli,</strong></span> 
     </span>
    </p>
   </div>
   <div class='ocr_carea' id='block_1_138' title="bbox 1979 4548 3554 4621">
    <p class='ocr_par' dir='ltr' id='par_1_138' title="bbox 1979 4548 3554 4621">
     <span class='ocr_line' id='line_1_139' title="bbox 1979 4548 3554 4621; baseline 0.003 -18"><span class='ocrx_word' id='word_1_1084' title='bbox 1979 4548 2149 4621; x_wconf 63' lang='lat' dir='ltr'><strong>Visum</strong></span> <span class='ocrx_word' id='word_1_1085' title='bbox 2197 4558 2269 4605; x_wconf 83' lang='lat' dir='ltr'><strong>est</strong></span> <span class='ocrx_word' id='word_1_1086' title='bbox 2297 4550 2541 4621; x_wconf 66' lang='lat' dir='ltr'><strong>Spiritui</strong></span> <span class='ocrx_word' id='word_1_1087' title='bbox 2567 4560 2787 4605; x_wconf 83' lang='lat' dir='ltr'><strong>sancto:</strong></span> <span class='ocrx_word' id='word_1_1088' title='bbox 2828 4551 2923 4605; x_wconf 88' lang='lat' dir='ltr'><strong>sed</strong></span> <span class='ocrx_word' id='word_1_1089' title='bbox 2969 4551 3089 4606; x_wconf 88' lang='lat' dir='ltr'><strong>vide</strong></span> <span class='ocrx_word' id='word_1_1090' title='bbox 3136 4553 3263 4621; x_wconf 89' lang='lat' dir='ltr'><strong>quid</strong></span> <span class='ocrx_word' id='word_1_1091' title='bbox 3302 4548 3554 4607; x_wconf 78' lang='lat' dir='ltr'><strong>addatur.</strong></span> 
     </span>
    </p>
   </div>
   <div class='ocr_carea' id='block_1_139' title="bbox 1978 4616 3555 4692">
    <p class='ocr_par' dir='ltr' id='par_1_139' title="bbox 1978 4616 3555 4692">
     <span class='ocr_line' id='line_1_140' title="bbox 1978 4616 3555 4692; baseline 0.001 -19"><span class='ocrx_word' id='word_1_1092' title='bbox 1978 4616 2151 4692; x_wconf 72' lang='lat' dir='ltr'><strong>Visum</strong></span> <span class='ocrx_word' id='word_1_1093' title='bbox 2179 4616 2509 4692; x_wconf 15' lang='lat' dir='ltr'><strong>estrSpiritui</strong></span> <span class='ocrx_word' id='word_1_1094' title='bbox 2533 4633 2727 4692; x_wconf 78' lang='lat' dir='ltr'><strong>sancto,</strong></span> <span class='ocrx_word' id='word_1_1095' title='bbox 2760 4630 2807 4675; x_wconf 86' lang='lat' dir='ltr'><strong>et</strong></span> <span class='ocrx_word' id='word_1_1096' title='bbox 2850 4623 2990 4677; x_wconf 84' lang='lat' dir='ltr'><strong>nobis</strong></span> <span class='ocrx_word' id='word_1_1097' title='bbox 3029 4616 3200 4677; x_wconf 80' lang='lat' dir='ltr'><strong>visum</strong></span> <span class='ocrx_word' id='word_1_1098' title='bbox 3228 4632 3312 4677; x_wconf 91' lang='lat' dir='ltr'><strong>est</strong></span> <span class='ocrx_word' id='word_1_1099' title='bbox 3337 4634 3555 4692; x_wconf 84' lang='lat' dir='ltr'><strong>aposto-</strong></span> 
     </span>
    </p>
   </div>
   <div class='ocr_carea' id='block_1_140' title="bbox 1966 4690 3554 4761">
    <p class='ocr_par' dir='ltr' id='par_1_140' title="bbox 1966 4690 3554 4761">
     <span class='ocr_line' id='line_1_141' title="bbox 1966 4690 3554 4761; baseline 0.003 -18"><span class='ocrx_word' id='word_1_1100' title='bbox 1966 4692 2049 4745; x_wconf 82' lang='lat' dir='ltr'><strong>lis.</strong></span> <span class='ocrx_word' id='word_1_1101' title='bbox 2079 4690 2217 4761; x_wconf 88' lang='lat' dir='ltr'><strong>Num</strong></span> <span class='ocrx_word' id='word_1_1102' title='bbox 2243 4691 2316 4744; x_wconf 90' lang='lat' dir='ltr'><strong>dii</strong></span> <span class='ocrx_word' id='word_1_1103' title='bbox 2343 4691 2610 4761; x_wconf 82' lang='lat' dir='ltr'><strong>apostoli?</strong></span> <span class='ocrx_word' id='word_1_1104' title='bbox 2633 4692 2769 4746; x_wconf 88' lang='lat' dir='ltr'><strong>Num</strong></span> <span class='ocrx_word' id='word_1_1105' title='bbox 2790 4692 3022 4748; x_wconf 86' lang='lat' dir='ltr'><strong>divinam</strong></span> <span class='ocrx_word' id='word_1_1106' title='bbox 3044 4693 3243 4748; x_wconf 87' lang='lat' dir='ltr'><strong>habent</strong></span> <span class='ocrx_word' id='word_1_1107' title='bbox 3265 4690 3554 4749; x_wconf 81' lang='lat' dir='ltr'><strong>auctorita-</strong></span> 
     </span>
    </p>
   </div>
   <div class='ocr_carea' id='block_1_141' title="bbox 1970 4760 3551 4829">
    <p class='ocr_par' dir='ltr' id='par_1_141' title="bbox 1970 4760 3551 4829">
     <span class='ocr_line' id='line_1_142' title="bbox 1970 4760 3551 4829; baseline 0.003 -16"><span class='ocrx_word' id='word_1_1108' title='bbox 1970 4760 2119 4814; x_wconf 83' lang='lat' dir='ltr'><strong>tem?</strong></span> <span class='ocrx_word' id='word_1_1109' title='bbox 2185 4763 2412 4829; x_wconf 91' lang='lat' dir='ltr'><strong>Quando</strong></span> <span class='ocrx_word' id='word_1_1110' title='bbox 2465 4764 2580 4818; x_wconf 71' lang='lat' dir='ltr'><strong>lucc</strong></span> <span class='ocrx_word' id='word_1_1111' title='bbox 2631 4763 2761 4817; x_wconf 92' lang='lat' dir='ltr'><strong>dicit</strong></span> <span class='ocrx_word' id='word_1_1112' title='bbox 2816 4763 3120 4828; x_wconf 66' lang='lat' dir='ltr'><strong>haereticus,</strong></span> <span class='ocrx_word' id='word_1_1113' title='bbox 3149 4780 3249 4819; x_wconf 89' lang='lat' dir='ltr'><strong>nos</strong></span> <span class='ocrx_word' id='word_1_1114' title='bbox 3288 4779 3321 4818; x_wconf 88' lang='lat' dir='ltr'><strong>a</strong></span> <span class='ocrx_word' id='word_1_1115' title='bbox 3367 4775 3551 4819; x_wconf 85' lang='lat' dir='ltr'><strong>saneta</strong></span> 
     </span>
    </p>
   </div>
   <div class='ocr_carea' id='block_1_142' title="bbox 1969 4831 3553 4906">
    <p class='ocr_par' dir='ltr' id='par_1_142' title="bbox 1969 4831 3553 4906">
     <span class='ocr_line' id='line_1_143' title="bbox 1969 4831 3553 4906; baseline 0.002 -19"><span class='ocrx_word' id='word_1_1116' title='bbox 1969 4831 2240 4906; x_wconf 66' lang='lat' dir='ltr'><strong>Scriptura</strong></span> <span class='ocrx_word' id='word_1_1117' title='bbox 2306 4833 2409 4906; x_wconf 76' lang='lat' dir='ltr'><strong>tela</strong></span> <span class='ocrx_word' id='word_1_1118' title='bbox 2455 4835 2818 4906; x_wconf 79' lang='lat' dir='ltr'><strong>proferamus.</strong></span> <span class='ocrx_word' id='word_1_1119' title='bbox 2876 4835 3103 4906; x_wconf 67' lang='lat' dir='ltr'><strong>Sagitta:</strong></span> <span class='ocrx_word' id='word_1_1120' title='bbox 3149 4837 3282 4889; x_wconf 84' lang='lat' dir='ltr'><strong>enim</strong></span> <span class='ocrx_word' id='word_1_1121' title='bbox 3336 4837 3553 4903; x_wconf 82' lang='lat' dir='ltr'><strong>potentis</strong></span> 
     </span>
    </p>
   </div>
   <div class='ocr_carea' id='block_1_143' title="bbox 1968 4901 3558 4976">
    <p class='ocr_par' dir='ltr' id='par_1_143' title="bbox 1968 4901 3558 4976">
     <span class='ocr_line' id='line_1_144' title="bbox 1968 4901 3558 4976; baseline 0.003 -20"><span class='ocrx_word' id='word_1_1122' title='bbox 1968 4911 2129 4976; x_wconf 74' lang='lat' dir='ltr'><strong>acutte</strong></span> <span class='ocrx_word' id='word_1_1123' title='bbox 2158 4901 2593 4976; x_wconf 45' lang='lat' dir='ltr'><strong>(habuit)</strong></span> <span class='ocrx_word' id='word_1_1124' title='bbox 2636 4905 2688 4959; x_wconf 88' lang='lat' dir='ltr'><strong>in</strong></span> <span class='ocrx_word' id='word_1_1125' title='bbox 2737 4920 2833 4960; x_wconf 89' lang='lat' dir='ltr'><strong>cor</strong></span> <span class='ocrx_word' id='word_1_1126' title='bbox 2873 4901 3219 4976; x_wconf 67' lang='lat' dir='ltr'><strong>initiicorum</strong></span> <span class='ocrx_word' id='word_1_1127' title='bbox 3247 4901 3389 4975; x_wconf 77' lang='lat' dir='ltr'><strong>regis</strong></span> <span class='ocrx_word' id='word_1_1128' title='bbox 3428 4907 3558 4960; x_wconf 85' lang='lat' dir='ltr'><strong>mit-</strong></span> 
     </span>
    </p>
   </div>
   <div class='ocr_carea' id='block_1_144' title="bbox 1971 4974 3558 5045">
    <p class='ocr_par' dir='ltr' id='par_1_144' title="bbox 1971 4974 3558 5045">
     <span class='ocr_line' id='line_1_145' title="bbox 1971 4974 3558 5045; baseline 0.002 -16"><span class='ocrx_word' id='word_1_1129' title='bbox 1971 4974 2174 5029; x_wconf 71' lang='lat' dir='ltr'><strong>lendas.</strong></span> <span class='ocrx_word' id='word_1_1130' title='bbox 2190 4974 2324 5040; x_wconf 89' lang='lat' dir='ltr'><strong>Quid</strong></span> <span class='ocrx_word' id='word_1_1131' title='bbox 2348 4975 2507 5045; x_wconf 82' lang='lat' dir='ltr'><strong>igitur</strong></span> <span class='ocrx_word' id='word_1_1132' title='bbox 2536 4974 2602 5030; x_wconf 82' lang='lat' dir='ltr'><strong>ad</strong></span> <span class='ocrx_word' id='word_1_1133' title='bbox 2636 4976 2751 5031; x_wconf 67' lang='lat' dir='ltr'><strong>haec</strong></span> <span class='ocrx_word' id='word_1_1134' title='bbox 2777 4976 3099 5031; x_wconf 84' lang='lat' dir='ltr'><strong>dicendum?</strong></span> <span class='ocrx_word' id='word_1_1135' title='bbox 3120 4977 3178 5031; x_wconf 88' lang='lat' dir='ltr'><strong>Si</strong></span> <span class='ocrx_word' id='word_1_1136' title='bbox 3209 4974 3558 5045; x_wconf 31' lang='lat' dir='ltr'><strong>ltoc’Spiritus</strong></span> 
     </span>
    </p>
   </div>
   <div class='ocr_carea' id='block_1_145' title="bbox 1970 5046 3560 5116">
    <p class='ocr_par' dir='ltr' id='par_1_145' title="bbox 1970 5046 3560 5116">
     <span class='ocr_line' id='line_1_146' title="bbox 1970 5046 3560 5116; baseline 0.001 -16"><span class='ocrx_word' id='word_1_1137' title='bbox 1970 5047 2137 5100; x_wconf 78' lang='lat' dir='ltr'><strong>sant-ti</strong></span> <span class='ocrx_word' id='word_1_1138' title='bbox 2167 5046 2477 5115; x_wconf 79' lang='lat' dir='ltr'><strong>dignitatem</strong></span> <span class='ocrx_word' id='word_1_1139' title='bbox 2526 5047 2813 5112; x_wconf 84' lang='lat' dir='ltr'><strong>imminuit,</strong></span> <span class='ocrx_word' id='word_1_1140' title='bbox 2842 5047 2984 5116; x_wconf 90' lang='lat' dir='ltr'><strong>quod</strong></span> <span class='ocrx_word' id='word_1_1141' title='bbox 3011 5047 3061 5102; x_wconf 91' lang='lat' dir='ltr'><strong>ei</strong></span> <span class='ocrx_word' id='word_1_1142' title='bbox 3085 5047 3253 5115; x_wconf 85' lang='lat' dir='ltr'><strong>juncti</strong></span> <span class='ocrx_word' id='word_1_1143' title='bbox 3284 5047 3391 5101; x_wconf 84' lang='lat' dir='ltr'><strong>sint</strong></span> <span class='ocrx_word' id='word_1_1144' title='bbox 3430 5062 3560 5116; x_wconf 87' lang='lat' dir='ltr'><strong>apo-</strong></span> 
     </span>
    </p>
   </div>
   <div class='ocr_carea' id='block_1_146' title="bbox 1970 5116 3559 5187">
    <p class='ocr_par' dir='ltr' id='par_1_146' title="bbox 1970 5116 3559 5187">
     <span class='ocr_line' id='line_1_147' title="bbox 1970 5116 3559 5187; baseline 0.002 -18"><span class='ocrx_word' id='word_1_1145' title='bbox 1970 5116 2117 5182; x_wconf 84' lang='lat' dir='ltr'><strong>stoli,</strong></span> <span class='ocrx_word' id='word_1_1146' title='bbox 2165 5116 2344 5186; x_wconf 88' lang='lat' dir='ltr'><strong>itaque</strong></span> <span class='ocrx_word' id='word_1_1147' title='bbox 2379 5125 2434 5171; x_wconf 90' lang='lat' dir='ltr'><strong>et</strong></span> <span class='ocrx_word' id='word_1_1148' title='bbox 2461 5118 2602 5185; x_wconf 91' lang='lat' dir='ltr'><strong>quod</strong></span> <span class='ocrx_word' id='word_1_1149' title='bbox 2647 5116 2822 5172; x_wconf 75' lang='lat' dir='ltr'><strong>Moses</strong></span> <span class='ocrx_word' id='word_1_1150' title='bbox 2858 5119 3177 5187; x_wconf 85' lang='lat' dir='ltr'><strong>conjuuctus</strong></span> <span class='ocrx_word' id='word_1_1151' title='bbox 3203 5119 3272 5170; x_wconf 88' lang='lat' dir='ltr'><strong>sit</strong></span> <span class='ocrx_word' id='word_1_1152' title='bbox 3301 5118 3434 5181; x_wconf 83' lang='lat' dir='ltr'><strong>Deo,</strong></span> <span class='ocrx_word' id='word_1_1153' title='bbox 3466 5119 3559 5173; x_wconf 84' lang='lat' dir='ltr'><strong>Dei</strong></span> 
     </span>
    </p>
   </div>
   <div class='ocr_carea' id='block_1_147' title="bbox 1972 5187 3560 5258">
    <p class='ocr_par' dir='ltr' id='par_1_147' title="bbox 1972 5187 3560 5258">
     <span class='ocr_line' id='line_1_148' title="bbox 1972 5187 3560 5258; baseline 0.002 -17"><span class='ocrx_word' id='word_1_1154' title='bbox 1972 5188 2238 5241; x_wconf 85' lang='lat' dir='ltr'><strong>imminuit</strong></span> <span class='ocrx_word' id='word_1_1155' title='bbox 2270 5187 2601 5257; x_wconf 87' lang='lat' dir='ltr'><strong>dignitatem.</strong></span> <span class='ocrx_word' id='word_1_1156' title='bbox 2642 5188 2889 5258; x_wconf 52' lang='lat' dir='ltr'><strong>Exempli</strong></span> <span class='ocrx_word' id='word_1_1157' title='bbox 2934 5189 3104 5258; x_wconf 85' lang='lat' dir='ltr'><strong>gratia</strong></span> <span class='ocrx_word' id='word_1_1158' title='bbox 3144 5189 3267 5242; x_wconf 90' lang='lat' dir='ltr'><strong>dico</strong></span> <span class='ocrx_word' id='word_1_1159' title='bbox 3309 5192 3405 5244; x_wconf 80' lang='lat' dir='ltr'><strong>:Si</strong></span> <span class='ocrx_word' id='word_1_1160' title='bbox 3454 5205 3560 5244; x_wconf 89' lang='lat' dir='ltr'><strong>non</strong></span> 
     </span>
    </p>
   </div>
   <div class='ocr_carea' id='block_1_148' title="bbox 1970 5256 3565 5329">
    <p class='ocr_par' dir='ltr' id='par_1_148' title="bbox 1970 5256 3565 5329">
     <span class='ocr_line' id='line_1_149' title="bbox 1970 5256 3565 5329; baseline 0.001 -19"><span class='ocrx_word' id='word_1_1161' title='bbox 1970 5272 2219 5326; x_wconf 85' lang='lat' dir='ltr'><strong>magnum</strong></span> <span class='ocrx_word' id='word_1_1162' title='bbox 2264 5256 2418 5326; x_wconf 89' lang='lat' dir='ltr'><strong>putas</strong></span> <span class='ocrx_word' id='word_1_1163' title='bbox 2456 5258 2603 5324; x_wconf 87' lang='lat' dir='ltr'><strong>illud,</strong></span> <span class='ocrx_word' id='word_1_1164' title='bbox 2640 5256 2816 5312; x_wconf 79' lang='lat' dir='ltr'><strong>Visum</strong></span> <span class='ocrx_word' id='word_1_1165' title='bbox 2862 5256 2960 5329; x_wconf 67' lang='lat' dir='ltr'><strong>fuit</strong></span> <span class='ocrx_word' id='word_1_1166' title='bbox 3005 5259 3223 5328; x_wconf 82' lang='lat' dir='ltr'><strong>Spiritui</strong></span> <span class='ocrx_word' id='word_1_1167' title='bbox 3263 5271 3461 5327; x_wconf 77' lang='lat' dir='ltr'><strong>sancto,</strong></span> <span class='ocrx_word' id='word_1_1168' title='bbox 3495 5275 3565 5315; x_wconf 87' lang='lat' dir='ltr'><strong>eo</strong></span> 
     </span>
    </p>
   </div>
   <div class='ocr_carea' id='block_1_149' title="bbox 1972 5329 3562 5400">
    <p class='ocr_par' dir='ltr' id='par_1_149' title="bbox 1972 5329 3562 5400">
     <span class='ocr_line' id='line_1_150' title="bbox 1972 5329 3562 5400; baseline 0.002 -19"><span class='ocrx_word' id='word_1_1169' title='bbox 1972 5330 2114 5397; x_wconf 87' lang='lat' dir='ltr'><strong>quod</strong></span> <span class='ocrx_word' id='word_1_1170' title='bbox 2142 5338 2198 5400; x_wconf 88' lang='lat' dir='ltr'><strong>et</strong></span> <span class='ocrx_word' id='word_1_1171' title='bbox 2216 5330 2470 5397; x_wconf 86' lang='lat' dir='ltr'><strong>apostolis</strong></span> <span class='ocrx_word' id='word_1_1172' title='bbox 2490 5331 2562 5383; x_wconf 87' lang='lat' dir='ltr'><strong>sit</strong></span> <span class='ocrx_word' id='word_1_1173' title='bbox 2576 5329 2941 5398; x_wconf 87' lang='lat' dir='ltr'><strong>conjunctunt,</strong></span> <span class='ocrx_word' id='word_1_1174' title='bbox 2967 5332 3148 5400; x_wconf 79' lang='lat' dir='ltr'><strong>utique</strong></span> <span class='ocrx_word' id='word_1_1175' title='bbox 3174 5345 3347 5400; x_wconf 88' lang='lat' dir='ltr'><strong>neque</strong></span> <span class='ocrx_word' id='word_1_1176' title='bbox 3372 5346 3562 5400; x_wconf 87' lang='lat' dir='ltr'><strong>tuagna</strong></span> 
     </span>
    </p>
   </div>
   <div class='ocr_carea' id='block_1_150' title="bbox 1973 5399 3562 5471">
    <p class='ocr_par' dir='ltr' id='par_1_150' title="bbox 1973 5399 3562 5471">
     <span class='ocr_line' id='line_1_151' title="bbox 1973 5399 3562 5471; baseline 0.003 -20"><span class='ocrx_word' id='word_1_1177' title='bbox 1973 5400 2066 5471; x_wconf 75' lang='lat' dir='ltr'><strong>tibi</strong></span> <span class='ocrx_word' id='word_1_1178' title='bbox 2099 5399 2268 5453; x_wconf 90' lang='lat' dir='ltr'><strong>videri</strong></span> <span class='ocrx_word' id='word_1_1179' title='bbox 2302 5408 2476 5471; x_wconf 83' lang='lat' dir='ltr'><strong>potest</strong></span> <span class='ocrx_word' id='word_1_1180' title='bbox 2504 5400 2636 5454; x_wconf 80' lang='lat' dir='ltr'><strong>fides</strong></span> <span class='ocrx_word' id='word_1_1181' title='bbox 2663 5415 2786 5471; x_wconf 81' lang='lat' dir='ltr'><strong>erga</strong></span> <span class='ocrx_word' id='word_1_1182' title='bbox 2817 5401 3005 5466; x_wconf 88' lang='lat' dir='ltr'><strong>Deum,</strong></span> <span class='ocrx_word' id='word_1_1183' title='bbox 3037 5399 3158 5471; x_wconf 75' lang='lat' dir='ltr'><strong>quia</strong></span> <span class='ocrx_word' id='word_1_1184' title='bbox 3185 5411 3243 5456; x_wconf 89' lang='lat' dir='ltr'><strong>et</strong></span> <span class='ocrx_word' id='word_1_1185' title='bbox 3263 5399 3404 5456; x_wconf 87' lang='lat' dir='ltr'><strong>Deus</strong></span> <span class='ocrx_word' id='word_1_1186' title='bbox 3430 5401 3562 5456; x_wconf 73' lang='lat' dir='ltr'><strong>Mosi</strong></span> 
     </span>
    </p>
   </div>
   <div class='ocr_carea' id='block_1_151' title="bbox 1968 5468 3564 5542">
    <p class='ocr_par' dir='ltr' id='par_1_151' title="bbox 1968 5468 3564 5542">
     <span class='ocr_line' id='line_1_152' title="bbox 1968 5468 3564 5542; baseline 0.003 -21"><span class='ocrx_word' id='word_1_1187' title='bbox 1968 5468 2185 5542; x_wconf 77' lang='lat' dir='ltr'><strong>junctus</strong></span> <span class='ocrx_word' id='word_1_1188' title='bbox 2203 5479 2306 5542; x_wconf 88' lang='lat' dir='ltr'><strong>est.</strong></span> <span class='ocrx_word' id='word_1_1189' title='bbox 2335 5470 2475 5542; x_wconf 71' lang='lat' dir='ltr'><strong>Dicit</strong></span> <span class='ocrx_word' id='word_1_1190' title='bbox 2503 5472 2645 5542; x_wconf 77' lang='lat' dir='ltr'><strong>enim</strong></span> <span class='ocrx_word' id='word_1_1191' title='bbox 2677 5468 2949 5540; x_wconf 74' lang='lat' dir='ltr'><strong>scriptura</strong></span> <span class='ocrx_word' id='word_1_1192' title='bbox 2981 5490 2994 5525; x_wconf 90' lang='lat'><strong>:</strong></span> <span class='ocrx_word' id='word_1_1193' title='bbox 3022 5468 3245 5527; x_wconf 74' lang='lat' dir='ltr'><strong>Credidit</strong></span> <span class='ocrx_word' id='word_1_1194' title='bbox 3272 5473 3488 5542; x_wconf 74' lang='lat' dir='ltr'><strong>populus</strong></span> <span class='ocrx_word' id='word_1_1195' title='bbox 3511 5472 3564 5526; x_wconf 84' lang='lat' dir='ltr'><strong>in</strong></span> 
     </span>
    </p>
   </div>
   <div class='ocr_carea' id='block_1_152' title="bbox 1973 5539 3563 5613">
    <p class='ocr_par' dir='ltr' id='par_1_152' title="bbox 1973 5539 3563 5613">
     <span class='ocr_line' id='line_1_153' title="bbox 1973 5539 3563 5613; baseline 0.004 -21"><span class='ocrx_word' id='word_1_1196' title='bbox 1973 5539 2139 5613; x_wconf 68' lang='lat' dir='ltr'><strong>Deum</strong></span> <span class='ocrx_word' id='word_1_1197' title='bbox 2166 5548 2212 5593; x_wconf 84' lang='lat' dir='ltr'><strong>ct</strong></span> <span class='ocrx_word' id='word_1_1198' title='bbox 2241 5541 2295 5613; x_wconf 77' lang='lat' dir='ltr'><strong>in</strong></span> <span class='ocrx_word' id='word_1_1199' title='bbox 2323 5540 2502 5595; x_wconf 80' lang='lat' dir='ltr'><strong>Mosen</strong></span> <span class='ocrx_word' id='word_1_1200' title='bbox 2532 5540 2549 5611; x_wconf 92' lang='lat'>(</span> <span class='ocrx_word' id='word_1_1201' title='bbox 2573 5540 2744 5596; x_wconf 71' lang='lat' dir='ltr'><strong>Exod.</strong></span> <span class='ocrx_word' id='word_1_1202' title='bbox 2778 5539 2865 5597; x_wconf 75' lang='lat' dir='ltr'><strong>M.</strong></span> <span class='ocrx_word' id='word_1_1203' title='bbox 2897 5541 3013 5613; x_wconf 81' lang='grc'><strong>51).</strong></span> <span class='ocrx_word' id='word_1_1204' title='bbox 3041 5539 3308 5597; x_wconf 63' lang='lat' dir='ltr'><strong>(Steterunt</strong></span> <span class='ocrx_word' id='word_1_1205' title='bbox 3340 5539 3396 5597; x_wconf 81' lang='lat' dir='ltr'><strong>et</strong></span> <span class='ocrx_word' id='word_1_1206' title='bbox 3417 5542 3563 5600; x_wconf 86' lang='lat' dir='ltr'><strong>aliud</strong></span> 
     </span>
    </p>
   </div>
   <div class='ocr_carea' id='block_1_153' title="bbox 1976 5610 3567 5683">
    <p class='ocr_par' dir='ltr' id='par_1_153' title="bbox 1976 5610 3567 5683">
     <span class='ocr_line' id='line_1_154' title="bbox 1976 5610 3567 5683; baseline 0.003 -18"><span class='ocrx_word' id='word_1_1207' title='bbox 1976 5611 2137 5683; x_wconf 85' lang='lat' dir='ltr'><strong>telum</strong></span> <span class='ocrx_word' id='word_1_1208' title='bbox 2165 5610 2502 5683; x_wconf 87' lang='lat' dir='ltr'><strong>proferamus</strong></span> <span class='ocrx_word' id='word_1_1209' title='bbox 2525 5610 2549 5664; x_wconf 32' lang='lat' dir='ltr'><strong><em>z’</em></strong></span> <span class='ocrx_word' id='word_1_1210' title='bbox 2569 5612 2614 5667; x_wconf 88' lang='lat' dir='ltr'><strong>si</strong></span> <span class='ocrx_word' id='word_1_1211' title='bbox 2661 5612 2890 5683; x_wconf 86' lang='lat' dir='ltr'><strong>Spiritus</strong></span> <span class='ocrx_word' id='word_1_1212' title='bbox 2932 5610 3102 5671; x_wconf 82' lang='lat' dir='ltr'><strong>sancti</strong></span> <span class='ocrx_word' id='word_1_1213' title='bbox 3132 5613 3443 5682; x_wconf 79' lang='lat' dir='ltr'><strong>dignitatem</strong></span> <span class='ocrx_word' id='word_1_1214' title='bbox 3470 5615 3567 5669; x_wconf 82' lang='lat' dir='ltr'><strong>de-</strong></span> 
     </span>
    </p>
   </div>
   <div class='ocr_carea' id='block_1_154' title="bbox 1977 5681 3561 5753">
    <p class='ocr_par' dir='ltr' id='par_1_154' title="bbox 1977 5681 3561 5753">
     <span class='ocr_line' id='line_1_155' title="bbox 1977 5681 3561 5753; baseline 0.005 -20"><span class='ocrx_word' id='word_1_1215' title='bbox 1977 5681 2135 5753; x_wconf 84' lang='lat' dir='ltr'><strong>struit</strong></span> <span class='ocrx_word' id='word_1_1216' title='bbox 2158 5681 2407 5749; x_wconf 79' lang='lat' dir='ltr'><strong>adjuncta</strong></span> <span class='ocrx_word' id='word_1_1217' title='bbox 2447 5681 2715 5738; x_wconf 78' lang='lat' dir='ltr'><strong>sententia</strong></span> <span class='ocrx_word' id='word_1_1218' title='bbox 2745 5685 3131 5753; x_wconf 83' lang='lat' dir='ltr'><strong>apostolorum,</strong></span> <span class='ocrx_word' id='word_1_1219' title='bbox 3163 5681 3483 5740; x_wconf 86' lang='lat' dir='ltr'><strong>contumelia</strong></span> <span class='ocrx_word' id='word_1_1220' title='bbox 3502 5695 3561 5741; x_wconf 85' lang='lat' dir='ltr'><strong>et</strong></span> 
     </span>
    </p>
   </div>
   <div class='ocr_carea' id='block_1_155' title="bbox 1975 5750 3569 5823">
    <p class='ocr_par' dir='ltr' id='par_1_155' title="bbox 1975 5750 3569 5823">
     <span class='ocr_line' id='line_1_156' title="bbox 1975 5750 3569 5823; baseline 0.004 -19"><span class='ocrx_word' id='word_1_1221' title='bbox 1975 5750 2248 5820; x_wconf 81' lang='lat' dir='ltr'><strong>dignitatis</strong></span> <span class='ocrx_word' id='word_1_1222' title='bbox 2284 5752 2583 5808; x_wconf 87' lang='lat' dir='ltr'><strong>imminutio</strong></span> <span class='ocrx_word' id='word_1_1223' title='bbox 2608 5770 2674 5809; x_wconf 82' lang='lat' dir='ltr'><strong>ex</strong></span> <span class='ocrx_word' id='word_1_1224' title='bbox 2711 5750 2963 5809; x_wconf 81' lang='lat' dir='ltr'><strong>Sainuele</strong></span> <span class='ocrx_word' id='word_1_1225' title='bbox 3000 5756 3103 5808; x_wconf 88' lang='lat' dir='ltr'><strong>erit</strong></span> <span class='ocrx_word' id='word_1_1226' title='bbox 3130 5755 3241 5809; x_wconf 88' lang='lat' dir='ltr'><strong>Deo</strong></span> <span class='ocrx_word' id='word_1_1227' title='bbox 3265 5769 3278 5806; x_wconf 90' lang='lat'>:</span> <span class='ocrx_word' id='word_1_1228' title='bbox 3306 5755 3569 5823; x_wconf 80' lang='lat' dir='ltr'><strong>scripturn</strong></span> 
     </span>
    </p>
   </div>
   <div class='ocr_carea' id='block_1_156' title="bbox 1976 5823 3567 5894">
    <p class='ocr_par' dir='ltr' id='par_1_156' title="bbox 1976 5823 3567 5894">
     <span class='ocr_line' id='line_1_157' title="bbox 1976 5823 3567 5894; baseline 0.002 -20"><span class='ocrx_word' id='word_1_1229' title='bbox 1976 5831 2060 5894; x_wconf 80' lang='lat' dir='ltr'><strong>est</strong></span> <span class='ocrx_word' id='word_1_1230' title='bbox 2085 5823 2286 5894; x_wconf 48' lang='lat' dir='ltr'><strong>animi</strong></span> <span class='ocrx_word' id='word_1_1231' title='bbox 2304 5823 2366 5894; x_wconf 75' lang='lat' dir='ltr'><strong>Et</strong></span> <span class='ocrx_word' id='word_1_1232' title='bbox 2393 5825 2557 5877; x_wconf 84' lang='lat' dir='ltr'><strong>timuit</strong></span> <span class='ocrx_word' id='word_1_1233' title='bbox 2584 5827 2747 5879; x_wconf 77' lang='lat' dir='ltr'><strong>omnis</strong></span> <span class='ocrx_word' id='word_1_1234' title='bbox 2772 5827 2990 5894; x_wconf 76' lang='lat' dir='ltr'><strong>populus</strong></span> <span class='ocrx_word' id='word_1_1235' title='bbox 3014 5825 3175 5879; x_wconf 85' lang='lat' dir='ltr'><strong>Deum</strong></span> <span class='ocrx_word' id='word_1_1236' title='bbox 3202 5835 3247 5878; x_wconf 81' lang='lat' dir='ltr'><strong>et</strong></span> <span class='ocrx_word' id='word_1_1237' title='bbox 3275 5825 3567 5883; x_wconf 76' lang='lat' dir='ltr'><strong>Samuefent</strong></span> 
     </span>
    </p>
   </div>
   <div class='ocr_carea' id='block_1_157' title="bbox 1981 5887 3576 5967">
    <p class='ocr_par' dir='ltr' id='par_1_157' title="bbox 1981 5887 3576 5967">
     <span class='ocr_line' id='line_1_158' title="bbox 1981 5887 3576 5967; baseline 0.008 -25"><span class='ocrx_word' id='word_1_1238' title='bbox 1981 5887 2200 5961; x_wconf 57' lang='lat' dir='ltr'><strong>(hilca.</strong></span> <span class='ocrx_word' id='word_1_1239' title='bbox 2224 5888 2310 5950; x_wconf 71' lang='grc'><strong>12.</strong></span> <span class='ocrx_word' id='word_1_1240' title='bbox 2334 5893 2441 5966; x_wconf 84' lang='lat' dir='ltr'><strong>l9).</strong></span> <span class='ocrx_word' id='word_1_1241' title='bbox 2461 5897 2640 5952; x_wconf 77' lang='lat' dir='ltr'><strong>Denuo</strong></span> <span class='ocrx_word' id='word_1_1242' title='bbox 2667 5908 2721 5953; x_wconf 87' lang='lat' dir='ltr'><strong>ct</strong></span> <span class='ocrx_word' id='word_1_1243' title='bbox 2752 5887 2969 5953; x_wconf 78' lang='lat' dir='ltr'><strong>tertium</strong></span> <span class='ocrx_word' id='word_1_1244' title='bbox 3001 5896 3576 5967; x_wconf 69' lang='lat' dir='ltr'><strong>promatuusjaouluut,</strong></span> 
     </span>
    </p>
   </div>
  </div>
