4006 6386
503 339 658 398 11)θό

521 460 625 516 suit
653 471 740 526 eos
759 453 1000 526 Spiritus
1019 464 1224 510 sanctus
1243 455 1506 526 episcopos
1525 464 1573 511 et
1592 456 1834 511 diaconos
1860 452 1995 522 (Act.
2017 452 2110 511 20.

520 529 637 599 9.8).
674 525 1079 583 Videvirtutem
1116 526 1343 599 Spiritus
1379 525 1583 599 sancti,
1614 535 1671 582 et
1713 526 2110 599 auctoritatem,

503 595 986 668 “potestatem,
1038 612 1165 651 num
1213 596 1422 668 alienus
1476 611 1509 653 a
1570 598 1698 668 Deo
1734 597 1804 652 sit
1857 595 2109 668 Spiritus.

528 666 678 736 Vidi,
730 668 899 738 inquit
949 667 1198 734 Hesaias,
1248 666 1412 721 Deum
1461 684 1616 736 super
1659 666 1914 722 thronum
1943 667 2111 722 excel-

520 757 639 795 sum
694 747 740 793 et
797 740 1078 804 eleuatum,
1144 747 1194 810 et
1261 738 1537 808 Seraphim
1591 740 1645 793 in
1699 739 1915 793 circuitu
1965 738 2113 810 ejus;

523 821 579 868 et
622 824 742 881 quae
784 819 1095 879 sequuntur.
1141 809 1214 862 Ac
1258 810 1407 864 dixi:
1456 826 1485 864 ο
1528 810 1771 881 miserum
1814 825 1939 881 me,
1984 809 2114 881 quo-

522 878 662 935 niam
704 878 1036 948 compunctus
1078 896 1226 950 sum,
1274 880 1516 950 quoniam
1542 878 1806 934 immunda
1839 879 1977 935 labia
2018 880 2116 950 lia-

531 954 666 1016 bens,
707 951 761 1004 in
795 951 960 1005 medio
988 949 1164 1021 populi
1188 949 1449 1021 immunda
1486 950 1622 1005 labia
1643 950 1869 1005 habentis
1901 965 1992 1021 ego
2021 949 2115 1021 ha-

522 1024 624 1078 bito
644 1064 660 1088 ,
693 1032 739 1075 et
778 1038 945 1092 regem
986 1020 1262 1092 Dominum
1292 1020 1521 1076 Sabaoth
1548 1022 1650 1092 vidi
1677 1022 1836 1076 oculis
1860 1018 2002 1076 meis.
2045 1018 2117 1075 Et

520 1093 649 1148 dixit
671 1106 692 1147 :
717 1090 959 1163 quislibit
986 1092 1054 1146 ad
1084 1090 1332 1163 populum
1358 1092 1536 1147 hunc?
1563 1091 1628 1146 Et
1676 1092 1785 1148 dixi
1807 1108 1825 1146 :
1846 1108 1960 1146 ecce
1978 1107 2110 1163 ego,

523 1165 665 1218 mitte
692 1160 789 1215 me.
813 1160 1185 1232 Nimirum‘qui
1208 1161 1426 1218 sedebat
1449 1163 1502 1217 in
1528 1163 1744 1228 throno,
1775 1163 1909 1218 dixit
1932 1180 1946 1217 :
1977 1160 2117 1216 Vade

522 1233 601 1282 ad
626 1232 874 1304 populum
912 1232 1069 1298 hunc,
1097 1244 1142 1287 et
1170 1234 1289 1287 die:
1317 1233 1497 1287 auditu
1534 1234 1752 1289 audietis
1771 1275 1787 1302 ,
1819 1242 1867 1288 et
1901 1249 2002 1287 non
2029 1233 2112 1286 in-

523 1304 754 1376 telligetis
800 1320 822 1376 .j
871 1312 917 1376 e_t
969 1305 1194 1376 uidentes
1242 1305 1505 1370 uidebitis,
1554 1316 1603 1359 et
1650 1322 1751 1359 non
1799 1304 2117 1376 perspicietis

546 1374 780 1430 15.6.1.
808 1375 861 1430 5.
882 1374 935 1430 8.
955 1375 1038 1444 9).
1066 1376 1196 1443 Quis
1217 1386 1298 1430 est
1317 1377 1405 1500 aui
1428 1375 1647 1431 sedebat
1663 1374 1822 1445 super
1842 1374 2116 1429 thronum?

546 1448 707 1500 ’ater.
734 1445 905 1500 induit
934 1464 948 1498 :
978 1446 1025 1500 si
1052 1454 1229 1500 autem
1262 1446 1316 1500 di
1358 1447 1516 1500 iceris
1543 1462 1573 1500 a
1605 1447 1790 1500 Paulo.
1821 1445 1964 1500 uuod
1992 1444 2116 1500 Sni-

569 1455 707 1510 ater,
734 1445 905 1516 inquit
934 1464 948 1498 :
978 1446 1025 1501 si
1052 1454 1229 1516 autem
1262 1444 1516 1501 didiceris
1543 1462 1573 1500 a
1605 1444 1790 1513 Paulo,
1821 1445 1964 1516 quod
1992 1444 2116 1515 Spi-

514 1518 667 1573 ritus
693 1516 784 1583 sit,
808 1515 1170 1572 conﬁteberis
1194 1515 1342 1572 illum
1374 1517 1581 1572 Deum?
1611 1515 1869 1584 Ostende,
1909 1517 2113 1583 inquit,

523 1599 580 1643 et
598 1586 780 1642 credo.
829 1587 968 1641 Audi
1008 1587 1156 1641 illum
1190 1587 1502 1643 dicentem:
1544 1586 1682 1643 Bene
1718 1588 1848 1642 dixit
1888 1585 2116 1656 Spiritus

520 1668 727 1713 sanctus
786 1674 877 1729 per
924 1656 1119 1729 Isaiam
1171 1659 1471 1729 prophetam
1509 1674 1529 1713 :
1571 1659 1699 1713 vade
1753 1658 1822 1712 ad
1872 1658 2115 1728 populum

524 1732 691 1795 hunc,
726 1728 941 1801 et'die:
983 1728 1205 1801 auribus
1236 1728 1455 1785 audietis
1482 1746 1502 1784 :
1544 1739 1599 1784 et
1651 1744 1773 1801 quae
1819 1738 2118 1801 sequuntur

527 1800 667 1873 (Aet.
716 1799 966 1873 28.__25._
1012 1799 1131 1873 26).
1183 1799 1639 1873 Ρθυιιιείηίιιιξι,
1671 1799 1833 1855 'Dixit
1861 1800 2116 1873 _S_pirit_us

522 1855 761 1936 iunctus;
810 1869 1032 1926 llesaias
1087 1855 1304 1939 inquit:
1356 1855 1798 1926 Dim-Dominus
1849 1855 2113 1927 Sabaoth:

524 1943 649 2011 quia
678 1940 989 1996 intliﬂ‘erens
1014 1950 1096 1996 est
1123 1941 1413 2012 Scripturae
1439 1941 1582 2005 loqui
1610 1942 1679 1997 de
1705 1942 1865 1997 Patre
1892 1951 1948 1997 et
1976 1940 2115 1995 Filio

524 2021 580 2067 et
599 2013 799 2081 Spiritu
831 2021 1039 2068 saneto.
1084 2011 1262 2082 Igitur"
1291 2028 1359 2067 ne
1384 2011 1473 2083 die
1498 2012 1752 2083 deinceps
1787 2028 2037 2083 magnum
2062 2017 2119 2065 et

528 2098 750 2153 parvum
781 2083 970 2145 Deum,
1000 2081 1241 2138 incidens
1277 2084 1331 2137 in
1375 2081 1664 2139 Gentilium
1693 2081 1952 2138 errorem.
1982 2081 2118 2137 Nam

524 2154 573 2225 si
611 2168 810 2225 parvus
836 2155 977 2208 Deus
1005 2161 1090 2208 est
1136 2153 1321 2220 Filius,
1371 2155 1631 2208 mentitur
1660 2153 1856 2225 Paulus
1888 2153 2114 2225 dicens:

526 2223 914 2296 Exspectantes
937 2226 1152 2296 beatam_
1176 2240 1317 2293 spem
1340 2295 1346 2296 γ
1358 2225 1540 2296 ριοήςε
1564 2225 1738 2296 magni
1764 2224 1874 2296 iDei
1899 2235 1945 2279 et
1964 2295 1970 2296 ί
1991 2223 2116 2279 Sal-

528 2242 898 2294 tsxspectames
937 2242 1135 2277 oeatam
1176 2242 1317 2293 spem
1354 2242 1540 2348 prome
1564 2242 1738 2296 magna
1777 2242 1874 2278 υει
1899 2242 1945 2279 et
1991 2242 2116 2279 oat-

528 2295 715 2377 uatoris
758 2295 918 2377 nostri
954 2293 1082 2349 Jesu
1115 2293 1346 2377 Christi(
1396 2295 1542 2377 it.2.
1747 2295 1915 2377 Quem
1959 2295 2120 2365 igitur

528 2365 728 2421 Paulus
750 2374 903 2421 vocat
928 2380 1178 2434 magnum
1229 2366 1417 2430 Deum,
1452 2374 1509 2421 tu
1539 2381 1607 2422 ne
1631 2365 1832 2421 dixeris
1858 2381 2113 2435 parvum;

525 2451 650 2490 nam
698 2437 749 2491 in
792 2437 903 2490 Deo
934 2436 1170 2506 perfecta
1214 2446 1341 2492 sunt
1382 2437 1583 2492 omnia.
1628 2436 1697 2493 Et
1737 2453 1996 2493 rursum:
2036 2435 2121 2490 Ex

525 2508 707 2579 quibus
728 2507 958 2579 Christus
986 2508 1267 2579 secundum
1300 2524 1523 2579 carnem,
1554 2509 1642 2579 qui
1665 2516 1740 2563 est
1771 2524 1923 2579 super
1950 2507 2120 2562 omnia

524 2577 667 2633 Deus
685 2578 985 2650 benedictus
1013 2579 1067 2631 in
1110 2577 1301 2650 sweuia
1330 2577 1510 2650 (Rom.
1540 2577 1597 2636 9.
1627 2578 1709 2650 5).
1743 2577 1928 2649 Neque
1969 2593 2121 2633 crea-

530 2659 639 2703 tum
684 2649 852 2704 Deum
899 2649 1484 2720 nominabisAunquam
1527 2667 1540 2704 :
1586 2649 1794 2720 impius
1823 2650 1967 2705 enim
2015 2657 2118 2714 est,

524 2720 616 2788 qui
641 2730 945 2774 creaturam
973 2719 1181 2790 adorat.
1208 2718 1358 2787 Quid
1379 2720 1576 2790 igitur?
1602 2718 1721 2775 Non
1747 2719 1895 2775 dices
1923 2732 2120 2788 corpus

528 2789 1220 2872 Domini_creatum?_\]id_e
1268 2789 1584 2872 ergoiquod
1631 2798 1688 2846 et
1726 2801 1781 2846 tu
1819 2800 2120 2846 creaturam

527 2860 724 2915 adoras
751 2861 1029 2934 insipiens.
1074 2860 1262 2934 Nullus
1304 2860 1434 2916 dicit
1460 2860 1572 2934 regi
1602 2879 1615 2915 :
1648 2877 1789 2918 exue
1832 2875 2120 2934 purpuram

529 2939 710 2996 tuam;
739 2932 823 2986 vel
855 2950 868 2986 :
910 2946 1069 3001 surge
1112 2947 1142 2986 a
1188 2931 1382 2987 throno
1429 2931 1543 2999 tuo;
1566 2940 1626 2987 ut
1671 2941 1725 2988 te
1751 2931 1951 2987 nnduni
1991 2932 2120 2986 ado-

529 3017 645 3056 rem
676 3018 691 3056 :
720 3001 814 3057 sed
841 3001 1029 3056 adorat
1055 3016 1235 3072 regem
1269 3017 1431 3072 super
1456 3003 1709 3059 thronum
1736 3003 2035 3066 sedentem,
2062 3010 2118 3057 et

530 3087 764 3141 purpura
789 3073 1064 3128 vestitum.
1088 3071 1479 3143 Complacitum
1505 3074 1649 3130 enim
1675 3074 1774 3128 fuit
1794 3074 1906 3129 Deo
1930 3073 2117 3138 verbo,

530 3151 589 3197 ut
638 3152 881 3215 creatam,
928 3158 1145 3215 carnem
1202 3154 1440 3199 nostram
1495 3145 1596 3200 sibi
1651 3144 1855 3215 absque
1910 3144 2119 3199 macula

532 3214 724 3286 nniret.
753 3213 851 3286 Est
870 3214 1031 3286 igitur
1058 3214 1329 3270 adoranda
1353 3230 1474 3286 eum
1503 3217 1615 3286 Deo
1641 3213 1826 3281 verbo,
1858 3223 2121 3286 quatenus

528 3282 710 3340 deitati
738 3282 915 3343 adest:
958 3286 1024 3341 Et
1069 3287 1170 3341 hoc
1199 3285 1503 3358 signiﬁcans
1535 3285 1748 3343 divinus
1788 3282 1978 3354 David,
2008 3285 2119 3343 cla~

2033 326 2296 386 SPURIA.

3660 342 3677 395 l
3689 341 3775 398 096

2220 462 2373 508 mat:
2413 451 2655 510 Exaltate
2699 453 2976 512 Dominum
3026 453 3188 511 Deum
3237 464 3463 512 nostrum
3501 467 3549 512 et
3593 458 3782 516 adorato

2218 523 2493 600 glabellum
2537 525 2721 600 pedum
2762 528 2902 600 ejus,
2948 530 3187 600 quoniam
3233 537 3541 600 sanctus“!
3575 527 3777 600 (Partim.

2218 594 2309 651 98.
2334 594 2412 667 5).
2447 594 2502 649 In
2524 594 2632 651 alio
2657 594 2923 653 loco'dicit
2951 594 2971 651 τ’
2996 598 3190 654 Cwlum
3218 599 3344 652 mihi
3369 599 3530 664 sedes,
3552 594 3678 653 terra
3700 619 3780 658 att-

2219 675 2318 720 tem
2346 667 2634 737 iambellum
2661 668 2846 737 pedum
2876 685 3103 724 meorum
3147 667 3300 737 (Isai.
3327 669 3416 726 66.
3444 667 3535 736 ι).
3584 669 3780 726 Terram

2219 752 2317 810 nos
2337 736 2495 806 jubes
2513 736 2761 810 adorare,
2791 754 2823 792 o
2849 740 3007 795 beate
3030 736 3227 795 David!
3257 740 3325 794 Et
3343 739 3609 810 quomodo
3634 741 3782 799 lloses

2218 807 2392 880 legem
2416 808 2585 877 ponit,
2616 823 2792 880 neque
2812 810 3024 876 caelum,
3048 826 3222 880 neque
3249 807 3467 876 terram,
3493 828 3663 880 neque
3681 829 3781 880 qua:

2222 878 2277 933 in
2318 879 2397 933 eis
2424 878 3062 953 ‘sunt,_adoranda_resse
3108 878 3281 946 (Deut.
3313 881 3347 936 5
3382 892 3430 935 et
3460 878 3594 953 £8)?
3623 878 3784 938 Videte

2218 948 2552 1023 mysterium.
2581 950 2841 1018 Quoniam
2869 951 2972 1023 sibi
2988 954 3271 1020 juncturus
3290 961 3409 1023 erat
3433 948 3663 1007 nostram
3685 968 3807 1023 car:

2220 1035 2343 1074 nem
2392 1020 2596 1089 absque
2646 1032 2865 1090 peccato
2910 1021 2979 1076 ad
3030 1038 3190 1077 unam
3238 1021 3633 1088 adorationem;
3678 1020 3808 1078 eam"

2220 1100 2402 1145 autem
2430 1100 2611 1146 nostra
2640 1107 2710 1147 ex
2735 1090 2904 1147 Adam
2924 1133 2940 1156 ,
2968 1109 3033 1148 ex
3063 1101 3203 1148 terra
3231 1101 3346 1159 est;
3386 1094 3673 1148 secundum
3703 1092 3786 1150 hoc

2218 1160 2350 1216 dicit
2383 1179 2396 1216 :
2446 1160 2515 1216 Et
2561 1162 2772 1217 adorate
2804 1163 3078 1218 scabellum
3127 1163 3314 1234 pedum
3346 1166 3479 1234 ejus.
3523 1162 3628 1234 Nos
3662 1165 3781 1218 enim

2224 1239 2421 1287 terram
2450 1248 2555 1288 non
2586 1235 2872 1289 adoramus
2892 1277 2907 1299 ,
2934 1237 3030 1290 sed
3059 1233 3222 1290 Deum
3246 1233 3491 1301 verbum,
3516 1233 3607 1304 qui
3636 1235 3783 1304 nnivit

2219 1304 2322 1358 sibi
2349 1304 2789 1375 absquepeceato
2832 1320 3049 1360 carnem
3077 1304 3231 1372 Adae,
3260 1320 3381 1375 quin
3419 1320 3486 1375 es
3529 1302 3664 1359 ierra
3688 1302 3785 1375 for-5

2222 1382 2362 1428 mata
2388 1383 2491 1429 est.
2525 1374 2600 1429 Ne
2630 1373 2788 1440 igitur
2814 1376 2952 1430 ultra
2990 1375 3157 1440 dicas,
3180 1373 3422 1430 creatum
3449 1374 3663 1437 Filium,
3705 1374 3785 1430 sed

2221 1443 2330 1508 dic,
2364 1445 2451 1499 ubi
2481 1444 2615 1499 dixit
2645 1443 2843 1501 Pater:
2873 1446 3050 1501 ereavi
3084 1445 3213 1501 mihi
3238 1445 3433 1501 Filium
3468 1463 3481 1499 :
3516 1447 3597 1501 vel
3620 1445 3784 1508 Filius.

2221 1517 2423 1586 creavit
2465 1530 2553 1570 me
2591 1515 2790 1571 Pater?
2818 1516 3003 1586 Neque
3044 1519 3305 1572 humanas
3344 1531 3507 1586 voces
3533 1516 3717 1571 Christi
3741 1517 3785 1571 in

2222 1584 2781 1657 ejusdiminutionem
2828 1584 3036 1657 accipe.
3062 1587 3194 1643 Nam
3226 1588 3271 1641 si
3302 1587 3385 1643 bis
3422 1585 3603 1652 dictis,
3627 1595 3679 1641 et
3701 1587 3787 1641 hu—

2221 1656 2395 1728 manis
2423 1657 2476 1711 in
2511 1672 2577 1712 eo
2602 1656 2984 1714 demonstratis
3004 1700 3019 1723 ,
3046 1660 3163 1713 ausi
3211 1667 3340 1713 sunt
3381 1657 3596 1728 quidam
3623 1658 3790 1728 Adicere

2223 1727 2502 1800 phantasia
2531 1736 2586 1783 et
2610 1729 2795 1800 specie
2822 1739 3029 1784 tantum
3057 1730 3231 1800 ipsum
3259 1726 3595 1800 incarnatum
3615 1726 3791 1793 luisse;

2220 1799 2266 1852 si
2295 1798 2410 1853 hmo
2435 1813 2540 1870 non
2566 1808 2751 1854 essent
2774 1798 2935 1864 facta,
2966 1802 3018 1855 in
3042 1798 3204 1870 quam
3236 1814 3343 1854 non
3364 1799 3686 1854 excidissent
3705 1800 3788 1853 ini-

2223 1868 2521 1941 pietatem?
2547 1870 2780 1941 Proinde
2807 1872 2981 1926 omnis
3007 1868 3098 1941 qui
3138 1872 3339 1925 sanctis
3379 1870 3670 1939 Scripturis
3693 1883 3791 1923 cre-

2223 1939 2322 2008 dit,
2350 1940 2538 1995 adoret
2568 1940 2886 1997 Trinitatem
2918 1939 3209 1997 increatam
3228 1981 3245 2007 ,
3287 1941 3789 2004 incommutabilem,

2224 2009 2618 2076 invariabilem,
2645 2014 3069 2082 omnipotentem
3095 2053 3110 2078 ,
3139 2012 3295 2066 simul
3326 2012 3591 2081 principio
3622 2025 3790 2066 caren-

2225 2089 2368 2146 tem,
2416 2092 2740 2137 eoaeternam
2782 2092 2835 2138 et
2880 2083 3432 2139 consubstantialem:
3465 2082 3704 2143 Patrem.
3749 2090 3792 2137 et

2224 2151 2622 2235 Filium,prius
2668 2154 2888 2235 quidem
2934 2155 3360 2235 absqueearne,
3397 2152 3620 2235 deinde.
3638 2161 3793 2235 autem

2225 2222 2502 2296 voluntate
2528 2222 2743 2293 propria
2771 2225 2823 2279 in
2849 2227 2952 2280 line
2972 2222 3268 2296 perfectum
3292 2223 3568 2296 hominem
3597 2222 3791 2296 factum.

2225 2294 2429 2366 absque
2456 2305 2698 2366 peccato,
2732 2296 2934 2366 absque
2974 2293 3229 2366 versione
3257 2303 3313 2349 et
3351 2293 3650 2366 mutatione
3680 2294 3753 2349 sui
3780 2312 3791 2347 :

2227 2363 2388 2420 homo
2408 2363 2550 2421 enim
2580 2364 2774 2433 factus,
2797 2363 2994 2421 mansit
3014 2364 3229 2436 idquod
3255 2375 3391 2428 erat,
3411 2380 3609 2436 nempe
3636 2365 3758 2419 Deus
3782 2384 3793 2418 :

2224 2451 2333 2491 non
2353 2437 2495 2492 enim
2518 2436 2715 2508 excidit
2738 2451 2769 2491 a
2787 2437 2952 2507 gloria
2974 2444 3030 2508 et
3051 2435 3311 2508 dignitate
3331 2450 3426 2492 sua
3454 2453 3469 2492 ε
3494 2446 3549 2491 et
3568 2435 3795 2508 Spiritum

2225 2517 2492 2578 sanctum,
2535 2506 2818 2577 Spiritum,
2860 2508 2948 2578 qui
2986 2506 3239 2577 loquutus
3278 2517 3359 2578 est
3388 2521 3486 2576 per
3513 2506 3795 2576 prephetas.

2226 2576 2335 2633 Eos
2354 2589 2535 2634 autem
2564 2579 2654 2702 qui
2699 2576 3101 2633 dicunt’Filium
3127 2621 3142 2643 ,
3173 2587 3266 2660 aut
3291 2576 3551 2647 Spiritum
3578 2587 3794 2658 sanctum

2226 2662 2439 2702 versum
2466 2691 2480 2702 .
2513 2664 2580 2702 ve
2640 2658 2933 2702 mutatum.
2978 2650 3062 2702 vel
3105 2650 3329 2702 alterius
3357 2648 3705 2702 substantiae.
3730 2647 3794 2702 vel

2225 2662 2439 2704 versum
2466 2691 2480 2716 ,
2513 2647 2599 2703 vel
2640 2658 2933 2715 mutatum,
2978 2650 3062 2704 vel
3105 2649 3329 2703 alterius
3357 2648 3705 2714 substantiae,
3730 2647 3796 2706 vel

2227 2732 2293 2775 ex
2325 2719 2491 2775 nihilo
2518 2719 2740 2787 factum,
2772 2720 2858 2776 vel
2877 2720 3019 2790 quod
3049 2719 3212 2790 fuerit
3236 2727 3448 2789 tempus
3473 2719 3683 2788 quando
3708 2733 3795 2790 non

2228 2800 2364 2857 erat,
2392 2790 2736 2846 anathemate
2781 2788 3002 2845 damnet
3040 2789 3280 2846 Ecclesia
3322 2788 3613 2846 catholica.
3648 2788 3793 2845 Sulli-

2229 2861 2378 2916 eiunt
2428 2862 2528 2916 ista
2578 2862 2772 2926 cuivis,
2828 2860 3037 2916 tametsi
3074 2875 3241 2931 pauca
3270 2860 3412 2925 sint;
3456 2861 3639 2917 omnia
3678 2862 3798 2917 enim

2227 2931 2899 3004 traetare,__impossibile;
2926 2931 3213 3004 docentem
3257 2932 3399 3004 enim
3427 2947 3522 2988 me
3568 2931 3798 3004 deﬁceret

2228 3012 2462 3072 tempus.
2492 3002 2677 3074 Neque
2705 3004 2877 3072 ipsum
2910 3002 3174 3074 mundum
3194 3002 3385 3074 opinor
3410 3017 3611 3072 capere
3635 3003 3797 3063 libros,

2228 3075 2320 3143 qui
2350 3073 2656 3129 scribuntur
2685 3091 2698 3127 :
2732 3087 2832 3128 nos
2859 3082 3039 3129 autem
3070 3073 3272 3143 indigni
3298 3073 3387 3143 qui
3416 3082 3619 3129 tantam
3648 3089 3706 3129 ex
3730 3087 3800 3126 sa-

2226 3145 2334 3199 cris
2359 3144 2649 3212 Scripturis
2680 3144 2960 3199 utilitatem
2989 3157 3340 3214 assequamur
3360 3185 3376 3210 ,
3411 3145 3696 3200 adoremus
3717 3143 3800 3198 Pa-

2229 3224 2367 3287 trem
2392 3226 2447 3270 et
2480 3214 2670 3270 Filium
2701 3214 3044 3287 etSpiritum
3073 3223 3345 3287 sanctum,
3375 3215 3462 3269 cui
3492 3215 3737 3287 sitglorie
3756 3220 3795 3264 et

2226 3286 2512 3357 imperium
2542 3287 2595 3340 in
2620 3286 2816 3342 saecula
2845 3285 3191 3342 saeculorum.
3223 3284 3417 3342 Amen.
3538 3286 3544 3295 '
