4020 6192
348 341 419 395 25
1174 341 1238 396 ΙΝ
1277 338 1506 396 ΟΡΕΒΑ
1545 336 1739 394 MAR“
1773 336 2212 394 MERCATORlS
2254 337 2776 397 PROLEGOMENA.
3541 341 3618 399 23

1446 454 1469 514 ς
1500 451 1539 502 1.
1577 453 1696 512 Qua:
1727 453 2037 501 continentur
2069 453 2117 501 in
2145 453 2307 514 priore
2343 460 2501 512 parte.

432 561 724 655 Praefatio
750 559 1091 697 genetrialis,
1141 564 1203 618 et
1253 559 1676 636 fragmentum
1726 558 2008 636 epistola
2034 575 2072 619 a
2111 563 2334 621 sancto
2363 559 2722 636 Augustino
2766 556 2845 618 ad
2881 557 3152 619 Marium
3190 558 3611 620 Mercatorem

432 652 602 697 l‘lDliB
643 658 788 697 cum
822 656 902 697 ne
959 656 1012 697 8.

352 652 602 719 scriptas
643 658 788 700 cum
822 652 1012 719 notis.

432 715 998 780 commonitorium
1034 733 1230 792 super
1256 717 1513 777 nomine
1535 715 1833 782 leestii,
1865 723 1984 777 etc.

429 798 617 858 Nota:
665 795 745 854 ad
799 793 1357 856 Commonitorium
1410 794 1753 869 subiuncta:
1803 795 2070 871 singulis
2130 794 2464 872 capitibus,
2521 811 2658 855 cum
2711 792 2948 854 duabus
3005 792 3608 864 dissertaliunculis,

349 875 646 1032 (gnra/ide
675 874 970 936 vindiciis
1000 874 1236 934 Zosimi
1282 891 1463 952 papa'
1509 875 1578 934 in
1615 891 1798 932 causa
1830 873 2104 935 Calestii
2130 883 2186 935 et
2215 874 2481 952 Pelagii,
2528 874 2728 934 altera
2765 872 2836 935 de
2869 873 3192 933 tractoriis
3237 892 3614 934 summarum

411 964 543 1012 ent:
594 972 754 1013 cum.

411 964 754 1013 ontiﬁcum.

429 1030 998 1093 Commonitorium
1034 1030 1254 1091 lectori
1289 1034 1596 1092 adversus
1634 1030 1924 1091 haeresim
1957 1031 2191 1106 Pelagii
2225 1038 2282 1091 et
2314 1031 2616 1106 Caelestii,
2646 1031 2741 1092 vel
2774 1030 2968 1092 etiam
3002 1030 3236 1108 scripta
3272 1031 3538 1107 Iuliani,
3569 1051 3606 1095 a

345 1111 558 1171 Mario
584 1112 935 1171 Mercatore
965 1127 1151 1169 servo
1178 1110 1434 1171 Christi.

428 1190 610 1250 Nota:
642 1190 721 1248 ad
751 1188 1330 1257 Commonitorium,
1367 1209 1474 1249 seu
1500 1189 1928 1267 praefationem
1959 1187 2108 1249 libri
2136 1187 2688 1267 Subnotationum.

428 1269 620 1328 Liber
652 1268 1183 1328 Subnotationum
1222 1269 1284 1327 in
1313 1267 1480 1330 dicta
1501 1265 1804 1345 quaedam
1829 1267 2070 1329 Juliani
2101 1265 2180 1329 ad
2210 1268 2521 1329 Pientium
2557 1267 3018 1345 presbyterum.

426 1348 613 1408 Notae
646 1347 914 1422 singulis
944 1345 1302 1424 subjunctce.

429 1425 1026 1504 Commonitorium,
1051 1423 1507 1504 seuiprologus
1540 1426 1603 1485 in
1634 1425 1994 1503 symbolum
2024 1423 2338 1486 Theodori
2384 1424 2818 1504 Mopsueste_ni
2854 1444 2870 1483 :
2910 1425 3119 1502 ipsum
3149 1442 3300 1485 vero
3331 1426 3609 1504 symbo-

349 1506 482 1566 lum
518 1523 662 1565 cum
718 1503 1094 1564 refutatione
1143 1503 1324 1564 Marii
1364 1501 1736 1566 Mercatoris
1785 1505 1849 1565 in
1897 1505 2312 1583 posteriorem
2363 1508 2609 1581 partem
2659 1501 2974 1580 diﬁertur,
3014 1504 3167 1582 quia
3213 1501 3487 1581 pertinet
3523 1507 3601 1566 ad

349 1602 605 1645 causam
643 1583 1108 1642 Nestorianam.

426 1664 607 1724 Nota:
640 1661 720 1720 ad
756 1661 1328 1735 Commonitorium,
1364 1681 1469 1722 seu
1495 1663 1851 1740 prologum.

429 1742 743 1878 lExcerpta
777 1758 856 1800 ex
883 1741 1170 1822 quinque
1201 1743 1380 1803 libris
1416 1739 1770 1814 Theodori,
1799 1741 2107 1804 adversus
2136 1744 2428 1802 sanctum
2459 1739 2908 1819 Augustinum,
2945 1740 3289 1817 interprete
3321 1740 3406 1800 M.
3437 1740 3612 1800 Mer-

453 1837 585 1878 ore.

348 1837 585 1882 calere.

428 1900 632 1960 Photii
668 1897 861 1960 codex
891 1917 1147 1959 CLxxvn
1178 1901 1253 1961 de
1285 1901 1570 1979 quinque
1600 1900 1780 1962 libris
1808 1898 2151 1961 Theodori.

425 1980 605 2040 Nota:
639 1979 718 2038 ad
753 1987 1045 2054 excerpta
1075 1988 1128 2037 et
1160 1979 1427 2039 codicem
1462 1980 1702 2040 Photii.

427 2058 718 2118 Praefatio
751 2057 1338 2137 MariiMercatoris
1373 2059 1436 2118 in
1460 2059 1732 2120 Nestorii
1755 2058 2447 2136 ConstantinOpolitani
2476 2057 2756 2137 episcopi
2781 2060 3118 2130 tractatus,
3147 2064 3368 2119 contra
3398 2054 3611 2116 haere-

351 2137 472 2197 sim
513 2138 742 2214 Pelagii
781 2152 896 2194 seu
923 2136 1218 2196 leestii.

425 2216 493 2277 N
492 2236 522 2274 0
534 2223 608 2276 τω
641 2215 722 2275 ad
747 2215 1196 2292 praefationem.

427 2295 645 2356 Sermo
672 2296 698 2355 Ι
727 2293 1024 2373 Nestorii,
1054 2299 1276 2354 contra
1304 2293 1540 2373 Pelagii
1570 2299 1631 2355 et
1655 2294 1931 2356 C(elestii
1965 2312 2274 2364 errorem,
2299 2297 2645 2372 interprete
2675 2295 2759 2354 M.
2789 2295 3168 2356 Mercatore.

427 2374 613 2435 Notw
647 2373 728 2433 ad
754 2372 1198 2451 praecedentem
1227 2371 1584 2444 sermonem,
1615 2373 1725 2434 ubi
1757 2375 2310 2435 dissertatiuncula
2339 2375 2411 2436 de
2443 2371 2709 2451 tempore
2738 2375 3025 2435 solemnis
3056 2371 3366 2450 baptismi.

427 2454 646 2513 Sermo
668 2452 750 2524 Il,
779 2454 854 2513 ad
885 2452 1198 2532 pepulum
1228 2453 1293 2511 in
1322 2452 1522 2512 Adam
1551 2453 1860 2515 adversus
1882 2454 2284 2532 Pelagianos,
2315 2454 2666 2531 interprete
2693 2455 2780 2514 M.
2813 2454 3190 2514 Mercatore.

428 2532 614 2592 Nota:
651 2532 730 2592 ad
763 2547 1098 2589 sermonem
1133 2531 1233 2590 ΙΙ.

430 2612 647 2670 Sermo
675 2611 788 2685 Ill,
818 2610 880 2668 in
913 2609 1487 2690 Ecclesja_habitus
1519 2615 1744 2674 contra
1772 2611 2053 2685 eosdem,
2086 2611 2434 2690 interprete
2465 2611 2551 2671 M.
2587 2611 2962 2674 Mercatore.

426 2691 608 2753 Nota:
633 2690 714 2748 ad
747 2705 1080 2747 sermonem
1113 2687 1253 2746 III.

354 2770 652 2909 MS§;tno
686 2767 793 2904 ἓν,
823 2769 887 2825 in
921 2767 981 2826 id
1019 2766 1187 2844 quod
1219 2767 1527 2845 scriptum
1557 2776 1651 2830 est
1679 2787 1693 2827 :
1730 2768 1874 2830 Haec
1901 2770 2111 2831 omnia
2142 2769 2259 2833 tibi
2286 2771 2472 2850 dabo,
2496 2774 2552 2835 si
2587 2768 2804 2832 cadens
2837 2768 3199 2830 adoraveris
3237 2786 3354 2846 me,
3383 2769 3607 2844 interp.

427 2893 439 2906 .
538 2863 680 2907 erca
715 2863 848 2906 ore.

427 2893 439 2906 .
472 2863 848 2907 mercatore.

433 2926 620 2986 Nota:
648 2924 728 2984 ad
756 2940 1090 2984 sermonem
1116 2927 1151 2986 I
1165 2926 1240 2986 ν.

438 3005 658 3065 Sermo
689 3004 771 3064 ιν
804 3004 993 3094 idem,
1042 3006 1285 3083 integer
1314 3004 1803 3086 Grmcolatinus,
1835 3008 2144 3072 hactenus
2178 3009 2274 3071 vel
2322 3009 2804 3090 Chrysostomo,
2830 3007 2934 3071 vel
2969 3007 3216 3067 Asterie
3247 3006 3622 3075 attributus,

358 3101 506 3144 cum
541 3100 709 3146 nova
739 3099 1055 3143 versione.

434 3162 732 3293 E‘pistolaa
757 3163 898 3222 dum
932 3162 1202 3223 Nestorii
1231 3163 1308 3226 ad
1349 3170 1642 3228 sanctum
1692 3168 2102 3230 leestinum
2151 3169 2216 3228 in
2247 3169 2519 3248 gratiam
2567 3167 3084 3244 Pelagianorum,
3125 3165 3368 3226 incerto
3409 3163 3617 3222 inter-

434 3259 472 3293 Ὠ
503 3258 562 3293 e-

361 3258 562 3319 prere.

440 3320 623 3381 Notw
645 3321 727 3379 ad
752 3329 1073 3400 utramque
1095 3323 1439 3400 epistolam.

437 3400 733 3486 {Epistola
760 3401 1041 3486 ejusdem
1067 3402 1343 3486 _Nes_torii
1373 3405 1450 3468 ad
1479 3404 1838 3468 Caelestium
1869 3407 2309 3485 Pelagianum,
2335 3405 2687 3486 interprete
2706 3405 2791 3466 M.
2818 3406 3197 3467 Mercatore.

440 3479 624 3540 Nota:
652 3478 733 3539 ad
763 3481 946 3540 istam
979 3481 1322 3558 epistolam.
1413 3551 1416 3554 _

1694 3601 2012 3645 APPBNDIX
2058 3601 2277 3644 PRIMA.

439 3720 722 3803 Epistola
753 3720 1082 3803 Anastasii
1110 3739 1287 3800 papae
1310 3724 1385 3803 ad
1417 3725 1726 3786 Joannem
1753 3725 2409 3803 Hierosolymitanum
2436 3739 2630 3802 super
2667 3726 2922 3785 nomine
2949 3722 3181 3783 Ruﬁni.

439 3801 624 3862 Nota:
655 3799 968 3860 historica:
1002 3799 1082 3860 ad
1110 3799 1430 3876 epistolam
1468 3805 1804 3864 Anastasii.

443 3879 629 3938 Fides
655 3878 891 3948 Rufini,
928 3881 1272 3950 interprete
1303 3883 1387 3943 M.
1417 3883 1792 3945 Mercatore.

442 3957 628 4021 Nota:
657 3957 739 4018 ad
772 3957 948 4037 ﬁdem
975 3959 1212 4038 Ruﬁni.

1610 4070 1622 4089 ⁶
1658 4061 1973 4102 ΔΡΡΕΝΒῙΧ
2002 4061 2307 4104 SECUNDA.

444 4182 842 4263 Dissertatio,
873 4182 1076 4263 prima
1107 4181 1181 4243 de
1213 4183 1434 4260 primis
1467 4186 1836 4263 auctoribus
1884 4194 1945 4246 et
1981 4189 2317 4263 praecipuis
2346 4187 2788 4248 defensoribus
2819 4187 3083 4248 haeresis
3122 4202 3265 4260 quas
3301 4201 3334 4243 a
3371 4183 3622 4257 Pelagio

365 4277 596 4417 23mm
635 4262 904 4396 pecepit,
946 4262 1022 4322 ad
1059 4261 1193 4323 haac
1234 4264 1428 4324 verba
1460 4262 1940 4326 Commonitorii
1981 4261 2044 4326 in
2094 4261 2584 4329 Subnotationes
2617 4287 2632 4326 :
2675 4267 2944 4341 Quaestio
3001 4273 3223 4324 contra
3264 4263 3626 4324 catholicam

455 4356 566 4411 em,
595 4355 630 4398 e
662 4358 714 4397 c.
3214 4369 3219 4373 -

455 4356 566 4411 em,
595 4355 714 4398 etc.
3214 4369 3219 4373 -

445 4417 841 4501 Dissertat_io_
877 4420 1276 4501 secundade
1335 4421 1592 4500 synodis
1651 4425 1713 4484 in
1761 4441 1956 4486 causa
2018 4425 2359 4501 Pelagiana
2421 4426 2654 4485 habitis
2705 4422 2925 4500 viginti
2979 4424 3290 4498 quatuor,
3351 4435 3628 4495 quarum

366 4501 692 4574 postrema
727 4497 1073 4574 Ephesina,
1110 4499 1188 4560 ad
1221 4500 1330 4561 illa
1367 4497 1558 4563 rerba
1595 4502 2075 4564 Commonitorii
2111 4525 2125 4562 :
2165 4497 2670 4565 sacerdotalibus
2703 4497 2981 4560 stdtutis.

446 4576 1029 4661 Dissertatiotertia
1065 4576 1604 4661 desanctionibus
1633 4585 2090 4659 imperatorum
2119 4584 2184 4643 in
2221 4600 2416 4645 causa
2451 4583 2822 4661 Pelagiana,
2857 4579 2935 4640 ad
2964 4580 3075 4641 illa
3118 4576 3310 4638 verba
3341 4574 3628 4653 ejusdem

369 4654 852 4740 Commonitorii
888 4674 901 4713 :
933 4657 1372 4740 Imperialibus
1400 4654 1749 4740 praeceptis:

450 4733 822 4820 Dissertatio
849 4731 1077 4820 quarta
1107 4734 1184 4820 de
1214 4731 1788 4820 subscriptio'nibus
1819 4740 2165 4820 pontificali
2197 4747 2260 4802 et
2300 4740 2614 4820 imperiali
2661 4738 3037 4800 auctoritate
3082 4736 3351 4807 exactis,
3382 4731 3459 4791 ad
3495 4732 3630 4794 haac

366 4812 564 4874 verba
599 4833 613 4870 :
649 4811 911 4873 Patrum
944 4811 1504 4891 subscriptionibus
1534 4811 1859 4878 roboratd.
2391 4811 2411 4820 ’
3448 4856 3456 4861 ·

453 4891 822 4976 Dissertatio
855 4894 1450 4976 quintaide_l_ibellis
1481 4895 1619 4956 fidei
1651 4899 1833 4959 editis
1870 4899 1951 4958 ab
1982 4900 2350 4960 auctoribus
2381 4901 2444 4959 et
2481 4897 2702 4976 primis
2737 4896 3180 4958 defensoribus
3213 4894 3473 4956 haeresis
3503 4893 3631 4951 Pe-
3673 4925 3683 4934 -

369 4970 667 5049 lagianze,
698 4971 774 5030 ad
806 4972 939 5033 haac
974 4975 1163 5032 verba
1191 4973 1561 5034 Mercatoris
1595 4977 1670 5036 ad
1701 4979 2028 5037 Julianum
2065 4999 2079 5036 :
2125 4979 2293 5038 Audi
2323 4970 2499 5037 nunc
2519 4985 2574 5036 et
2613 4986 2702 5048 tu,
2736 4982 2852 5035 etc.

450 5051 826 5132 Dissertatio
858 5055 1040 5132 sexta
1064 5053 1348 5132 deglibris
1380 5069 1417 5114 a
1443 5053 1884 5132 defensoribus
1915 5056 2056 5116 fidei
2087 5059 2364 5132 scriptis,
2395 5056 2700 5118 adversus
2723 5055 3008 5114 eamdem
3033 5053 3350 5120 haeresim,
3380 5052 3634 5132 vivente

370 5134 595 5211 sancto
629 5129 1016 5211 Augustino.
1055 5130 1161 5190 ubi
1190 5131 1504 5211 Apologia
1528 5131 1734 5193 Orosii
1769 5134 2152 5205 vindicatur,
2185 5129 2245 5196 et
2280 5129 2506 5195 auctor
2548 5135 2855 5192 librorum
2901 5133 3406 5211 hypegnostican
3443 5130 3633 5211 dete-

370 5209 574 5345 gibtur,
623 5213 780 5343 etc”
835 5209 913 5268 ad
977 5210 1113 5271 haec
1164 5205 1353 5272 verba
1397 5205 1425 5269 ἶ
1473 5210 1742 5272 Sanctus
1806 5214 2198 5291 Augustinus
2259 5214 2520 5275 diversis
2570 5205 2964 5288 temporibus
2991 5205 3285 5272 ’dieerses
3349 5205 3636 5268 condidit

399 5303 417 5344 ι
461 5301 592 5345 res.
624 5303 656 5344 e
687 5303 742 5345 c.
1859 5341 1862 5344 .

399 5301 592 5361 toros,
624 5301 742 5345 etc.

450 5341 827 5449 Dissertatio
857 5369 1125 5443 septima
1153 5366 1229 5449 de
1261 5368 1484 5430 haeresi
1527 5341 1929 5440 Caelestiana,
1964 5371 2283 5449 quomodo
2318 5390 2398 5432 ex
2439 5387 2568 5431 una
2597 5373 2914 5432 sententia
2945 5371 3009 5429 in
3042 5371 3417 5449 immensam
3447 5362 3631 5442 quasi

371 5444 838 5506 multitudinem
867 5448 1248 5520 excreverit,
1281 5450 1358 5510 ad
1393 5449 1501 5512 illa
1530 5452 1728 5511 verba
1755 5444 2128 5512 Mercatoris
2161 5471 2176 5509 :
2212 5449 2313 5511 Ad
2339 5467 2528 5509 unam
2556 5451 2978 5529 impiissimum
3011 5445 3401 5516 sententiam,
3431 5451 3549 5503 etc.

1537 5591 1564 5654 §
1586 5592 1646 5642 Il.
1672 5591 1791 5650 Quae
1816 5595 1861 5641 in
1888 5594 2160 5656 posteriore
2184 5597 2321 5655 parte
2341 5599 2472 5641 sunt.

372 5775 416 5834 Γ
452 5694 744 5834 Ρτωΐὲῐίο
772 5695 1099 5834 hilstorica,
1149 5714 1290 5773 quas
1326 5698 1765 5776 complectitur
1811 5705 2006 5761 totam
2049 5698 2320 5761 Nestorii
2371 5715 2657 5770 causam,
2705 5705 2763 5759 et
2794 5703 2970 5775 gesta
3014 5697 3093 5758 ab
3125 5695 3326 5774 ipsius
3374 5695 3632 5757 ordina—

405 5793 544 5834 ποορ
571 5792 608 5834 a
683 5793 819 5834 mor
851 5793 966 5834 em.

405 5793 544 5836 l'OﬂC‘
571 5792 650 5838 au
683 5792 966 5836 mortem.
