4020 6192
254 321 305 373 53
586 294 589 297 ’
1234 315 1561 373 canum"
1600 315 1967 373 PREFATIO
2002 315 2413 372 'GENEltALlS.
3387 320 3460 377 δι

309 436 449 507 Quae
472 437 679 510 autem
711 430 897 489 fuerit
939 429 1328 510 iTheodoreti
1381 432 1533 492 ﬁdes
1581 439 1732 510 ante
1763 433 2108 492 concilium
2142 429 2663 493 Chalcedonense
2707 433 3101 494 contentiose
3153 431 3457 510 disputa-

250 522 352 573 tum
378 517 464 569 est
494 526 531 569 a
557 509 790 575 doctis,
821 509 1128 583 multique
1158 524 1302 569 cum
1331 507 1669 585 Agobardo
1706 510 2076 589 maluerunt
2108 511 2442 589 benignius
2492 511 2782 589 credere,
2811 529 2924 586 pro
2956 512 3220 572 veritate
3248 507 3459 589 ipsum

248 595 434 652 contra
480 588 803 646 veritatem
840 602 1201 663 pugnasse,
1250 589 1594 663 verbisque
1644 587 1854 660 potius
1893 603 2084 662 quam
2134 587 2486 663 sententia,
2529 597 2641 648 aut
2672 588 2967 649 Nestorio
3018 587 3456 661 consensisse,

247 676 335 729 aut
358 666 724 745 dissensisse
749 682 787 725 a
814 663 1084 745 Cyrillo.
1108 665 1186 722 At
1213 664 1530 745 mercator
1545 664 1809 745 prolatis
1838 663 1901 745 in
1933 663 2365 724 testimonium
2388 665 2832 727 instrumentis
2852 710 2867 734 ,
2896 685 3040 745 quin
3070 668 3249 744 prius
3274 676 3461 730 erant

249 752 461 825 ignota,
494 744 813 825 hominem
844 742 1234 825 Nestorianas
1281 741 1540 825 haeresis
1569 742 1919 825 convincit,
1954 759 2081 825 non
2115 748 2377 825 retentae
2416 748 2659 825 tantum
2685 747 2770 825 _in
2824 741 3036 805 animo
3058 741 3087 817 ,⁷
3126 746 3231 806 sed
3264 748 3457 808 etiam

250 818 419 901 p'alam
448 822 747 900 professa)
784 838 985 901 usque
1014 821 1089 877 ad
1135 818 1544 901 annum‘li'ﬁ;
1569 820 1900 901 excerpsit
1937 821 2108 879 enim
2139 819 2421 901 plurima
2443 821 2733 901 ex_libris
2763 825 3049 898 quinque
3073 868 3090 894 ,
3137 842 3298 900 quos
3346 826 3459 886 ad-

250 897 753 962 iersus'sanctum
782 898 1099 977 Cyrillum
1165 897 1640 977 conciliumque
1672 898 2064 973 Ephesinum
2096 898 2489 977 composuit;
2523 899 2714 977 immo
2766 897 2830 959 et
2866 897 3172 974 epistolas
3205 906 3459 963 concio-

249 996 494 1054 numque
523 978 881 1054 fragmenta
918 976 1166 1045 retulit,
1199 992 1344 1051 qum
1375 976 1758 1035 Theodoreti
1795 983 2097 1050 patronos
2129 976 2456 1036 manifeste
2482 976 2829 1036 confutent.
2869 980 3015 1039 Haec
3047 981 3106 1037 in
3148 982 3314 1043 hunc
3341 1001 3458 1043 us-

244 1076 346 1136 que
370 1059 525 1116 diem
574 1055 1464 1136 ignotapenitussuppedital
1492 1055 1833 1136 Mercator,
1862 1071 2102 1136 ex_quo
2137 1071 2306 1136 nunc
2335 1055 2607 1136 primum
2646 1058 2705 1115 in
2738 1056 2940 1116 lucem
2972 1057 3269 1117 eduntur.

304 1137 468 1195 Nunc
495 1131 687 1194 etiam
716 1131 991 1211 primum
1038 1132 1407 1213 Mercatoris
1431 1149 1549 1208 ope
1578 1175 1593 1203 ,
1624 1131 1908 1191 Eutherii
1931 1132 2335 1213 ANestorianm
2380 1135 2742 1213 partisinon
2795 1136 3092 1213 ignobilis
3123 1139 3455 1200 sectatoris

245 1232 423 1275 sermo
455 1209 734 1290 legitur;
768 1213 1029 1271 mutilus
1083 1211 1187 1271 ille
1219 1210 1506 1286 quidem,
1528 1218 1588 1269 et
1621 1226 1765 1269 cum
1791 1209 2193 1287 praafatione,
2244 1227 2388 1286 qua:
2417 1212 2598 1286 quasi
2651 1209 2858 1288 capite
2887 1216 3129 1276 minuta
3167 1223 3292 1286 est;
3327 1235 3454 1276 non

243 1291 711 1353 contemnendus
735 1298 944 1350 tamen
969 1334 985 1361 ,
1005 1305 1151 1369 cum
1179 1308 1259 1348 ex
1282 1306 1359 1369 eo
1386 1296 1602 1369 aperte
1629 1295 2292 1369 cognoscaturauctor
2318 1290 2529 1369 operis
2552 1290 2722 1349 illius
2742 1334 2760 1365 ,
2786 1295 2951 1367 quod
2979 1293 3195 1369 viginti
3216 1303 3456 1369 septem

244 1372 388 1431 libris
421 1372 789 1430 distinctum
817 1368 1215 1428 Theodoreto
1242 1367 1544 1448 tribuitur
1589 1383 1626 1427 a
1651 1367 1926 1448 __Ph_otio,
1974 1367 2541 1448 cujusqueviginti
2579 1376 2639 1427 et
2673 1387 2835 1428 unus
2870 1371 3009 1429 libri
3039 1367 3457 1448 reperiuntur

244 1453 293 1509 in
318 1448 587 1509 secundo
616 1454 785 1506 tomo
813 1465 1079 1525 operum
1128 1446 1327 1507 sancti
1356 1445 1711 1506 Athanasii.
1748 1445 1906 1525 Nam
1942 1452 2012 1525 ut
2062 1461 2167 1505 sex
2224 1446 2469 1520 priores
2504 1446 2644 1505 libri
2682 1449 2805 1507 sint
2845 1445 3262 1521 Theodoreti,
3288 1459 3459 1512 certe

243 1530 653 1604 aliipertinent
687 1526 762 1585 ad
796 1522 1168 1584 Eutherium
1198 1543 1212 1582 :
1237 1540 1455 1585 omnes
1485 1525 1652 1583 enim
1682 1523 1973 1584 eumdem
1998 1522 2581 1604 habereauctorem
2608 1526 2992 1586 demonstrat
3028 1530 3223 1588 series
3257 1531 3460 1589 libro-

244 1600 389 1680 mni,
421 1623 756 1681 nexusque
784 1606 1059 1664 aliorum
1082 1621 1160 1662 ex
1188 1605 1330 1663 aliis
1359 1622 1378 1677 ;
1404 1618 1481 1664 ea
1510 1621 1657 1663 vero
1686 1604 1906 1663 notitia
1926 1646 1944 1677 ,
1973 1618 2169 1679 quam
2218 1600 2363 1663 fecit
2392 1603 2730 1677 Mercator,
2762 1606 2914 1664 nihil
2953 1607 3081 1667 fere
3114 1607 3331 1668 utilius
3361 1615 3459 1670 est

240 1688 300 1746 ad
333 1687 652 1743 historiam
690 1684 941 1743 illorum
981 1690 1359 1759 temporum.
2440 1745 2464 1757 ε

303 1764 426 1821 Jam
465 1782 618 1822 vero
644 1764 898 1821 Patrum
927 1761 1156 1838 Ephesi
1187 1767 1722 1841 congregatorum
1755 1777 2064 1841 numerus
2093 1759 2250 1841 ,qui
2291 1766 2479 1841 antea
2500 1763 2734 1821 varius
2762 1778 2793 1820 a
2837 1766 3028 1825 variis
3057 1767 3454 1841 auctoribus,

243 1842 339 1901 levi
371 1845 576 1918 potius
608 1837 1005 1918 conjectura,
1039 1857 1233 1915 quam
1262 1837 1571 1917 probabili
1601 1840 1884 1915 ratione,
1919 1837 2326 1911 afferebatur,
2368 1839 2621 1901 deﬁnite
2648 1842 2879 1903 dicitur
2917 1861 3043 1902 non
3070 1861 3196 1903 uno
3227 1849 3288 1904 in
3321 1837 3459 1906 loco

242 1940 268 1981 a
291 1922 629 1981 Mercatore
666 1920 861 1980 fuisse
886 1935 1179 1980 ccrxxxv.

302 2000 503 2078 Cyrilli
544 1998 849 2078 epistola,
885 2014 1028 2075 quia
1076 2000 1139 2055 in
1170 1996 1447 2078 vulgatis
1477 1997 1863 2078 editionibus
1898 1997 2150 2058 concilii
2203 1994 2779 2078 Ephesinigscripta
2827 1997 3058 2060 dicitur
3087 2002 3162 2061 ad
3195 2002 3462 2063 clericos

238 2075 952 2156 Constantinopolitanos
1006 2076 1243 2156 mutuis
1281 2079 1447 2156 inter
1487 2094 1555 2156 se
1599 2076 1873 2156 dissidiis
1902 2082 2318 2156 pugnantes,
2353 2075 2543 2156 apud
2578 2077 2995 2156 Mercatorem
3044 2079 3234 2139 habet
3291 2082 3463 2141 hunc

238 2160 457 2216 titulum
496 2177 511 2215 :
547 2152 781 2232 Cy'rilli
813 2154 1232 2215 Alexandrini
1262 2154 1534 2232 episcopi
1558 2154 1637 2214 ad
1669 2172 1815 2213 suos
1862 2152 2117 2214 clericos
2161 2152 2538 2213 constitutos
2580 2154 3146 2232 Constantinopoli.
3180 2159 3269 2218 Ea
3307 2177 3459 2217 vero

238 2244 393 2312 prout
417 2252 454 2297 a
529 2230 889 2295 Mercatore
924 2234 1264 2309 interprete
1292 2230 1598 2307 'alfertur,
1635 2233 1866 2291 mirum
1895 2237 2208 2312 quantum
2233 2248 2287 2312 _a
2326 2232 2602 2312 vulgatis
2626 2277 2643 2305 ,
2682 2238 2825 2312 tum
2863 2230 3093 2294 Graicis
3121 2278 3139 2306 ,
3177 2243 3308 2295 tum
3348 2236 3463 2297 La-

238 2309 357 2372 tinis
387 2314 777 2374 cditionibus
804 2314 1043 2392 diversa
1102 2318 1232 2384 est,
1265 2318 1327 2372 et
1376 2330 1449 2373 ea
1486 2313 1807 2385 continet,
1841 2326 1987 2392 qua}
2014 2309 2195 2369 ﬁdem
2229 2310 2363 2392 ipsa
2400 2311 2520 2370 sibi
2561 2329 2684 2392 per
2707 2328 2773 2373 se
2805 2311 3078 2392 faciant,
3135 2323 3196 2375 et
3242 2315 3464 2378 (iraira

235 2392 638 2470 corruptionis
686 2389 1105 2461 convincant,
1141 2398 1201 2449 et
1238 2392 1813 2470 historiwarcana
1847 2389 2055 2470 multa
2084 2388 2384 2470 mysteria
2422 2390 2826 2470 patefaciant.

296 2467 490 2546 Atque
518 2471 655 2530 hac
683 2476 835 2530 sunt
864 2484 1064 2549 pauca
1099 2471 1361 2549 omnino
1386 2469 1461 2526 de
1497 2467 1787 2545 plurimis
1836 2482 1982 2542 quin
2010 2467 2537 2549 sine_ratiocinio
2584 2470 2829 2549 etgsola
2877 2468 3005 2530 fere
3063 2470 3459 2549 inspectione

230 2544 493 2623 accipere
544 2549 820 2624 primum
865 2544 1025 2608 licet
1084 2565 1119 2607 a
1175 2544 1569 2622 Mercatore;
1600 2562 1744 2623 qum
1797 2562 1950 2605 vero
2003 2544 2709 2625 concludunturicertis
2746 2544 3318 2625 argumentisJetsi
3348 2568 3466 2612 nec

229 2621 407 2704 pauca
435 2621 627 2687 etiam
660 2628 980 2700 existunt,
1006 2643 1122 2685 nec
1166 2640 1391 2701 parum
1422 2621 1633 2690 utilia.
1663 2626 1858 2704 immo
1898 2623 2265 2704 necessaria
2286 2621 2413 2704 ,‘ad
2444 2621 2887 2685 illustrandain
2926 2627 3253 2687 historiam
3276 2672 3294 2700 ,
3327 2645 3456 2688 non

228 2701 563 2766 debuerunt
602 2713 811 2764 tamen
869 2706 930 2764 in
969 2705 1139 2765 hunc
1188 2705 1397 2764 locum
1429 2704 1697 2778 referri,
1726 2702 1857 2763 sed
1892 2703 1957 2762 in
2001 2701 2516 2775 observationes,
2568 2721 2646 2764 ne
2680 2704 2994 2780 prolixius
3029 2707 3464 2784 praefarentur,

267 2802 398 2843 nam
428 2788 601 2845 lem-9
637 2785 1030 2845 permittunt.

267 2803 398 2843 nam
428 2803 484 2845 lc
531 2803 601 2843 ('8
680 2803 1030 2843 ermluunt.

229 2803 259 2860 ς
298 2865 377 2924 De
408 2803 968 2923 ob§ervgtionibus
995 2879 1178 2928 vero,
1227 2862 1534 2922 monitum
1570 2867 1630 2921 te
1658 2859 1885 2927 velim,
1940 2859 2165 2926 lector.
2201 2859 2576 2936 priusquam
2613 2860 2861 2936 praefari
2902 2854 3173 2933 'desino,
3226 2881 3337 2926 eas
3370 2882 3469 2925 me

230 2941 543 3022 historicas
582 2941 711 3022 fere
754 2944 1002 3022 tantum
1028 2982 1043 3009 .
1081 2946 1193 3022 aut
1229 2940 1669 3022 philologicas,
1722 2938 1890 3022 quod
1922 2936 2055 3022 jam
2106 2938 2282 3006 dixi,
2318 2939 2417 3022 _de
2455 2938 2769 2999 industria
2824 2940 3044 3001 fecisse
3082 2963 3097 3002 :
3132 2952 3468 3022 pr0pterea

227 3019 377 3095 quod
399 3020 541 3083 ﬁdei
578 3020 870 3097 dogmata
891 3064 906 3089 ,
943 3018 1017 3078 de
1044 3016 1278 3095 quibus
1306 3016 1519 3096 agitur
1554 3021 1616 3077 in
1647 3017 1947 3097 Operibus
1995 3016 2366 3097 Mercatoris
2391 3060 2407 3088 ,
2435 3024 2498 3076 et
2529 3036 2640 3092 per
2665 3036 2731 3077 se
2766 3034 2966 3095 pauca
2999 3016 3147 3080 sunt
3174 3065 3189 3087 .
3223 3016 3279 3080 εἰ
3314 3022 3469 3081 mihi

230 3094 523 3169 videntur,
562 3094 934 3161 vel'nullam
961 3142 975 3165 ,
1024 3094 1120 3157 vel
1149 3094 1450 3174 exiguam
1472 3094 1910 3174 difficultatem
1942 3096 2067 3174 pati
2098 3138 2115 3168 ,
2148 3102 2289 3172 post
2321 3102 2409 3155 tot
2440 3094 2785 3171 praesertim
2819 3099 3113 3160 Ecclesiae
3140 3099 3463 3160 deﬁnitio-

231 3196 327 3238 nes
368 3179 833 3255 doctorumque
887 3178 1169 3235 virorum
1214 3173 1673 3255 expositiones.
1735 3173 2243 3255 Observationes
2280 3178 2493 3234 autem
2533 3175 2848 3255 voluimus
2886 3192 3026 3255 esse
3058 3176 3420 3254 hujusmodi
3448 3221 3467 3249 ,

229 3266 283 3315 ut
314 3274 453 3333 qum
473 3264 625 3318 sunt
652 3252 821 3333 apud
849 3255 1267 3333 Mercatorem
1287 3252 1311 3325 ,’
1337 3271 1412 3315 ea
1439 3257 1530 3315 sic
1559 3253 1978 3330 scriptoribus
2015 3252 2752 3333 receptisauctoritatem
2777 3254 3115 3314 concilient
3135 3252 3161 3324 ,“
3179 3264 3248 3316 ιιι
3276 3259 3471 3318 simul

229 3337 297 3394 ab
323 3330 473 3412 ipsis
524 3330 803 3396 vicissim
837 3332 1021 3393 ﬁdem
1056 3341 1469 3403 metuentur;
1500 3334 1886 3394 contulimus
1929 3330 2099 3390 enim
2135 3330 2496 3412 Marianum
2531 3330 2681 3412 hoc,
2713 3340 3306 3411 quantumcumque
3333 3344 3467 3409 est,

225 3410 367 3490 opus
391 3432 540 3475 cum
570 3414 873 3473 omnibus
907 3412 1190 3490 ejusdem
1214 3420 1324 3472 aut
1353 3411 1574 3473 vicinae
1600 3412 1806 3473 atatis
1846 3412 2218 3490 auctoribus
2239 3452 2255 3481 ,
2280 3417 2342 3471 et
2370 3410 2457 3490 ita
2485 3411 3126 3490 quidemlahoriose,
3156 3420 3223 3472 ut
3258 3414 3472 3474 nullus

228 3488 278 3549 in
321 3511 520 3555 causa
571 3488 957 3554 Nestoriana
986 3491 1494 3563 leestianaque
1527 3496 1817 3552 versatus
1863 3490 1979 3565 sit,
2004 3489 2117 3567 qui
2156 3505 2284 3549 non
2322 3489 2465 3568 plus
2502 3489 2697 3550 semel
2727 3488 3061 3567 diligenter
3087 3494 3471 3571 curioseque

225 3574 525 3648 perlectus
554 3574 657 3633 sit.

1648 3647 1902 3709 CAPUT
1946 3647 2024 3709 V.

752 3776 1071 3854 Quomodo
1102 3776 1381 3837 venerint
1425 3775 1495 3834 in
1530 3790 1752 3833 manus
1798 3782 2049 3832 nostras
2080 3770 2278 3833 Marii
2312 3770 2684 3832 Mercatoris
2720 3789 2929 3850 opera.

282 3883 415 3942 Non
456 3881 582 3943 erit
606 3925 623 3949 ,
648 3881 909 3957 Opinor,
947 3880 1269 3957 ingratum
1297 3877 1583 3957 studioso
1616 3874 1868 3957 lectori,
1899 3873 1950 3932 si
1985 3872 2872 3957 priusquamimponoﬁnem
2901 3872 3047 3931 huic
3075 3872 3469 3957 praefationi‘,

216 3964 421 4038 paucis
450 3948 745 4036 aperiam
775 3948 906 4036 quo
938 3948 1125 4036 pacto
1158 3974 1353 4036 Opera
1382 3954 1758 4016 Mercatoris
1795 3952 1871 4014 ad
1905 3968 2006 4011 me
2044 3950 2490 4029 pervenerint,
2520 3956 2583 4009 et
2602 3948 2993 4012 edendorum
3022 3968 3241 4011 curam
3275 3954 3474 4012 susci-

284 4060 349 4101 re
375 4040 538 4100 mihi
564 4038 925 4101 contigerit.
2956 4056 2969 4068 -

214 4058 349 4115 pere
375 4057 538 4100 mlnl
564 4057 925 4116 contigerit.
2956 4057 2969 4068 -

280 4121 554 4179 Miserat
580 4118 656 4176 ad
686 4118 751 4177 P.
782 4115 1142 4192 Philippum
1166 4115 1489 4176 Labbeum
1520 4113 1585 4171 P.
1613 4108 2204 4192 PetrusPossinus,
2230 4107 2925 4192 jussueminenlissimi
2959 4106 3017 4168 S.
3050 4108 3122 4166 R.
3159 4107 3474 4192 _E._cardi7

212 4199 361 4257 nalis
414 4196 752 4257 Francisci
801 4185 1135 4255 Barbérini
1172 4191 1739 4255 Commonitorium
1794 4188 2207 4265 Mercatoris,
2254 4187 2453 4263 ignoti
2514 4187 2769 4263 quidem
2827 4198 2978 4246 tunc
3013 4185 3472 4265 auctoris,_sed

208 4278 363 4354 digni
405 4281 631 4337 tamen
666 4273 780 4334 visi
834 4272 1015 4354 cujus
1066 4289 1228 4354 opus
1281 4271 1694 4354 inserer‘etur_
1720 4268 2002 4354 secundo
2058 4263 2230 4354 torno
2283 4266 2742 4354 Conciliorum,
2774 4265 2849 4324 ad
2883 4281 3035 4325 ann.
3069 4266 3297 4354 Christi
3328 4263 3469 4354 “2.

208 4345 382 4415 Hunc
414 4356 798 4413 thesaurum
828 4398 843 4426 ,
879 4345 981 4410 u'bi
1020 4345 1295 4430 primum
1322 4349 1564 4430 accepit
1594 4346 1945 4430 indefessus
1973 4347 2396 4430 conciliorum
2434 4345 3280 4430 collector,communicavit
3308 4346 3468 4430 ami-

205 4451 263 4492 ce
294 4450 561 4495 mecum
582 4475 598 4501 ,
652 4421 843 4506 quem
875 4421 1143 4489 noverat
1181 4446 1308 4489 non
1339 4421 1640 4488 mediocri
1673 4426 1880 4487 studio
1913 4426 2109 4487 teneri
2162 4422 2581 4502 conquirendi
2615 4422 2831 4483 omnia
2858 4440 3002 4500 quin
3033 4421 3114 4484 ad
3145 4423 3472 4485 historiam

206 4515 457 4573 haeresis
499 4510 861 4589 Pelagiana:
897 4510 1280 4589 spectarent:

271 4592 587 4665 Dumque
636 4580 824 4648 simul
858 4580 1308 4665 gratulabundi
1342 4584 1723 4665 perlegimus
1745 4628 1761 4655 ,
1796 4583 2133 4665 aureolum
2163 4581 2449 4665 ,‘ut‘ips‘e
2478 4580 3300 4665 appellabatrantiquitatis
3332 4599 3474 4642 mo.

203 4659 588 4728 nomentum
612 4712 628 4739 ,
659 4659 895 4726 factum
924 4672 1018 4724 est
1043 4663 1198 4724 casa
1244 4670 1310 4722 ut
1338 4659 1616 4723 codicem
1646 4664 2156 4738 manuscriptum
2189 4660 2458 4736 insignis
2485 4659 2782 4739 Ecclesia:
2805 4659 3270 4718 Bellovacensis
3303 4676 3471 4739 ape-

202 4749 477 4808 riremus
502 4791 519 4815 ,
558 4738 877 4820 simulque
906 4749 1271 4804 occurreret
1296 4742 1497 4801 oculis
1531 4759 1760 4800 nomen
1790 4740 1977 4800 Marii
2016 4740 2433 4820 Mercator-is,
2462 4738 2772 4820 variaque
2798 4738 3102 4797 continuo
3133 4738 3469 4820 epuscula,

202 4830 384 4884 immo
451 4834 523 4886 et
580 4815 787 4902 ipsum
847 4820 1416 4885 Commonitorium
1458 4821 1659 4881 Roma
1710 4820 1974 4879 missum
2028 4818 2466 4880 evolventibus
2504 4834 2572 4877 se
2601 4815 2888 4882 oﬁ'erret,
2936 4832 3065 4893 quo
3096 4817 3330 4894 gaudio
3361 4819 3467 4876 vix

200 4906 341 4963 satis
373 4904 736 4965 exolicem.
3359 4928 3369 4935 -

270 4925 888 5043 ἓίἓέῌιιςορνῐῗιληθῐη
920 4998 1061 5039 cum
1088 4978 1315 5038 litteris
1342 4976 1661 5039 didicisset
1690 4975 1994 5036 Possinus
2018 5020 2033 5042 ,
2067 4974 2387 5035 consuluit
2419 4974 2553 5050 ipse
2580 4973 2945 5051 diligentius
2973 4978 3367 5033 asservatum
3402 4972 3463 5033 in

201 5062 519 5123 Vaticana
570 5060 953 5120 bibliotheca
1017 5058 1333 5130 codicem,
1383 5056 1492 5133 qui
1547 5056 1751 5114 fuerat
1801 5055 1953 5113 olim
2006 5054 2255 5133 comitis
2303 5053 2570 5133 Palatini
2615 5054 2693 5113 ad
2746 5052 3073 5126 lthenum,
3133 5068 3214 5111 ex
3266 5069 3469 5130 coque

196 5142 524 5217 descripta
555 5140 754 5207 misit,
793 5156 936 5215 quae
965 5138 1026 5196 in
1055 5131 1490 5197 Bellovacensi
1528 5133 1838 5217 contineri
1877 5132 2300 5217 signiﬁcatum
2333 5131 2559 5217 fuerat.

266 5209 490 5280 Tan-ta
530 5223 785 5293 tamque
813 5209 1171 5276 indubitata
1200 5217 1473 5276 duorum
1503 5213 1790 5293 codicum
1830 5209 1958 5288 ope
1989 5211 2183 5293 fretus
2219 5212 2573 5293 apparabat
2602 5209 2892 5293 Labbeus
2920 5225 3187 5286 Operum
3223 5209 3473 5293 Merci-

196 5299 343 5357 toris
378 5289 740 5358 editionem
768 5342 786 5370 ,
822 5296 927 5355 sed
983 5294 1206 5371 majori
1238 5310 1318 5353 ex
1371 5297 1548 5368 parte
1602 5290 2014 5371 mutilamac
2043 5289 2180 5371 sine
2218 5289 2380 5348 notis
2403 5308 2419 5357 ;
2441 5306 2667 5371 neque
2695 5289 2860 5347 enim
2884 5294 3173 5371 poterat,
3198 5291 3469 5347 obrutus

197 5384 529 5438 immenso
561 5366 780 5435 labore
813 5366 1240 5434 Conciliorum
1280 5366 1713 5443 generalium,
1744 5373 1855 5429 aut
1904 5367 2233 5443 inquirere
2269 5384 2410 5445 qua:
2440 5368 2722 5428 latebant
2752 5366 3013 5427 confuse
3041 5373 3098 5427 et
3133 5370 3431 5443 permiste
3455 5411 3474 5433 .

199 5465 297 5517 aut
325 5456 656 5517 attentius
688 5454 1031 5513 observare
1064 5452 1315 5527 singula
1347 5463 1493 5524 quas
1514 5446 1825 5527 illustrari
1860 5448 2293 5527 postulabant.

263 5536 455 5597 Mors
493 5532 758 5610 inopina
802 5530 1140 5610 consilium
1171 5522 1291 5610 viri
1325 5522 1682 5610 praevertit,
1719 5522 2056 5610 fuitquein
2087 5540 2281 5610 causa
2327 5541 2443 5610 cur
2487 5522 2836 5610 9_pus_mihi
2872 5524 3046 5610 velut
3072 5523 3358 5610 legatum
3388 5541 3469 5586 ex

199 5622 595 5675 testamento
612 5602 979 5671 offerretur.
1014 5607 1274 5683 Suscepi
1310 5602 1462 5666 vero
1488 5606 1775 5665 oblatum
1812 5621 1890 5664 eo
1918 5603 2220 5683 libentius
2250 5604 2418 5679 quod
2444 5648 2459 5678 ,
2489 5602 2634 5663 licet
2664 5602 2891 5683 impari
2930 5603 3187 5683 ingenio
3230 5608 3292 5662 et
3327 5602 3476 5660 doc-

200 5697 358 5753 trina
394 5708 619 5753 essem
645 5692 830 5767 longe
865 5687 1165 5747 inferiore
1189 5679 1478 5767 {majore
1512 5690 1723 5745 tamen
1762 5683 1893 5742 otio
1939 5682 2376 5767 abundabam,
2406 5698 2601 5767 quam
2644 5681 2749 5767 vir_
2784 5679 3474 5767 septemdecim-saecu—

201 5773 409 5833 lorum
475 5758 1175 5847 negotiisvimpeditus,
1215 5764 1513 5841 quodque
1576 5768 1865 5841 poteram
1895 5759 2253 5839 expeditius
2287 5762 2529 5825 versari
2556 5776 2702 5821 cum
2732 5758 2797 5820 in
2847 5759 3292 5837 perquirendis
3330 5770 3479 5830 quin
