4020 6192
438 286 509 343 3‘)
1253 285 1316 339 ΙΝ
1356 283 1581 339 OPERA
1622 284 1813 341 MAR“
1850 282 2287 342 MERCATORIS
2326 286 2851 343 PROLEGOMENA.
3627 300 3696 354 ω

439 406 593 454 vivos
623 408 677 454 et
705 407 945 454 mortuos
988 395 1340 466 iudicandos;
1374 410 1500 449 cum
1537 410 1666 466 ergo
1686 397 1802 466 ipsa
1831 396 1903 451 sit
1931 397 1981 451 ei
2029 410 2187 450 causa
2221 396 2496 464 veniendi,
2525 398 2653 466 quid
2682 398 2825 453 aliud
2852 408 3068 455 acturus
3090 409 3174 456 est
3198 415 3322 455 mox
3365 410 3425 457 ut
3452 406 3655 461 venerit
3677 450 3693 469 ,

443 492 549 547 nisi
581 501 798 561 propter
826 488 967 560 quod
1000 487 1211 542 veniet?

506 583 560 636 5.
590 601 608 634 ι
640 582 718 635 De
738 580 849 635 illis
874 588 1051 632 autem
1082 576 1173 646 qui
1205 577 1478 646 rapientur
1507 578 1559 633 in
1590 577 1841 645 nubibus,
1870 577 1923 632 in
1954 578 2181 646 quadam
2206 579 2455 648 epistola,
2480 596 2640 651 quam
2671 582 2867 652 scripsi
2896 592 2920 619 ι
2942 582 3008 638 ad
3040 583 3209 640 ﬁlium
3240 600 3443 654 meum,
3478 592 3698 645 nomine

437 677 803 731 Mancnonstt
826 712 841 735 ,
872 686 993 740 quae
1024 670 1208 740 incipit
1235 687 1250 723 :
1277 668 1306 709 δ
1333 670 1527 725 Procul
1554 670 1707 723 dubio
1733 670 2054 724 notissimum
2078 670 2239 737 vobis,
2269 681 2398 737 etc.,
2429 686 2551 728 cum
2580 688 2667 729 me
2694 673 3069 730 consuluisset
3098 676 3165 731 de
3188 677 3505 746 quibusdam
3547 696 3699 751 qua.

435 766 705 821 stionibtts
744 763 1175 831 Pelagianorum,
1205 762 1294 831 qui
1322 770 1518 831 negant
1547 772 1568 799 ο
1594 769 1804 814 mortem
1850 776 1959 814 esse
1982 770 2187 830 peccato
2223 763 2562 826 retributam;
2604 772 2869 834 quatenus
2908 766 3293 835 disputavcrim
3318 812 3332 837 ,
3380 768 3435 823 in
3465 770 3696 828 subditis

436 860 576 927 lege.
601 853 628 892 ά
659 855 741 910 11ιί
765 864 966 913 autem,
996 851 1234 922 inquam,
1267 850 1335 907 de
1364 852 1562 921 quibus
1588 851 1722 905 dixit
1745 852 2059 921 Apostolus,
2093 868 2215 908 cum
2246 854 2558 924 loqueretur
2583 857 2651 911 de
2680 860 3078 915 resurrectione
3104 870 3436 917 mortuorum
3460 879 3474 916 :
3508 864 3574 917 Et
3603 883 3696 919 nos

432 953 649 1005 viventes
690 948 780 1018 qui
826 945 1011 1011 reliqui
1054 960 1261 1008 sumus,
1306 944 1460 998 simul
1503 960 1621 997 cum
1643 943 1749 997 illis
1793 945 2054 1010 rapiemur
2083 948 2135 999 in
2164 946 2380 1001 nubibus
2428 949 2627 1002 obviam
2651 948 2854 1005 Christo
2895 953 2948 1005 in
2973 969 3115 1017 aera,
3143 963 3191 1008 et
3246 955 3319 1008 ita
3355 972 3551 1027 semper
3578 972 3695 1011 cum

437 1044 661 1100 Domino
703 1042 890 1096 erimus
939 1039 978 1109 (Ι
1008 1034 1190 1090 Thess.
1218 1048 1298 1100 tv,
1347 1034 1458 1105 i6),
1504 1033 1735 1088 atterunt
1777 1036 1993 1104 quidem
2046 1038 2250 1107 aliquid
2295 1040 2633 1108 quaestionis,
2684 1041 2779 1097 sed
2808 1052 3029 1112 propter
3056 1044 3282 1114 seipsos,
3328 1061 3434 1102 non
3472 1057 3695 1118 propter

506 1258 531 1285 ³
563 1248 641 1302 Ex
669 1246 773 1300 hoc
800 1245 921 1298 loco
946 1241 1222 1297 ell‘ecimus
1241 1281 1261 1311 ,ί
1289 1238 1665 1311 Mercatorem,
1687 1252 1859 1307 neque
1888 1237 2002 1311 epi-
2028 1243 2081 1300 Α
2106 1251 2295 1294 terram
2322 1241 2421 1295 ibis
2444 1257 2464 1304 ;
2494 1242 2759 1310 fatendum
2793 1252 2871 1297 est
2899 1245 3041 1299 istos.
3073 1262 3199 1311 quos
3228 1249 3451 1303 nondum
3486 1250 3549 1304 de
3577 1269 3691 1306 cor-

435 1334 653 1388 scopum
686 1327 808 1370 tunc
831 1314 1027 1388 fuisse,
1055 1328 1174 1365 cum
1203 1310 1268 1388 ad
1295 1326 1416 1363 eum
1450 1308 1773 1388 Augustinus
1802 1308 2000 1388 scribe-

435 1378 545 1452 ret;
570 1402 741 1454 neque
772 1378 1141 1454 presbyterum
1160 1425 1173 1446 ,
1202 1382 1365 1454 immo
1396 1393 1494 1433 nec
1515 1380 1836 1454 diaconum;
1868 1378 2001 1454 alio:

433 1448 531 1527 qui
578 1448 669 1511 vir'
706 1448 952 1527 sanctus;
990 1453 1074 1506 vel
1128 1452 1503 1519 coepiscOpum
1558 1449 1802 1527 dixisset,
1856 1448 2000 1527 quod

433 1519 620 1581 omnes
648 1526 880 1594 episcopi
913 1524 1012 1577 hac
1054 1529 1212 1575 aetate
1239 1530 1649 1594 consueverant,
1697 1519 1743 1594 si
1787 1519 2000 1584 quando

434 1600 501 1652 de
528 1599 638 1651 suis
684 1589 905 1664 collegis
938 1595 1312 1664 loquerentur;
1365 1589 1445 1644 vel
1478 1589 1998 1664 cumpresbyterum,

433 1670 575 1738 quod
626 1676 681 1721 ut
733 1658 1020 1738 pIuFimum
1086 1661 1377 1738 faciebant;
1412 1658 1523 1738 _vel
1572 1659 1998 1738 condiaconum,

433 1729 576 1804 «iuod
615 1729 956 1805 singulariter
982 1734 1312 1805 Augustinus
1342 1729 1564 1784 haberet
1593 1730 1647 1783 in
1678 1742 1829 1782 more
1858 1729 2001 1805 posi-

434 1798 568 1874 tum,
601 1809 643 1862 si
672 1798 850 1860 sermo
895 1803 1047 1857 ﬁeret
1075 1798 1156 1874 'de
1182 1802 1428 1874 diacono,
1457 1806 1517 1874 ut
1536 1808 1752 1874 constat
1800 1814 1862 1851 ex
1891 1798 2003 1874 epi-

432 1869 571 1933 stola
596 1878 661 1932 ad
710 1877 1042 1940 Memorium,
1076 1872 1225 1940 cujus
1257 1872 1426 1925 lilium
1463 1869 1733 1924 lulianum
1785 1870 2003 1922 condia-

434 1964 626 2003 COItum
656 1955 811 2001 vocat
840 1945 1030 2014 (Epist.
1058 1941 1207 2010 151.)

505 2018 532 2058 ι’
557 2020 611 2074 Si
642 2019 710 2071 de
738 2008 936 2070 Zosimi
967 2008 1214 2072 decreto,
1246 2010 1501 2064 adversus
1530 2008 1800 2077 Pelagium
1828 2009 2004 2064 lee-

434 2092 723 2156 stiumque.
750 2101 929 2156 sermo
956 2083 1073 2144 fuit.
1100 2091 1159 2135 ut
1181 2097 1364 2156 revera
1395 2082 1687 2156 fuisseitou
1720 2079 1854 2156 levis
1872 2094 2001 2133 eou-

432 2149 638 2227 jectura
673 2157 878 2225 probat,
914 2155 1038 2208 hinc
1063 2151 1311 2227 concludi
1341 2160 1508 2227 potest
1545 2149 1773 2227 Marium
1803 2149 2004 2227 hieron—

436 2219 606 2284 iorem
638 2219 703 2283 es
732 2242 797 2282 eo
826 2227 944 2280 loco
972 2222 1258 2290 scripsisse
1296 2219 1362 2291 ad
1391 2220 1781 2291 Augustinum,
1810 2219 1868 2291 in
1896 2234 2003 2288 quo

435 2300 771 2353 notissimum
816 2293 1249 2361 loretjud'tctum,
1296 2290 1348 2345 id
1377 2290 1491 2355 est,
1534 2306 1601 2345 ex
1645 2290 1778 2343 urbe
1808 2290 1998 2361 Roma,

434 2372 520 2422 ubi
551 2360 984 2436 frequentissimo
1024 2366 1073 2417 in
1102 2361 1578 2436 conveutttpopuli
1616 2360 1882 2436 sententia
1915 2372 2002 2436 se-

433 2440 516 2493 dis
541 2428 849 2507 apostolica:
878 2437 1015 2491 lecta
1044 2446 1149 2500 est,
1176 2447 1237 2486 ac
1267 2428 1573 2487 cleri'urbis
1594 2428 2002 2498 subscriptioni-

433 2510 532 2564 hus
560 2519 794 2577 recepta.

507 2591 529 2618 °
555 2567 830 2633 Constabit
849 2591 915 2630 ex
939 2573 1312 2629 dissertatione
1333 2569 1584 2638 septima,
1609 2582 1768 2635 quam
1792 2567 2000 2623 subtili-

435 2660 516 2704 ter
542 2651 805 2705 Mercator
850 2648 1009 2700 totius
1039 2643 1259 2697 haeresis
1300 2640 1597 2709 Pelagiana:
1624 2652 1878 2693 arcanum
1920 2641 2002 2693 vi-

433 2720 597 2783 derit,
642 2731 908 2789 quamque
947 2713 1156 2789 erudite
1193 2712 1543 2789 Augustinum
1590 2710 2001 2789 interrogaverit

433 2791 503 2844 de
533 2779 713 2845 radice
745 2779 943 2853 ex'qua
970 2785 1149 2853 omnia
1176 2779 1554 2853 consequentia
1594 2780 1841 2853 dogmata
1882 2789 1998 2853 orta

435 2860 563 2924 sint,
595 2868 670 2922 ut,
697 2873 758 2912 ea
789 2849 990 2918 excisa,
1023 2852 1224 2921 reliqua
1255 2849 1406 2905 facile
1437 2850 1714 2924 tollautur.
1734 2849 1826 2924 _Eo
1856 2852 1998 2903 enim

437 2919 805 2998 loci'pateliet,
834 2929 1045 2996 Opinor,
1074 2919 1238 2998 clare,
1266 2936 1330 2975 es
1361 2936 1544 2998 errore
1569 2919 1997 2998 Pelagianorum,

433 3001 502 3054 de
529 2990 700 3054 nt'orte
720 2990 942 3069 peccato
966 3008 1069 3049 non
1096 2992 1376 3059 retributa,
1406 2990 1541 3045 alios
1570 3003 1738 3060 prope
1760 2990 1999 3045 inﬁnitos

436 3078 755 3145 propugatos
784 3082 924 3145 esse.

352 3200 357 3207 ,
436 3130 454 3140 ’
505 3130 752 3194 α’Τῦιιιιη
785 3139 925 3192 hunc
951 3136 1125 3191 locum
1172 3131 1439 3207 transtulit
1477 3130 1901 3207 creditusgeda
1947 3131 1999 3186 in

434 3209 856 3266 commentarios
884 3208 1074 3277 capitis
1098 3220 1146 3258 tv
1177 3204 1647 3277 Epistolaeprimge
1676 3201 1742 3254 ad
1768 3200 2002 3277 Thessa-

439 3284 761 3345 lonicenses,
786 3282 854 3333 ah
874 3272 1145 3345 his'usque
1170 3272 1342 3328 verbis
1369 3292 1381 3325 :
1415 3272 1554 3327 Dixit
1579 3272 2000 3345 Apostolusfum

436 3340 838 3428 loquereturﬁd
877 3349 979 3428 ista
1005 3365 1018 3399 :
1054 3340 1174 3428 on
1201 3354 1408 3428 gustata
1436 3350 1594 3428 mente
1627 3340 1835 3428 vir-turi.
1863 3340 2002 3421 Sph-

431 3412 610 3492 juugit
631 3412 758 3478 vero
786 3420 1016 3492 exulibro
1050 3412 1309 3492 vigesimo
1334 3415 1402 3469 de
1440 3412 1666 3469 Civitatc
1698 3412 1809 3492 Dei,
1857 3412 2002 3480 ejus-

435 3483 571 3553 deni,
589 3490 901 3561 quaestionis
935 3483 1291 3561 solutionem,_
1308 3501 1411 3537 non
1448 3494 1628 3561 tamen
1656 3483 1843 3561 eadem
1874 3498 1999 3536 sen-

439 3554 625 3617 tentia:
663 3563 834 3629 Qutcri
864 3562 991 3614 solet
1023 3569 1189 3610 utrum
1214 3556 1291 3609 illi
1320 3572 1445 3623 quos
1476 3555 1555 3606 hic
1582 3554 1799 3629 uiuentes
1826 3554 2002 3606 inven-

436 3645 582 3687 turus
629 3624 704 3687 est
746 3631 1007 3693 Christus,
1058 3643 1272 3696 quorum
1328 3640 1597 3693 personam
1624 3624 1695 3696 Ain
1746 3637 1800 3696 se
1852 3636 2003 3696 atque

436 3705 555 3757 illos
576 3706 665 3774 qui
692 3713 810 3756 tunc
838 3692 1007 3774 secum
1036 3692 1282 3774 vivebant,
1307 3692 1700 3772 trans/igurabat
1728 3692 2001 3774 Apostolus

436 3765 712 3844 numquam
760 3772 964 3826 omnino
1011 3767 1243 3844 morituri
1289 3776 1441 3844 sunt_;
1484 3781 1549 3817 an
1596 3766 1707 3844 ipso
1754 3765 2001 3844 temporis

406 3852 409 3855 ⁷
434 3832 742 3914 puncioquo
767 3859 883 3914 cum
908 3840 1281 3914 resurgentibus
1309 3836 1571 3914 rapientur
1595 3834 1647 3886 in
1678 3832 1889 3886 nubibus
1914 3836 1997 3886 ob-

433 3908 567 3967 itum
611 3908 812 3969 Christo
853 3913 906 3964 in
934 3925 1054 3962 aera
1097 3908 1164 3960 ad
1204 3908 1630 3960 immortalitatem
1668 3920 1759 3974 per
1792 3915 2000 3956 mortem

433 3988 563 4038 mira
590 3986 845 4039 celeritate
874 3980 1194 4033 transibunt?

507 4056 686 4123 Neque
711 4055 845 4108 enim
865 4051 1134 4105 dicendum
1156 4055 1227 4123 est
1250 4046 1362 4123 fieri
1391 4061 1490 4098 non
1518 4059 1662 4123 posse
1682 4052 1737 4096 ut
1761 4042 1881 4123 dum
1905 4060 1994 4111 per

432 4141 555 4178 aera
578 4114 630 4179 in
658 4126 872 4179 sublime
890 4128 1175 4193 portantur,
1284 4114 1379 4193 illo
1397 4117 1585 4193 spatio,
1616 4121 1661 4167 et
1691 4115 1992 4193 moriantur,

430 4205 480 4249 et
508 4197 843 4257 reviviscunt;
872 4183 1004 4262 quod
1029 4190 1160 4262 enim
1190 4189 1304 4262 ait:
1335 4185 1398 4262 Et
1425 4183 1503 4238 ita
1531 4198 1725 4253 semper
1749 4198 1863 4235 cum
1891 4183 1999 4262 Do-

436 4267 572 4318 mino
600 4255 835 4327 erimus;_
866 4255 967 4314 non
1006 4261 1078 4313 sic
1120 4255 1475 4328 accipiendum
1514 4262 1587 4307 est
1608 4294 1621 4316 ,
1654 4262 1911 4328 tamquam
1940 4256 1995 4307 in

431 4351 551 4388 aere
577 4351 668 4387 nos
697 4324 880 4387 dixerit
923 4346 1119 4396 semper
1156 4324 1275 4381 cum
1318 4324 1537 4379 Domino
1567 4339 1674 4377 esse
1702 4325 1994 4396 morituros,

430 4406 554 4474 quia
585 4421 674 4457 nec
698 4406 806 4468 ipse
836 4403 1005 4474 utique
1029 4394 1098 4474 ibi
1126 4398 1367 4474 manebit,
1404 4412 1503 4474 qua
1529 4396 1726 4447 veniens
1750 4394 2000 4474 transitu-

434 4465 522 4529 rus
564 4487 676 4540 est;
716 4465 932 4527 uenienti
955 4471 1139 4537 quippe
1182 4469 1341 4540 ibitur
1374 4467 1573 4540 obviam
1600 4481 1703 4540 non
1742 4465 1997 4529 manenti;

430 4548 521 4599 sed
551 4548 624 4599 ita
653 4535 766 4597 cum
800 4535 1015 4595 Domino
1044 4540 1254 4599 erimus,
1290 4538 1341 4589 id
1370 4545 1466 4602 est,
1488 4536 1560 4589 sic
1588 4535 1775 4589 erimus
1800 4549 1998 4601 semper

431 4615 667 4672 habentes
688 4628 904 4684 corpora
937 4611 1263 4678 sentpiterna,
1298 4608 1593 4676 ubicumque
1614 4620 1730 4659 cum
1755 4602 1847 4658 illo
1887 4605 1998 4673 fue-

430 4703 611 4739 rimus.

502 4757 582 4811 Ad
610 4756 745 4809 hunc
766 4763 934 4807 autem
958 4765 1181 4815 sensum,
1208 4762 1308 4816 quo
1331 4745 1669 4816 existimemus
1699 4746 1849 4799 etia'n
1875 4745 1996 4800 illos

430 4845 556 4895 quos
582 4828 666 4881 hic
705 4825 840 4879 vivos
877 4814 1174 4876 inventurus
1212 4814 1283 4871 est
1318 4815 1583 4879 Dominus,
1618 4814 1670 4894 in
1704 4816 1816 4881 ipso
1841 4833 1996 4895 parvo

428 4888 594 4967 spatio
623 4906 669 4952 et
700 4910 935 4967 passuros
962 4902 1208 4967 mortem,
1227 4894 1293 4967 _et
1322 4896 1616 4953 accepturos
1642 4888 1996 4967 immortalite-

428 4955 550 5031 tem,
583 4955 1111 5037 ipse'ApostolusAnos‘
1154 4958 1350 5011 videtur
1389 4970 1587 5037 urgere,
1616 4956 1699 5037 ubi
1724 4955 1846 5037 dicit
1873 4973 1897 5036 :_
1934 4956 1992 5008 In

428 5023 632 5093 Christo
678 5023 848 5088 onmes
891 5032 1306 5099 viviﬁcabuntur;
1335 5023 1470 5099 cum'
1494 5025 1605 5099 alio
1637 5023 1747 5077 loco
1775 5026 1837 5099 de
1879 5026 1995 5099 ipsa

430 5109 640 5178 loquens
663 5095 1025 5178 resurrectione
1052 5115 1319 5178 corporum
1349 5097 1483 5149 dicat
1514 5111 1531 5175 ς
1566 5095 1641 5147 Tu
1668 5096 1804 5178 quod
1841 5098 1993 5178 semi-

430 5166 545 5242 nus,
586 5194 690 5231 non
732 5174 1037 5243 viviﬁcatur,
1079 5166 1185 5243 nisi
1217 5172 1355 5237 prius
1399 5167 1668 5243 moriatur.
1724 5166 1991 5243 Quomodo

429 5236 587 5317 igitur
632 5262 756 5316 quos
781 5236 997 5317 viventes
1025 5244 1105 5317 hic
1130 5236 1359 5317 Christus
1400 5237 1641 5316 inveniet,
1669 5251 1757 5303 per
1782 5236 1990 5314 immor-

428 5306 680 5371 talitatem
725 5316 778 5369 in
833 5317 922 5367 illo
950 5312 1353 5380 viviﬁcabuntur,
1402 5306 1499 5380 etsi
1528 5307 1983 5380 non_morian_tur,

428 5406 543 5440 cum
587 5387 843 5441 videamus
885 5374 1087 5452 propter
1125 5384 1217 5434 hoc
1242 5395 1347 5452 esse
1378 5379 1571 5452 dictum
1594 5391 1612 5428 :
1634 5374 1721 5452 Tu
1751 5375 1885 5452 qued
1910 5392 1993 5427 sc-

429 5459 614 5521 miuas,
634 5473 735 5509 non
755 5446 1061 5521 viviﬁcatur,
1086 5453 1182 5506 nisi
1204 5451 1344 5521 prius
1373 5447 1651 5521 moriatur?
1667 5446 1768 5521 Aut
1789 5446 1832 5499 si
1861 5457 1993 5498 recte

429 5544 530 5581 non
572 5517 787 5580 dicimus
818 5517 1077 5587 seminari,
1114 5517 1212 5575 nisi
1234 5538 1296 5573 ea
1320 5533 1539 5584 corpora
1571 5517 1854 5581 hominum,
1879 5531 1993 5585 qua:

430 5601 689 5651 moriendo
726 5613 922 5665 quoquo
968 5595 1117 5646 modo
1166 5598 1483 5645 revertuntur
1509 5589 1561 5640 in
1605 5597 1829 5651 terram,
1861 5587 1992 5665 sicut

428 5686 537 5723 sese
568 5669 710 5721 habet
739 5659 894 5720 etiam
919 5665 1013 5718 illa
1042 5667 1093 5717 in
1127 5672 1766 5731 transgressorem_potrem
1794 5659 1992 5731 generis

422 5739 639 5794 hilaruni
677 5739 919 5793 diuinitus
964 5736 1165 5799 prolata
1208 5728 1495 5787 sententia:
1548 5728 1700 5784 Terra
1744 5728 1808 5783 es‘
1859 5738 1907 5783 et
1938 5728 1992 5781 in

2022 5345 2072 5404 1)

2103 1312 2313 1385 poribus
2333 1328 2593 1385 egressos,
2626 1330 2753 1385 cum
2780 1316 2939 1367 veniet
2968 1314 3221 1381 Christus,
3266 1320 3484 1373 inveniet
3510 1362 3524 1385 ,
3554 1332 3599 1375 et
3630 1326 3685 1378 in

2101 1381 2213 1463 istis
2236 1381 2398 1435 verbis
2422 1383 2676 1463 Apostoli,
2694 1394 2753 1463 ⁸ςε
2782 1385 2885 1437 illis
2912 1387 2974 1463 de
2994 1384 3324 1463 Genesi,_non
3353 1381 3533 1463 teneri,
3560 1408 3687 1459 quo-

2103 1453 2247 1530 niam
2274 1469 2480 1505 sursum
2509 1455 2563 1530 in
2587 1453 2797 1505 nubibus
2823 1455 2980 1521 rapti,
3011 1472 3113 1530 non
3143 1458 3313 1525 utique
3344 1453 3681 1530 seminantur,

2102 1522 2225 1590 quia
2253 1538 2344 1574 nec
2367 1533 2485 1600 eunt
2514 1525 2567 1576 in
2595 1534 2783 1575 terram
2814 1525 3164 1600 necredeuat,
3190 1522 3292 1600 sive
3316 1529 3511 1582 nullam
3533 1522 3684 1600 μνον-ἶ

2102 1607 2189 1672 sus
2236 1593 2565 1659 experiantur
2599 1605 2829 1659 mortem,
2876 1596 2979 1648 sive
3030 1596 3297 1663 paululum
3333 1600 3386 1651 in
3410 1593 3543 1653 aere'
3576 1617 3690 1654 mo-

2104 1672 2327 1715 nuntur.

2177 1731 2285 1820 Sed
2310 1732 2455 1820 aliud
2478 1750 2655 1820 rursus
2693 1735 2933 1820 occurrit,
2960 1734 3095 1803 quod
3135 1735 3269 1820 idem
3289 1736 3421 1820 dicit
3465 1738 3655 1820 Aposto

2105 1800 2207 1870 lus,
2240 1818 2356 1855 cum
2387 1804 2450 1856 de
2480 1807 2846 1858 resurrectione
2887 1800 3158 1870 corporum
3187 1806 3255 1857 ad
3285 1800 3573 1861 Corinthios
3604 1811 3662 1861 lo-

2103 1881 2380 1943 queretur:
2429 1873 2617 1927 Omnes
2668 1889 3026 1943 resurgemus;
3060 1876 3138 1927 vel
3186 1876 3318 1929 sicut
3344 1878 3436 1929 alii
3481 1879 3679 1933 codices

2104 1940 2333 2015 habent:
2381 1943 2567 2015 Omnes
2601 1940 2929 1996 dormiemus.
2963 1942 3091 1997 Cum
3114 1961 3234 2015 ergo
3258 1961 3349 1998 nec
3376 1952 3678 2002 resurrectio

2105 2011 2220 2076 ﬁeri
2264 2014 2444 2079 possit,
2494 2015 2593 2066 nisi
2639 2030 2773 2066 mors
2816 2011 3286 2075 prtecesseritfnec
3326 2016 3681 2072 dormitiouem

2105 2084 2375 2153 possimus
2404 2084 2493 2136 illo
2522 2085 2634 2135 loco
2682 2084 2982 2153 intelligere,
3024 2085 3124 2137 nisi
3149 2096 3380 2149 mortem,
3423 2091 3678 2153 quomodo

2106 2166 2280 2205 omnes
2300 2152 2377 2205 vel
2407 2153 2654 2206 dormient
2681 2153 2758 2205 vel
2776 2152 3066 2225 resurgant,
3106 2155 3149 2206 si
3172 2165 3275 2207 tam
3304 2152 3451 2209 multi
3474 2174 3600 2225 quos
3627 2160 3679 2211 in

2107 2237 2320 2290 corpore
2344 2224 2637 2276 inventurus
2664 2231 2735 2275 est
2762 2221 3015 2288 Christus,
3052 2240 3143 2277 nec
3171 2226 3420 2279 dormient
3463 2221 3554 2280 nec
3593 2245 3675 2281 re-

2105 2293 2350 2369 surgent?_
2381 2293 2443 2346 Si
2483 2304 2833 2369 ergo_sanc_tos
2876 2294 2964 2361 qui
3012 2295 3325 2369 reperientur
3363 2293 3566 2350 Christo
3594 2312 3678 2350 ve-

2106 2362 2276 2434 niente
2302 2363 2541 2434 viventes,
2577 2364 2719 2431 eique
2743 2364 2795 2415 in
2824 2378 2943 2434 aera
2980 2362 3175 2415 obviam
3198 2366 3480 2434 rapientur,
3508 2369 3677 2420 credi-

2106 2430 2329 2484 derimus
2350 2433 2403 2485 in
2432 2432 2607 2505 eodem
2632 2430 2784 2502 raptu
2814 2433 2878 2505 de
2910 2434 3206 2505 mortalibus
3240 2430 3533 2505 corporibus
3563 2439 3675 2489 exi-

2106 2510 2267 2567 turos,
2300 2510 2345 2555 et
2386 2502 2455 2555 ad
2480 2503 2654 2555 eadem
2696 2518 2818 2555 mors
2856 2503 3168 2556 immortalia
3194 2502 3476 2565 redituros,
3506 2506 3678 2560 nullos

2103 2572 2157 2643 i_n
2187 2573 2348 2625 verbis
2375 2572 2605 2643 Apostoli
2634 2572 2884 2639 patiemur
2909 2575 3210 2641 angustias;
3252 2577 3353 2628 sive
3385 2575 3467 2627 ubi
3497 2577 3620 2629 dicit
3653 2593 3673 2631 :

2106 2639 2185 2694 Tu
2209 2643 2345 2711 quod
2380 2639 2619 2711 seminus,
2658 2658 2757 2695 non
2785 2639 3083 2710 vivi/icatur,
3129 2645 3228 2698 nisi
3258 2645 3538 2709 moriatur;
3574 2650 3678 2699 sive

2102 2713 2188 2764 ubi
2227 2713 2389 2766 dicit:
2438 2710 2636 2782 Omnes
2668 2727 3008 2782 resurgemus,
3052 2712 3172 2767 vel:
3218 2715 3405 2768 Omnes
3450 2717 3677 2769 dormie—

2102 2798 2247 2847 mus;
2298 2783 2418 2852 quia
2459 2797 2564 2852 nec,
2602 2781 2681 2834 illi
2736 2781 2828 2849 per
2876 2782 3312 2837 immortalitatem
3348 2785 3678 2851 viviﬁcabun-

2102 2859 2205 2914 tur,
2249 2850 2348 2905 nisi
2393 2850 2666 2920 quamlibet
2696 2852 2907 2922 paulum
2946 2862 3110 2907 tamen
3136 2850 3457 2919 moriantur;
3488 2871 3548 2907 ac
3589 2873 3677 2920 per

2101 2925 2228 2993 hoc,
2269 2931 2315 2976 et
2340 2938 2373 2975 α
2408 2922 2770 2976 resurrectione
2807 2937 2906 2993 non
2946 2934 3094 2975 erunt
3131 2923 3324 2988 alieni,
3365 2940 3518 2993 quam
3556 2926 3677 2977 dor-

2100 2992 2244 3046 mitio
2267 2993 2541 3059 pracedit,
2572 2993 2797 3054 quamvis
2831 2992 3148 3052 brevissima,
3180 3010 3279 3046 non
3313 2992 3481 3047 tamen
3508 2997 3670 3048 nulla.

2171 3062 2276 3117 Cur
2303 3072 2475 3115 autem
2502 3063 2645 3115 nobis
2664 3062 2960 3115 incredibile
2990 3064 3240 3127 rideatur,
3277 3063 3420 3115 illam
3445 3065 3678 3118 multitu~

2102 3132 2276 3187 dinem
2297 3147 2568 3201 corporum
2595 3134 2649 3185 in
2683 3148 2800 3187 aere
2830 3132 3208 3201 quodammodo
3234 3133 3496 3195 seminari,
3527 3144 3680 3202 atque

2101 3204 2169 3257 ibi
2198 3204 2435 3275 protinus
2465 3201 2840 3275 immortaliter,
2878 3213 3028 3275 atque
3054 3203 3511 3275 incorruptibiliter
3546 3201 3679 3257 revi-

2100 3272 2309 3341 viscere,
2344 3290 2457 3327 cum
2479 3274 2749 3327 credamus
2771 3272 2906 3341 quod
2945 3274 3077 3326 idem
3102 3274 3211 3339 ipse
3248 3276 3525 3341 Apostolus
3556 3275 3679 3327 alibi

2101 3346 2415 3414 apertissime
2435 3344 2579 3406 dicit,
2602 3345 2653 3395 in
2676 3345 2779 3395 ictu
2805 3343 2941 3395 oculi
2972 3348 3199 3410 futuram
3226 3344 3670 3404 resurrectionem.

2101 3413 2145 3468 et
2176 3417 2229 3468 in
2258 3414 2479 3468 membra
2506 3415 2615 3467 sine
2651 3414 2752 3483 ﬁne
2777 3413 2973 3465 victura
3017 3424 3157 3467 tanta
3189 3416 3434 3479 facilitate
3475 3424 3677 3482 tamque

2101 3484 2447 3540 inwstimabili
2478 3484 2740 3537 velocitate
2766 3484 3046 3537 rediturum
3071 3483 3543 3552 antiquissimorum
3582 3501 3673 3537 ca-

2102 3556 2341 3609 daverum
2364 3554 2622 3623 pulverem
2641 3554 2664 3605 ?

2175 3625 2287 3680 Nec
2311 3622 2374 3679 ab
2403 3624 2497 3678 illa
2526 3624 2772 3677 sententia
2797 3639 2898 3691 qua
2924 3622 3117 3676 homini
3144 3624 3334 3675 dictum
3358 3631 3429 3675 est
3454 3638 3471 3674 :
3516 3623 3676 3677 Terra

2101 3711 2155 3750 es
2179 3706 2225 3751 et
2258 3700 2311 3749 in
2358 3704 2545 3746 terram
2588 3694 2703 3755 ibis,
2729 3696 2925 3761 futuros
2967 3694 3085 3746 illos
3129 3703 3330 3746 sanctos
3374 3693 3679 3746 arbitremur

2102 3768 2371 3829 immunes,
2406 3766 2449 3818 si
2480 3779 2653 3817 eorum
2682 3762 3005 3815 morientium
3031 3763 3083 3815 in
3111 3773 3297 3815 terram
3328 3779 3428 3815 non
3454 3764 3679 3818 recident

2103 3851 2359 3906 corpora:
2401 3834 2488 3906 sed
2518 3834 2649 3906 sicut
2696 3834 2748 3884 in
2796 3832 2904 3906 ipso
2953 3844 3104 3903 raptu
3148 3834 3465 3906 morientur,
3516 3836 3594 3906 ita
3632 3846 3680 3888 et

2101 3903 2387 3973 "surgent,
2410 3904 2531 3957 dum
2559 3904 2782 3973 ferentur
2801 3903 2853 3954 in
2873 3918 3028 3965 aera;
3059 3906 3109 3956 in
3140 3912 3325 3956 terram
3349 3904 3533 3973 quippe
3556 3903 3675 3964 ibis,

2028 3988 2072 4049 ρ
2103 3976 2157 4028 id
2178 3987 2271 4049 est,
2287 3978 2339 4028 in
2362 3974 2565 4049 hocibis
2583 3975 2909 4049 a_missa_vita,
2929 3974 3065 4049 quod
3089 3989 3199 4026 eras
3216 3984 3486 4049 antequam
3507 3989 3677 4026 sume-

2101 4062 2180 4100 res
2206 4047 2380 4110 vitam,
2412 4046 2464 4098 id
2482 4054 2576 4109 est,
2602 4045 2695 4096 hoc
2716 4043 2812 4095 eris
2834 4046 3098 4107 exanimis,
3120 4044 3252 4113 quod
3274 4059 3385 4113 eras
3406 4054 3678 4113 antequam

2100 4132 2229 4169 esses
2254 4115 2528 4169 animatus.
2557 4114 2725 4168 Tertia
2744 4115 2930 4183 quippe
2955 4112 3235 4183 insufflauit
3262 4112 3395 4164 Deus
3414 4112 3467 4164 in
3492 4112 3677 4178 faciem

2100 4187 2283 4254 ﬂatum
2310 4186 2445 4251 vitat,
2476 4200 2592 4237 cum
2617 4182 2782 4254 factus
2812 4182 2933 4236 esset
2965 4182 3116 4236 Itonia
3141 4184 3193 4235 in
3222 4183 3445 4254 animam
3475 4183 3675 4243 vivant;

2100 4253 2356 4326 tamquam
2379 4256 2673 4326 diceretur:
2700 4253 2864 4326 Terra
2889 4270 2941 4306 es
2970 4255 3218 4326 animata,
3249 4253 3384 4321 quod
3410 4268 3511 4304 non
3540 4268 3675 4319 eras,

2100 4323 2235 4379 terra
2263 4325 2364 4378 eris
2391 4324 2637 4379 exanimis
2667 4324 2797 4376 sicut
2824 4338 2960 4381 cras.
2991 4323 3125 4389 quod
3158 4333 3275 4375 sunt
3317 4333 3368 4375 et
3406 4331 3677 4384 antequam

2101 4405 2387 4461 putrescant
2414 4396 2586 4449 omnia
2615 4409 2831 4458 corpora
2866 4404 3214 4456 mortuorum,
3260 4395 3397 4457 quod
3441 4402 3588 4443 erunt
3629 4401 3678 4444 et

2096 4465 2213 4529 illa,
2245 4467 2287 4520 si
2317 4467 2622 4527 moriantur,
2654 4466 2954 4529 ubicumque
2982 4464 3286 4523 moriantur,
3318 4476 3430 4511 cum
3461 4470 3561 4511 vita
3589 4478 3678 4513 ca-

2097 4536 2298 4597 rebunt,
2328 4551 2483 4605 quam
2512 4536 2748 4605 continuo
2777 4540 3039 4605 receptura
3066 4540 3224 4583 sunt:
3260 4531 3331 4581 sic
3369 4545 3486 4598 ergo
3533 4531 3679 4583 ibunt

2097 4606 2153 4658 in
2173 4602 2378 4667 terram,
2406 4606 2526 4674 quia
2545 4619 2609 4657 ea:
2632 4604 2754 4656 vivis
2776 4602 3221 4674 hominibusterra
3245 4606 3411 4674 erunt,
3441 4602 3679 4665 quemad-

2098 4676 2307 4729 modum
2343 4676 2383 4728 it
2418 4670 2474 4727 in
2522 4674 2737 4726 cinerem
2774 4672 2909 4738 quod
2947 4672 3002 4737 ﬁt
3039 4670 3191 4734 cinis,
3236 4680 3279 4722 et
3305 4673 3357 4719 in
3381 4678 3677 4721 vetustatem

2096 4746 2231 4813 quod
2258 4746 2315 4813 ﬁt
2336 4756 2498 4807 vetus,
2526 4752 2573 4796 et
2598 4744 2649 4794 in
2674 4750 2852 4794 testam
2878 4740 3012 4813 quod
3036 4755 3099 4792 ex
3120 4738 3226 4791 luto
3242 4739 3473 4813 ﬁt‘testa,
3498 4747 3547 4790 et
3568 4742 3675 4813 alia

2095 4809 2330 4869 sexcenta
2350 4817 2423 4868 sic
2444 4814 2715 4883 loquimur.
2740 4810 3191 4883 Quomodoautem
3210 4809 3273 4861 sit
3294 4810 3518 4876 futurum
3536 4810 3675 4883 quod

2097 4901 2229 4938 nunc
2260 4903 2349 4952 pro
2377 4879 2560 4937 nostra:
2589 4880 2889 4935 ratiuncqu
2929 4880 3117 4932 viribus
3156 4888 3426 4948 utcumque
3461 4879 3675 4950 conjici-

2095 4971 2227 5021 mus,
2256 4967 2373 5009 tunc
2399 4956 2564 5021 potius
2593 4954 2687 5005 erit
2714 4961 2768 5004 ut
2797 4966 2941 5021 nosse
2970 4966 3256 5021 possumus.

2167 5017 2363 5079 Locum
2387 5017 2548 5086 hunc,
2572 5022 2785 5076 tametsi
2808 5017 3091 5089 prolixum,
3116 5017 3445 5073 afferendum
3468 5018 3666 5087 putavi,

2098 5105 2378 5163 propterea
2408 5094 2549 5163 quod
2582 5092 2832 5153 ostendit,
2860 5106 2980 5163 eum
3007 5090 3111 5143 alio
3148 5089 3380 5163 icvllatus
3405 5128 3419 5149 ,
3459 5100 3676 5163 quantae

2093 5159 2676 5232 difﬁcultatis'quzestio
2703 5163 2813 5232 visa
2843 5160 2912 5213 sit
2938 5159 3256 5232 Augustino,
3284 5167 3343 5212 ut
3370 5172 3471 5232 non
3503 5159 3672 5232 semel

2094 5235 2232 5302 apud
2266 5228 2613 5288 Mercatorem
2664 5230 3047 5302 professusrsit
3095 5230 3254 5283 malle
3300 5243 3358 5302 se
3404 5228 3675 5302 doctiores

2096 5297 2303 5358 audire.
2329 5304 2490 5357 Certe
2512 5302 2565 5354 in
2595 5297 2731 5355 libro
2752 5300 2818 5354 de
2847 5299 3074 5356 Civitate
3101 5299 3443 5369 propendere
3462 5297 3674 5369 videtur

2104 5375 2156 5427 in
2184 5373 2491 5441 opinionem
2514 5372 2749 5439 Patrum,
2773 5371 2862 5425 Ori
2901 5371 3038 5433 eois,
3082 5366 3451 5439 Chrysostonti
3476 5376 3527 5421 et
3552 5366 3677 5419 Hie-

2104 5444 2335 5493 ronvmi-
2359 5445 2447 5493 aui
2470 5441 2726 5493 quosdam
2751 5442 2802 5493 itt
2829 5387 3059 5493 agveum
3084 5437 3281 5493 Christi
3312 5443 3464 5491 vivos
3494 5452 3675 5493 rener-

2103 5437 2335 5514 ronymi,
2359 5445 2447 5512 qui
2470 5437 2802 5514 quosdam'iu
2829 5437 3059 5514 adventu
3084 5437 3281 5493 Christi
3296 5443 3464 5514 Δγὶνοε
3494 5452 3675 5514 reper-

2100 5522 2184 5566 tos
2207 5508 2500 5567 aiunt-noti
2530 5512 2856 5576 morituros,
2904 5511 2997 5564 sed
3045 5518 3245 5562 tantum
3296 5508 3672 5560 immutandos.

2099 5583 2350 5640 Scrihens
2371 5584 2434 5637 ad
2457 5582 2825 5644 Mercatorem,
2854 5580 3151 5648 oppositam
3180 5588 3380 5646 partem
3411 5576 3672 5648 sequitur,

2097 5669 2383 5723 secumque
2400 5654 2559 5706 traxit
2581 5656 2861 5723 maximam
2885 5646 3084 5723 partem
3100 5649 3468 5723 theologorum
3491 5646 3673 5723 adh-.1:-

2100 5718 2331 5781 rcntittrit
2355 5732 2541 5780 sancto
2563 5723 2782 5777 Thomas
2805 5718 2893 5791 (In
2916 5719 2978 5774 ιν
3003 5720 3057 5775 d.
3086 5718 3216 5788 45);
3247 5733 3367 5773 nam
3398 5719 3672 5787 magister,
