4014 6188
364 247 431 298 Η
1557 236 1925 300 ΡΒᾸΞΡΑἸῚΟ
1963 244 2373 303 ΟΕΝΕΒΑῙᾸΞ.
3559 246 3624 299 i3

357 363 493 415 istos
520 376 534 423 ;
578 374 702 414 nam
738 360 837 415 etsi
860 374 976 418 ,non
1004 366 1127 412 sunt
1151 356 1309 413 etiam
1345 356 1440 427 ipsi
1473 359 1741 424 morituri,
1775 368 1800 395 ει
1822 360 1946 429 quid
1977 360 2108 416 istos
2136 362 2389 433 adjuvet,
2413 364 2631 419 omnino
2657 378 2762 419 non
2793 364 2985 431 video;
3016 379 3137 421 cum
3174 366 3295 420 talia
3325 365 3391 420 de
3417 365 3500 421 his
3526 363 3634 424 dici

355 456 595 524 pos:inl,
627 454 802 523 qualia
834 453 901 506 de
929 452 1037 506 illis
1066 451 1204 506 dicta
1230 459 1355 504 sunt
1383 450 1616 515 duobus,
1647 450 1837 506 Enoch
1862 451 2069 507 scilicet
2096 464 2149 508 et
2172 455 2319 509 Elia.

432 546 487 600 4.
523 562 542 597 ι
586 544 689 599 Sed
726 558 936 608 revera,
974 551 1229 613 quantum
1276 541 1342 597 ad
1379 542 1541 597 verba
1584 542 1727 596 beati
1774 542 2020 612 Apostoli
2068 546 2319 612 pertinet,
2371 548 2582 603 videtur
2626 563 2872 604 asserere
2902 549 3163 617 quosdam
3204 551 3254 603 in
3288 550 3391 604 line
3427 550 3635 616 srecuii,

354 636 685 691 adveniente
728 636 973 699 Domino,
1029 649 1153 689 cum
1185 633 1357 687 futura
1401 642 1484 689 est
1513 633 1839 688 resurrectio
1878 642 2236 702 mortuorum,
2289 654 2395 691 non
2431 648 2693 705 mortuos,
2732 640 2826 694 sed
2875 640 3025 694 vivos
3058 653 3335 710 repertos,
3391 644 3440 697 in
3488 646 3635 701 illam

357 727 822 783 immortalitatem
852 740 970 792 qure
1004 725 1204 779 sanctis
1233 726 1391 779 etiam
1426 726 1640 779 cseteris
1670 725 1827 779 datur
1859 734 2083 794 repente
2112 728 2399 782 mutandos
2422 737 2477 783 et
2500 730 2653 783 simul
2684 746 2802 783 cum
2831 730 2937 784 illis
2966 732 3274 800 rapiendos,
3308 734 3445 789 sicut
3479 736 3634 801 dicit,

356 823 417 873 in
449 820 699 875 nubibus.
727 817 835 872 Nec
861 816 1062 885 aliquid
1090 816 1235 870 aliud
1264 815 1393 869 mihi
1425 815 1601 870 visum
1634 824 1738 880 est,
1769 816 2024 885 quotiens
2049 816 2116 870 de
2147 816 2232 872 his
2260 818 2442 873 verbis
2472 819 2619 872 volui
2645 820 2918 888 cogitare:
2952 820 3046 875 sed
3080 822 3271 876 vellem
3306 823 3429 877 hinc
3461 829 3635 892 potius

357 914 544 967 audire
573 911 867 973 doctiores,
901 926 968 965 ne
995 909 1102 962 illis
1152 909 1312 963 etiam
1344 909 1434 979 qui
1482 917 1672 977 putant
1699 909 1907 976 aliquos
1948 916 2120 963 morte
2161 925 2265 965 non
2300 910 2648 980 praecedente
2692 911 2987 965 viviﬁcatos
3019 912 3086 966 ad
3130 913 3286 967 vitam
3318 918 3635 973 transituros

357 1014 698 1076 perpetuam,
731 1004 911 1056 dicere
938 1003 1237 1056 inveniatur
1265 1000 1554 1069 Apostolus
1583 1017 1597 1055 :
1632 999 1804 1056 Stulte
1824 1044 1838 1065 ,
1872 1001 2007 1069 quod
2027 1004 2281 1067 seminus,
2310 1020 2412 1056 non
2438 1003 2746 1070 viviﬁcatur,
2778 1004 2881 1057 nisi
2912 1005 3053 1071 prius
3078 1008 3347 1059 moriatur.

430 1101 483 1152 5.
516 1116 534 1148 ι
565 1096 693 1150 Nam
722 1104 778 1149 et
806 1096 932 1148 illud
966 1111 1050 1162 qm
1074 1093 1107 1148 d
1148 1094 1199 1147 in
1229 1094 1501 1162 plerisque
1545 1092 1823 1147 codicibus
1851 1093 2046 1160 legitur
2080 1110 2093 1148 :
2128 1092 2315 1148 Omnes
2342 1111 2696 1166 resurgemus;
2722 1096 2876 1167 ,unde
2907 1096 3023 1151 ﬁeri
3053 1100 3281 1165 poterit,
3315 1100 3416 1153 nisi
3445 1115 3635 1156 omnes

361 1191 699 1245 moriamur?
733 1188 1074 1242 Resurrcctiu
1103 1188 1299 1256 quippe
1344 1188 1443 1241 nisi
1479 1202 1623 1241 mors
1655 1188 2017 1255 praecesserit,
2050 1188 2193 1241 nulla
2228 1198 2344 1253 est;
2376 1198 2429 1242 et
2469 1190 2607 1256 quod
2659 1192 2899 1245 nonnulli
2932 1192 3147 1267 codices
3184 1192 3418 1251 habent:
3451 1194 3635 1251 Omnes

353 1285 687 1349 dormiemus,
719 1283 887 1336 multo
928 1282 1133 1335 facilius
1178 1290 1231 1335 et
1260 1282 1496 1349 apertius
1529 1280 1578 1333 id
1612 1281 1753 1350 cogit
1783 1280 2006 1351 intelligi
2039 1299 2051 1334 :
2095 1294 2145 1337 et
2174 1284 2217 1336 si
2245 1283 2369 1351 quid
2400 1282 2543 1337 aliud
2577 1284 2683 1338 tale
2711 1285 2760 1338 in
2805 1286 3009 1341 sanctis
3050 1287 3202 1342 libris
3242 1287 3534 1348 invenitur,
3566 1287 3631 1339 ad

350 1377 407 1428 id
438 1376 649 1430 videtur
697 1376 997 1443 impellere,
1051 1381 1107 1427 ut
1154 1372 1327 1426 nullos
1361 1373 1639 1426 hominum
1685 1372 2060 1427 existimemm
2090 1375 2569 1440 immortalitatem,
2604 1375 2704 1429 nisi
2738 1392 2884 1431 mors
2916 1380 3273 1444 praecesserit,
3319 1378 3628 1449 adepturus.

354 1468 587 1522 Proinde
619 1468 703 1520 ubi
750 1467 888 1520 dixit
936 1466 1223 1533 Apostolus
1251 1483 1262 1516 :
1300 1462 1362 1516 Et
1397 1481 1488 1517 nos
1514 1466 1731 1518 viventes
1760 1465 1850 1533 qui
1874 1464 2059 1531 reliqui
2087 1483 2283 1531 sumus,
2313 1467 2367 1519 in
2396 1467 2611 1520 adventu
2643 1466 2847 1521 Domini
2893 1485 2994 1523 non
3034 1474 3398 1540 pra’veniemus
3427 1489 3514 1526 eos
3543 1473 3631 1541 qui

348 1569 467 1612 ante
493 1559 845 1619 dormierunt;
870 1557 977 1627 ipse
1003 1556 1135 1608 enim
1168 1555 1414 1608 Dominus
1442 1555 1493 1607 in
1512 1557 1667 1626 jussu
1693 1562 1740 1607 et
1763 1554 1814 1607 in
1843 1569 1961 1607 voce
1982 1554 2299 1627 archangeli,
2345 1567 2391 1609 et
2422 1557 2474 1609 in
2505 1559 2621 1611 tuba
2654 1556 2748 1611 Dei
2777 1558 3049 1613 descendet
3080 1560 3141 1614 de
3179 1563 3324 1626 caelo,
3359 1573 3407 1616 et
3436 1565 3630 1615 mortui

347 1651 403 1701 in
432 1647 637 1702 Christo
664 1659 925 1719 resin-gent
970 1646 1159 1718 primi;
1184 1646 1367 1699 deinde
1414 1661 1506 1698 nos
1536 1645 1774 1711 viventes,
1807 1646 1895 1715 qui
1934 1646 2121 1715 reliqui
2141 1664 2337 1711 sumus,
2370 1648 2527 1701 simul
2544 1664 2662 1701 cum
2685 1647 2791 1701 illis
2818 1652 3079 1720 rapientur
3104 1652 3156 1705 in
3187 1653 3402 1707 nubibus
3432 1655 3630 1707 obuiam

346 1742 551 1796 Christo
596 1746 648 1796 in
692 1760 837 1805 aera,
879 1752 924 1795 et
970 1743 1039 1794 ita
1086 1756 1283 1807 semper
1307 1755 1420 1791 cum
1451 1738 1680 1792 Domino
1720 1742 1911 1793 erimus
1934 1737 1979 1809 (l
2007 1738 2186 1794 Thess.
2214 1756 2285 1807 tv,
2320 1742 2444 1811 l6);
2478 1741 2670 1796 vellem
2718 1741 2785 1796 de
2828 1742 2911 1797 his
2942 1745 3143 1808 verbis,
3174 1752 3231 1797 ut
3276 1744 3408 1811 dixi,
3439 1748 3627 1800 audire

350 1839 661 1892 doctiores:
693 1837 796 1891 etsi
828 1835 954 1889 mihi
987 1836 1257 1903 potuerint
1290 1836 1402 1888 hn-c
1428 1833 1497 1887 ita
1531 1833 1750 1901 exponi,
1784 1840 1843 1886 ut
1872 1833 1924 1887 in
1951 1833 2029 1887 eis
2052 1834 2220 1903 possit
2256 1834 2479 1904 intelligi
2526 1849 2716 1890 omnes
2760 1836 3005 1892 homines
3036 1838 3123 1907 qui
3161 1839 3345 1892 vivunt
3385 1840 3466 1893 vel
3510 1850 3630 1908 past

349 1945 447 1984 nos
474 1931 668 1985 victuri
701 1939 844 1992 sunt.
892 1944 1014 1983 esse
1056 1928 1364 1991 morituros,
1389 1926 1417 1964 δ
1440 1928 1714 1997 corrigere
1746 1925 1886 1995 quod
1934 1925 2062 1980 hinc
2087 1927 2379 1997 aliquando
2417 1928 2574 1982 aliter
2604 1928 2783 1991 sensi;
2813 1945 2988 1998 neque
3018 1932 3160 1985 enim
3204 1930 3463 1985 debemus
3507 1946 3628 1986 esse

347 2022 609 2077 indociles
638 2022 909 2083 doctores,
940 2029 995 2074 et
1017 2026 1162 2074 certe
1185 2020 1374 2074 melius
1400 2016 1567 2071 homo
1592 2018 1881 2086 corrigitur
1910 2030 2108 2084 pravus
2130 2032 2287 2087 quam
2318 2017 2585 2087 frangitur
2604 2018 2806 2085 durus;
2836 2035 2960 2074 cum
2991 2022 3056 2075 iis
3098 2037 3215 2090 qua:
3242 2021 3627 2091 descripsimus

346 2114 418 2167 ita
444 2123 629 2167 nostra
660 2114 743 2167 vel
770 2112 996 2165 aliorum
1020 2118 1337 2166 exerceatur
1358 2109 1442 2163 vel
1471 2107 1748 2163 erudiatur
1777 2104 2081 2171 inﬁrmitas,
2111 2117 2132 2144 ο
2163 2116 2219 2160 ιιι
2247 2116 2426 2161 tamen
2458 2107 2510 2160 in
2531 2108 2612 2161 eis
2638 2107 2783 2163 nulla
2816 2109 2966 2164 velut
2988 2110 3244 2165 canonica
3268 2113 3629 2167 constituatur

348 2206 664 2259 auctoritas.

418 2303 469 2353 6.
506 2317 524 2350 ‹
556 2298 609 2353 Si
639 2309 817 2352 autem
850 2299 900 2351 in
927 2297 1010 2351 his
1037 2296 1218 2351 verbis
1240 2293 1485 2363 Apostoli
1527 2292 1704 2347 nullus
1744 2292 1884 2345 alius
1922 2304 2113 2346 sensus
2140 2291 2341 2361 poterit
2365 2292 2614 2360 reperiri,
2648 2299 2704 2348 et
2739 2292 2839 2349 hoc
2861 2309 2986 2349 eum
3009 2295 3234 2365 intelligi
3259 2296 3491 2351 voluisse
3517 2297 3628 2351 cla-

346 2392 539 2455 ruerit,
570 2390 713 2460 quod
741 2391 993 2443 videntur
1020 2389 1133 2458 ipsa
1175 2387 1337 2442 verba
1366 2386 1622 2452 clamare,
1666 2385 1716 2439 id
1746 2393 1846 2451 est,
1877 2383 2017 2455 quod
2042 2384 2201 2438 futuri
2226 2385 2334 2438 sint
2364 2386 2414 2438 in
2446 2384 2551 2440 line
2574 2387 2754 2440 sreculi
2782 2396 2836 2440 et
2869 2388 3105 2442 secundo
3131 2389 3363 2444 adventu
3410 2390 3618 2443 Domini

344 2484 437 2553 qui
480 2500 583 2537 non
626 2483 1003 2552 exspolientur
1031 2496 1279 2551 corpore,
1315 2481 1407 2536 sed
1433 2479 1889 2550 superinduantur
1930 2477 2359 2544 immortalitate,
2392 2488 2446 2529 ut
2487 2477 2817 2532 absorbeatur
2840 2479 3053 2533 mortale
3079 2496 3112 2532 a
3138 2483 3284 2535 vita:
3336 2481 3460 2536 huic
3496 2497 3624 2536 sen-

348 2577 531 2631 tentia:
557 2575 743 2645 procul
778 2575 941 2630 dubio
969 2575 1272 2641 conveniet,
1302 2572 1444 2642 quod
1493 2573 1544 2626 in
1576 2571 1759 2641 regula
1807 2570 1928 2623 ﬁdt‘i
1975 2570 2319 2637 confitemur,
2353 2579 2640 2625 venturum
2669 2571 2952 2625 Dominum
2994 2573 3358 2642 iudicaturum
3400 2578 3550 2630 viros
3574 2588 3627 2631 et

346 2678 623 2734 mortuos;
658 2679 717 2723 ut
762 2684 867 2723 non
898 2668 985 2723 hic
1012 2666 1375 2735 intelligamus
1415 2664 1567 2717 vivos
1591 2665 1787 2731 justus,
1821 2668 2066 2716 mortuos
2112 2670 2291 2715 autem
2323 2660 2570 2729 injustos,
2594 2662 2837 2730 quamvis
2864 2661 3143 2730 judicandi
3181 2666 3289 2717 sint
3333 2674 3387 2720 et
3420 2667 3545 2734 justi
3572 2678 3628 2722 et

346 2758 564 2827 iniusti;
615 2758 711 2813 sed
756 2759 931 2823 vii-os,
973 2771 1108 2826 quos
1158 2753 1393 2809 nondum
1436 2752 1653 2820 exiisse,
1687 2761 1929 2806 mortuos
1955 2761 2158 2816 autem,
2190 2749 2455 2821 quosjam
2498 2751 2698 2806 exiisse
2738 2753 2807 2805 de
2846 2753 3165 2820 corporibus
3203 2755 3463 2812 adventus
3508 2760 3627 2828 ejus

348 2853 608 2906 inveniet.

424 2944 475 2994 7.
503 2959 523 2993 ι
557 2942 686 3008 Quae
718 2942 761 2995 si
812 2942 882 2995 ita
919 2954 1038 2995 esse
1064 2938 1389 3003 constiterit,
1422 2936 1511 2991 illa
1542 2937 1700 2991 verba
1742 2936 2059 2992 excutienda
2101 2946 2257 2992 etunt
2290 2938 2562 3008 quomodo
2588 2940 2667 2993 sic
2695 2940 3023 3009 accipiamus
3055 2958 3070 2996 :
3107 2940 3183 2995 Tu
3210 2944 3347 3011 quod
3376 2945 3622 3009 seminus,

352 3050 451 3085 non
492 3034 800 3100 viviﬁcatur,
844 3034 943 3087 nisi
990 3035 1134 3100 prius
1176 3032 1426 3085 moriatur
1457 3029 1496 3099 (1
1526 3028 1644 3084 Cor.
1669 3045 1761 3089 xv.
1789 3028 1908 3099 '56),
1964 3036 2019 3083 et
2064 3030 2234 3084 illud:
2280 3027 2467 3084 Omnes
2520 3045 2861 3099 resurgemus,
2897 3029 3031 3094 sive,
3069 3030 3257 3085 Omnes
3301 3032 3615 3087 dormientus

356 3126 539 3192 (lbid.,
566 3127 693 3191 Si);
723 3136 779 3179 ut
807 3142 910 3182 non
933 3126 1286 3180 adversentur
1307 3123 1431 3178 huic
1456 3124 1740 3177 sententiae
1763 3139 1865 3193 qua
1898 3121 2115 3192 quidam
2141 3122 2434 3177 creduntur
2455 3120 2619 3177 etiam
2642 3136 2762 3176 cum
2793 3122 2903 3178 suis
2927 3123 3240 3192 corporibus
3267 3125 3318 3178 in
3351 3134 3636 3181 teternum'

354 3236 459 3272 non
492 3230 700 3288 gustata
734 3231 907 3273 morte
932 3217 1147 3272 victuri.

422 3318 474 3371 8.
503 3335 523 3367 ‹
551 3316 655 3369 Sed
682 3314 996 3369 utrumlibet
1015 3312 1205 3365 horum
1234 3312 1479 3366 voracior
1499 3320 1551 3365 et
1577 3308 1934 3379 perspicacior
1957 3308 2266 3362 intellectus
2292 3306 2553 3373 inveniat,
2580 3307 2705 3377 quid
2729 3308 2792 3361 ad
2821 3323 3035 3361 causam
3064 3308 3348 3376 pertinebit
3372 3310 3623 3378 istorum,

351 3412 466 3465 sive
486 3424 674 3463 omnes
703 3407 879 3462 debita
911 3415 1084 3460 morte
1108 3406 1430 3475 plectantur,
1462 3404 1577 3457 sive
1606 3403 1874 3468 aliquibus
1905 3402 1973 3455 ab
2000 3402 2098 3456 ltztc
2126 3401 2368 3471 exceptis
2396 3401 2703 3456 conditione
2725 3402 3014 3471 parcatur?
3044 3416 3163 3454 cum
3189 3410 3368 3456 tamen
3411 3414 3627 3461 constet

350 3520 457 3557 non
487 3502 659 3555 solum
688 3510 913 3554 mortem
946 3500 1160 3564 animae,
1202 3513 1387 3552 verum
1434 3499 1592 3551 etiam
1631 3497 1895 3565 corporis,
1925 3506 2235 3551 secuturam
2269 3511 2376 3549 non
2407 3495 2593 3560 fuisse,
2628 3496 2671 3548 si
2713 3503 2989 3564 peccatum
3017 3508 3122 3548 non
3158 3495 3545 3565 processisset.
3576 3509 3629 3554 et

351 3596 535 3665 gratiae
566 3594 895 3648 mirabiliore
926 3593 1118 3644 virtute
1145 3591 1317 3660 justus
1345 3606 1373 3643 a
1404 3598 1573 3643 marte
1603 3589 1667 3643 ad
1702 3598 1964 3643 teternam
1989 3589 2376 3644 beatitudinem
2399 3587 2741 3653 reviviscere,
2766 3602 2923 3657 quam
2956 3588 3006 3641 in
3030 3586 3218 3641 mrrtis
3242 3589 3625 3657 experientiam

353 3702 460 3741 non
490 3684 694 3740 venire.

423 3776 477 3829 9.
511 3793 529 3825 ι
560 3775 684 3829 ιιωο
715 3781 933 3842 propter
960 3771 1100 3836 illos,
1130 3770 1198 3825 de
1226 3769 1420 3839 quibus
1443 3769 1574 3823 mihi
1607 3768 1894 3838 scripsisti,
1929 3771 2058 3821 satis
2081 3770 2222 3824 dicta
2248 3772 2355 3825 sint
2381 3788 2396 3827 :
2425 3769 2670 3840 quamvis
2692 3784 2783 3823 eos
2807 3768 2916 3839 jam
2943 3787 3047 3823 non
3081 3771 3382 3827 cxisdtnem
3420 3772 3625 3837 dicere,

354 3869 561 3925 etiamsi
591 3882 695 3921 non
730 3874 1007 3934 peccasset
1035 3865 1224 3929 Adam,
1258 3863 1424 3918 fuisse
1446 3872 1625 3917 tamen
1648 3876 1876 3931 corpore
1899 3862 2240 3916 moriturum.

427 3962 511 4016 l0.
544 3978 563 4011 s
593 3958 859 4014 Caeterum
892 3958 1033 4025 quod
1071 3958 1261 4010 attinet
1290 3956 1353 4009 ad
1400 3956 1750 4022 quaistionem
1781 3955 2219 4019 resurrectionis,
2246 3962 2463 4024 propter
2492 3955 2610 4010 illos
2635 3956 2722 4024 qui
2751 3954 3045 4009 creduntur
3071 3972 3175 4009 non
3200 3971 3321 4012 es~e
3352 3958 3623 4023 morituri,

356 4055 446 4107 sed
478 4068 538 4107 ex
568 4053 667 4106 bac
694 4052 1017 4104 mortalitate
1047 4050 1111 4102 ad
1162 4048 1616 4102 inmortalitatem
1644 4050 1761 4101 siue
1802 4058 1973 4101 morte
2004 4048 2175 4101 media
2213 4047 2518 4115 transituri,
2550 4048 2830 4117 inquisitio
2856 4048 3142 4115 di'igcnter
3161 4047 3465 4105 adhibenda
3502 4061 3623 4117 est;

355 4155 411 4200 et
438 4142 463 4181 ⁸
484 4146 525 4198 si
553 4144 675 4213 qttid
710 4144 837 4198 hinc
875 4142 1176 4196 absolutum
1208 4156 1271 4194 ac
1298 4140 1578 4194 deﬁnitum
1609 4139 1973 4217 disputatione
2010 4139 2315 4194 rationabili
2346 4150 2505 4210 atque
2536 4139 2793 4208 perfecta,
2820 4139 2900 4193 vel
2929 4139 3146 4204 audisti,
3189 4140 3275 4194 vel
3314 4141 3515 4211 legisti,
3542 4144 3625 4198 vel

358 4274 474 4311 cum
519 4256 784 4310 docuisset
835 4255 1213 4325 Hieronymum
1261 4265 1313 4308 et
1360 4253 1697 4325 Ambrosium
1747 4266 1932 4306 mtt'tm
1961 4256 2006 4313 Λ
2037 4253 2238 4320 Magnae
2268 4253 2508 4325 profecto
2532 4253 2625 4307 ille
2654 4250 2985 4325 auctoritatis
3012 4261 3135 4316 est,
3182 4260 3491 4325 et_quant.'e
3531 4257 3624 4310 vix

361 4342 587 4395 pugnare
624 4326 899 4397 (pepulari
934 4322 1115 4378 errore
1150 4323 1643 4397 Atitbrusiumdixit
1673 4339 1768 4390 pro
1791 4325 1935 4377 lltla-
2035 4325 2171 4397 alter
2206 4324 2464 4397 quilibet;
2506 4332 2559 4397 at
2596 4324 2815 4397 minoris
2854 4336 3002 4397 certe
3042 4338 3199 4389 quam
3243 4322 3621 4397 Evangelittm,

360 4392 739 4465 rio'diaconut,
765 4397 887 4466 quid
930 4397 1106 4448 verius
1144 4395 1252 4461 sit,
1295 4394 1513 4448 humani
1552 4394 1733 4462 judicii
1777 4406 1937 4464 negat
2036 4392 2258 4446 tniuoris
2310 4408 2467 4466 quam
2502 4394 2747 4466 Ecclesia
2790 4393 3058 4466 sedesque
3098 4392 3432 4466 apo-tolica',
3470 4399 3626 4462 cujus

360 4482 471 4520 esse
498 4464 743 4521 delinire.
786 4464 795 4505 ἶ
1117 4533 1120 4534 ν
2035 4466 2298 4518 sententia
2333 4464 2469 4516 liniri
2500 4465 2623 4517 lites
2648 4465 3126 4529 contentione~que
3157 4465 3223 4518 de
3267 4466 3371 4519 title
3410 4470 3626 4534 scripsit

428 4538 448 4559 '
478 4538 784 4605 Pelagianos
812 4535 1053 4597 scilicet,
1096 4533 1163 4587 de
1200 4534 1390 4602 quibus
1430 4534 1592 4602 paulo
1632 4543 1791 4601 post:
1831 4534 1935 4589 Srd
2036 4534 2170 4601 ipse,
2207 4534 2386 4587 verbis
2412 4549 2543 4585 auro
2569 4534 2889 4587 exarandis:
2931 4535 2969 4586 Α
3004 4550 3134 4588 sant-1
3164 4549 3488 4591 APOSTOLICL
3520 4533 3623 4591 it:-

361 4607 664 4670 utrumlibet,
698 4609 885 4675 inquit,
912 4605 1092 4659 horum
1114 4607 1337 4658 ueracior
1359 4613 1407 4658 et
1429 4607 1766 4675 perspicacior
1787 4606 1938 4659 intel-
2034 4619 2253 4675 SCRIPTA
2282 4619 2582 4669 venenum,
2615 4619 2779 4658 CAU-A
2812 4619 2989 4657 ructu
3024 4619 3140 4657 usr.

362 4678 515 4731 lectus
542 4674 782 4747 inveniat,
814 4686 916 4730 etc.
1007 4698 1013 4706 -
1320 4745 1330 4747 Α
1380 4744 1386 4747 Δ
1430 4674 1435 4675 ⁷
1546 4674 1581 4747 λ
2107 4674 2133 4712 ά
2167 4676 2241 4728 Ex
2275 4675 2355 4727 his
2388 4675 2564 4728 verbis
2603 4674 2933 4747 confecimus
2976 4684 3127 4726 antea
3170 4688 3368 4743 quanta
3410 4678 3460 4731 in
3509 4681 3626 4747 opi-

428 4747 453 4785 δ
485 4747 594 4800 Νοη
626 4746 843 4801 memini
876 4762 959 4800 me
989 4747 1168 4815 legere
1196 4745 1333 4814 apud
1363 4744 1716 4815 Augustinum
1742 4754 1935 4800 tracta-
2036 4746 2195 4801 nione
2220 4748 2542 4815 Augustinus
2575 4746 2793 4799 haberet
2816 4745 3185 4802 Mercatoretn.
3220 4761 3247 4795 a
3283 4762 3386 4814 quo
3412 4760 3461 4800 et
3488 4744 3626 4801 Isim

360 4826 463 4872 tam
491 4819 611 4873 alibi
655 4818 791 4872 banc
828 4818 1179 4887 qiuestiunem
1218 4832 1374 4886 quam
1417 4819 1468 4870 in
1510 4816 1644 4870 libro
1681 4819 1936 4887 vigesimo
2036 4820 2349 4885 episcopus,
2381 4826 2434 4871 et
2459 4816 2672 4884 iuniore
2702 4831 2864 4868 senex
2896 4815 3075 4887 doceri
3107 4815 3286 4878 vellet,
3319 4826 3371 4870 et
3398 4833 3457 4870 ea
3502 4824 3624 4884 qui-

360 4889 426 4943 de
447 4890 663 4943 Civitate
684 4889 781 4943 Dei
802 4905 816 4951 ;
839 4884 1002 4956 quare
1024 4904 1128 4942 non
1151 4884 1337 4942 dubito
1362 4890 1489 4957 qttin
1512 4887 1575 4940 ad
1602 4886 1934 4941 hunelocntn
2035 4884 2156 4940 dem
2214 4888 2280 4942 de
2327 4888 2622 4954 quastione
2643 4926 2657 4949 ,
2698 4900 2855 4954 quam
2898 4884 2998 4957 sibi
3043 4884 3295 4957 fateretur
3336 4888 3625 4957 pet'diﬂici-

358 4970 591 5028 spcctent
621 4961 778 5013 verba
809 4974 926 5024 quire
958 4974 1099 5013 nunc
1125 4958 1346 5013 veniunt
1382 4960 1446 5011 ad
1491 4974 1735 5028 examen.
1771 4958 1933 5013 Com-

357 5027 528 5095 posuit
554 5040 731 5085 autem
760 5030 1088 5099 Augustinus
1119 5029 1285 5084 libros
1314 5028 1383 5099 22
1412 5029 1477 5082 de
1507 5027 1666 5099 Civit.
1698 5045 1800 5081 non
1831 5043 1937 5082 uno

356 5110 626 5167 tempore,
667 5110 725 5153 ttt
764 5098 877 5168 ipse
914 5100 1073 5155 docet
1110 5100 1321 5170 (Serm.
1353 5098 1389 5152 2
1417 5101 1480 5153 de
1521 5098 1671 5153 Verb.
1703 5100 1932 5168 Apost.),

353 5171 441 5223 sed
475 5171 739 5225 inchoavit
771 5182 887 5239 post
920 5171 1271 5225 vastationem
1304 5170 1462 5227 Urbis
1487 5173 1555 5225 ab
1586 5172 1835 5232 Alarico,
1881 5178 1938 5224 ut

354 5244 697 5306 restionderet
725 5242 940 5310 paganis
967 5256 1146 5295 casmn
1177 5242 1360 5296 Romae
1392 5242 1745 5295 tribuentibus
1790 5242 1936 5295 chri-

353 5312 534 5364 stiana:
561 5313 680 5365 ﬁdei
705 5328 720 5373 ;
748 5312 975 5366 absolvit
1004 5329 1129 5368 vero
1156 5322 1279 5367 ante
1327 5320 1555 5367 mortem
1602 5313 1891 5367 Marcellini
1915 5352 1932 5377 ,

352 5382 601 5453 adquem
633 5381 777 5453 misit
808 5390 976 5436 totum
1009 5399 1143 5453 opus
1169 5401 1182 5436 :
1216 5387 1516 5453 composuit
1540 5384 1785 5439 iaiturab
1806 5399 1931 5437 ann.

350 5449 835 5523 {ill'vastationem
872 5449 1062 5509 liomai
1082 5449 1393 5521 consecutu,
1427 5455 1491 5506 ad
1520 5471 1643 5506 ann.
1686 5453 1791 5509 415
1828 5470 1934 5523 quo

350 5522 691 5578 Marcellinus
722 5525 789 5579 ab
820 5525 1115 5579 Ileracliani
1151 5525 1380 5579 factione
1406 5538 1579 5579 caesus
1607 5535 1706 5579 est.

427 5604 450 5632 θ
484 5594 655 5649 Locus
685 5595 923 5662 profecto
951 5596 1164 5661 dignus,
1195 5598 1280 5665 qui
1314 5597 1681 5649 consideretur
1711 5610 1776 5647 an
1820 5610 1935 5647 om-

357 5664 542 5725 nibus,
588 5666 679 5719 sed
733 5667 799 5716 ab
836 5668 900 5717 iis
941 5664 1237 5729 praesertim
1279 5669 1365 5735 qui
1412 5670 1757 5729 Augustinum
1808 5665 1936 5732 ipsis

362 5750 495 5801 pene
516 5751 789 5789 sacrarum
817 5737 1108 5790 litterarum
1132 5736 1481 5807 scriptoribus
1507 5750 1688 5804 parem
1715 5735 1934 5790 iaciunt.

640 5829 908 5886 PATRUL.
966 5829 1237 5888 XLVI”.

2037 4959 2138 5012 lein
2168 4972 2215 5011 et
2252 4958 2653 5024 perobscutatn,
2688 4968 2743 5008 ut
2772 4956 3040 5008 doctiores
3069 4956 3253 5009 audire
3281 4956 3457 5010 vellet.

2114 5028 2306 5081 Verum
2339 5038 2394 5079 ut
2422 5027 2489 5081 de
2519 5043 2723 5080 summa
2755 5027 2830 5081 rei
2861 5026 3037 5097 dicam
3070 5025 3296 5093 ingenue
3328 5029 3466 5097 quod
3498 5046 3624 5084 sen-

2037 5100 2131 5165 tio,
2165 5098 2347 5151 mirari
2378 5099 2507 5151 satis
2540 5113 2642 5151 nou
2677 5111 2890 5168 possum
2936 5096 3074 5151 unde
3114 5096 3625 5168 sanctus’Aitgusti-

2037 5186 2136 5250 nus
2166 5168 2357 5250 (Praef.
2389 5186 2504 5250 cap.
2532 5166 2906 5250 2)_expetie.rit
2934 5183 2960 5217 ει
2991 5168 3283 5250 θιεηρπιογθ
3305 5212 3319 5235 ,
3363 5166 3523 5250 ut‘ad
3566 5190 3626 5226 se

2038 5236 2273 5295 mitteret
2287 5236 2470 5306 siquid
2493 5256 2550 5291 ea
2580 5238 2641 5291 de
2662 5237 2939 5304 quastione
2959 5236 3251 5289 absolutum
3271 5256 3331 5292 ac
3353 5240 3625 5307 deﬁnitum

2036 5312 2382 5379 disputatione
2407 5310 2650 5363 rationali
2678 5320 2827 5376 atque
2851 5311 3093 5378 perfecta.
3122 5309 3199 5361 vel
3224 5310 3523 5373 audivisset,
3549 5317 3626 5366 vel

2036 5384 2257 5452 legisset,
2290 5383 2367 5436 vel
2392 5383 2546 5435 etiam
2576 5381 2685 5448 ipse
2712 5380 2880 5431 adhuc
2910 5379 3132 5443 audiret,
3162 5388 3252 5433 aut
3282 5380 3501 5451 legeret,
3536 5396 3626 5437 aut

2035 5455 2327 5523 excogitare
2356 5462 2543 5518 posset.

2105 5519 2297 5578 Atinun
2345 5527 2703 5591 Hieronymus
2741 5534 2903 5588 super
2930 5534 2991 5574 ea
3025 5534 3085 5574 re
3115 5534 3142 5572 a
3183 5519 3411 5575 diversis
3459 5521 3626 5576 inter-

2044 5606 2258 5662 rogatus
2305 5593 2387 5649 bis
2437 5593 2819 5662 responderat?
2869 5591 3048 5646 Semel
3101 5591 3313 5658 quidem
3366 5593 3624 5645 Marcella:

2043 5661 2318 5728 Romamn,
2349 5665 2442 5727 sed
2474 5664 2688 5719 brevius
2717 5661 2912 5732 (Epist.
2948 5662 3084 5732 59);
3131 5663 3323 5715 iterum
3368 5662 3623 5732 Mitierivo

2044 5746 2097 5805 et
2145 5736 2451 5791 Alexandro
2501 5731 2734 5805 [Egypti
2771 5731 3083 5795 monachis,
3132 5732 3341 5785 erudita
3398 5731 3624 5798 epistula

3057 5823 3097 5880 2
