  <div class='ocr_page' id='page_1' title='image "/cluster/home/n/w/nwhite01/storage/ocr_20150623/48/hvd.32044096580691/028.png"; bbox 0 0 4020 6192; ppageno 0'>
   <div class='ocr_carea' id='block_1_1' title="bbox 339 330 420 387">
    <p class='ocr_par' dir='ltr' id='par_1_1' title="bbox 339 330 420 387">
     <span class='ocr_line' id='line_1_1' title="bbox 339 330 420 387; baseline 0.025 -2"><span class='ocrx_word' id='word_1_1' title='bbox 339 330 420 387; x_wconf 67' lang='grc' dir='ltr'><strong>ιδ</strong></span> 
     </span>
    </p>
   </div>
   <div class='ocr_carea' id='block_1_2' title="bbox 1624 318 3624 383">
    <p class='ocr_par' dir='ltr' id='par_1_2' title="bbox 1624 318 3624 383">
     <span class='ocr_line' id='line_1_2' title="bbox 1624 318 3624 383; baseline 0.001 -7"><span class='ocrx_word' id='word_1_2' title='bbox 1624 319 1892 376; x_wconf 62' lang='lat' dir='ltr'><strong>BALUZII</strong></span> <span class='ocrx_word' id='word_1_3' title='bbox 1930 318 2319 375; x_wconf 59' lang='lat' dir='ltr'><strong>PREFATIO.</strong></span> <span class='ocrx_word' id='word_1_4' title='bbox 3560 322 3624 383; x_wconf 63' lang='grc'><strong>43</strong></span> 
     </span>
    </p>
   </div>
   <div class='ocr_carea' id='block_1_3' title="bbox 344 436 3617 516">
    <p class='ocr_par' dir='ltr' id='par_1_3' title="bbox 344 436 3617 516">
     <span class='ocr_line' id='line_1_3' title="bbox 344 436 3617 516; baseline -0.002 -15"><span class='ocrx_word' id='word_1_5' title='bbox 344 447 589 516; x_wconf 76' lang='lat' dir='ltr'><strong>aliquam</strong></span> <span class='ocrx_word' id='word_1_6' title='bbox 622 452 830 513; x_wconf 88' lang='lat' dir='ltr'><strong>partem</strong></span> <span class='ocrx_word' id='word_1_7' title='bbox 869 441 1181 497; x_wconf 89' lang='lat' dir='ltr'><strong>eorumdem</strong></span> <span class='ocrx_word' id='word_1_8' title='bbox 1211 454 1456 508; x_wconf 86' lang='lat' dir='ltr'><strong>operum,</strong></span> <span class='ocrx_word' id='word_1_9' title='bbox 1487 454 1714 508; x_wconf 85' lang='lat' dir='ltr'><strong>quorum</strong></span> <span class='ocrx_word' id='word_1_10' title='bbox 1755 453 1937 492; x_wconf 83' lang='lat' dir='ltr'><strong>exem—</strong></span> <span class='ocrx_word' id='word_1_11' title='bbox 1971 438 2016 492; x_wconf 83' lang='lat' dir='ltr'><strong>A</strong></span> <span class='ocrx_word' id='word_1_12' title='bbox 2116 436 2312 490; x_wconf 87' lang='lat' dir='ltr'><strong>Damus</strong></span> <span class='ocrx_word' id='word_1_13' title='bbox 2347 437 2502 504; x_wconf 78' lang='lat' dir='ltr'><strong>igitur</strong></span> <span class='ocrx_word' id='word_1_14' title='bbox 2536 436 2629 489; x_wconf 87' lang='lat' dir='ltr'><strong>tibi</strong></span> <span class='ocrx_word' id='word_1_15' title='bbox 2678 453 2841 501; x_wconf 88' lang='lat' dir='ltr'><strong>nunc,</strong></span> <span class='ocrx_word' id='word_1_16' title='bbox 2870 438 3061 505; x_wconf 82' lang='lat' dir='ltr'><strong>lcetor,</strong></span> <span class='ocrx_word' id='word_1_17' title='bbox 3086 454 3247 505; x_wconf 74' lang='lat' dir='ltr'><strong>Opera</strong></span> <span class='ocrx_word' id='word_1_18' title='bbox 3291 439 3443 494; x_wconf 81' lang='lat' dir='ltr'><strong>Marii</strong></span> <span class='ocrx_word' id='word_1_19' title='bbox 3476 441 3617 495; x_wconf 79' lang='lat' dir='ltr'><strong>Mer~</strong></span> 
     </span>
    </p>
   </div>
   <div class='ocr_carea' id='block_1_4' title="bbox 351 530 1939 611">
    <p class='ocr_par' dir='ltr' id='par_1_4' title="bbox 351 530 1939 611">
     <span class='ocr_line' id='line_1_4' title="bbox 351 530 1939 611; baseline -0.006 -20"><span class='ocrx_word' id='word_1_20' title='bbox 351 539 498 607; x_wconf 84' lang='lat' dir='ltr'><strong>plum</strong></span> <span class='ocrx_word' id='word_1_21' title='bbox 534 535 801 590; x_wconf 72' lang='lat' dir='ltr'><strong>habuerat</strong></span> <span class='ocrx_word' id='word_1_22' title='bbox 827 549 891 589; x_wconf 84' lang='lat' dir='ltr'><strong>ex</strong></span> <span class='ocrx_word' id='word_1_23' title='bbox 935 531 1261 611; x_wconf 67' lang='lat' dir='ltr'><strong>bibliotheca</strong></span> <span class='ocrx_word' id='word_1_24' title='bbox 1296 530 1572 596; x_wconf 82' lang='lat' dir='ltr'><strong>Vaticana,</strong></span> <span class='ocrx_word' id='word_1_25' title='bbox 1601 530 1689 584; x_wconf 89' lang='lat' dir='ltr'><strong>edi</strong></span> <span class='ocrx_word' id='word_1_26' title='bbox 1730 535 1939 584; x_wconf 89' lang='lat' dir='ltr'><strong>curavit</strong></span> 
     </span>
    </p>
   </div>
   <div class='ocr_carea' id='block_1_5' title="bbox 354 621 1933 692">
    <p class='ocr_par' dir='ltr' id='par_1_5' title="bbox 354 621 1933 692">
     <span class='ocr_line' id='line_1_5' title="bbox 354 621 1933 692; baseline -0.005 -10"><span class='ocrx_word' id='word_1_27' title='bbox 354 628 641 692; x_wconf 78' lang='lat' dir='ltr'><strong>Bruxellis,</strong></span> <span class='ocrx_word' id='word_1_28' title='bbox 676 625 929 680; x_wconf 85' lang='lat' dir='ltr'><strong>nimirum</strong></span> <span class='ocrx_word' id='word_1_29' title='bbox 961 623 1436 680; x_wconf 73' lang='lat' dir='ltr'><strong>commonitorium</strong></span> <span class='ocrx_word' id='word_1_30' title='bbox 1470 624 1732 676; x_wconf 87' lang='lat' dir='ltr'><strong>adversus</strong></span> <span class='ocrx_word' id='word_1_31' title='bbox 1762 621 1933 675; x_wconf 73' lang='lat' dir='ltr'><strong>luere-</strong></span> 
     </span>
    </p>
   </div>
   <div class='ocr_carea' id='block_1_6' title="bbox 353 712 1939 789">
    <p class='ocr_par' dir='ltr' id='par_1_6' title="bbox 353 712 1939 789">
     <span class='ocr_line' id='line_1_6' title="bbox 353 712 1939 789; baseline -0.006 -15"><span class='ocrx_word' id='word_1_32' title='bbox 353 721 459 775; x_wconf 88' lang='lat' dir='ltr'><strong>sim</strong></span> <span class='ocrx_word' id='word_1_33' title='bbox 501 720 699 789; x_wconf 77' lang='lat' dir='ltr'><strong>Pelagii</strong></span> <span class='ocrx_word' id='word_1_34' title='bbox 732 727 787 773; x_wconf 88' lang='lat' dir='ltr'><strong>et</strong></span> <span class='ocrx_word' id='word_1_35' title='bbox 830 716 1067 772; x_wconf 76' lang='lat' dir='ltr'><strong>leestii</strong></span> <span class='ocrx_word' id='word_1_36' title='bbox 1097 715 1183 770; x_wconf 88' lang='lat' dir='ltr'><strong>vel</strong></span> <span class='ocrx_word' id='word_1_37' title='bbox 1228 716 1390 770; x_wconf 87' lang='lat' dir='ltr'><strong>etiam</strong></span> <span class='ocrx_word' id='word_1_38' title='bbox 1424 712 1622 783; x_wconf 87' lang='lat' dir='ltr'><strong>scripta</strong></span> <span class='ocrx_word' id='word_1_39' title='bbox 1654 712 1851 767; x_wconf 80' lang='lat' dir='ltr'><strong>Juliani</strong></span> <span class='ocrx_word' id='word_1_40' title='bbox 1884 722 1939 765; x_wconf 89' lang='lat' dir='ltr'><strong>et</strong></span> 
     </span>
    </p>
   </div>
   <div class='ocr_carea' id='block_1_7' title="bbox 354 804 1936 881">
    <p class='ocr_par' dir='ltr' id='par_1_7' title="bbox 354 804 1936 881">
     <span class='ocr_line' id='line_1_7' title="bbox 354 804 1936 881; baseline -0.009 -11"><span class='ocrx_word' id='word_1_41' title='bbox 354 821 551 869; x_wconf 53' lang='lat' dir='ltr'><strong>extera</strong></span> <span class='ocrx_word' id='word_1_42' title='bbox 590 827 715 881; x_wconf 76' lang='lat' dir='ltr'><strong>qua:</strong></span> <span class='ocrx_word' id='word_1_43' title='bbox 753 819 1051 878; x_wconf 87' lang='lat' dir='ltr'><strong>sequuntur</strong></span> <span class='ocrx_word' id='word_1_44' title='bbox 1082 821 1253 877; x_wconf 90' lang='lat' dir='ltr'><strong>usque</strong></span> <span class='ocrx_word' id='word_1_45' title='bbox 1285 807 1351 873; x_wconf 82' lang='lat' dir='ltr'><strong>ad</strong></span> <span class='ocrx_word' id='word_1_46' title='bbox 1383 820 1688 859; x_wconf 80' lang='lat' dir='ltr'><strong>sermonem</strong></span> <span class='ocrx_word' id='word_1_47' title='bbox 1720 804 1936 857; x_wconf 88' lang='lat' dir='ltr'><strong>tertium</strong></span> 
     </span>
    </p>
   </div>
   <div class='ocr_carea' id='block_1_8' title="bbox 358 895 1940 969">
    <p class='ocr_par' dir='ltr' id='par_1_8' title="bbox 358 895 1940 969">
     <span class='ocr_line' id='line_1_8' title="bbox 358 895 1940 969; baseline -0.009 -10"><span class='ocrx_word' id='word_1_48' title='bbox 358 903 591 959; x_wconf 78' lang='lat' dir='ltr'><strong>Nestorii</strong></span> <span class='ocrx_word' id='word_1_49' title='bbox 641 902 905 955; x_wconf 82' lang='lat' dir='ltr'><strong>adversus</strong></span> <span class='ocrx_word' id='word_1_50' title='bbox 955 899 1048 954; x_wconf 95' lang='lat' dir='ltr'><strong>Dei</strong></span> <span class='ocrx_word' id='word_1_51' title='bbox 1079 899 1398 969; x_wconf 73' lang='lat' dir='ltr'><strong>genitricem</strong></span> <span class='ocrx_word' id='word_1_52' title='bbox 1452 896 1692 949; x_wconf 82' lang='lat' dir='ltr'><strong>Mariam.</strong></span> <span class='ocrx_word' id='word_1_53' title='bbox 1737 895 1940 948; x_wconf 87' lang='lat' dir='ltr'><strong>Desinit</strong></span> 
     </span>
    </p>
   </div>
   <div class='ocr_carea' id='block_1_9' title="bbox 352 988 1935 1057">
    <p class='ocr_par' dir='ltr' id='par_1_9' title="bbox 352 988 1935 1057">
     <span class='ocr_line' id='line_1_9' title="bbox 352 988 1935 1057; baseline -0.008 -5"><span class='ocrx_word' id='word_1_54' title='bbox 352 996 503 1052; x_wconf 77' lang='lat' dir='ltr'><strong>enim</strong></span> <span class='ocrx_word' id='word_1_55' title='bbox 534 995 651 1049; x_wconf 79' lang='lat' dir='ltr'><strong>ha-c</strong></span> <span class='ocrx_word' id='word_1_56' title='bbox 685 994 853 1047; x_wconf 84' lang='lat' dir='ltr'><strong>editio</strong></span> <span class='ocrx_word' id='word_1_57' title='bbox 884 994 934 1046; x_wconf 90' lang='lat' dir='ltr'><strong>in</strong></span> <span class='ocrx_word' id='word_1_58' title='bbox 966 1006 1219 1046; x_wconf 78' lang='lat' dir='ltr'><strong>sermone</strong></span> <span class='ocrx_word' id='word_1_59' title='bbox 1248 989 1512 1053; x_wconf 88' lang='lat' dir='ltr'><strong>secundo,</strong></span> <span class='ocrx_word' id='word_1_60' title='bbox 1540 988 1693 1057; x_wconf 84' lang='lat' dir='ltr'><strong>cujus</strong></span> <span class='ocrx_word' id='word_1_61' title='bbox 1726 988 1935 1041; x_wconf 87' lang='lat' dir='ltr'><strong>initium</strong></span> 
     </span>
    </p>
   </div>
   <div class='ocr_carea' id='block_1_10' title="bbox 359 1081 1936 1153">
    <p class='ocr_par' dir='ltr' id='par_1_10' title="bbox 359 1081 1936 1153">
     <span class='ocr_line' id='line_1_10' title="bbox 359 1081 1936 1153; baseline -0.008 -11"><span class='ocrx_word' id='word_1_62' title='bbox 359 1100 438 1142; x_wconf 75' lang='lat' dir='ltr'><strong>eat</strong></span> <span class='ocrx_word' id='word_1_63' title='bbox 488 1087 626 1141; x_wconf 91' lang='lat' dir='ltr'><strong>istud</strong></span> <span class='ocrx_word' id='word_1_64' title='bbox 676 1105 688 1138; x_wconf 92' lang='lat'>:</span> <span class='ocrx_word' id='word_1_65' title='bbox 732 1083 1081 1139; x_wconf 74' lang='lat' dir='ltr'><strong>Contumelias</strong></span> <span class='ocrx_word' id='word_1_66' title='bbox 1119 1083 1346 1153; x_wconf 84' lang='lat' dir='ltr'><strong>quidem.</strong></span> <span class='ocrx_word' id='word_1_67' title='bbox 1398 1081 1708 1150; x_wconf 80' lang='lat' dir='ltr'><strong>Sequuntur</strong></span> <span class='ocrx_word' id='word_1_68' title='bbox 1758 1089 1936 1132; x_wconf 88' lang='lat' dir='ltr'><strong>autem</strong></span> 
     </span>
    </p>
   </div>
   <div class='ocr_carea' id='block_1_11' title="bbox 358 1173 1937 1248">
    <p class='ocr_par' dir='ltr' id='par_1_11' title="bbox 358 1173 1937 1248">
     <span class='ocr_line' id='line_1_11' title="bbox 358 1173 1937 1248; baseline -0.006 -14"><span class='ocrx_word' id='word_1_69' title='bbox 358 1180 602 1248; x_wconf 84' lang='lat' dir='ltr'><strong>ejusdem</strong></span> <span class='ocrx_word' id='word_1_70' title='bbox 630 1180 729 1233; x_wconf 88' lang='lat' dir='ltr'><strong>viri</strong></span> <span class='ocrx_word' id='word_1_71' title='bbox 759 1177 1052 1232; x_wconf 83' lang='lat' dir='ltr'><strong>clarissimi</strong></span> <span class='ocrx_word' id='word_1_72' title='bbox 1093 1175 1471 1230; x_wconf 83' lang='lat' dir='ltr'><strong>attnolaliones</strong></span> <span class='ocrx_word' id='word_1_73' title='bbox 1515 1173 1840 1229; x_wconf 68' lang='lat' dir='ltr'><strong>dliCliSSilll‘J}</strong></span> <span class='ocrx_word' id='word_1_74' title='bbox 1871 1173 1937 1225; x_wconf 88' lang='lat' dir='ltr'><strong>ad</strong></span> 
     </span>
    </p>
   </div>
   <div class='ocr_carea' id='block_1_12' title="bbox 360 1267 1546 1327">
    <p class='ocr_par' dir='ltr' id='par_1_12' title="bbox 360 1267 1546 1327">
     <span class='ocr_line' id='line_1_12' title="bbox 360 1267 1546 1327; baseline -0.008 0"><span class='ocrx_word' id='word_1_75' title='bbox 360 1273 580 1327; x_wconf 73' lang='lat' dir='ltr'><strong>easdem</strong></span> <span class='ocrx_word' id='word_1_76' title='bbox 608 1270 755 1325; x_wconf 67' lang='lat' dir='ltr'><strong>Marii</strong></span> <span class='ocrx_word' id='word_1_77' title='bbox 782 1268 1097 1324; x_wconf 79' lang='lat' dir='ltr'><strong>Mercatoris</strong></span> <span class='ocrx_word' id='word_1_78' title='bbox 1126 1267 1546 1321; x_wconf 71' lang='lat' dir='ltr'><strong>lucubrationes.</strong></span> 
     </span>
    </p>
   </div>
   <div class='ocr_carea' id='block_1_13' title="bbox 433 1356 1936 1429">
    <p class='ocr_par' dir='ltr' id='par_1_13' title="bbox 433 1356 1936 1429">
     <span class='ocr_line' id='line_1_13' title="bbox 433 1356 1936 1429; baseline -0.003 -18"><span class='ocrx_word' id='word_1_79' title='bbox 433 1363 546 1429; x_wconf 82' lang='lat' dir='ltr'><strong>Qua</strong></span> <span class='ocrx_word' id='word_1_80' title='bbox 597 1369 775 1414; x_wconf 86' lang='lat' dir='ltr'><strong>autem</strong></span> <span class='ocrx_word' id='word_1_81' title='bbox 807 1358 1093 1413; x_wconf 70' lang='lat' dir='ltr'><strong>occasione</strong></span> <span class='ocrx_word' id='word_1_82' title='bbox 1135 1373 1236 1427; x_wconf 81' lang='lat' dir='ltr'><strong>ego</strong></span> <span class='ocrx_word' id='word_1_83' title='bbox 1263 1358 1328 1410; x_wconf 91' lang='lat' dir='ltr'><strong>ad</strong></span> <span class='ocrx_word' id='word_1_84' title='bbox 1375 1356 1513 1409; x_wconf 85' lang='lat' dir='ltr'><strong>idem</strong></span> <span class='ocrx_word' id='word_1_85' title='bbox 1564 1366 1936 1425; x_wconf 76' lang='lat' dir='ltr'><strong>argumentum</strong></span> 
     </span>
    </p>
   </div>
   <div class='ocr_carea' id='block_1_14' title="bbox 364 1448 1941 1520">
    <p class='ocr_par' dir='ltr' id='par_1_14' title="bbox 364 1448 1941 1520">
     <span class='ocr_line' id='line_1_14' title="bbox 364 1448 1941 1520; baseline -0.004 -13"><span class='ocrx_word' id='word_1_86' title='bbox 364 1453 700 1508; x_wconf 75' lang='lat' dir='ltr'><strong>tractandum</strong></span> <span class='ocrx_word' id='word_1_87' title='bbox 738 1454 1083 1515; x_wconf 81' lang='lat' dir='ltr'><strong>accesserim,</strong></span> <span class='ocrx_word' id='word_1_88' title='bbox 1111 1451 1236 1520; x_wconf 77' lang='lat' dir='ltr'><strong>quid</strong></span> <span class='ocrx_word' id='word_1_89' title='bbox 1271 1450 1322 1503; x_wconf 88' lang='lat' dir='ltr'><strong>in</strong></span> <span class='ocrx_word' id='word_1_90' title='bbox 1372 1449 1624 1519; x_wconf 90' lang='lat' dir='ltr'><strong>operibus</strong></span> <span class='ocrx_word' id='word_1_91' title='bbox 1677 1448 1825 1502; x_wconf 75' lang='lat' dir='ltr'><strong>Marii</strong></span> <span class='ocrx_word' id='word_1_92' title='bbox 1856 1463 1941 1501; x_wconf 88' lang='lat' dir='ltr'><strong>re—</strong></span> 
     </span>
    </p>
   </div>
   <div class='ocr_carea' id='block_1_15' title="bbox 362 1541 1936 1615">
    <p class='ocr_par' dir='ltr' id='par_1_15' title="bbox 362 1541 1936 1615">
     <span class='ocr_line' id='line_1_15' title="bbox 362 1541 1936 1615; baseline -0.006 -13"><span class='ocrx_word' id='word_1_93' title='bbox 362 1546 648 1602; x_wconf 62' lang='lat' dir='ltr'><strong>censendis</strong></span> <span class='ocrx_word' id='word_1_94' title='bbox 712 1546 1007 1615; x_wconf 64' lang='lat' dir='ltr'><strong>praestitum</strong></span> <span class='ocrx_word' id='word_1_95' title='bbox 1057 1559 1088 1598; x_wconf 85' lang='lat' dir='ltr'><strong>a</strong></span> <span class='ocrx_word' id='word_1_96' title='bbox 1142 1559 1229 1598; x_wconf 90' lang='lat' dir='ltr'><strong>me</strong></span> <span class='ocrx_word' id='word_1_97' title='bbox 1268 1543 1359 1609; x_wconf 85' lang='lat' dir='ltr'><strong>sit,</strong></span> <span class='ocrx_word' id='word_1_98' title='bbox 1403 1541 1584 1610; x_wconf 84' lang='lat' dir='ltr'><strong>paucis</strong></span> <span class='ocrx_word' id='word_1_99' title='bbox 1634 1542 1936 1609; x_wconf 78' lang='lat' dir='ltr'><strong>expediam.</strong></span> 
     </span>
    </p>
   </div>
   <div class='ocr_carea' id='block_1_16' title="bbox 361 1632 1942 1705">
    <p class='ocr_par' dir='ltr' id='par_1_16' title="bbox 361 1632 1942 1705">
     <span class='ocr_line' id='line_1_16' title="bbox 361 1632 1942 1705; baseline -0.008 -9"><span class='ocrx_word' id='word_1_100' title='bbox 361 1642 495 1696; x_wconf 78' lang='lat' dir='ltr'><strong>Cum</strong></span> <span class='ocrx_word' id='word_1_101' title='bbox 543 1653 686 1693; x_wconf 82' lang='lat' dir='ltr'><strong>anno</strong></span> <span class='ocrx_word' id='word_1_102' title='bbox 718 1638 853 1692; x_wconf 77' lang='lat'><strong>1677</strong></span> <span class='ocrx_word' id='word_1_103' title='bbox 903 1638 1048 1692; x_wconf 88' lang='lat' dir='ltr'><strong>serio</strong></span> <span class='ocrx_word' id='word_1_104' title='bbox 1094 1636 1389 1705; x_wconf 78' lang='lat' dir='ltr'><strong>cogitarem</strong></span> <span class='ocrx_word' id='word_1_105' title='bbox 1438 1633 1506 1688; x_wconf 87' lang='lat' dir='ltr'><strong>de</strong></span> <span class='ocrx_word' id='word_1_106' title='bbox 1553 1632 1762 1687; x_wconf 83' lang='lat' dir='ltr'><strong>edendo</strong></span> <span class='ocrx_word' id='word_1_107' title='bbox 1795 1642 1942 1684; x_wconf 82' lang='lat' dir='ltr'><strong>tumo</strong></span> 
     </span>
    </p>
   </div>
   <div class='ocr_carea' id='block_1_17' title="bbox 364 1723 1943 1801">
    <p class='ocr_par' dir='ltr' id='par_1_17' title="bbox 364 1723 1943 1801">
     <span class='ocr_line' id='line_1_17' title="bbox 364 1723 1943 1801; baseline -0.006 -16"><span class='ocrx_word' id='word_1_108' title='bbox 364 1733 537 1801; x_wconf 90' lang='lat' dir='ltr'><strong>primo</strong></span> <span class='ocrx_word' id='word_1_109' title='bbox 563 1744 715 1783; x_wconf 71' lang='lat' dir='ltr'><strong>novae</strong></span> <span class='ocrx_word' id='word_1_110' title='bbox 735 1727 1074 1783; x_wconf 86' lang='lat' dir='ltr'><strong>collectionis</strong></span> <span class='ocrx_word' id='word_1_111' title='bbox 1101 1724 1498 1788; x_wconf 86' lang='lat' dir='ltr'><strong>Conciliorum,</strong></span> <span class='ocrx_word' id='word_1_112' title='bbox 1524 1723 1615 1791; x_wconf 89' lang='lat' dir='ltr'><strong>qui</strong></span> <span class='ocrx_word' id='word_1_113' title='bbox 1640 1738 1783 1776; x_wconf 89' lang='lat' dir='ltr'><strong>anno</strong></span> <span class='ocrx_word' id='word_1_114' title='bbox 1809 1737 1943 1789; x_wconf 72' lang='lat' dir='ltr'><strong>prte-</strong></span> 
     </span>
    </p>
   </div>
   <div class='ocr_carea' id='block_1_18' title="bbox 2045 528 3617 605">
    <p class='ocr_par' dir='ltr' id='par_1_18' title="bbox 2045 528 3617 605">
     <span class='ocr_line' id='line_1_18' title="bbox 2045 528 3617 605; baseline 0.004 -25"><span class='ocrx_word' id='word_1_115' title='bbox 2045 528 2245 581; x_wconf 81' lang='lat' dir='ltr'><strong>catnris</strong></span> <span class='ocrx_word' id='word_1_116' title='bbox 2302 529 2473 596; x_wconf 86' lang='lat' dir='ltr'><strong>qualia</strong></span> <span class='ocrx_word' id='word_1_117' title='bbox 2524 528 2775 598; x_wconf 77' lang='lat' dir='ltr'><strong>leguntur</strong></span> <span class='ocrx_word' id='word_1_118' title='bbox 2821 530 2873 583; x_wconf 91' lang='lat' dir='ltr'><strong>in</strong></span> <span class='ocrx_word' id='word_1_119' title='bbox 2921 530 3160 605; x_wconf 83' lang='lat' dir='ltr'><strong>antiquis</strong></span> <span class='ocrx_word' id='word_1_120' title='bbox 3216 531 3617 600; x_wconf 81' lang='lat' dir='ltr'><strong>exemplaribus</strong></span> 
     </span>
    </p>
   </div>
   <div class='ocr_carea' id='block_1_19' title="bbox 2044 618 3623 688">
    <p class='ocr_par' dir='ltr' id='par_1_19' title="bbox 2044 618 3623 688">
     <span class='ocr_line' id='line_1_19' title="bbox 2044 618 3623 688; baseline 0.002 -17"><span class='ocrx_word' id='word_1_121' title='bbox 2044 618 2302 673; x_wconf 64' lang='lat' dir='ltr'><strong>Ecclesiae</strong></span> <span class='ocrx_word' id='word_1_122' title='bbox 2349 618 2742 675; x_wconf 81' lang='lat' dir='ltr'><strong>Bellovacensis</strong></span> <span class='ocrx_word' id='word_1_123' title='bbox 2770 631 2822 675; x_wconf 90' lang='lat' dir='ltr'><strong>et</strong></span> <span class='ocrx_word' id='word_1_124' title='bbox 2865 620 3207 676; x_wconf 75' lang='lat' dir='ltr'><strong>bibliotheca:</strong></span> <span class='ocrx_word' id='word_1_125' title='bbox 3237 621 3533 688; x_wconf 60' lang='lat' dir='ltr'><strong>Vaticanus,</strong></span> <span class='ocrx_word' id='word_1_126' title='bbox 3565 633 3623 675; x_wconf 85' lang='lat' dir='ltr'><strong>et</strong></span> 
     </span>
    </p>
   </div>
   <div class='ocr_carea' id='block_1_20' title="bbox 2047 708 3620 779">
    <p class='ocr_par' dir='ltr' id='par_1_20' title="bbox 2047 708 3620 779">
     <span class='ocr_line' id='line_1_20' title="bbox 2047 708 3620 779; baseline 0.003 -17"><span class='ocrx_word' id='word_1_127' title='bbox 2047 724 2106 762; x_wconf 69' lang='lat' dir='ltr'><strong>ea</strong></span> <span class='ocrx_word' id='word_1_128' title='bbox 2150 709 2365 778; x_wconf 88' lang='lat' dir='ltr'><strong>quidem</strong></span> <span class='ocrx_word' id='word_1_129' title='bbox 2399 708 2502 763; x_wconf 87' lang='lat' dir='ltr'><strong>lide</strong></span> <span class='ocrx_word' id='word_1_130' title='bbox 2533 724 2596 764; x_wconf 89' lang='lat' dir='ltr'><strong>ac</strong></span> <span class='ocrx_word' id='word_1_131' title='bbox 2627 711 2902 779; x_wconf 81' lang='lat' dir='ltr'><strong>diligentia</strong></span> <span class='ocrx_word' id='word_1_132' title='bbox 2950 724 3008 767; x_wconf 93' lang='lat' dir='ltr'><strong>ut</strong></span> <span class='ocrx_word' id='word_1_133' title='bbox 3052 729 3263 769; x_wconf 85' lang='lat' dir='ltr'><strong>errores</strong></span> <span class='ocrx_word' id='word_1_134' title='bbox 3300 715 3462 769; x_wconf 88' lang='lat' dir='ltr'><strong>etiam</strong></span> <span class='ocrx_word' id='word_1_135' title='bbox 3494 720 3620 771; x_wconf 65' lang='lat' dir='ltr'><strong>retia</strong></span> 
     </span>
    </p>
   </div>
   <div class='ocr_carea' id='block_1_21' title="bbox 2045 802 3624 862">
    <p class='ocr_par' dir='ltr' id='par_1_21' title="bbox 2045 802 3624 862">
     <span class='ocr_line' id='line_1_21' title="bbox 2045 802 3624 862; baseline 0.004 -9"><span class='ocrx_word' id='word_1_136' title='bbox 2045 802 2318 854; x_wconf 74' lang='lat' dir='ltr'><strong>n-uerimus</strong></span> <span class='ocrx_word' id='word_1_137' title='bbox 2366 809 2602 856; x_wconf 78' lang='lat' dir='ltr'><strong>veterum</strong></span> <span class='ocrx_word' id='word_1_138' title='bbox 2635 802 2995 860; x_wconf 79' lang='lat' dir='ltr'><strong>librariorum.</strong></span> <span class='ocrx_word' id='word_1_139' title='bbox 3044 806 3377 861; x_wconf 79' lang='lat' dir='ltr'><strong>Existimavit</strong></span> <span class='ocrx_word' id='word_1_140' title='bbox 3414 808 3491 861; x_wconf 83' lang='lat' dir='ltr'><strong>vir</strong></span> <span class='ocrx_word' id='word_1_141' title='bbox 3515 810 3624 862; x_wconf 87' lang='lat' dir='ltr'><strong>cla-</strong></span> 
     </span>
    </p>
   </div>
   <div class='ocr_carea' id='block_1_22' title="bbox 2045 894 3622 955">
    <p class='ocr_par' dir='ltr' id='par_1_22' title="bbox 2045 894 3622 955">
     <span class='ocr_line' id='line_1_22' title="bbox 2045 894 3622 955; baseline 0.003 -7"><span class='ocrx_word' id='word_1_142' title='bbox 2045 895 2293 948; x_wconf 75' lang='lat' dir='ltr'><strong>rissimus</strong></span> <span class='ocrx_word' id='word_1_143' title='bbox 2335 894 2570 949; x_wconf 78' lang='lat' dir='ltr'><strong>Joannes</strong></span> <span class='ocrx_word' id='word_1_144' title='bbox 2591 894 2886 951; x_wconf 87' lang='lat' dir='ltr'><strong>Garnerius</strong></span> <span class='ocrx_word' id='word_1_145' title='bbox 2916 897 3157 952; x_wconf 91' lang='lat' dir='ltr'><strong>codicem</strong></span> <span class='ocrx_word' id='word_1_146' title='bbox 3189 899 3622 955; x_wconf 84' lang='lat' dir='ltr'><strong>Bellovacensent</strong></span> 
     </span>
    </p>
   </div>
   <div class='ocr_carea' id='block_1_23' title="bbox 2048 988 3621 1058">
    <p class='ocr_par' dir='ltr' id='par_1_23' title="bbox 2048 988 3621 1058">
     <span class='ocr_line' id='line_1_23' title="bbox 2048 988 3621 1058; baseline 0 -17"><span class='ocrx_word' id='word_1_147' title='bbox 2048 988 2305 1041; x_wconf 83' lang='lat' dir='ltr'><strong>Vaticano</strong></span> <span class='ocrx_word' id='word_1_148' title='bbox 2336 988 2493 1057; x_wconf 83' lang='lat' dir='ltr'><strong>longe</strong></span> <span class='ocrx_word' id='word_1_149' title='bbox 2534 998 2812 1056; x_wconf 65' lang='lat' dir='ltr'><strong>praestare.</strong></span> <span class='ocrx_word' id='word_1_150' title='bbox 2849 990 2915 1043; x_wconf 77' lang='lat' dir='ltr'><strong>At</strong></span> <span class='ocrx_word' id='word_1_151' title='bbox 2946 1004 3045 1056; x_wconf 80' lang='lat' dir='ltr'><strong>ego</strong></span> <span class='ocrx_word' id='word_1_152' title='bbox 3074 1004 3412 1058; x_wconf 87' lang='lat' dir='ltr'><strong>compertum</strong></span> <span class='ocrx_word' id='word_1_153' title='bbox 3447 993 3621 1047; x_wconf 71' lang='lat' dir='ltr'><strong>habe-i</strong></span> 
     </span>
    </p>
   </div>
   <div class='ocr_carea' id='block_1_24' title="bbox 2050 1079 3626 1147">
    <p class='ocr_par' dir='ltr' id='par_1_24' title="bbox 2050 1079 3626 1147">
     <span class='ocr_line' id='line_1_24' title="bbox 2050 1079 3626 1147; baseline 0.005 -17"><span class='ocrx_word' id='word_1_154' title='bbox 2050 1079 2364 1133; x_wconf 83' lang='lat' dir='ltr'><strong>Vaticanum</strong></span> <span class='ocrx_word' id='word_1_155' title='bbox 2395 1094 2517 1135; x_wconf 87' lang='lat' dir='ltr'><strong>esse</strong></span> <span class='ocrx_word' id='word_1_156' title='bbox 2538 1080 2911 1135; x_wconf 87' lang='lat' dir='ltr'><strong>Bellovacensi</strong></span> <span class='ocrx_word' id='word_1_157' title='bbox 2959 1081 3130 1136; x_wconf 90' lang='lat' dir='ltr'><strong>multo</strong></span> <span class='ocrx_word' id='word_1_158' title='bbox 3186 1082 3487 1147; x_wconf 85' lang='lat' dir='ltr'><strong>meliorem,</strong></span> <span class='ocrx_word' id='word_1_159' title='bbox 3520 1101 3626 1138; x_wconf 88' lang='lat' dir='ltr'><strong>non</strong></span> 
     </span>
    </p>
   </div>
   <div class='ocr_carea' id='block_1_25' title="bbox 2044 1174 3626 1245">
    <p class='ocr_par' dir='ltr' id='par_1_25' title="bbox 2044 1174 3626 1245">
     <span class='ocr_line' id='line_1_25' title="bbox 2044 1174 3626 1245; baseline 0.002 -18"><span class='ocrx_word' id='word_1_160' title='bbox 2044 1175 2220 1227; x_wconf 76' lang='lat' dir='ltr'><strong>solum</strong></span> <span class='ocrx_word' id='word_1_161' title='bbox 2249 1174 2371 1243; x_wconf 83' lang='lat' dir='ltr'><strong>quia</strong></span> <span class='ocrx_word' id='word_1_162' title='bbox 2403 1183 2484 1229; x_wconf 92' lang='lat' dir='ltr'><strong>est</strong></span> <span class='ocrx_word' id='word_1_163' title='bbox 2508 1174 2776 1229; x_wconf 84' lang='lat' dir='ltr'><strong>interdum</strong></span> <span class='ocrx_word' id='word_1_164' title='bbox 2800 1176 3159 1240; x_wconf 85' lang='lat' dir='ltr'><strong>emendatior,</strong></span> <span class='ocrx_word' id='word_1_165' title='bbox 3192 1174 3286 1229; x_wconf 89' lang='lat' dir='ltr'><strong>sed</strong></span> <span class='ocrx_word' id='word_1_166' title='bbox 3315 1177 3473 1229; x_wconf 89' lang='lat' dir='ltr'><strong>etiam</strong></span> <span class='ocrx_word' id='word_1_167' title='bbox 3501 1179 3626 1245; x_wconf 79' lang='lat' dir='ltr'><strong>quia</strong></span> 
     </span>
    </p>
   </div>
   <div class='ocr_carea' id='block_1_26' title="bbox 2047 1262 3629 1332">
    <p class='ocr_par' dir='ltr' id='par_1_26' title="bbox 2047 1262 3629 1332">
     <span class='ocr_line' id='line_1_26' title="bbox 2047 1262 3629 1332; baseline 0.004 -17"><span class='ocrx_word' id='word_1_168' title='bbox 2047 1263 2307 1316; x_wconf 90' lang='lat' dir='ltr'><strong>nonnulla</strong></span> <span class='ocrx_word' id='word_1_169' title='bbox 2354 1262 2517 1317; x_wconf 84' lang='lat' dir='ltr'><strong>habet</strong></span> <span class='ocrx_word' id='word_1_170' title='bbox 2548 1279 2668 1332; x_wconf 74' lang='lat' dir='ltr'><strong>quae</strong></span> <span class='ocrx_word' id='word_1_171' title='bbox 2701 1266 2985 1319; x_wconf 74' lang='lat' dir='ltr'><strong>manifesto</strong></span> <span class='ocrx_word' id='word_1_172' title='bbox 3026 1267 3467 1319; x_wconf 81' lang='lat' dir='ltr'><strong>constatomissa</strong></span> <span class='ocrx_word' id='word_1_173' title='bbox 3508 1281 3629 1321; x_wconf 59' lang='lat' dir='ltr'><strong>esstt</strong></span> 
     </span>
    </p>
   </div>
   <div class='ocr_carea' id='block_1_27' title="bbox 2045 1357 3633 1427">
    <p class='ocr_par' dir='ltr' id='par_1_27' title="bbox 2045 1357 3633 1427">
     <span class='ocr_line' id='line_1_27' title="bbox 2045 1357 3633 1427; baseline 0.001 -17"><span class='ocrx_word' id='word_1_174' title='bbox 2045 1358 2113 1410; x_wconf 91' lang='lat' dir='ltr'><strong>ah</strong></span> <span class='ocrx_word' id='word_1_175' title='bbox 2143 1373 2210 1411; x_wconf 84' lang='lat' dir='ltr'><strong>eo</strong></span> <span class='ocrx_word' id='word_1_176' title='bbox 2247 1357 2335 1427; x_wconf 90' lang='lat' dir='ltr'><strong>qui</strong></span> <span class='ocrx_word' id='word_1_177' title='bbox 2375 1357 2811 1412; x_wconf 78' lang='lat' dir='ltr'><strong>Bellovacensem</strong></span> <span class='ocrx_word' id='word_1_178' title='bbox 2840 1359 3146 1427; x_wconf 84' lang='lat' dir='ltr'><strong>descripsit,</strong></span> <span class='ocrx_word' id='word_1_179' title='bbox 3182 1370 3239 1413; x_wconf 88' lang='lat' dir='ltr'><strong>ut</strong></span> <span class='ocrx_word' id='word_1_180' title='bbox 3264 1370 3409 1426; x_wconf 87' lang='lat' dir='ltr'><strong>sunt,</strong></span> <span class='ocrx_word' id='word_1_181' title='bbox 3443 1375 3633 1413; x_wconf 59' lang='lat' dir='ltr'><strong>exem-</strong></span> 
     </span>
    </p>
   </div>
   <div class='ocr_carea' id='block_1_28' title="bbox 2048 1449 3628 1521">
    <p class='ocr_par' dir='ltr' id='par_1_28' title="bbox 2048 1449 3628 1521">
     <span class='ocr_line' id='line_1_28' title="bbox 2048 1449 3628 1521; baseline 0 -20"><span class='ocrx_word' id='word_1_182' title='bbox 2048 1450 2118 1518; x_wconf 91' lang='lat' dir='ltr'><strong>pli</strong></span> <span class='ocrx_word' id='word_1_183' title='bbox 2145 1464 2326 1514; x_wconf 82' lang='lat' dir='ltr'><strong>causa,</strong></span> <span class='ocrx_word' id='word_1_184' title='bbox 2353 1450 2491 1502; x_wconf 69' lang='lat' dir='ltr'><strong>tituli</strong></span> <span class='ocrx_word' id='word_1_185' title='bbox 2516 1449 2869 1518; x_wconf 84' lang='lat' dir='ltr'><strong>quorumdam</strong></span> <span class='ocrx_word' id='word_1_186' title='bbox 2901 1452 3315 1519; x_wconf 78' lang='lat' dir='ltr'><strong>lragmentorum</strong></span> <span class='ocrx_word' id='word_1_187' title='bbox 3340 1464 3628 1521; x_wconf 82' lang='lat' dir='ltr'><strong>excerptu-</strong></span> 
     </span>
    </p>
   </div>
   <div class='ocr_carea' id='block_1_29' title="bbox 2048 1540 3630 1612">
    <p class='ocr_par' dir='ltr' id='par_1_29' title="bbox 2048 1540 3630 1612">
     <span class='ocr_line' id='line_1_29' title="bbox 2048 1540 3630 1612; baseline 0.002 -21"><span class='ocrx_word' id='word_1_188' title='bbox 2048 1556 2162 1592; x_wconf 91' lang='lat' dir='ltr'><strong>rum</strong></span> <span class='ocrx_word' id='word_1_189' title='bbox 2223 1556 2287 1593; x_wconf 78' lang='lat' dir='ltr'><strong>ex</strong></span> <span class='ocrx_word' id='word_1_190' title='bbox 2337 1540 2681 1595; x_wconf 86' lang='lat' dir='ltr'><strong>Theodoreto</strong></span> <span class='ocrx_word' id='word_1_191' title='bbox 2729 1543 2985 1610; x_wconf 80' lang='lat' dir='ltr'><strong>episcopo</strong></span> <span class='ocrx_word' id='word_1_192' title='bbox 3037 1540 3298 1612; x_wconf 82' lang='lat' dir='ltr'><strong>Cyrensi,</strong></span> <span class='ocrx_word' id='word_1_193' title='bbox 3341 1540 3630 1596; x_wconf 88' lang='lat' dir='ltr'><strong>Theodoro</strong></span> 
     </span>
    </p>
   </div>
   <div class='ocr_carea' id='block_1_30' title="bbox 2050 1633 3631 1706">
    <p class='ocr_par' dir='ltr' id='par_1_30' title="bbox 2050 1633 3631 1706">
     <span class='ocr_line' id='line_1_30' title="bbox 2050 1633 3631 1706; baseline 0.002 -20"><span class='ocrx_word' id='word_1_194' title='bbox 2050 1633 2455 1702; x_wconf 79' lang='lat' dir='ltr'><strong>Mopsuesteno,</strong></span> <span class='ocrx_word' id='word_1_195' title='bbox 2502 1633 2741 1689; x_wconf 88' lang='lat' dir='ltr'><strong>Diodoro</strong></span> <span class='ocrx_word' id='word_1_196' title='bbox 2791 1634 3043 1689; x_wconf 83' lang='lat' dir='ltr'><strong>Tarsensi</strong></span> <span class='ocrx_word' id='word_1_197' title='bbox 3090 1646 3143 1689; x_wconf 88' lang='lat' dir='ltr'><strong>et</strong></span> <span class='ocrx_word' id='word_1_198' title='bbox 3190 1634 3452 1690; x_wconf 83' lang='lat' dir='ltr'><strong>Eutherio</strong></span> <span class='ocrx_word' id='word_1_199' title='bbox 3492 1635 3631 1706; x_wconf 84' lang='lat' dir='ltr'><strong>Tya-</strong></span> 
     </span>
    </p>
   </div>
   <div class='ocr_carea' id='block_1_31' title="bbox 2052 1721 3633 1782">
    <p class='ocr_par' dir='ltr' id='par_1_31' title="bbox 2052 1721 3633 1782">
     <span class='ocr_line' id='line_1_31' title="bbox 2052 1721 3633 1782; baseline -0.001 -2"><span class='ocrx_word' id='word_1_200' title='bbox 2052 1727 2224 1781; x_wconf 88' lang='lat' dir='ltr'><strong>nensi.</strong></span> <span class='ocrx_word' id='word_1_201' title='bbox 2254 1726 2386 1780; x_wconf 88' lang='lat' dir='ltr'><strong>Nam</strong></span> <span class='ocrx_word' id='word_1_202' title='bbox 2419 1743 2540 1780; x_wconf 90' lang='lat' dir='ltr'><strong>cum</strong></span> <span class='ocrx_word' id='word_1_203' title='bbox 2576 1721 2713 1781; x_wconf 81' lang='lat' dir='ltr'><strong>tituli</strong></span> <span class='ocrx_word' id='word_1_204' title='bbox 2766 1726 2842 1780; x_wconf 88' lang='lat' dir='ltr'><strong>illi</strong></span> <span class='ocrx_word' id='word_1_205' title='bbox 2868 1726 3122 1781; x_wconf 78' lang='lat' dir='ltr'><strong>deessent</strong></span> <span class='ocrx_word' id='word_1_206' title='bbox 3149 1726 3200 1780; x_wconf 90' lang='lat' dir='ltr'><strong>in</strong></span> <span class='ocrx_word' id='word_1_207' title='bbox 3233 1726 3420 1782; x_wconf 86' lang='lat' dir='ltr'><strong>codice</strong></span> <span class='ocrx_word' id='word_1_208' title='bbox 3454 1726 3633 1781; x_wconf 85' lang='lat' dir='ltr'><strong>Bello-</strong></span> 
     </span>
    </p>
   </div>
   <div class='ocr_carea' id='block_1_32' title="bbox 364 1813 3630 1899">
    <p class='ocr_par' dir='ltr' id='par_1_32' title="bbox 364 1813 3630 1899">
     <span class='ocr_line' id='line_1_32' title="bbox 364 1813 3630 1899; baseline -0.002 -21"><span class='ocrx_word' id='word_1_209' title='bbox 364 1827 523 1881; x_wconf 83' lang='lat' dir='ltr'><strong>terito</strong></span> <span class='ocrx_word' id='word_1_210' title='bbox 548 1824 781 1879; x_wconf 82' lang='lat' dir='ltr'><strong>emissus</strong></span> <span class='ocrx_word' id='word_1_211' title='bbox 806 1830 909 1888; x_wconf 88' lang='lat' dir='ltr'><strong>est,</strong></span> <span class='ocrx_word' id='word_1_212' title='bbox 934 1820 1372 1889; x_wconf 84' lang='lat' dir='ltr'><strong>mentiunemque</strong></span> <span class='ocrx_word' id='word_1_213' title='bbox 1394 1817 1591 1874; x_wconf 77' lang='lat' dir='ltr'><strong>veteris</strong></span> <span class='ocrx_word' id='word_1_214' title='bbox 1616 1814 1941 1899; x_wconf 63' lang='lat' dir='ltr'><strong>exemplaris</strong></span> <span class='ocrx_word' id='word_1_215' title='bbox 1975 1813 2022 1875; x_wconf 85' lang='grc' dir='ltr'>Β</span> <span class='ocrx_word' id='word_1_216' title='bbox 2052 1823 2284 1886; x_wconf 73' lang='lat' dir='ltr'><strong>vacensi,</strong></span> <span class='ocrx_word' id='word_1_217' title='bbox 2309 1838 2373 1876; x_wconf 86' lang='lat' dir='ltr'><strong>ex</strong></span> <span class='ocrx_word' id='word_1_218' title='bbox 2402 1837 2466 1877; x_wconf 88' lang='lat' dir='ltr'><strong>eo</strong></span> <span class='ocrx_word' id='word_1_219' title='bbox 2513 1820 2711 1877; x_wconf 81' lang='lat' dir='ltr'><strong>factum</strong></span> <span class='ocrx_word' id='word_1_220' title='bbox 2747 1832 2829 1875; x_wconf 83' lang='lat' dir='ltr'><strong>est</strong></span> <span class='ocrx_word' id='word_1_221' title='bbox 2877 1831 2933 1874; x_wconf 91' lang='lat' dir='ltr'><strong>ut</strong></span> <span class='ocrx_word' id='word_1_222' title='bbox 2957 1819 3253 1877; x_wconf 89' lang='lat' dir='ltr'><strong>Garnerius</strong></span> <span class='ocrx_word' id='word_1_223' title='bbox 3299 1819 3550 1874; x_wconf 88' lang='lat' dir='ltr'><strong>inciderit</strong></span> <span class='ocrx_word' id='word_1_224' title='bbox 3578 1819 3630 1873; x_wconf 87' lang='lat' dir='ltr'><strong>in</strong></span> 
     </span>
    </p>
   </div>
   <div class='ocr_carea' id='block_1_33' title="bbox 368 1902 1943 1973">
    <p class='ocr_par' dir='ltr' id='par_1_33' title="bbox 368 1902 1943 1973">
     <span class='ocr_line' id='line_1_33' title="bbox 368 1902 1943 1973; baseline -0.008 0"><span class='ocrx_word' id='word_1_225' title='bbox 368 1918 764 1973; x_wconf 58' lang='lat' dir='ltr'><strong>licuerat-ensis</strong></span> <span class='ocrx_word' id='word_1_226' title='bbox 792 1915 1007 1970; x_wconf 84' lang='lat' dir='ltr'><strong>concilii</strong></span> <span class='ocrx_word' id='word_1_227' title='bbox 1036 1930 1064 1967; x_wconf 83' lang='lat' dir='ltr'><strong>v</strong></span> <span class='ocrx_word' id='word_1_228' title='bbox 1089 1914 1201 1968; x_wconf 88' lang='lat' dir='ltr'><strong>heri</strong></span> <span class='ocrx_word' id='word_1_229' title='bbox 1224 1902 1725 1967; x_wconf 83' lang='lat' dir='ltr'><strong>animadvertissem</strong></span> <span class='ocrx_word' id='word_1_230' title='bbox 1751 1924 1781 1961; x_wconf 89' lang='lat' dir='ltr'><strong>a</strong></span> <span class='ocrx_word' id='word_1_231' title='bbox 1805 1909 1943 1962; x_wconf 84' lang='lat' dir='ltr'><strong>Lab-</strong></span> 
     </span>
    </p>
   </div>
   <div class='ocr_carea' id='block_1_34' title="bbox 367 2000 1943 2078">
    <p class='ocr_par' dir='ltr' id='par_1_34' title="bbox 367 2000 1943 2078">
     <span class='ocr_line' id='line_1_34' title="bbox 367 2000 1943 2078; baseline -0.008 -12"><span class='ocrx_word' id='word_1_232' title='bbox 367 2016 487 2078; x_wconf 77' lang='lat' dir='ltr'><strong>lieo,</strong></span> <span class='ocrx_word' id='word_1_233' title='bbox 520 2012 772 2065; x_wconf 89' lang='lat' dir='ltr'><strong>incensus</strong></span> <span class='ocrx_word' id='word_1_234' title='bbox 821 2024 939 2063; x_wconf 85' lang='lat' dir='ltr'><strong>smn</strong></span> <span class='ocrx_word' id='word_1_235' title='bbox 985 2006 1259 2062; x_wconf 80' lang='lat' dir='ltr'><strong>desiderio</strong></span> <span class='ocrx_word' id='word_1_236' title='bbox 1302 2003 1446 2058; x_wconf 87' lang='lat' dir='ltr'><strong>illius</strong></span> <span class='ocrx_word' id='word_1_237' title='bbox 1495 2002 1768 2057; x_wconf 81' lang='lat' dir='ltr'><strong>habendi:</strong></span> <span class='ocrx_word' id='word_1_238' title='bbox 1802 2000 1943 2067; x_wconf 88' lang='lat' dir='ltr'><strong>qttod</strong></span> 
     </span>
    </p>
   </div>
   <div class='ocr_carea' id='block_1_35' title="bbox 364 2092 1948 2159">
    <p class='ocr_par' dir='ltr' id='par_1_35' title="bbox 364 2092 1948 2159">
     <span class='ocr_line' id='line_1_35' title="bbox 364 2092 1948 2159; baseline -0.008 0"><span class='ocrx_word' id='word_1_239' title='bbox 364 2114 671 2159; x_wconf 59' lang='grc' dir='ltr'><strong>αςδροιιῑυιιι</strong></span> <span class='ocrx_word' id='word_1_240' title='bbox 705 2117 792 2157; x_wconf 91' lang='lat' dir='ltr'><strong>me</strong></span> <span class='ocrx_word' id='word_1_241' title='bbox 822 2101 987 2155; x_wconf 80' lang='lat' dir='ltr'><strong>luisse</strong></span> <span class='ocrx_word' id='word_1_242' title='bbox 1015 2099 1281 2155; x_wconf 74' lang='lat' dir='ltr'><strong>beneficio</strong></span> <span class='ocrx_word' id='word_1_243' title='bbox 1312 2095 1410 2151; x_wconf 91' lang='lat' dir='ltr'><strong>viri</strong></span> <span class='ocrx_word' id='word_1_244' title='bbox 1442 2094 1739 2150; x_wconf 89' lang='lat' dir='ltr'><strong>doctissimi</strong></span> <span class='ocrx_word' id='word_1_245' title='bbox 1771 2092 1948 2146; x_wconf 76' lang='lat' dir='ltr'><strong>Code-</strong></span> 
     </span>
    </p>
   </div>
   <div class='ocr_carea' id='block_1_36' title="bbox 369 2183 1948 2260">
    <p class='ocr_par' dir='ltr' id='par_1_36' title="bbox 369 2183 1948 2260">
     <span class='ocr_line' id='line_1_36' title="bbox 369 2183 1948 2260; baseline -0.009 -10"><span class='ocrx_word' id='word_1_246' title='bbox 369 2198 490 2250; x_wconf 70' lang='lat' dir='ltr'><strong>lridi</strong></span> <span class='ocrx_word' id='word_1_247' title='bbox 544 2194 803 2249; x_wconf 80' lang='lat' dir='ltr'><strong>llermant</strong></span> <span class='ocrx_word' id='word_1_248' title='bbox 847 2191 1091 2260; x_wconf 76' lang='lat' dir='ltr'><strong>ejusdem</strong></span> <span class='ocrx_word' id='word_1_249' title='bbox 1153 2187 1414 2243; x_wconf 75' lang='lat' dir='ltr'><strong>Ecclesiae</strong></span> <span class='ocrx_word' id='word_1_250' title='bbox 1460 2183 1709 2240; x_wconf 87' lang='lat' dir='ltr'><strong>canonici</strong></span> <span class='ocrx_word' id='word_1_251' title='bbox 1756 2183 1948 2238; x_wconf 90' lang='lat' dir='ltr'><strong>lubens</strong></span> 
     </span>
    </p>
   </div>
   <div class='ocr_carea' id='block_1_37' title="bbox 370 2274 1948 2358">
    <p class='ocr_par' dir='ltr' id='par_1_37' title="bbox 370 2274 1948 2358">
     <span class='ocr_line' id='line_1_37' title="bbox 370 2274 1948 2358; baseline -0.011 -14"><span class='ocrx_word' id='word_1_252' title='bbox 370 2288 647 2358; x_wconf 79' lang='lat' dir='ltr'><strong>proﬁteor.</strong></span> <span class='ocrx_word' id='word_1_253' title='bbox 689 2282 822 2339; x_wconf 86' lang='lat' dir='ltr'><strong>Cum</strong></span> <span class='ocrx_word' id='word_1_254' title='bbox 881 2291 1061 2338; x_wconf 90' lang='lat' dir='ltr'><strong>autem</strong></span> <span class='ocrx_word' id='word_1_255' title='bbox 1112 2279 1244 2335; x_wconf 89' lang='lat' dir='ltr'><strong>illud</strong></span> <span class='ocrx_word' id='word_1_256' title='bbox 1285 2278 1613 2341; x_wconf 85' lang='lat' dir='ltr'><strong>evolverem,</strong></span> <span class='ocrx_word' id='word_1_257' title='bbox 1660 2274 1948 2345; x_wconf 87' lang='lat' dir='ltr'><strong>conjuncta</strong></span> 
     </span>
    </p>
   </div>
   <div class='ocr_carea' id='block_1_38' title="bbox 371 2368 1949 2449">
    <p class='ocr_par' dir='ltr' id='par_1_38' title="bbox 371 2368 1949 2449">
     <span class='ocr_line' id='line_1_38' title="bbox 371 2368 1949 2449; baseline -0.01 -12"><span class='ocrx_word' id='word_1_258' title='bbox 371 2399 491 2437; x_wconf 88' lang='lat' dir='ltr'><strong>cum</strong></span> <span class='ocrx_word' id='word_1_259' title='bbox 520 2396 588 2437; x_wconf 93' lang='lat' dir='ltr'><strong>eo</strong></span> <span class='ocrx_word' id='word_1_260' title='bbox 617 2379 791 2449; x_wconf 89' lang='lat' dir='ltr'><strong>reperi</strong></span> <span class='ocrx_word' id='word_1_261' title='bbox 812 2392 973 2447; x_wconf 85' lang='lat' dir='ltr'><strong>opera</strong></span> <span class='ocrx_word' id='word_1_262' title='bbox 1003 2375 1153 2431; x_wconf 78' lang='lat' dir='ltr'><strong>Marii</strong></span> <span class='ocrx_word' id='word_1_263' title='bbox 1188 2371 1528 2437; x_wconf 86' lang='lat' dir='ltr'><strong>Mercatoris,</strong></span> <span class='ocrx_word' id='word_1_264' title='bbox 1563 2384 1736 2438; x_wconf 89' lang='lat' dir='ltr'><strong>eaque</strong></span> <span class='ocrx_word' id='word_1_265' title='bbox 1766 2368 1949 2422; x_wconf 84' lang='lat' dir='ltr'><strong>statim</strong></span> 
     </span>
    </p>
   </div>
   <div class='ocr_carea' id='block_1_39' title="bbox 356 2462 1949 2530">
    <p class='ocr_par' dir='ltr' id='par_1_39' title="bbox 356 2462 1949 2530">
     <span class='ocr_line' id='line_1_39' title="bbox 356 2462 1949 2530; baseline -0.012 0"><span class='ocrx_word' id='word_1_266' title='bbox 356 2475 579 2530; x_wconf 82' lang='lat' dir='ltr'><strong>contuli</strong></span> <span class='ocrx_word' id='word_1_267' title='bbox 623 2486 746 2527; x_wconf 92' lang='lat' dir='ltr'><strong>cum</strong></span> <span class='ocrx_word' id='word_1_268' title='bbox 811 2467 1143 2525; x_wconf 85' lang='lat' dir='ltr'><strong>editiouibus</strong></span> <span class='ocrx_word' id='word_1_269' title='bbox 1202 2467 1445 2520; x_wconf 86' lang='lat' dir='ltr'><strong>virorum</strong></span> <span class='ocrx_word' id='word_1_270' title='bbox 1498 2462 1949 2518; x_wconf 83' lang='lat' dir='ltr'><strong>clarissimorum.</strong></span> 
     </span>
    </p>
   </div>
   <div class='ocr_carea' id='block_1_40' title="bbox 374 2552 1957 2635">
    <p class='ocr_par' dir='ltr' id='par_1_40' title="bbox 374 2552 1957 2635">
     <span class='ocr_line' id='line_1_40' title="bbox 374 2552 1957 2635; baseline -0.011 -12"><span class='ocrx_word' id='word_1_271' title='bbox 374 2566 580 2635; x_wconf 77' lang='lat' dir='ltr'><strong>Agnovi</strong></span> <span class='ocrx_word' id='word_1_272' title='bbox 612 2578 773 2632; x_wconf 90' lang='lat' dir='ltr'><strong>porro</strong></span> <span class='ocrx_word' id='word_1_273' title='bbox 798 2577 864 2616; x_wconf 81' lang='lat' dir='ltr'><strong>ex</strong></span> <span class='ocrx_word' id='word_1_274' title='bbox 895 2559 1187 2615; x_wconf 83' lang='lat' dir='ltr'><strong>collatione</strong></span> <span class='ocrx_word' id='word_1_275' title='bbox 1217 2556 1416 2612; x_wconf 83' lang='lat' dir='ltr'><strong>veteris</strong></span> <span class='ocrx_word' id='word_1_276' title='bbox 1446 2553 1781 2625; x_wconf 80' lang='lat' dir='ltr'><strong>exemplaris</strong></span> <span class='ocrx_word' id='word_1_277' title='bbox 1811 2552 1957 2606; x_wconf 89' lang='lat' dir='ltr'><strong>ordi-</strong></span> 
     </span>
    </p>
   </div>
   <div class='ocr_carea' id='block_1_41' title="bbox 374 2648 1957 2717">
    <p class='ocr_par' dir='ltr' id='par_1_41' title="bbox 374 2648 1957 2717">
     <span class='ocr_line' id='line_1_41' title="bbox 374 2648 1957 2717; baseline -0.007 -7"><span class='ocrx_word' id='word_1_278' title='bbox 374 2672 497 2710; x_wconf 85' lang='lat' dir='ltr'><strong>nem</strong></span> <span class='ocrx_word' id='word_1_279' title='bbox 526 2665 790 2708; x_wconf 82' lang='lat' dir='ltr'><strong>mutatum</strong></span> <span class='ocrx_word' id='word_1_280' title='bbox 819 2651 985 2705; x_wconf 81' lang='lat' dir='ltr'><strong>fuisse</strong></span> <span class='ocrx_word' id='word_1_281' title='bbox 1023 2667 1053 2704; x_wconf 90' lang='lat' dir='ltr'><strong>a</strong></span> <span class='ocrx_word' id='word_1_282' title='bbox 1097 2648 1360 2705; x_wconf 85' lang='lat' dir='ltr'><strong>Garnerio</strong></span> <span class='ocrx_word' id='word_1_283' title='bbox 1386 2657 1607 2717; x_wconf 87' lang='lat' dir='ltr'><strong>propter</strong></span> <span class='ocrx_word' id='word_1_284' title='bbox 1630 2659 1725 2701; x_wconf 90' lang='lat' dir='ltr'><strong>eas</strong></span> <span class='ocrx_word' id='word_1_285' title='bbox 1763 2657 1957 2699; x_wconf 86' lang='lat' dir='ltr'><strong>causas</strong></span> 
     </span>
    </p>
   </div>
   <div class='ocr_carea' id='block_1_42' title="bbox 375 2738 1957 2814">
    <p class='ocr_par' dir='ltr' id='par_1_42' title="bbox 375 2738 1957 2814">
     <span class='ocr_line' id='line_1_42' title="bbox 375 2738 1957 2814; baseline -0.007 -15"><span class='ocrx_word' id='word_1_286' title='bbox 375 2763 510 2813; x_wconf 79' lang='lat' dir='ltr'><strong>quas</strong></span> <span class='ocrx_word' id='word_1_287' title='bbox 542 2762 699 2814; x_wconf 84' lang='lat' dir='ltr'><strong>supra</strong></span> <span class='ocrx_word' id='word_1_288' title='bbox 731 2742 1175 2809; x_wconf 79' lang='lat' dir='ltr'><strong>Commemoravi,</strong></span> <span class='ocrx_word' id='word_1_289' title='bbox 1203 2750 1316 2795; x_wconf 91' lang='lat' dir='ltr'><strong>tum</strong></span> <span class='ocrx_word' id='word_1_290' title='bbox 1351 2740 1517 2794; x_wconf 84' lang='lat' dir='ltr'><strong>multa</strong></span> <span class='ocrx_word' id='word_1_291' title='bbox 1562 2738 1630 2792; x_wconf 89' lang='lat' dir='ltr'><strong>ab</strong></span> <span class='ocrx_word' id='word_1_292' title='bbox 1660 2751 1726 2792; x_wconf 91' lang='lat' dir='ltr'><strong>eo</strong></span> <span class='ocrx_word' id='word_1_293' title='bbox 1758 2746 1957 2790; x_wconf 85' lang='lat' dir='ltr'><strong>mutata</strong></span> 
     </span>
    </p>
   </div>
   <div class='ocr_carea' id='block_1_43' title="bbox 370 2828 1959 2897">
    <p class='ocr_par' dir='ltr' id='par_1_43' title="bbox 370 2828 1959 2897">
     <span class='ocr_line' id='line_1_43' title="bbox 370 2828 1959 2897; baseline -0.008 -1"><span class='ocrx_word' id='word_1_294' title='bbox 370 2843 503 2896; x_wconf 87' lang='lat' dir='ltr'><strong>dum</strong></span> <span class='ocrx_word' id='word_1_295' title='bbox 548 2838 868 2895; x_wconf 84' lang='lat' dir='ltr'><strong>medicinam</strong></span> <span class='ocrx_word' id='word_1_296' title='bbox 908 2836 1166 2891; x_wconf 84' lang='lat' dir='ltr'><strong>adhibere</strong></span> <span class='ocrx_word' id='word_1_297' title='bbox 1216 2840 1451 2889; x_wconf 85' lang='lat' dir='ltr'><strong>tentaret</strong></span> <span class='ocrx_word' id='word_1_298' title='bbox 1492 2833 1624 2887; x_wconf 89' lang='lat' dir='ltr'><strong>locis</strong></span> <span class='ocrx_word' id='word_1_299' title='bbox 1668 2828 1959 2897; x_wconf 87' lang='lat' dir='ltr'><strong>corruptis,</strong></span> 
     </span>
    </p>
   </div>
   <div class='ocr_carea' id='block_1_44' title="bbox 376 2924 1959 3005">
    <p class='ocr_par' dir='ltr' id='par_1_44' title="bbox 376 2924 1959 3005">
     <span class='ocr_line' id='line_1_44' title="bbox 376 2924 1959 3005; baseline -0.008 -15"><span class='ocrx_word' id='word_1_300' title='bbox 376 2936 610 3005; x_wconf 76' lang='lat' dir='ltr'><strong>denique</strong></span> <span class='ocrx_word' id='word_1_301' title='bbox 641 2933 896 2986; x_wconf 87' lang='lat' dir='ltr'><strong>nonnulla</strong></span> <span class='ocrx_word' id='word_1_302' title='bbox 935 2931 1132 2985; x_wconf 85' lang='lat' dir='ltr'><strong>omissa</strong></span> <span class='ocrx_word' id='word_1_303' title='bbox 1165 2944 1283 2998; x_wconf 76' lang='lat' dir='ltr'><strong>quae</strong></span> <span class='ocrx_word' id='word_1_304' title='bbox 1325 2926 1457 2981; x_wconf 88' lang='lat' dir='ltr'><strong>tnihi</strong></span> <span class='ocrx_word' id='word_1_305' title='bbox 1488 2924 1811 2979; x_wconf 85' lang='lat' dir='ltr'><strong>videbantur</strong></span> <span class='ocrx_word' id='word_1_306' title='bbox 1835 2936 1959 2977; x_wconf 88' lang='lat' dir='ltr'><strong>esse</strong></span> 
     </span>
    </p>
   </div>
   <div class='ocr_carea' id='block_1_45' title="bbox 380 3018 1965 3097">
    <p class='ocr_par' dir='ltr' id='par_1_45' title="bbox 380 3018 1965 3097">
     <span class='ocr_line' id='line_1_45' title="bbox 380 3018 1965 3097; baseline -0.009 -14"><span class='ocrx_word' id='word_1_307' title='bbox 380 3030 558 3097; x_wconf 75' lang='lat' dir='ltr'><strong>magni</strong></span> <span class='ocrx_word' id='word_1_308' title='bbox 592 3026 872 3081; x_wconf 85' lang='lat' dir='ltr'><strong>momenti.</strong></span> <span class='ocrx_word' id='word_1_309' title='bbox 901 3023 1109 3090; x_wconf 83' lang='lat' dir='ltr'><strong>Agnovi</strong></span> <span class='ocrx_word' id='word_1_310' title='bbox 1154 3031 1413 3088; x_wconf 65' lang='lat' dir='ltr'><strong>praeterea</strong></span> <span class='ocrx_word' id='word_1_311' title='bbox 1452 3018 1695 3074; x_wconf 83' lang='lat' dir='ltr'><strong>codicem</strong></span> <span class='ocrx_word' id='word_1_312' title='bbox 1728 3018 1965 3072; x_wconf 83' lang='lat' dir='ltr'><strong>Bellova-</strong></span> 
     </span>
    </p>
   </div>
   <div class='ocr_carea' id='block_1_46' title="bbox 380 3109 1967 3177">
    <p class='ocr_par' dir='ltr' id='par_1_46' title="bbox 380 3109 1967 3177">
     <span class='ocr_line' id='line_1_46' title="bbox 380 3109 1967 3177; baseline -0.004 -7"><span class='ocrx_word' id='word_1_313' title='bbox 380 3139 395 3170; x_wconf 74' lang='grc' dir='ltr'>ι</span> <span class='ocrx_word' id='word_1_314' title='bbox 414 3135 601 3173; x_wconf 83' lang='lat' dir='ltr'><strong>ensem</strong></span> <span class='ocrx_word' id='word_1_315' title='bbox 627 3132 751 3172; x_wconf 89' lang='lat' dir='ltr'><strong>esse</strong></span> <span class='ocrx_word' id='word_1_316' title='bbox 777 3116 931 3170; x_wconf 80' lang='lat' dir='ltr'><strong>valde</strong></span> <span class='ocrx_word' id='word_1_317' title='bbox 962 3114 1278 3169; x_wconf 85' lang='lat' dir='ltr'><strong>mendosum</strong></span> <span class='ocrx_word' id='word_1_318' title='bbox 1311 3127 1373 3165; x_wconf 90' lang='lat' dir='ltr'><strong>ac</strong></span> <span class='ocrx_word' id='word_1_319' title='bbox 1422 3110 1692 3175; x_wconf 89' lang='lat' dir='ltr'><strong>mutilum,</strong></span> <span class='ocrx_word' id='word_1_320' title='bbox 1720 3109 1967 3177; x_wconf 85' lang='lat' dir='ltr'><strong>adeoque</strong></span> 
     </span>
    </p>
   </div>
   <div class='ocr_carea' id='block_1_47' title="bbox 2052 1912 3632 1984">
    <p class='ocr_par' dir='ltr' id='par_1_47' title="bbox 2052 1912 3632 1984">
     <span class='ocr_line' id='line_1_47' title="bbox 2052 1912 3632 1984; baseline -0.003 -15"><span class='ocrx_word' id='word_1_321' title='bbox 2052 1916 2305 1984; x_wconf 80' lang='lat' dir='ltr'><strong>ambages</strong></span> <span class='ocrx_word' id='word_1_322' title='bbox 2331 1915 2752 1980; x_wconf 79' lang='lat' dir='ltr'><strong>inextricabiles,</strong></span> <span class='ocrx_word' id='word_1_323' title='bbox 2783 1924 2836 1969; x_wconf 88' lang='lat' dir='ltr'><strong>et</strong></span> <span class='ocrx_word' id='word_1_324' title='bbox 2858 1913 2954 1974; x_wconf 75' lang='lat' dir='ltr'><strong>sic.</strong></span> <span class='ocrx_word' id='word_1_325' title='bbox 2993 1922 3050 1967; x_wconf 90' lang='lat' dir='ltr'><strong>ut</strong></span> <span class='ocrx_word' id='word_1_326' title='bbox 3070 1930 3189 1968; x_wconf 85' lang='lat' dir='ltr'><strong>eum</strong></span> <span class='ocrx_word' id='word_1_327' title='bbox 3219 1912 3393 1975; x_wconf 81' lang='lat' dir='ltr'><strong>Plinio</strong></span> <span class='ocrx_word' id='word_1_328' title='bbox 3425 1912 3632 1981; x_wconf 83' lang='lat' dir='ltr'><strong>loquar,</strong></span> 
     </span>
    </p>
   </div>
   <div class='ocr_carea' id='block_1_48' title="bbox 2055 2003 3632 2075">
    <p class='ocr_par' dir='ltr' id='par_1_48' title="bbox 2055 2003 3632 2075">
     <span class='ocr_line' id='line_1_48' title="bbox 2055 2003 3632 2075; baseline -0.003 -17"><span class='ocrx_word' id='word_1_329' title='bbox 2055 2008 2211 2059; x_wconf 83' lang='lat' dir='ltr'><strong>torsit</strong></span> <span class='ocrx_word' id='word_1_330' title='bbox 2255 2007 2468 2075; x_wconf 80' lang='lat' dir='ltr'><strong>ingenia</strong></span> <span class='ocrx_word' id='word_1_331' title='bbox 2542 2006 3051 2073; x_wconf 73' lang='lat' dir='ltr'><strong>contemplandum.</strong></span> <span class='ocrx_word' id='word_1_332' title='bbox 3100 2003 3406 2072; x_wconf 87' lang='lat' dir='ltr'><strong>Optandutn</strong></span> <span class='ocrx_word' id='word_1_333' title='bbox 3453 2016 3632 2056; x_wconf 85' lang='lat' dir='ltr'><strong>autem</strong></span> 
     </span>
    </p>
   </div>
   <div class='ocr_carea' id='block_1_49' title="bbox 2061 2094 3636 2168">
    <p class='ocr_par' dir='ltr' id='par_1_49' title="bbox 2061 2094 3636 2168">
     <span class='ocr_line' id='line_1_49' title="bbox 2061 2094 3636 2168; baseline -0.004 -16"><span class='ocrx_word' id='word_1_334' title='bbox 2061 2110 2207 2153; x_wconf 74' lang='lat' dir='ltr'><strong>esset</strong></span> <span class='ocrx_word' id='word_1_335' title='bbox 2233 2106 2291 2152; x_wconf 91' lang='lat' dir='ltr'><strong>ut</strong></span> <span class='ocrx_word' id='word_1_336' title='bbox 2319 2099 2421 2153; x_wconf 84' lang='lat' dir='ltr'><strong>alia</strong></span> <span class='ocrx_word' id='word_1_337' title='bbox 2455 2107 2638 2152; x_wconf 87' lang='lat' dir='ltr'><strong>vetera</strong></span> <span class='ocrx_word' id='word_1_338' title='bbox 2677 2097 2919 2166; x_wconf 53' lang='lat' dir='ltr'><strong>ejusdem</strong></span> <span class='ocrx_word' id='word_1_339' title='bbox 2968 2096 3253 2168; x_wconf 78' lang='lat' dir='ltr'><strong>scriptoris</strong></span> <span class='ocrx_word' id='word_1_340' title='bbox 3305 2094 3636 2163; x_wconf 66' lang='lat' dir='ltr'><strong>exemplaria</strong></span> 
     </span>
    </p>
   </div>
   <div class='ocr_carea' id='block_1_50' title="bbox 2057 2185 3639 2257">
    <p class='ocr_par' dir='ltr' id='par_1_50' title="bbox 2057 2185 3639 2257">
     <span class='ocr_line' id='line_1_50' title="bbox 2057 2185 3639 2257; baseline -0.004 -12"><span class='ocrx_word' id='word_1_341' title='bbox 2057 2189 2428 2245; x_wconf 85' lang='lat' dir='ltr'><strong>emendatiora</strong></span> <span class='ocrx_word' id='word_1_342' title='bbox 2461 2190 2853 2257; x_wconf 86' lang='lat' dir='ltr'><strong>reperirentur,</strong></span> <span class='ocrx_word' id='word_1_343' title='bbox 2886 2202 3113 2256; x_wconf 88' lang='lat' dir='ltr'><strong>quorum</strong></span> <span class='ocrx_word' id='word_1_344' title='bbox 3144 2202 3246 2254; x_wconf 86' lang='lat' dir='ltr'><strong>ope</strong></span> <span class='ocrx_word' id='word_1_345' title='bbox 3276 2202 3335 2239; x_wconf 84' lang='lat' dir='ltr'><strong>ea</strong></span> <span class='ocrx_word' id='word_1_346' title='bbox 3362 2185 3639 2240; x_wconf 85' lang='lat' dir='ltr'><strong>emendari</strong></span> 
     </span>
    </p>
   </div>
   <div class='ocr_carea' id='block_1_51' title="bbox 2060 2276 3639 2351">
    <p class='ocr_par' dir='ltr' id='par_1_51' title="bbox 2060 2276 3639 2351">
     <span class='ocr_line' id='line_1_51' title="bbox 2060 2276 3639 2351; baseline -0.005 -16"><span class='ocrx_word' id='word_1_347' title='bbox 2060 2290 2284 2351; x_wconf 88' lang='lat' dir='ltr'><strong>possent</strong></span> <span class='ocrx_word' id='word_1_348' title='bbox 2313 2296 2433 2350; x_wconf 72' lang='lat' dir='ltr'><strong>qua:</strong></span> <span class='ocrx_word' id='word_1_349' title='bbox 2479 2294 2640 2347; x_wconf 87' lang='lat' dir='ltr'><strong>supra</strong></span> <span class='ocrx_word' id='word_1_350' title='bbox 2669 2279 2904 2334; x_wconf 84' lang='lat' dir='ltr'><strong>diximus</strong></span> <span class='ocrx_word' id='word_1_351' title='bbox 2946 2293 3068 2333; x_wconf 77' lang='lat' dir='ltr'><strong>esse</strong></span> <span class='ocrx_word' id='word_1_352' title='bbox 3112 2288 3387 2346; x_wconf 74' lang='lat' dir='ltr'><strong>corrupta.</strong></span> <span class='ocrx_word' id='word_1_353' title='bbox 3419 2276 3639 2331; x_wconf 87' lang='lat' dir='ltr'><strong>Interim</strong></span> 
     </span>
    </p>
   </div>
   <div class='ocr_carea' id='block_1_52' title="bbox 2059 2369 3640 2442">
    <p class='ocr_par' dir='ltr' id='par_1_52' title="bbox 2059 2369 3640 2442">
     <span class='ocr_line' id='line_1_52' title="bbox 2059 2369 3640 2442; baseline -0.005 -14"><span class='ocrx_word' id='word_1_354' title='bbox 2059 2384 2239 2428; x_wconf 86' lang='lat' dir='ltr'><strong>autem</strong></span> <span class='ocrx_word' id='word_1_355' title='bbox 2268 2373 2395 2428; x_wconf 89' lang='lat' dir='ltr'><strong>dum</strong></span> <span class='ocrx_word' id='word_1_356' title='bbox 2446 2372 2587 2427; x_wconf 89' lang='lat' dir='ltr'><strong>Deus</strong></span> <span class='ocrx_word' id='word_1_357' title='bbox 2633 2380 2745 2442; x_wconf 91' lang='lat' dir='ltr'><strong>opt.</strong></span> <span class='ocrx_word' id='word_1_358' title='bbox 2780 2386 2924 2425; x_wconf 81' lang='lat' dir='ltr'><strong>max.</strong></span> <span class='ocrx_word' id='word_1_359' title='bbox 2958 2369 3099 2425; x_wconf 86' lang='lat' dir='ltr'><strong>istud</strong></span> <span class='ocrx_word' id='word_1_360' title='bbox 3136 2370 3456 2425; x_wconf 77' lang='lat' dir='ltr'><strong>beneﬁcium</strong></span> <span class='ocrx_word' id='word_1_361' title='bbox 3506 2382 3640 2437; x_wconf 82' lang='lat' dir='ltr'><strong>prae-</strong></span> 
     </span>
    </p>
   </div>
   <div class='ocr_carea' id='block_1_53' title="bbox 2060 2465 3382 2533">
    <p class='ocr_par' dir='ltr' id='par_1_53' title="bbox 2060 2465 3382 2533">
     <span class='ocr_line' id='line_1_53' title="bbox 2060 2465 3382 2533; baseline -0.007 -10"><span class='ocrx_word' id='word_1_362' title='bbox 2060 2476 2166 2523; x_wconf 87' lang='lat' dir='ltr'><strong>stet</strong></span> <span class='ocrx_word' id='word_1_363' title='bbox 2188 2466 2531 2531; x_wconf 87' lang='lat' dir='ltr'><strong>mortalibus,</strong></span> <span class='ocrx_word' id='word_1_364' title='bbox 2568 2465 2651 2519; x_wconf 94' lang='lat' dir='ltr'><strong>his</strong></span> <span class='ocrx_word' id='word_1_365' title='bbox 2691 2466 3178 2533; x_wconf 87' lang='lat' dir='ltr'><strong>qualibuscumque</strong></span> <span class='ocrx_word' id='word_1_366' title='bbox 3208 2471 3382 2516; x_wconf 78' lang='lat' dir='ltr'><strong>utere.</strong></span> 
     </span>
    </p>
   </div>
   <div class='ocr_carea' id='block_1_54' title="bbox 2136 2558 3639 2631">
    <p class='ocr_par' dir='ltr' id='par_1_54' title="bbox 2136 2558 3639 2631">
     <span class='ocr_line' id='line_1_54' title="bbox 2136 2558 3639 2631; baseline -0.007 -15"><span class='ocrx_word' id='word_1_367' title='bbox 2136 2562 2419 2631; x_wconf 80' lang='lat' dir='ltr'><strong>Reliquum</strong></span> <span class='ocrx_word' id='word_1_368' title='bbox 2434 2571 2515 2614; x_wconf 86' lang='lat' dir='ltr'><strong>est</strong></span> <span class='ocrx_word' id='word_1_369' title='bbox 2537 2568 2596 2615; x_wconf 88' lang='lat' dir='ltr'><strong>ut</strong></span> <span class='ocrx_word' id='word_1_370' title='bbox 2623 2560 2881 2614; x_wconf 89' lang='lat' dir='ltr'><strong>nonnulla</strong></span> <span class='ocrx_word' id='word_1_371' title='bbox 2906 2560 3148 2612; x_wconf 88' lang='lat' dir='ltr'><strong>dicamus</strong></span> <span class='ocrx_word' id='word_1_372' title='bbox 3170 2560 3235 2612; x_wconf 83' lang='lat' dir='ltr'><strong>tle</strong></span> <span class='ocrx_word' id='word_1_373' title='bbox 3259 2573 3479 2612; x_wconf 88' lang='lat' dir='ltr'><strong>auctore</strong></span> <span class='ocrx_word' id='word_1_374' title='bbox 3502 2558 3639 2626; x_wconf 75' lang='lat' dir='ltr'><strong>ipSn,</strong></span> 
     </span>
    </p>
   </div>
   <div class='ocr_carea' id='block_1_55' title="bbox 2064 2649 3644 2724">
    <p class='ocr_par' dir='ltr' id='par_1_55' title="bbox 2064 2649 3644 2724">
     <span class='ocr_line' id='line_1_55' title="bbox 2064 2649 3644 2724; baseline -0.004 -17"><span class='ocrx_word' id='word_1_375' title='bbox 2064 2654 2185 2724; x_wconf 88' lang='lat' dir='ltr'><strong>quis</strong></span> <span class='ocrx_word' id='word_1_376' title='bbox 2217 2651 2435 2721; x_wconf 72' lang='lat' dir='ltr'><strong>cujusve</strong></span> <span class='ocrx_word' id='word_1_377' title='bbox 2467 2649 2648 2717; x_wconf 82' lang='lat' dir='ltr'><strong>fuerit,</strong></span> <span class='ocrx_word' id='word_1_378' title='bbox 2681 2660 2735 2704; x_wconf 91' lang='lat' dir='ltr'><strong>et</strong></span> <span class='ocrx_word' id='word_1_379' title='bbox 2775 2649 2838 2701; x_wconf 91' lang='lat' dir='ltr'><strong>ad</strong></span> <span class='ocrx_word' id='word_1_380' title='bbox 2890 2665 3009 2718; x_wconf 72' lang='lat' dir='ltr'><strong>qua:</strong></span> <span class='ocrx_word' id='word_1_381' title='bbox 3048 2649 3224 2702; x_wconf 77' lang='lat' dir='ltr'><strong>studia</strong></span> <span class='ocrx_word' id='word_1_382' title='bbox 3266 2658 3437 2701; x_wconf 88' lang='lat' dir='ltr'><strong>seniet</strong></span> <span class='ocrx_word' id='word_1_383' title='bbox 3472 2649 3644 2715; x_wconf 82' lang='lat' dir='ltr'><strong>appli-</strong></span> 
     </span>
    </p>
   </div>
   <div class='ocr_carea' id='block_1_56' title="bbox 2066 2742 3650 2811">
    <p class='ocr_par' dir='ltr' id='par_1_56' title="bbox 2066 2742 3650 2811">
     <span class='ocr_line' id='line_1_56' title="bbox 2066 2742 3650 2811; baseline -0.005 -11"><span class='ocrx_word' id='word_1_384' title='bbox 2066 2746 2262 2801; x_wconf 91' lang='lat' dir='ltr'><strong>cuerit.</strong></span> <span class='ocrx_word' id='word_1_385' title='bbox 2290 2744 2386 2799; x_wconf 83' lang='lat' dir='ltr'><strong>Vir</strong></span> <span class='ocrx_word' id='word_1_386' title='bbox 2418 2744 2507 2798; x_wconf 87' lang='lat' dir='ltr'><strong>ille</strong></span> <span class='ocrx_word' id='word_1_387' title='bbox 2529 2743 2866 2797; x_wconf 82' lang='lat' dir='ltr'><strong>clarissimus</strong></span> <span class='ocrx_word' id='word_1_388' title='bbox 2889 2744 2955 2795; x_wconf 90' lang='lat' dir='ltr'><strong>de</strong></span> <span class='ocrx_word' id='word_1_389' title='bbox 2978 2757 3083 2811; x_wconf 83' lang='lat' dir='ltr'><strong>quo</strong></span> <span class='ocrx_word' id='word_1_390' title='bbox 3112 2742 3272 2810; x_wconf 88' lang='lat' dir='ltr'><strong>paulo</strong></span> <span class='ocrx_word' id='word_1_391' title='bbox 3293 2756 3415 2795; x_wconf 56' lang='lat' dir='ltr'><strong>ante</strong></span> <span class='ocrx_word' id='word_1_392' title='bbox 3446 2756 3650 2794; x_wconf 82' lang='lat' dir='ltr'><strong>inemo-</strong></span> 
     </span>
    </p>
   </div>
   <div class='ocr_carea' id='block_1_57' title="bbox 2067 2834 3649 2910">
    <p class='ocr_par' dir='ltr' id='par_1_57' title="bbox 2067 2834 3649 2910">
     <span class='ocr_line' id='line_1_57' title="bbox 2067 2834 3649 2910; baseline -0.004 -16"><span class='ocrx_word' id='word_1_393' title='bbox 2067 2839 2202 2902; x_wconf 88' lang='lat' dir='ltr'><strong>ravi,</strong></span> <span class='ocrx_word' id='word_1_394' title='bbox 2235 2839 2321 2910; x_wconf 90' lang='lat' dir='ltr'><strong>qui</strong></span> <span class='ocrx_word' id='word_1_395' title='bbox 2371 2838 2576 2907; x_wconf 88' lang='lat' dir='ltr'><strong>primus</strong></span> <span class='ocrx_word' id='word_1_396' title='bbox 2607 2851 2769 2906; x_wconf 82' lang='lat' dir='ltr'><strong>Opera</strong></span> <span class='ocrx_word' id='word_1_397' title='bbox 2813 2836 2965 2890; x_wconf 83' lang='lat' dir='ltr'><strong>Marii</strong></span> <span class='ocrx_word' id='word_1_398' title='bbox 3023 2834 3340 2889; x_wconf 77' lang='lat' dir='ltr'><strong>Mercatoris</strong></span> <span class='ocrx_word' id='word_1_399' title='bbox 3383 2834 3567 2889; x_wconf 86' lang='lat' dir='ltr'><strong>emisit</strong></span> <span class='ocrx_word' id='word_1_400' title='bbox 3597 2835 3649 2887; x_wconf 92' lang='lat' dir='ltr'><strong>in</strong></span> 
     </span>
    </p>
   </div>
   <div class='ocr_carea' id='block_1_58' title="bbox 2070 2928 3654 2996">
    <p class='ocr_par' dir='ltr' id='par_1_58' title="bbox 2070 2928 3654 2996">
     <span class='ocr_line' id='line_1_58' title="bbox 2070 2928 3654 2996; baseline -0.005 -9"><span class='ocrx_word' id='word_1_401' title='bbox 2070 2934 2269 2996; x_wconf 85' lang='lat' dir='ltr'><strong>lucem,</strong></span> <span class='ocrx_word' id='word_1_402' title='bbox 2296 2931 2627 2985; x_wconf 63' lang='lat' dir='ltr'><strong>existimavit</strong></span> <span class='ocrx_word' id='word_1_403' title='bbox 2662 2944 2783 2983; x_wconf 91' lang='lat' dir='ltr'><strong>eum</strong></span> <span class='ocrx_word' id='word_1_404' title='bbox 2815 2929 3147 2994; x_wconf 86' lang='lat' dir='ltr'><strong>Campanum</strong></span> <span class='ocrx_word' id='word_1_405' title='bbox 3182 2928 3346 2982; x_wconf 78' lang='lat' dir='ltr'><strong>fuisse</strong></span> <span class='ocrx_word' id='word_1_406' title='bbox 3376 2939 3465 2980; x_wconf 78' lang='lat' dir='ltr'><strong>aut</strong></span> <span class='ocrx_word' id='word_1_407' title='bbox 3505 2928 3654 2995; x_wconf 81' lang='lat' dir='ltr'><strong>Apu-</strong></span> 
     </span>
    </p>
   </div>
   <div class='ocr_carea' id='block_1_59' title="bbox 2072 3019 3653 3093">
    <p class='ocr_par' dir='ltr' id='par_1_59' title="bbox 2072 3019 3653 3093">
     <span class='ocr_line' id='line_1_59' title="bbox 2072 3019 3653 3093; baseline -0.006 -13"><span class='ocrx_word' id='word_1_408' title='bbox 2072 3027 2206 3091; x_wconf 91' lang='lat' dir='ltr'><strong>lum,</strong></span> <span class='ocrx_word' id='word_1_409' title='bbox 2231 3025 2312 3079; x_wconf 91' lang='lat' dir='ltr'><strong>vel</strong></span> <span class='ocrx_word' id='word_1_410' title='bbox 2340 3040 2407 3079; x_wconf 83' lang='lat' dir='ltr'><strong>ex</strong></span> <span class='ocrx_word' id='word_1_411' title='bbox 2444 3039 2503 3079; x_wconf 91' lang='lat' dir='ltr'><strong>ea</strong></span> <span class='ocrx_word' id='word_1_412' title='bbox 2533 3032 2686 3093; x_wconf 89' lang='lat' dir='ltr'><strong>parte</strong></span> <span class='ocrx_word' id='word_1_413' title='bbox 2715 3022 2881 3077; x_wconf 66' lang='lat' dir='ltr'><strong>Italia:</strong></span> <span class='ocrx_word' id='word_1_414' title='bbox 2910 3037 3027 3090; x_wconf 75' lang='lat' dir='ltr'><strong>quce</strong></span> <span class='ocrx_word' id='word_1_415' title='bbox 3058 3023 3231 3090; x_wconf 76' lang='lat' dir='ltr'><strong>vergit</strong></span> <span class='ocrx_word' id='word_1_416' title='bbox 3272 3022 3338 3073; x_wconf 87' lang='lat' dir='ltr'><strong>ad</strong></span> <span class='ocrx_word' id='word_1_417' title='bbox 3388 3019 3653 3081; x_wconf 86' lang='lat' dir='ltr'><strong>Siciliam,</strong></span> 
     </span>
    </p>
   </div>
   <div class='ocr_carea' id='block_1_60' title="bbox 2075 3116 3655 3190">
    <p class='ocr_par' dir='ltr' id='par_1_60' title="bbox 2075 3116 3655 3190">
     <span class='ocr_line' id='line_1_60' title="bbox 2075 3116 3655 3190; baseline -0.003 -18"><span class='ocrx_word' id='word_1_418' title='bbox 2075 3120 2197 3190; x_wconf 87' lang='lat' dir='ltr'><strong>quia</strong></span> <span class='ocrx_word' id='word_1_419' title='bbox 2221 3118 2459 3174; x_wconf 74' lang='lat' dir='ltr'><strong>leestii</strong></span> <span class='ocrx_word' id='word_1_420' title='bbox 2499 3127 2554 3173; x_wconf 91' lang='lat' dir='ltr'><strong>et</strong></span> <span class='ocrx_word' id='word_1_421' title='bbox 2584 3117 2807 3185; x_wconf 74' lang='lat' dir='ltr'><strong>Iuliani,</strong></span> <span class='ocrx_word' id='word_1_422' title='bbox 2841 3132 3072 3185; x_wconf 88' lang='lat' dir='ltr'><strong>quorutn</strong></span> <span class='ocrx_word' id='word_1_423' title='bbox 3103 3117 3338 3185; x_wconf 89' lang='lat' dir='ltr'><strong>primum</strong></span> <span class='ocrx_word' id='word_1_424' title='bbox 3371 3116 3655 3169; x_wconf 82' lang='lat' dir='ltr'><strong>contendit</strong></span> 
     </span>
    </p>
   </div>
   <div class='ocr_carea' id='block_1_61' title="bbox 379 3190 3657 3282">
    <p class='ocr_par' dir='ltr' id='par_1_61' title="bbox 379 3190 3657 3282">
     <span class='ocr_line' id='line_1_61' title="bbox 379 3190 3657 3282; baseline -0.006 -4"><span class='ocrx_word' id='word_1_425' title='bbox 379 3210 487 3261; x_wconf 61' lang='lat' dir='ltr'><strong>“ll”</strong></span> <span class='ocrx_word' id='word_1_426' title='bbox 515 3208 810 3276; x_wconf 60' lang='lat' dir='ltr'><strong>exemplari</strong></span> <span class='ocrx_word' id='word_1_427' title='bbox 839 3221 973 3274; x_wconf 56' lang='lat' dir='ltr'><strong>opus</strong></span> <span class='ocrx_word' id='word_1_428' title='bbox 992 3220 1114 3259; x_wconf 63' lang='lat'><strong>3‘53</strong></span> <span class='ocrx_word' id='word_1_429' title='bbox 1137 3215 1189 3256; x_wconf 58' lang='lat' dir='ltr'><strong>“l</strong></span> <span class='ocrx_word' id='word_1_430' title='bbox 1213 3203 1499 3272; x_wconf 50' lang='lat' dir='ltr'><strong>depravam</strong></span> <span class='ocrx_word' id='word_1_431' title='bbox 1536 3209 1758 3271; x_wconf 67' lang='lat' dir='ltr'><strong>Wssem</strong></span> <span class='ocrx_word' id='word_1_432' title='bbox 1782 3216 1965 3255; x_wconf 57' lang='lat' dir='ltr'><strong>el&#39;leli‘</strong></span> <span class='ocrx_word' id='word_1_433' title='bbox 1994 3190 2040 3251; x_wconf 63' lang='grc' dir='ltr'><strong>Ο</strong></span> <span class='ocrx_word' id='word_1_434' title='bbox 2077 3213 2241 3268; x_wconf 70' lang='lat' dir='ltr'><strong>fuisse</strong></span> <span class='ocrx_word' id='word_1_435' title='bbox 2289 3215 2641 3282; x_wconf 82' lang='lat' dir='ltr'><strong>Campanum,</strong></span> <span class='ocrx_word' id='word_1_436' title='bbox 2670 3212 2835 3265; x_wconf 81' lang='lat' dir='ltr'><strong>alium</strong></span> <span class='ocrx_word' id='word_1_437' title='bbox 2890 3213 3138 3281; x_wconf 64' lang='lat' dir='ltr'><strong>Apulum,</strong></span> <span class='ocrx_word' id='word_1_438' title='bbox 3190 3225 3280 3265; x_wconf 88' lang='lat' dir='ltr'><strong>res</strong></span> <span class='ocrx_word' id='word_1_439' title='bbox 3329 3209 3657 3263; x_wconf 72' lang='lat' dir='ltr'><strong>dntttcstitas</strong></span> 
     </span>
    </p>
   </div>
   <div class='ocr_carea' id='block_1_62' title="bbox 382 3296 1968 3365">
    <p class='ocr_par' dir='ltr' id='par_1_62' title="bbox 382 3296 1968 3365">
     <span class='ocr_line' id='line_1_62' title="bbox 382 3296 1968 3365; baseline -0.003 -12"><span class='ocrx_word' id='word_1_440' title='bbox 382 3302 505 3355; x_wconf 79' lang='lat' dir='ltr'><strong>dari</strong></span> <span class='ocrx_word' id='word_1_441' title='bbox 526 3313 581 3354; x_wconf 84' lang='lat' dir='ltr'><strong>et</strong></span> <span class='ocrx_word' id='word_1_442' title='bbox 609 3303 805 3353; x_wconf 77' lang='lat' dir='ltr'><strong>omissa</strong></span> <span class='ocrx_word' id='word_1_443' title='bbox 860 3300 1092 3353; x_wconf 83' lang='lat' dir='ltr'><strong>restitui.</strong></span> <span class='ocrx_word' id='word_1_444' title='bbox 1124 3297 1485 3365; x_wconf 85' lang='lat' dir='ltr'><strong>Quamobrem</strong></span> <span class='ocrx_word' id='word_1_445' title='bbox 1514 3311 1566 3351; x_wconf 88' lang='lat' dir='ltr'><strong>vt</strong></span> <span class='ocrx_word' id='word_1_446' title='bbox 1597 3296 1705 3350; x_wconf 86' lang='lat' dir='ltr'><strong>kal.</strong></span> <span class='ocrx_word' id='word_1_447' title='bbox 1742 3297 1968 3351; x_wconf 86' lang='lat' dir='ltr'><strong>Deccm-</strong></span> 
     </span>
    </p>
   </div>
   <div class='ocr_carea' id='block_1_63' title="bbox 380 3389 1971 3460">
    <p class='ocr_par' dir='ltr' id='par_1_63' title="bbox 380 3389 1971 3460">
     <span class='ocr_line' id='line_1_63' title="bbox 380 3389 1971 3460; baseline -0.005 -10"><span class='ocrx_word' id='word_1_448' title='bbox 380 3396 501 3450; x_wconf 77' lang='lat' dir='ltr'><strong>bris</strong></span> <span class='ocrx_word' id='word_1_449' title='bbox 531 3398 653 3447; x_wconf 85' lang='lat' dir='ltr'><strong>auiti</strong></span> <span class='ocrx_word' id='word_1_450' title='bbox 686 3394 818 3447; x_wconf 73' lang='lat'><strong>1677</strong></span> <span class='ocrx_word' id='word_1_451' title='bbox 850 3393 1039 3460; x_wconf 86' lang='lat' dir='ltr'><strong>scripsi</strong></span> <span class='ocrx_word' id='word_1_452' title='bbox 1089 3392 1154 3445; x_wconf 88' lang='lat' dir='ltr'><strong>ad</strong></span> <span class='ocrx_word' id='word_1_453' title='bbox 1198 3390 1688 3445; x_wconf 89' lang='lat' dir='ltr'><strong>eminentissimum</strong></span> <span class='ocrx_word' id='word_1_454' title='bbox 1720 3389 1971 3444; x_wconf 76' lang='lat' dir='ltr'><strong>cardina-</strong></span> 
     </span>
    </p>
   </div>
   <div class='ocr_carea' id='block_1_64' title="bbox 386 3480 1969 3552">
    <p class='ocr_par' dir='ltr' id='par_1_64' title="bbox 386 3480 1969 3552">
     <span class='ocr_line' id='line_1_64' title="bbox 386 3480 1969 3552; baseline -0.003 -13"><span class='ocrx_word' id='word_1_455' title='bbox 386 3487 495 3539; x_wconf 86' lang='lat' dir='ltr'><strong>lem</strong></span> <span class='ocrx_word' id='word_1_456' title='bbox 541 3483 895 3552; x_wconf 81' lang='lat' dir='ltr'><strong>eamdemque</strong></span> <span class='ocrx_word' id='word_1_457' title='bbox 924 3483 1099 3536; x_wconf 88' lang='lat' dir='ltr'><strong>virum</strong></span> <span class='ocrx_word' id='word_1_458' title='bbox 1142 3480 1519 3535; x_wconf 83' lang='lat' dir='ltr'><strong>doctissimum</strong></span> <span class='ocrx_word' id='word_1_459' title='bbox 1571 3496 1633 3536; x_wconf 90' lang='lat' dir='ltr'><strong>ac</strong></span> <span class='ocrx_word' id='word_1_460' title='bbox 1664 3480 1969 3536; x_wconf 89' lang='lat' dir='ltr'><strong>studiorum</strong></span> 
     </span>
    </p>
   </div>
   <div class='ocr_carea' id='block_1_65' title="bbox 388 3574 1969 3644">
    <p class='ocr_par' dir='ltr' id='par_1_65' title="bbox 388 3574 1969 3644">
     <span class='ocr_line' id='line_1_65' title="bbox 388 3574 1969 3644; baseline -0.003 -13"><span class='ocrx_word' id='word_1_461' title='bbox 388 3589 700 3632; x_wconf 81' lang='lat' dir='ltr'><strong>nostrorum</strong></span> <span class='ocrx_word' id='word_1_462' title='bbox 731 3575 1162 3629; x_wconf 79' lang='lat' dir='ltr'><strong>amattlissitttum</strong></span> <span class='ocrx_word' id='word_1_463' title='bbox 1212 3574 1598 3644; x_wconf 84' lang='lat' dir='ltr'><strong>Hieronymum</strong></span> <span class='ocrx_word' id='word_1_464' title='bbox 1627 3574 1969 3638; x_wconf 84' lang='lat' dir='ltr'><strong>Casanatam,</strong></span> 
     </span>
    </p>
   </div>
   <div class='ocr_carea' id='block_1_66' title="bbox 384 3665 1974 3739">
    <p class='ocr_par' dir='ltr' id='par_1_66' title="bbox 384 3665 1974 3739">
     <span class='ocr_line' id='line_1_66' title="bbox 384 3665 1974 3739; baseline -0.004 -14"><span class='ocrx_word' id='word_1_465' title='bbox 384 3686 626 3739; x_wconf 86' lang='lat' dir='ltr'><strong>eumque</strong></span> <span class='ocrx_word' id='word_1_466' title='bbox 656 3669 837 3738; x_wconf 76' lang='lat' dir='ltr'><strong>rogavi</strong></span> <span class='ocrx_word' id='word_1_467' title='bbox 892 3677 949 3721; x_wconf 89' lang='lat' dir='ltr'><strong>ut.</strong></span> <span class='ocrx_word' id='word_1_468' title='bbox 988 3668 1040 3721; x_wconf 89' lang='lat' dir='ltr'><strong>iu</strong></span> <span class='ocrx_word' id='word_1_469' title='bbox 1074 3665 1179 3721; x_wconf 89' lang='lat' dir='ltr'><strong>mei</strong></span> <span class='ocrx_word' id='word_1_470' title='bbox 1210 3665 1433 3736; x_wconf 82' lang='lat' dir='ltr'><strong>gratiam</strong></span> <span class='ocrx_word' id='word_1_471' title='bbox 1492 3666 1693 3721; x_wconf 83' lang='lat' dir='ltr'><strong>laceret</strong></span> <span class='ocrx_word' id='word_1_472' title='bbox 1739 3666 1974 3720; x_wconf 79' lang='lat' dir='ltr'><strong>exscrihi</strong></span> 
     </span>
    </p>
   </div>
   <div class='ocr_carea' id='block_1_67' title="bbox 388 3742 1973 3828">
    <p class='ocr_par' dir='ltr' id='par_1_67' title="bbox 388 3742 1973 3828">
     <span class='ocr_line' id='line_1_67' title="bbox 388 3742 1973 3828; baseline -0.004 -11"><span class='ocrx_word' id='word_1_473' title='bbox 388 3764 638 3817; x_wconf 78' lang='lat' dir='ltr'><strong>codicem</strong></span> <span class='ocrx_word' id='word_1_474' title='bbox 670 3761 983 3814; x_wconf 76' lang='lat' dir='ltr'><strong>Vaticanum</strong></span> <span class='ocrx_word' id='word_1_475' title='bbox 1027 3760 1079 3813; x_wconf 91' lang='lat' dir='ltr'><strong>in</strong></span> <span class='ocrx_word' id='word_1_476' title='bbox 1127 3776 1232 3828; x_wconf 90' lang='lat' dir='ltr'><strong>quo</strong></span> <span class='ocrx_word' id='word_1_477' title='bbox 1281 3759 1427 3814; x_wconf 77' lang='lat' dir='ltr'><strong>Marii</strong></span> <span class='ocrx_word' id='word_1_478' title='bbox 1462 3742 1779 3814; x_wconf 83' lang='lat' dir='ltr'><strong>Mercatoris</strong></span> <span class='ocrx_word' id='word_1_479' title='bbox 1810 3774 1973 3827; x_wconf 88' lang='lat' dir='ltr'><strong>opera</strong></span> 
     </span>
    </p>
   </div>
   <div class='ocr_carea' id='block_1_68' title="bbox 384 3851 1977 3922">
    <p class='ocr_par' dir='ltr' id='par_1_68' title="bbox 384 3851 1977 3922">
     <span class='ocr_line' id='line_1_68' title="bbox 384 3851 1977 3922; baseline -0.004 -11"><span class='ocrx_word' id='word_1_480' title='bbox 384 3865 614 3911; x_wconf 67' lang='lat' dir='ltr'><strong>exstant</strong></span> <span class='ocrx_word' id='word_1_481' title='bbox 652 3865 704 3908; x_wconf 89' lang='lat' dir='ltr'><strong>et</strong></span> <span class='ocrx_word' id='word_1_482' title='bbox 731 3854 797 3907; x_wconf 79' lang='lat' dir='ltr'><strong>ad</strong></span> <span class='ocrx_word' id='word_1_483' title='bbox 828 3869 912 3908; x_wconf 92' lang='lat' dir='ltr'><strong>me</strong></span> <span class='ocrx_word' id='word_1_484' title='bbox 943 3852 1078 3907; x_wconf 88' lang='lat' dir='ltr'><strong>mitti</strong></span> <span class='ocrx_word' id='word_1_485' title='bbox 1107 3853 1341 3922; x_wconf 89' lang='lat' dir='ltr'><strong>jubcret.</strong></span> <span class='ocrx_word' id='word_1_486' title='bbox 1367 3852 1465 3906; x_wconf 85' lang='lat' dir='ltr'><strong>Ille</strong></span> <span class='ocrx_word' id='word_1_487' title='bbox 1489 3866 1617 3905; x_wconf 91' lang='lat' dir='ltr'><strong>vero</strong></span> <span class='ocrx_word' id='word_1_488' title='bbox 1667 3851 1737 3905; x_wconf 86' lang='lat' dir='ltr'><strong>ita</strong></span> <span class='ocrx_word' id='word_1_489' title='bbox 1783 3851 1849 3904; x_wconf 91' lang='lat' dir='ltr'><strong>ad</strong></span> <span class='ocrx_word' id='word_1_490' title='bbox 1892 3866 1977 3905; x_wconf 78' lang='lat' dir='ltr'><strong>nte</strong></span> 
     </span>
    </p>
   </div>
   <div class='ocr_carea' id='block_1_69' title="bbox 392 3945 1978 4017">
    <p class='ocr_par' dir='ltr' id='par_1_69' title="bbox 392 3945 1978 4017">
     <span class='ocr_line' id='line_1_69' title="bbox 392 3945 1978 4017; baseline -0.004 -12"><span class='ocrx_word' id='word_1_491' title='bbox 392 3950 678 4017; x_wconf 79' lang='lat' dir='ltr'><strong>rescripsit</strong></span> <span class='ocrx_word' id='word_1_492' title='bbox 702 3948 880 4001; x_wconf 85' lang='lat' dir='ltr'><strong>idibus</strong></span> <span class='ocrx_word' id='word_1_493' title='bbox 911 3946 1120 4001; x_wconf 77' lang='lat' dir='ltr'><strong>Martiis</strong></span> <span class='ocrx_word' id='word_1_494' title='bbox 1154 3948 1278 4001; x_wconf 89' lang='lat' dir='ltr'><strong>anui</strong></span> <span class='ocrx_word' id='word_1_495' title='bbox 1308 3946 1584 4014; x_wconf 82' lang='lat' dir='ltr'><strong>sequentis</strong></span> <span class='ocrx_word' id='word_1_496' title='bbox 1618 3964 1630 3998; x_wconf 95' lang='lat'>:</span> <span class='ocrx_word' id='word_1_497' title='bbox 1667 3945 1829 4000; x_wconf 87' lang='lat' dir='ltr'><strong>Plura</strong></span> <span class='ocrx_word' id='word_1_498' title='bbox 1853 3945 1978 3999; x_wconf 77' lang='lat' dir='ltr'><strong>mihi</strong></span> 
     </span>
    </p>
   </div>
   <div class='ocr_carea' id='block_1_70' title="bbox 394 4040 1975 4113">
    <p class='ocr_par' dir='ltr' id='par_1_70' title="bbox 394 4040 1975 4113">
     <span class='ocr_line' id='line_1_70' title="bbox 394 4040 1975 4113; baseline -0.001 -17"><span class='ocrx_word' id='word_1_499' title='bbox 394 4054 672 4097; x_wconf 77' lang='lat' dir='ltr'><strong>occurrunt</strong></span> <span class='ocrx_word' id='word_1_500' title='bbox 693 4042 962 4095; x_wconf 87' lang='lat' dir='ltr'><strong>scribenda</strong></span> <span class='ocrx_word' id='word_1_501' title='bbox 990 4051 1042 4094; x_wconf 89' lang='lat' dir='ltr'><strong>ut</strong></span> <span class='ocrx_word' id='word_1_502' title='bbox 1065 4042 1494 4113; x_wconf 77' lang='lat' dir='ltr'><strong>postulationibus</strong></span> <span class='ocrx_word' id='word_1_503' title='bbox 1516 4041 1615 4094; x_wconf 87' lang='lat' dir='ltr'><strong>tuis</strong></span> <span class='ocrx_word' id='word_1_504' title='bbox 1633 4040 1975 4111; x_wconf 78' lang='lat' dir='ltr'><strong>satisfaciam.</strong></span> 
     </span>
    </p>
   </div>
   <div class='ocr_carea' id='block_1_71' title="bbox 399 4133 1981 4191">
    <p class='ocr_par' dir='ltr' id='par_1_71' title="bbox 399 4133 1981 4191">
     <span class='ocr_line' id='line_1_71' title="bbox 399 4133 1981 4191; baseline -0.002 -1"><span class='ocrx_word' id='word_1_505' title='bbox 399 4140 576 4191; x_wconf 67' lang='lat' dir='ltr'><strong>Codex</strong></span> <span class='ocrx_word' id='word_1_506' title='bbox 602 4137 689 4190; x_wconf 82' lang='lat' dir='ltr'><strong>ille</strong></span> <span class='ocrx_word' id='word_1_507' title='bbox 712 4135 869 4189; x_wconf 68' lang='lat' dir='ltr'><strong>Harii</strong></span> <span class='ocrx_word' id='word_1_508' title='bbox 898 4136 1203 4189; x_wconf 77' lang='lat' dir='ltr'><strong>Mercatoris</strong></span> <span class='ocrx_word' id='word_1_509' title='bbox 1235 4133 1799 4189; x_wconf 84' lang='lat' dir='ltr'><strong>Palatino-Vaticanus</strong></span> <span class='ocrx_word' id='word_1_510' title='bbox 1819 4136 1981 4187; x_wconf 87' lang='lat' dir='ltr'><strong>colla-</strong></span> 
     </span>
    </p>
   </div>
   <div class='ocr_carea' id='block_1_72' title="bbox 400 4226 1982 4293">
    <p class='ocr_par' dir='ltr' id='par_1_72' title="bbox 400 4226 1982 4293">
     <span class='ocr_line' id='line_1_72' title="bbox 400 4226 1982 4293; baseline -0.002 -12"><span class='ocrx_word' id='word_1_511' title='bbox 400 4243 480 4282; x_wconf 79' lang='lat' dir='ltr'><strong>tus</strong></span> <span class='ocrx_word' id='word_1_512' title='bbox 509 4247 627 4282; x_wconf 87' lang='lat' dir='ltr'><strong>cum</strong></span> <span class='ocrx_word' id='word_1_513' title='bbox 664 4227 989 4281; x_wconf 73' lang='lat' dir='ltr'><strong>Bruxellensi</strong></span> <span class='ocrx_word' id='word_1_514' title='bbox 1026 4244 1086 4279; x_wconf 91' lang='lat' dir='ltr'><strong>ac</strong></span> <span class='ocrx_word' id='word_1_515' title='bbox 1131 4226 1435 4293; x_wconf 84' lang='lat' dir='ltr'><strong>Parisiensi,</strong></span> <span class='ocrx_word' id='word_1_516' title='bbox 1462 4227 1695 4279; x_wconf 86' lang='lat' dir='ltr'><strong>inventus</strong></span> <span class='ocrx_word' id='word_1_517' title='bbox 1725 4234 1798 4279; x_wconf 84' lang='lat' dir='ltr'><strong>est</strong></span> <span class='ocrx_word' id='word_1_518' title='bbox 1829 4226 1982 4291; x_wconf 82' lang='lat' dir='ltr'><strong>longe</strong></span> 
     </span>
    </p>
   </div>
   <div class='ocr_carea' id='block_1_73' title="bbox 393 4315 1982 4386">
    <p class='ocr_par' dir='ltr' id='par_1_73' title="bbox 393 4315 1982 4386">
     <span class='ocr_line' id='line_1_73' title="bbox 393 4315 1982 4386; baseline -0.003 -13"><span class='ocrx_word' id='word_1_519' title='bbox 393 4323 463 4373; x_wconf 81' lang='lat' dir='ltr'><strong>ab</strong></span> <span class='ocrx_word' id='word_1_520' title='bbox 493 4320 722 4386; x_wconf 84' lang='lat' dir='ltr'><strong>utrisque</strong></span> <span class='ocrx_word' id='word_1_521' title='bbox 751 4319 1001 4371; x_wconf 84' lang='lat' dir='ltr'><strong>diversus.</strong></span> <span class='ocrx_word' id='word_1_522' title='bbox 1028 4315 1237 4370; x_wconf 80' lang='lat' dir='ltr'><strong>Primus</strong></span> <span class='ocrx_word' id='word_1_523' title='bbox 1258 4317 1512 4386; x_wconf 83' lang='lat' dir='ltr'><strong>siquidem</strong></span> <span class='ocrx_word' id='word_1_524' title='bbox 1543 4316 1812 4370; x_wconf 80' lang='lat' dir='ltr'><strong>uoluminis</strong></span> <span class='ocrx_word' id='word_1_525' title='bbox 1841 4316 1982 4369; x_wconf 86' lang='lat' dir='ltr'><strong>illius</strong></span> 
     </span>
    </p>
   </div>
   <div class='ocr_carea' id='block_1_74' title="bbox 398 4406 1979 4481">
    <p class='ocr_par' dir='ltr' id='par_1_74' title="bbox 398 4406 1979 4481">
     <span class='ocr_line' id='line_1_74' title="bbox 398 4406 1979 4481; baseline -0.003 -17"><span class='ocrx_word' id='word_1_526' title='bbox 398 4412 589 4481; x_wconf 71' lang='lat' dir='ltr'><strong>exigua</strong></span> <span class='ocrx_word' id='word_1_527' title='bbox 621 4425 739 4479; x_wconf 80' lang='lat' dir='ltr'><strong>pars</strong></span> <span class='ocrx_word' id='word_1_528' title='bbox 790 4420 883 4461; x_wconf 83' lang='lat' dir='ltr'><strong>est.</strong></span> <span class='ocrx_word' id='word_1_529' title='bbox 919 4406 985 4460; x_wconf 86' lang='lat' dir='ltr'><strong>In</strong></span> <span class='ocrx_word' id='word_1_530' title='bbox 1028 4408 1195 4461; x_wconf 85' lang='lat' dir='ltr'><strong>altera</strong></span> <span class='ocrx_word' id='word_1_531' title='bbox 1249 4424 1387 4475; x_wconf 81' lang='lat' dir='ltr'><strong>vero,</strong></span> <span class='ocrx_word' id='word_1_532' title='bbox 1431 4406 1549 4460; x_wconf 85' lang='lat' dir='ltr'><strong>licet</strong></span> <span class='ocrx_word' id='word_1_533' title='bbox 1594 4408 1726 4460; x_wconf 84' lang='lat' dir='ltr'><strong>mole</strong></span> <span class='ocrx_word' id='word_1_534' title='bbox 1770 4408 1979 4479; x_wconf 84' lang='lat' dir='ltr'><strong>majori,</strong></span> 
     </span>
    </p>
   </div>
   <div class='ocr_carea' id='block_1_75' title="bbox 400 4502 1982 4573">
    <p class='ocr_par' dir='ltr' id='par_1_75' title="bbox 400 4502 1982 4573">
     <span class='ocr_line' id='line_1_75' title="bbox 400 4502 1982 4573; baseline -0.001 -18"><span class='ocrx_word' id='word_1_535' title='bbox 400 4504 569 4555; x_wconf 75' lang='lat' dir='ltr'><strong>multa</strong></span> <span class='ocrx_word' id='word_1_536' title='bbox 608 4504 811 4565; x_wconf 77' lang='lat' dir='ltr'><strong>desunt,</strong></span> <span class='ocrx_word' id='word_1_537' title='bbox 835 4514 880 4556; x_wconf 88' lang='lat' dir='ltr'><strong>et</strong></span> <span class='ocrx_word' id='word_1_538' title='bbox 924 4519 981 4555; x_wconf 88' lang='lat' dir='ltr'><strong>ea</strong></span> <span class='ocrx_word' id='word_1_539' title='bbox 1017 4518 1133 4572; x_wconf 65' lang='lat' dir='ltr'><strong>quae</strong></span> <span class='ocrx_word' id='word_1_540' title='bbox 1175 4502 1521 4567; x_wconf 83' lang='lat' dir='ltr'><strong>continentur,</strong></span> <span class='ocrx_word' id='word_1_541' title='bbox 1551 4502 1732 4556; x_wconf 83' lang='lat' dir='ltr'><strong>ordine</strong></span> <span class='ocrx_word' id='word_1_542' title='bbox 1772 4520 1982 4573; x_wconf 85' lang='lat' dir='ltr'><strong>prorsus</strong></span> 
     </span>
    </p>
   </div>
   <div class='ocr_carea' id='block_1_76' title="bbox 2079 3302 3658 3376">
    <p class='ocr_par' dir='ltr' id='par_1_76' title="bbox 2079 3302 3658 3376">
     <span class='ocr_line' id='line_1_76' title="bbox 2079 3302 3658 3376; baseline -0.004 -14"><span class='ocrx_word' id='word_1_543' title='bbox 2079 3310 2417 3376; x_wconf 87' lang='lat' dir='ltr'><strong>privatasque</strong></span> <span class='ocrx_word' id='word_1_544' title='bbox 2454 3307 2522 3360; x_wconf 89' lang='lat' dir='ltr'><strong>ita</strong></span> <span class='ocrx_word' id='word_1_545' title='bbox 2555 3306 2707 3360; x_wconf 89' lang='lat' dir='ltr'><strong>novit</strong></span> <span class='ocrx_word' id='word_1_546' title='bbox 2740 3304 3194 3375; x_wconf 88' lang='lat' dir='ltr'><strong>quemadmodum</strong></span> <span class='ocrx_word' id='word_1_547' title='bbox 3227 3305 3315 3358; x_wconf 81' lang='lat' dir='ltr'><strong>vix</strong></span> <span class='ocrx_word' id='word_1_548' title='bbox 3348 3302 3504 3358; x_wconf 90' lang='lat' dir='ltr'><strong>alteri</strong></span> <span class='ocrx_word' id='word_1_549' title='bbox 3530 3303 3658 3356; x_wconf 86' lang='lat' dir='ltr'><strong>licet</strong></span> 
     </span>
    </p>
   </div>
   <div class='ocr_carea' id='block_1_77' title="bbox 2077 3396 3659 3469">
    <p class='ocr_par' dir='ltr' id='par_1_77' title="bbox 2077 3396 3659 3469">
     <span class='ocr_line' id='line_1_77' title="bbox 2077 3396 3659 3469; baseline -0.005 -15"><span class='ocrx_word' id='word_1_550' title='bbox 2077 3415 2237 3469; x_wconf 89' lang='lat' dir='ltr'><strong>quam</strong></span> <span class='ocrx_word' id='word_1_551' title='bbox 2289 3400 2379 3467; x_wconf 92' lang='lat' dir='ltr'><strong>qui</strong></span> <span class='ocrx_word' id='word_1_552' title='bbox 2430 3397 2588 3453; x_wconf 76' lang='lat' dir='ltr'><strong>fuerit</strong></span> <span class='ocrx_word' id='word_1_553' title='bbox 2622 3398 2867 3468; x_wconf 75' lang='lat' dir='ltr'><strong>ejusdem</strong></span> <span class='ocrx_word' id='word_1_554' title='bbox 2919 3406 3011 3453; x_wconf 88' lang='lat' dir='ltr'><strong>aut</strong></span> <span class='ocrx_word' id='word_1_555' title='bbox 3057 3397 3289 3452; x_wconf 82' lang='lat' dir='ltr'><strong>civitatis</strong></span> <span class='ocrx_word' id='word_1_556' title='bbox 3329 3407 3422 3450; x_wconf 89' lang='lat' dir='ltr'><strong>aut</strong></span> <span class='ocrx_word' id='word_1_557' title='bbox 3469 3396 3659 3450; x_wconf 84' lang='lat' dir='ltr'><strong>saltem</strong></span> 
     </span>
    </p>
   </div>
   <div class='ocr_carea' id='block_1_78' title="bbox 2078 3490 3659 3564">
    <p class='ocr_par' dir='ltr' id='par_1_78' title="bbox 2078 3490 3659 3564">
     <span class='ocr_line' id='line_1_78' title="bbox 2078 3490 3659 3564; baseline -0.003 -20"><span class='ocrx_word' id='word_1_558' title='bbox 2078 3493 2392 3564; x_wconf 57' lang='lat' dir='ltr'><strong>provinciae.</strong></span> <span class='ocrx_word' id='word_1_559' title='bbox 2424 3491 2622 3547; x_wconf 79' lang='lat' dir='ltr'><strong>Verum</strong></span> <span class='ocrx_word' id='word_1_560' title='bbox 2665 3504 3041 3562; x_wconf 78' lang='lat' dir='ltr'><strong>argumentum</strong></span> <span class='ocrx_word' id='word_1_561' title='bbox 3074 3490 3215 3545; x_wconf 86' lang='lat' dir='ltr'><strong>istud</strong></span> <span class='ocrx_word' id='word_1_562' title='bbox 3250 3506 3354 3544; x_wconf 90' lang='lat' dir='ltr'><strong>non</strong></span> <span class='ocrx_word' id='word_1_563' title='bbox 3405 3490 3659 3557; x_wconf 88' lang='lat' dir='ltr'><strong>itnportat</strong></span> 
     </span>
    </p>
   </div>
   <div class='ocr_carea' id='block_1_79' title="bbox 2080 3581 3663 3651">
    <p class='ocr_par' dir='ltr' id='par_1_79' title="bbox 2080 3581 3663 3651">
     <span class='ocr_line' id='line_1_79' title="bbox 2080 3581 3663 3651; baseline -0.005 -12"><span class='ocrx_word' id='word_1_564' title='bbox 2080 3584 2444 3640; x_wconf 84' lang='lat' dir='ltr'><strong>necessariam</strong></span> <span class='ocrx_word' id='word_1_565' title='bbox 2471 3583 2822 3638; x_wconf 87' lang='lat' dir='ltr'><strong>evidentiam.</strong></span> <span class='ocrx_word' id='word_1_566' title='bbox 2844 3583 2973 3636; x_wconf 85' lang='lat' dir='ltr'><strong>Nam</strong></span> <span class='ocrx_word' id='word_1_567' title='bbox 3001 3591 3057 3637; x_wconf 89' lang='lat' dir='ltr'><strong>et</strong></span> <span class='ocrx_word' id='word_1_568' title='bbox 3082 3581 3663 3651; x_wconf 86' lang='lat' dir='ltr'><strong>Hieronymus,quam-</strong></span> 
     </span>
    </p>
   </div>
   <div class='ocr_carea' id='block_1_80' title="bbox 2081 3671 3657 3744">
    <p class='ocr_par' dir='ltr' id='par_1_80' title="bbox 2081 3671 3657 3744">
     <span class='ocr_line' id='line_1_80' title="bbox 2081 3671 3657 3744; baseline -0.002 -18"><span class='ocrx_word' id='word_1_569' title='bbox 2081 3676 2159 3729; x_wconf 86' lang='lat' dir='ltr'><strong>vis</strong></span> <span class='ocrx_word' id='word_1_570' title='bbox 2192 3677 2307 3744; x_wconf 84' lang='lat' dir='ltr'><strong>ipse</strong></span> <span class='ocrx_word' id='word_1_571' title='bbox 2339 3675 2732 3731; x_wconf 81' lang='lat' dir='ltr'><strong>Stridonicnsis</strong></span> <span class='ocrx_word' id='word_1_572' title='bbox 2764 3681 2912 3728; x_wconf 88' lang='lat' dir='ltr'><strong>esset</strong></span> <span class='ocrx_word' id='word_1_573' title='bbox 2940 3675 3053 3727; x_wconf 90' lang='lat' dir='ltr'><strong>sive</strong></span> <span class='ocrx_word' id='word_1_574' title='bbox 3086 3673 3351 3737; x_wconf 87' lang='lat' dir='ltr'><strong>Dalma&#39;a,</strong></span> <span class='ocrx_word' id='word_1_575' title='bbox 3388 3671 3534 3725; x_wconf 77' lang='lat' dir='ltr'><strong>Pauli</strong></span> <span class='ocrx_word' id='word_1_576' title='bbox 3567 3686 3657 3738; x_wconf 88' lang='lat' dir='ltr'><strong>pa-</strong></span> 
     </span>
    </p>
   </div>
   <div class='ocr_carea' id='block_1_81' title="bbox 2081 3762 3665 3822">
    <p class='ocr_par' dir='ltr' id='par_1_81' title="bbox 2081 3762 3665 3822">
     <span class='ocr_line' id='line_1_81' title="bbox 2081 3762 3665 3822; baseline -0.003 -2"><span class='ocrx_word' id='word_1_577' title='bbox 2081 3768 2182 3821; x_wconf 89' lang='lat' dir='ltr'><strong>tria</strong></span> <span class='ocrx_word' id='word_1_578' title='bbox 2228 3766 2469 3822; x_wconf 87' lang='lat' dir='ltr'><strong>Thebani</strong></span> <span class='ocrx_word' id='word_1_579' title='bbox 2517 3776 2574 3821; x_wconf 90' lang='lat' dir='ltr'><strong>et</strong></span> <span class='ocrx_word' id='word_1_580' title='bbox 2618 3765 2912 3820; x_wconf 78' lang='lat' dir='ltr'><strong>Hilarionis</strong></span> <span class='ocrx_word' id='word_1_581' title='bbox 2943 3764 3222 3820; x_wconf 70' lang='lat' dir='ltr'><strong>Palazsﬁni</strong></span> <span class='ocrx_word' id='word_1_582' title='bbox 3262 3764 3425 3817; x_wconf 87' lang='lat' dir='ltr'><strong>vitam</strong></span> <span class='ocrx_word' id='word_1_583' title='bbox 3463 3767 3540 3816; x_wconf 82' lang='lat' dir='ltr'><strong>sic</strong></span> <span class='ocrx_word' id='word_1_584' title='bbox 3567 3762 3665 3815; x_wconf 91' lang='lat' dir='ltr'><strong>de-</strong></span> 
     </span>
    </p>
   </div>
   <div class='ocr_carea' id='block_1_82' title="bbox 2082 3848 3667 3931">
    <p class='ocr_par' dir='ltr' id='par_1_82' title="bbox 2082 3848 3667 3931">
     <span class='ocr_line' id='line_1_82' title="bbox 2082 3848 3667 3931; baseline -0.008 -14"><span class='ocrx_word' id='word_1_585' title='bbox 2082 3862 2299 3930; x_wconf 75' lang='lat' dir='ltr'><strong>scripsit</strong></span> <span class='ocrx_word' id='word_1_586' title='bbox 2329 3872 2603 3931; x_wconf 89' lang='lat' dir='ltr'><strong>tamquam</strong></span> <span class='ocrx_word' id='word_1_587' title='bbox 2656 3860 2737 3913; x_wconf 88' lang='lat' dir='ltr'><strong>sui</strong></span> <span class='ocrx_word' id='word_1_588' title='bbox 2793 3867 2997 3922; x_wconf 60' lang='lat' dir='ltr'><strong>essent,</strong></span> <span class='ocrx_word' id='word_1_589' title='bbox 3026 3866 3082 3912; x_wconf 91' lang='lat' dir='ltr'><strong>et</strong></span> <span class='ocrx_word' id='word_1_590' title='bbox 3124 3857 3397 3926; x_wconf 80' lang='lat' dir='ltr'><strong>Vigilantii</strong></span> <span class='ocrx_word' id='word_1_591' title='bbox 3431 3848 3667 3910; x_wconf 78' lang='lat' dir='ltr'><strong>hominis</strong></span> 
     </span>
    </p>
   </div>
   <div class='ocr_carea' id='block_1_83' title="bbox 2086 3949 3667 4018">
    <p class='ocr_par' dir='ltr' id='par_1_83' title="bbox 2086 3949 3667 4018">
     <span class='ocr_line' id='line_1_83' title="bbox 2086 3949 3667 4018; baseline -0.008 -8"><span class='ocrx_word' id='word_1_592' title='bbox 2086 3953 2228 4010; x_wconf 88' lang='lat' dir='ltr'><strong>Galli</strong></span> <span class='ocrx_word' id='word_1_593' title='bbox 2273 3961 2450 4006; x_wconf 89' lang='lat' dir='ltr'><strong>ortum</strong></span> <span class='ocrx_word' id='word_1_594' title='bbox 2498 3958 2557 4006; x_wconf 90' lang='lat' dir='ltr'><strong>et</strong></span> <span class='ocrx_word' id='word_1_595' title='bbox 2582 3950 2780 4005; x_wconf 85' lang='lat' dir='ltr'><strong>natalia</strong></span> <span class='ocrx_word' id='word_1_596' title='bbox 2811 3951 2891 4005; x_wconf 87' lang='lat' dir='ltr'><strong>sic</strong></span> <span class='ocrx_word' id='word_1_597' title='bbox 2924 3950 3072 4003; x_wconf 90' lang='lat' dir='ltr'><strong>novit</strong></span> <span class='ocrx_word' id='word_1_598' title='bbox 3100 3964 3164 4003; x_wconf 87' lang='lat' dir='ltr'><strong>ac</strong></span> <span class='ocrx_word' id='word_1_599' title='bbox 3190 3951 3232 4003; x_wconf 88' lang='lat' dir='ltr'><strong>si</strong></span> <span class='ocrx_word' id='word_1_600' title='bbox 3266 3949 3510 4018; x_wconf 87' lang='lat' dir='ltr'><strong>ejusdem</strong></span> <span class='ocrx_word' id='word_1_601' title='bbox 3546 3964 3667 4002; x_wconf 83' lang='lat' dir='ltr'><strong>cntn</strong></span> 
     </span>
    </p>
   </div>
   <div class='ocr_carea' id='block_1_84' title="bbox 2086 4041 3668 4114">
    <p class='ocr_par' dir='ltr' id='par_1_84' title="bbox 2086 4041 3668 4114">
     <span class='ocr_line' id='line_1_84' title="bbox 2086 4041 3668 4114; baseline -0.003 -12"><span class='ocrx_word' id='word_1_602' title='bbox 2086 4047 2178 4102; x_wconf 93' lang='lat' dir='ltr'><strong>illo</strong></span> <span class='ocrx_word' id='word_1_603' title='bbox 2209 4045 2447 4101; x_wconf 87' lang='lat' dir='ltr'><strong>civitatis</strong></span> <span class='ocrx_word' id='word_1_604' title='bbox 2478 4053 2534 4100; x_wconf 91' lang='lat' dir='ltr'><strong>et</strong></span> <span class='ocrx_word' id='word_1_605' title='bbox 2579 4044 2874 4114; x_wconf 73' lang='lat' dir='ltr'><strong>provinciae</strong></span> <span class='ocrx_word' id='word_1_606' title='bbox 2913 4042 3126 4097; x_wconf 82' lang='lat' dir='ltr'><strong>fuisset.</strong></span> <span class='ocrx_word' id='word_1_607' title='bbox 3159 4041 3437 4111; x_wconf 80' lang='lat' dir='ltr'><strong>Exemplis</strong></span> <span class='ocrx_word' id='word_1_608' title='bbox 3468 4043 3668 4098; x_wconf 89' lang='lat' dir='ltr'><strong>talibus</strong></span> 
     </span>
    </p>
   </div>
   <div class='ocr_carea' id='block_1_85' title="bbox 2089 4133 3671 4206">
    <p class='ocr_par' dir='ltr' id='par_1_85' title="bbox 2089 4133 3671 4206">
     <span class='ocr_line' id='line_1_85' title="bbox 2089 4133 3671 4206; baseline 0.001 -18"><span class='ocrx_word' id='word_1_609' title='bbox 2089 4140 2245 4206; x_wconf 87' lang='lat' dir='ltr'><strong>plena</strong></span> <span class='ocrx_word' id='word_1_610' title='bbox 2297 4146 2424 4191; x_wconf 90' lang='lat' dir='ltr'><strong>sunt</strong></span> <span class='ocrx_word' id='word_1_611' title='bbox 2461 4136 2665 4191; x_wconf 88' lang='lat' dir='ltr'><strong>omnia.</strong></span> <span class='ocrx_word' id='word_1_612' title='bbox 2718 4136 2929 4203; x_wconf 85' lang='lat' dir='ltr'><strong>Itaque,</strong></span> <span class='ocrx_word' id='word_1_613' title='bbox 2961 4133 3216 4203; x_wconf 88' lang='lat' dir='ltr'><strong>quoniam</strong></span> <span class='ocrx_word' id='word_1_614' title='bbox 3269 4134 3399 4188; x_wconf 87' lang='lat' dir='ltr'><strong>mihi</strong></span> <span class='ocrx_word' id='word_1_615' title='bbox 3456 4150 3671 4203; x_wconf 84' lang='lat' dir='ltr'><strong>quoque</strong></span> 
     </span>
    </p>
   </div>
   <div class='ocr_carea' id='block_1_86' title="bbox 2088 4228 3669 4298">
    <p class='ocr_par' dir='ltr' id='par_1_86' title="bbox 2088 4228 3669 4298">
     <span class='ocr_line' id='line_1_86' title="bbox 2088 4228 3669 4298; baseline -0.003 -13"><span class='ocrx_word' id='word_1_616' title='bbox 2088 4232 2168 4287; x_wconf 69' lang='lat' dir='ltr'><strong>las</strong></span> <span class='ocrx_word' id='word_1_617' title='bbox 2195 4240 2276 4287; x_wconf 76' lang='lat' dir='ltr'><strong>est</strong></span> <span class='ocrx_word' id='word_1_618' title='bbox 2302 4231 2573 4298; x_wconf 88' lang='lat' dir='ltr'><strong>divinare,</strong></span> <span class='ocrx_word' id='word_1_619' title='bbox 2607 4230 2841 4284; x_wconf 67' lang='lat' dir='ltr'><strong>arbitror</strong></span> <span class='ocrx_word' id='word_1_620' title='bbox 2871 4228 3013 4283; x_wconf 88' lang='lat' dir='ltr'><strong>hunc</strong></span> <span class='ocrx_word' id='word_1_621' title='bbox 3041 4237 3281 4282; x_wconf 87' lang='lat' dir='ltr'><strong>nostrum</strong></span> <span class='ocrx_word' id='word_1_622' title='bbox 3318 4228 3669 4283; x_wconf 78' lang='lat' dir='ltr'><strong>Mercatoretn</strong></span> 
     </span>
    </p>
   </div>
   <div class='ocr_carea' id='block_1_87' title="bbox 2090 4319 3673 4387">
    <p class='ocr_par' dir='ltr' id='par_1_87' title="bbox 2090 4319 3673 4387">
     <span class='ocr_line' id='line_1_87' title="bbox 2090 4319 3673 4387; baseline -0.003 -9"><span class='ocrx_word' id='word_1_623' title='bbox 2090 4325 2255 4379; x_wconf 83' lang='lat' dir='ltr'><strong>fuisse</strong></span> <span class='ocrx_word' id='word_1_624' title='bbox 2295 4322 2506 4381; x_wconf 78' lang='lat' dir='ltr'><strong>Afrum.</strong></span> <span class='ocrx_word' id='word_1_625' title='bbox 2543 4333 2654 4375; x_wconf 92' lang='lat' dir='ltr'><strong>tnm</strong></span> <span class='ocrx_word' id='word_1_626' title='bbox 2705 4319 2829 4387; x_wconf 86' lang='lat' dir='ltr'><strong>quia</strong></span> <span class='ocrx_word' id='word_1_627' title='bbox 2881 4320 3129 4373; x_wconf 88' lang='lat' dir='ltr'><strong>eumdctn</strong></span> <span class='ocrx_word' id='word_1_628' title='bbox 3177 4335 3298 4374; x_wconf 53' lang='lat' dir='ltr'><strong>esse</strong></span> <span class='ocrx_word' id='word_1_629' title='bbox 3348 4320 3499 4373; x_wconf 81' lang='lat' dir='ltr'><strong>illurn</strong></span> <span class='ocrx_word' id='word_1_630' title='bbox 3553 4337 3673 4375; x_wconf 83' lang='lat' dir='ltr'><strong>reor</strong></span> 
     </span>
    </p>
   </div>
   <div class='ocr_carea' id='block_1_88' title="bbox 2088 4412 3674 4483">
    <p class='ocr_par' dir='ltr' id='par_1_88' title="bbox 2088 4412 3674 4483">
     <span class='ocr_line' id='line_1_88' title="bbox 2088 4412 3674 4483; baseline -0.003 -13"><span class='ocrx_word' id='word_1_631' title='bbox 2088 4432 2209 4470; x_wconf 91' lang='lat' dir='ltr'><strong>cum</strong></span> <span class='ocrx_word' id='word_1_632' title='bbox 2256 4431 2323 4471; x_wconf 93' lang='lat' dir='ltr'><strong>eo</strong></span> <span class='ocrx_word' id='word_1_633' title='bbox 2353 4416 2444 4483; x_wconf 89' lang='lat' dir='ltr'><strong>qui</strong></span> <span class='ocrx_word' id='word_1_634' title='bbox 2480 4414 2579 4468; x_wconf 82' lang='lat' dir='ltr'><strong>fuit</strong></span> <span class='ocrx_word' id='word_1_635' title='bbox 2608 4412 2908 4481; x_wconf 88' lang='lat' dir='ltr'><strong>discipulus</strong></span> <span class='ocrx_word' id='word_1_636' title='bbox 2955 4415 3126 4467; x_wconf 90' lang='lat' dir='ltr'><strong>sancti</strong></span> <span class='ocrx_word' id='word_1_637' title='bbox 3173 4412 3481 4481; x_wconf 75' lang='lat' dir='ltr'><strong>Augustini,</strong></span> <span class='ocrx_word' id='word_1_638' title='bbox 3515 4414 3674 4481; x_wconf 89' lang='lat' dir='ltr'><strong>cujus</strong></span> 
     </span>
    </p>
   </div>
   <div class='ocr_carea' id='block_1_89' title="bbox 2092 4505 3675 4574">
    <p class='ocr_par' dir='ltr' id='par_1_89' title="bbox 2092 4505 3675 4574">
     <span class='ocr_line' id='line_1_89' title="bbox 2092 4505 3675 4574; baseline -0.001 -13"><span class='ocrx_word' id='word_1_639' title='bbox 2092 4509 2180 4564; x_wconf 92' lang='lat' dir='ltr'><strong>hic</strong></span> <span class='ocrx_word' id='word_1_640' title='bbox 2210 4519 2394 4563; x_wconf 90' lang='lat' dir='ltr'><strong>noster</strong></span> <span class='ocrx_word' id='word_1_641' title='bbox 2411 4506 2933 4562; x_wconf 74' lang='lat' dir='ltr'><strong>sestudiosissimum</strong></span> <span class='ocrx_word' id='word_1_642' title='bbox 2953 4505 3404 4567; x_wconf 86' lang='lat' dir='ltr'><strong>etadmiratorem</strong></span> <span class='ocrx_word' id='word_1_643' title='bbox 3436 4519 3556 4561; x_wconf 85' lang='lat' dir='ltr'><strong>esse</strong></span> <span class='ocrx_word' id='word_1_644' title='bbox 3585 4520 3675 4574; x_wconf 69' lang='lat' dir='ltr'><strong>p.1-</strong></span> 
     </span>
    </p>
   </div>
   <div class='ocr_carea' id='block_1_90' title="bbox 396 4571 3676 4673">
    <p class='ocr_par' dir='ltr' id='par_1_90' title="bbox 396 4571 3676 4673">
     <span class='ocr_line' id='line_1_90' title="bbox 396 4571 3676 4673; baseline 0.001 -25"><span class='ocrx_word' id='word_1_645' title='bbox 396 4597 549 4648; x_wconf 75' lang='lat' dir='ltr'><strong>tario</strong></span> <span class='ocrx_word' id='word_1_646' title='bbox 574 4596 830 4661; x_wconf 74' lang='lat' dir='ltr'><strong>leguntur.</strong></span> <span class='ocrx_word' id='word_1_647' title='bbox 864 4594 1038 4658; x_wconf 85' lang='lat' dir='ltr'><strong>Quare</strong></span> <span class='ocrx_word' id='word_1_648' title='bbox 1074 4611 1260 4648; x_wconf 87' lang='lat' dir='ltr'><strong>manus</strong></span> <span class='ocrx_word' id='word_1_649' title='bbox 1290 4595 1435 4663; x_wconf 84' lang='lat' dir='ltr'><strong>operi</strong></span> <span class='ocrx_word' id='word_1_650' title='bbox 1462 4594 1602 4647; x_wconf 84' lang='lat' dir='ltr'><strong>illico</strong></span> <span class='ocrx_word' id='word_1_651' title='bbox 1623 4594 1831 4648; x_wconf 86' lang='lat' dir='ltr'><strong>admata</strong></span> <span class='ocrx_word' id='word_1_652' title='bbox 1863 4597 1981 4665; x_wconf 78' lang='lat' dir='ltr'><strong>fuit,</strong></span> <span class='ocrx_word' id='word_1_653' title='bbox 2014 4571 2069 4632; x_wconf 76' lang='lat' dir='ltr'><strong><em>D</em></strong></span> <span class='ocrx_word' id='word_1_654' title='bbox 2095 4602 2198 4654; x_wconf 73' lang='lat' dir='ltr'><strong>1am</strong></span> <span class='ocrx_word' id='word_1_655' title='bbox 2242 4598 2546 4673; x_wconf 83' lang='lat' dir='ltr'><strong>proﬁtetur,</strong></span> <span class='ocrx_word' id='word_1_656' title='bbox 2577 4607 2688 4650; x_wconf 92' lang='lat' dir='ltr'><strong>tum</strong></span> <span class='ocrx_word' id='word_1_657' title='bbox 2735 4597 2806 4651; x_wconf 93' lang='lat' dir='ltr'><strong>ob</strong></span> <span class='ocrx_word' id='word_1_658' title='bbox 2837 4595 3052 4651; x_wconf 89' lang='lat' dir='ltr'><strong>modum</strong></span> <span class='ocrx_word' id='word_1_659' title='bbox 3092 4596 3362 4650; x_wconf 85' lang='lat' dir='ltr'><strong>scribendi</strong></span> <span class='ocrx_word' id='word_1_660' title='bbox 3395 4612 3554 4665; x_wconf 84' lang='lat' dir='ltr'><strong>quam</strong></span> <span class='ocrx_word' id='word_1_661' title='bbox 3601 4598 3676 4650; x_wconf 79' lang='lat' dir='ltr'><strong>si-</strong></span> 
     </span>
    </p>
   </div>
   <div class='ocr_carea' id='block_1_91' title="bbox 402 4685 1987 4757">
    <p class='ocr_par' dir='ltr' id='par_1_91' title="bbox 402 4685 1987 4757">
     <span class='ocr_line' id='line_1_91' title="bbox 402 4685 1987 4757; baseline 0 -18"><span class='ocrx_word' id='word_1_662' title='bbox 402 4697 456 4739; x_wconf 82' lang='lat' dir='ltr'><strong>ut</strong></span> <span class='ocrx_word' id='word_1_663' title='bbox 490 4688 690 4757; x_wconf 83' lang='lat' dir='ltr'><strong>integro</strong></span> <span class='ocrx_word' id='word_1_664' title='bbox 718 4687 907 4739; x_wconf 82' lang='lat' dir='ltr'><strong>codicis</strong></span> <span class='ocrx_word' id='word_1_665' title='bbox 944 4685 1183 4739; x_wconf 82' lang='lat' dir='ltr'><strong>Vaticani</strong></span> <span class='ocrx_word' id='word_1_666' title='bbox 1211 4687 1559 4753; x_wconf 77' lang='lat' dir='ltr'><strong>exscriptione</strong></span> <span class='ocrx_word' id='word_1_667' title='bbox 1584 4688 1715 4740; x_wconf 85' lang='lat' dir='ltr'><strong>votis</strong></span> <span class='ocrx_word' id='word_1_668' title='bbox 1765 4687 1867 4740; x_wconf 84' lang='lat' dir='ltr'><strong>luis</strong></span> <span class='ocrx_word' id='word_1_669' title='bbox 1900 4706 1987 4740; x_wconf 80' lang='lat' dir='ltr'><strong>sa-</strong></span> 
     </span>
    </p>
   </div>
   <div class='ocr_carea' id='block_1_92' title="bbox 401 4776 1986 4847">
    <p class='ocr_par' dir='ltr' id='par_1_92' title="bbox 401 4776 1986 4847">
     <span class='ocr_line' id='line_1_92' title="bbox 401 4776 1986 4847; baseline 0 -18"><span class='ocrx_word' id='word_1_670' title='bbox 401 4779 717 4844; x_wconf 70' lang='lat' dir='ltr'><strong>tisfacerem.</strong></span> <span class='ocrx_word' id='word_1_671' title='bbox 756 4778 1011 4842; x_wconf 86' lang='lat' dir='ltr'><strong>Quoniam</strong></span> <span class='ocrx_word' id='word_1_672' title='bbox 1040 4793 1162 4830; x_wconf 78' lang='lat' dir='ltr'><strong>vero</strong></span> <span class='ocrx_word' id='word_1_673' title='bbox 1192 4794 1251 4831; x_wconf 89' lang='lat' dir='ltr'><strong>ea</strong></span> <span class='ocrx_word' id='word_1_674' title='bbox 1280 4778 1453 4831; x_wconf 87' lang='lat' dir='ltr'><strong>omnia</strong></span> <span class='ocrx_word' id='word_1_675' title='bbox 1496 4793 1613 4847; x_wconf 73' lang='lat' dir='ltr'><strong>qua:</strong></span> <span class='ocrx_word' id='word_1_676' title='bbox 1648 4776 1903 4832; x_wconf 85' lang='lat' dir='ltr'><strong>habentur</strong></span> <span class='ocrx_word' id='word_1_677' title='bbox 1934 4779 1986 4830; x_wconf 85' lang='lat' dir='ltr'><strong>in</strong></span> 
     </span>
    </p>
   </div>
   <div class='ocr_carea' id='block_1_93' title="bbox 400 4869 1989 4940">
    <p class='ocr_par' dir='ltr' id='par_1_93' title="bbox 400 4869 1989 4940">
     <span class='ocr_line' id='line_1_93' title="bbox 400 4869 1989 4940; baseline 0 -17"><span class='ocrx_word' id='word_1_678' title='bbox 400 4871 630 4923; x_wconf 78' lang='lat' dir='ltr'><strong>editione</strong></span> <span class='ocrx_word' id='word_1_679' title='bbox 654 4869 976 4923; x_wconf 69' lang='lat' dir='ltr'><strong>Bruxellensi</strong></span> <span class='ocrx_word' id='word_1_680' title='bbox 1016 4887 1227 4940; x_wconf 80' lang='lat' dir='ltr'><strong>prorsus</strong></span> <span class='ocrx_word' id='word_1_681' title='bbox 1278 4870 1587 4923; x_wconf 81' lang='lat' dir='ltr'><strong>conveniunt</strong></span> <span class='ocrx_word' id='word_1_682' title='bbox 1628 4887 1684 4924; x_wconf 86' lang='lat' dir='ltr'><strong>re</strong></span> <span class='ocrx_word' id='word_1_683' title='bbox 1726 4879 1772 4923; x_wconf 85' lang='lat' dir='ltr'><strong>et</strong></span> <span class='ocrx_word' id='word_1_684' title='bbox 1809 4871 1989 4924; x_wconf 83' lang='lat' dir='ltr'><strong>ordine</strong></span> 
     </span>
    </p>
   </div>
   <div class='ocr_carea' id='block_1_94' title="bbox 400 4960 1989 5032">
    <p class='ocr_par' dir='ltr' id='par_1_94' title="bbox 400 4960 1989 5032">
     <span class='ocr_line' id='line_1_94' title="bbox 400 4960 1989 5032; baseline 0.001 -17"><span class='ocrx_word' id='word_1_685' title='bbox 400 4980 523 5015; x_wconf 72' lang='lat' dir='ltr'><strong>cum</strong></span> <span class='ocrx_word' id='word_1_686' title='bbox 578 4964 922 5032; x_wconf 84' lang='lat' dir='ltr'><strong>manuscripto</strong></span> <span class='ocrx_word' id='word_1_687' title='bbox 986 4960 1264 5030; x_wconf 86' lang='lat' dir='ltr'><strong>Vaticano,</strong></span> <span class='ocrx_word' id='word_1_688' title='bbox 1314 4962 1612 5017; x_wconf 79' lang='lat' dir='ltr'><strong>nullatenus</strong></span> <span class='ocrx_word' id='word_1_689' title='bbox 1659 4963 1789 5015; x_wconf 76' lang='lat' dir='ltr'><strong>duxi</strong></span> <span class='ocrx_word' id='word_1_690' title='bbox 1818 4964 1885 5015; x_wconf 84' lang='lat' dir='ltr'><strong>in</strong></span> <span class='ocrx_word' id='word_1_691' title='bbox 1926 4965 1989 5017; x_wconf 87' lang='lat' dir='ltr'><strong>iis</strong></span> 
     </span>
    </p>
   </div>
   <div class='ocr_carea' id='block_1_95' title="bbox 402 5056 1987 5127">
    <p class='ocr_par' dir='ltr' id='par_1_95' title="bbox 402 5056 1987 5127">
     <span class='ocr_line' id='line_1_95' title="bbox 402 5056 1987 5127; baseline -0.001 -18"><span class='ocrx_word' id='word_1_692' title='bbox 402 5057 804 5110; x_wconf 61' lang='lat' dir='ltr'><strong>transcribendis</strong></span> <span class='ocrx_word' id='word_1_693' title='bbox 831 5067 1026 5127; x_wconf 81' lang='lat' dir='ltr'><strong>tempus</strong></span> <span class='ocrx_word' id='word_1_694' title='bbox 1060 5058 1315 5110; x_wconf 83' lang='lat' dir='ltr'><strong>insumere</strong></span> <span class='ocrx_word' id='word_1_695' title='bbox 1344 5073 1406 5109; x_wconf 89' lang='lat' dir='ltr'><strong>ac</strong></span> <span class='ocrx_word' id='word_1_696' title='bbox 1447 5056 1620 5110; x_wconf 84' lang='lat' dir='ltr'><strong>labore</strong></span> <span class='ocrx_word' id='word_1_697' title='bbox 1654 5057 1858 5124; x_wconf 85' lang='lat' dir='ltr'><strong>penitus</strong></span> <span class='ocrx_word' id='word_1_698' title='bbox 1899 5058 1987 5109; x_wconf 87' lang='lat' dir='ltr'><strong>in-</strong></span> 
     </span>
    </p>
   </div>
   <div class='ocr_carea' id='block_1_96' title="bbox 403 5147 1989 5216">
    <p class='ocr_par' dir='ltr' id='par_1_96' title="bbox 403 5147 1989 5216">
     <span class='ocr_line' id='line_1_96' title="bbox 403 5147 1989 5216; baseline -0.003 -14"><span class='ocrx_word' id='word_1_699' title='bbox 403 5152 524 5202; x_wconf 77' lang='lat' dir='ltr'><strong>utili</strong></span> <span class='ocrx_word' id='word_1_700' title='bbox 556 5159 645 5201; x_wconf 84' lang='lat' dir='ltr'><strong>tua</strong></span> <span class='ocrx_word' id='word_1_701' title='bbox 669 5148 928 5201; x_wconf 84' lang='lat' dir='ltr'><strong>desideria</strong></span> <span class='ocrx_word' id='word_1_702' title='bbox 973 5149 1303 5216; x_wconf 84' lang='lat' dir='ltr'><strong>protrahere;</strong></span> <span class='ocrx_word' id='word_1_703' title='bbox 1340 5148 1430 5201; x_wconf 84' lang='lat' dir='ltr'><strong>sed</strong></span> <span class='ocrx_word' id='word_1_704' title='bbox 1480 5149 1645 5201; x_wconf 84' lang='lat' dir='ltr'><strong>satius</strong></span> <span class='ocrx_word' id='word_1_705' title='bbox 1701 5147 1989 5201; x_wconf 76' lang='lat' dir='ltr'><strong>existimavi</strong></span> 
     </span>
    </p>
   </div>
   <div class='ocr_carea' id='block_1_97' title="bbox 401 5240 1992 5311">
    <p class='ocr_par' dir='ltr' id='par_1_97' title="bbox 401 5240 1992 5311">
     <span class='ocr_line' id='line_1_97' title="bbox 401 5240 1992 5311; baseline -0.003 -15"><span class='ocrx_word' id='word_1_706' title='bbox 401 5261 537 5310; x_wconf 84' lang='lat' dir='ltr'><strong>opus</strong></span> <span class='ocrx_word' id='word_1_707' title='bbox 581 5244 779 5295; x_wconf 86' lang='lat' dir='ltr'><strong>adoriri</strong></span> <span class='ocrx_word' id='word_1_708' title='bbox 812 5241 895 5294; x_wconf 78' lang='lat' dir='ltr'><strong>ubi</strong></span> <span class='ocrx_word' id='word_1_709' title='bbox 924 5243 1075 5294; x_wconf 83' lang='lat' dir='ltr'><strong>desiit</strong></span> <span class='ocrx_word' id='word_1_710' title='bbox 1118 5241 1414 5311; x_wconf 81' lang='lat' dir='ltr'><strong>Rigberius,</strong></span> <span class='ocrx_word' id='word_1_711' title='bbox 1444 5249 1497 5293; x_wconf 85' lang='lat' dir='ltr'><strong>ut</strong></span> <span class='ocrx_word' id='word_1_712' title='bbox 1544 5256 1611 5295; x_wconf 81' lang='lat' dir='ltr'><strong>ea:</strong></span> <span class='ocrx_word' id='word_1_713' title='bbox 1653 5240 1992 5303; x_wconf 86' lang='lat' dir='ltr'><strong>quaternione</strong></span> 
     </span>
    </p>
   </div>
   <div class='ocr_carea' id='block_1_98' title="bbox 401 5332 1993 5404">
    <p class='ocr_par' dir='ltr' id='par_1_98' title="bbox 401 5332 1993 5404">
     <span class='ocr_line' id='line_1_98' title="bbox 401 5332 1993 5404; baseline -0.004 -15"><span class='ocrx_word' id='word_1_714' title='bbox 401 5356 551 5400; x_wconf 73' lang='lat' dir='ltr'><strong>quan</strong></span> <span class='ocrx_word' id='word_1_715' title='bbox 580 5338 663 5389; x_wconf 86' lang='lat' dir='ltr'><strong>tibi</strong></span> <span class='ocrx_word' id='word_1_716' title='bbox 696 5338 989 5389; x_wconf 85' lang='lat' dir='ltr'><strong>transmitto</strong></span> <span class='ocrx_word' id='word_1_717' title='bbox 1026 5335 1326 5402; x_wconf 84' lang='lat' dir='ltr'><strong>contpcries,</strong></span> <span class='ocrx_word' id='word_1_718' title='bbox 1353 5335 1430 5386; x_wconf 77' lang='lat' dir='ltr'><strong>his</strong></span> <span class='ocrx_word' id='word_1_719' title='bbox 1474 5334 1625 5404; x_wconf 86' lang='lat' dir='ltr'><strong>plura</strong></span> <span class='ocrx_word' id='word_1_720' title='bbox 1662 5332 1798 5385; x_wconf 87' lang='lat' dir='ltr'><strong>brevi</strong></span> <span class='ocrx_word' id='word_1_721' title='bbox 1839 5332 1993 5384; x_wconf 89' lang='lat' dir='ltr'><strong>datu-</strong></span> 
     </span>
    </p>
   </div>
   <div class='ocr_carea' id='block_1_99' title="bbox 399 5420 1991 5480">
    <p class='ocr_par' dir='ltr' id='par_1_99' title="bbox 399 5420 1991 5480">
     <span class='ocr_line' id='line_1_99' title="bbox 399 5420 1991 5480; baseline -0.003 -2"><span class='ocrx_word' id='word_1_722' title='bbox 399 5445 516 5480; x_wconf 82' lang='lat' dir='ltr'><strong>rus.</strong></span> <span class='ocrx_word' id='word_1_723' title='bbox 546 5427 790 5480; x_wconf 72' lang='lat' dir='ltr'><strong>Barbaris</strong></span> <span class='ocrx_word' id='word_1_724' title='bbox 819 5443 878 5479; x_wconf 90' lang='lat' dir='ltr'><strong>ac</strong></span> <span class='ocrx_word' id='word_1_725' title='bbox 918 5430 1111 5480; x_wconf 86' lang='lat' dir='ltr'><strong>truncis</strong></span> <span class='ocrx_word' id='word_1_726' title='bbox 1138 5425 1344 5478; x_wconf 78' lang='lat' dir='ltr'><strong>vocibus</strong></span> <span class='ocrx_word' id='word_1_727' title='bbox 1374 5434 1534 5479; x_wconf 79' lang='lat' dir='ltr'><strong>scatet</strong></span> <span class='ocrx_word' id='word_1_728' title='bbox 1579 5424 1663 5477; x_wconf 84' lang='lat' dir='ltr'><strong>hic</strong></span> <span class='ocrx_word' id='word_1_729' title='bbox 1711 5424 1894 5477; x_wconf 69' lang='lat' dir='ltr'><strong>codex.</strong></span> <span class='ocrx_word' id='word_1_730' title='bbox 1921 5420 1991 5475; x_wconf 83' lang='lat' dir='ltr'><strong>Et</strong></span> 
     </span>
    </p>
   </div>
   <div class='ocr_carea' id='block_1_100' title="bbox 395 5520 1994 5591">
    <p class='ocr_par' dir='ltr' id='par_1_100' title="bbox 395 5520 1994 5591">
     <span class='ocr_line' id='line_1_100' title="bbox 395 5520 1994 5591; baseline 0.003 -20"><span class='ocrx_word' id='word_1_731' title='bbox 395 5522 635 5589; x_wconf 74' lang='lat' dir='ltr'><strong>quamvis</strong></span> <span class='ocrx_word' id='word_1_732' title='bbox 673 5520 827 5587; x_wconf 81' lang='lat' dir='ltr'><strong>facile</strong></span> <span class='ocrx_word' id='word_1_733' title='bbox 858 5521 1133 5585; x_wconf 84' lang='lat' dir='ltr'><strong>potuissem</strong></span> <span class='ocrx_word' id='word_1_734' title='bbox 1172 5536 1235 5573; x_wconf 77' lang='lat' dir='ltr'><strong>ea:</strong></span> <span class='ocrx_word' id='word_1_735' title='bbox 1272 5520 1475 5589; x_wconf 84' lang='lat' dir='ltr'><strong>ingenio</strong></span> <span class='ocrx_word' id='word_1_736' title='bbox 1506 5520 1626 5573; x_wconf 89' lang='lat' dir='ltr'><strong>illas</strong></span> <span class='ocrx_word' id='word_1_737' title='bbox 1654 5521 1730 5574; x_wconf 82' lang='lat' dir='ltr'><strong>vel</strong></span> <span class='ocrx_word' id='word_1_738' title='bbox 1756 5520 1994 5591; x_wconf 82' lang='lat' dir='ltr'><strong>supplere</strong></span> 
     </span>
    </p>
   </div>
   <div class='ocr_carea' id='block_1_101' title="bbox 397 5612 1992 5684">
    <p class='ocr_par' dir='ltr' id='par_1_101' title="bbox 397 5612 1992 5684">
     <span class='ocr_line' id='line_1_101' title="bbox 397 5612 1992 5684; baseline -0.002 -15"><span class='ocrx_word' id='word_1_739' title='bbox 397 5614 479 5669; x_wconf 72' lang='lat' dir='ltr'><strong>vel</strong></span> <span class='ocrx_word' id='word_1_740' title='bbox 505 5614 801 5677; x_wconf 79' lang='lat' dir='ltr'><strong>emendare,</strong></span> <span class='ocrx_word' id='word_1_741' title='bbox 831 5630 893 5667; x_wconf 77' lang='lat' dir='ltr'><strong>ea:</strong></span> <span class='ocrx_word' id='word_1_742' title='bbox 918 5612 1178 5666; x_wconf 81' lang='lat' dir='ltr'><strong>industria</strong></span> <span class='ocrx_word' id='word_1_743' title='bbox 1215 5620 1385 5665; x_wconf 88' lang='lat' dir='ltr'><strong>tamen</strong></span> <span class='ocrx_word' id='word_1_744' title='bbox 1435 5612 1606 5679; x_wconf 90' lang='lat' dir='ltr'><strong>omisi,</strong></span> <span class='ocrx_word' id='word_1_745' title='bbox 1643 5616 1876 5668; x_wconf 88' lang='lat' dir='ltr'><strong>conscius</strong></span> <span class='ocrx_word' id='word_1_746' title='bbox 1900 5630 1992 5684; x_wconf 86' lang='lat' dir='ltr'><strong>0p-</strong></span> 
     </span>
    </p>
   </div>
   <div class='ocr_carea' id='block_1_102' title="bbox 396 5706 1995 5779">
    <p class='ocr_par' dir='ltr' id='par_1_102' title="bbox 396 5706 1995 5779">
     <span class='ocr_line' id='line_1_102' title="bbox 396 5706 1995 5779; baseline 0.001 -19"><span class='ocrx_word' id='word_1_747' title='bbox 396 5718 517 5760; x_wconf 82' lang='lat' dir='ltr'><strong>tare</strong></span> <span class='ocrx_word' id='word_1_748' title='bbox 544 5719 592 5761; x_wconf 84' lang='lat' dir='ltr'><strong>te</strong></span> <span class='ocrx_word' id='word_1_749' title='bbox 618 5708 900 5779; x_wconf 81' lang='lat' dir='ltr'><strong>genuinum</strong></span> <span class='ocrx_word' id='word_1_750' title='bbox 928 5723 989 5760; x_wconf 76' lang='lat' dir='ltr'><strong>ac</strong></span> <span class='ocrx_word' id='word_1_751' title='bbox 1008 5707 1357 5776; x_wconf 77' lang='lat' dir='ltr'><strong>ﬁdelissimum</strong></span> <span class='ocrx_word' id='word_1_752' title='bbox 1379 5706 1525 5760; x_wconf 84' lang='lat' dir='ltr'><strong>illius</strong></span> <span class='ocrx_word' id='word_1_753' title='bbox 1548 5706 1765 5775; x_wconf 86' lang='lat' dir='ltr'><strong>codicis,</strong></span> <span class='ocrx_word' id='word_1_754' title='bbox 1796 5707 1995 5778; x_wconf 82' lang='lat' dir='ltr'><strong>qualis-</strong></span> 
     </span>
    </p>
   </div>
   <div class='ocr_carea' id='block_1_103' title="bbox 394 5801 1036 5872">
    <p class='ocr_par' dir='ltr' id='par_1_103' title="bbox 394 5801 1036 5872">
     <span class='ocr_line' id='line_1_103' title="bbox 394 5801 1036 5872; baseline -0.006 -15"><span class='ocrx_word' id='word_1_755' title='bbox 394 5812 619 5871; x_wconf 65' lang='lat' dir='ltr'><strong>m&#39;nque</strong></span> <span class='ocrx_word' id='word_1_756' title='bbox 645 5802 733 5867; x_wconf 80' lang='lat' dir='ltr'><strong>sit,</strong></span> <span class='ocrx_word' id='word_1_757' title='bbox 758 5801 1036 5872; x_wconf 65' lang='lat' dir='ltr'><strong>exemplar.</strong></span> 
     </span>
    </p>
   </div>
   <div class='ocr_carea' id='block_1_104' title="bbox 2094 4688 3674 4760">
    <p class='ocr_par' dir='ltr' id='par_1_104' title="bbox 2094 4688 3674 4760">
     <span class='ocr_line' id='line_1_104' title="bbox 2094 4688 3674 4760; baseline -0.003 -15"><span class='ocrx_word' id='word_1_758' title='bbox 2094 4691 2372 4746; x_wconf 83' lang='lat' dir='ltr'><strong>utillimum</strong></span> <span class='ocrx_word' id='word_1_759' title='bbox 2395 4689 2539 4760; x_wconf 86' lang='lat' dir='ltr'><strong>stylo</strong></span> <span class='ocrx_word' id='word_1_760' title='bbox 2560 4688 2883 4757; x_wconf 82' lang='lat' dir='ltr'><strong>scriptorum</strong></span> <span class='ocrx_word' id='word_1_761' title='bbox 2909 4688 3285 4744; x_wconf 79' lang='lat' dir='ltr'><strong>Africanorum</strong></span> <span class='ocrx_word' id='word_1_762' title='bbox 3311 4689 3452 4741; x_wconf 88' lang='lat' dir='ltr'><strong>illius</strong></span> <span class='ocrx_word' id='word_1_763' title='bbox 3477 4690 3674 4751; x_wconf 74' lang='lat' dir='ltr'><strong>aetatis,</strong></span> 
     </span>
    </p>
   </div>
   <div class='ocr_carea' id='block_1_105' title="bbox 2092 4777 3671 4851">
    <p class='ocr_par' dir='ltr' id='par_1_105' title="bbox 2092 4777 3671 4851">
     <span class='ocr_line' id='line_1_105' title="bbox 2092 4777 3671 4851; baseline -0.004 -15"><span class='ocrx_word' id='word_1_764' title='bbox 2092 4784 2324 4851; x_wconf 84' lang='lat' dir='ltr'><strong>denique</strong></span> <span class='ocrx_word' id='word_1_765' title='bbox 2384 4783 2506 4847; x_wconf 89' lang='lat' dir='ltr'><strong>quia</strong></span> <span class='ocrx_word' id='word_1_766' title='bbox 2578 4779 2866 4834; x_wconf 82' lang='lat' dir='ltr'><strong>Facundus</strong></span> <span class='ocrx_word' id='word_1_767' title='bbox 2924 4779 3211 4848; x_wconf 77' lang='lat' dir='ltr'><strong>episcopus</strong></span> <span class='ocrx_word' id='word_1_768' title='bbox 3264 4777 3671 4832; x_wconf 77' lang='lat' dir='ltr'><strong>Herniianensis</strong></span> 
     </span>
    </p>
   </div>
   <div class='ocr_carea' id='block_1_106' title="bbox 2092 4871 3674 4940">
    <p class='ocr_par' dir='ltr' id='par_1_106' title="bbox 2092 4871 3674 4940">
     <span class='ocr_line' id='line_1_106' title="bbox 2092 4871 3674 4940; baseline -0.004 -9"><span class='ocrx_word' id='word_1_769' title='bbox 2092 4879 2211 4939; x_wconf 85' lang='lat' dir='ltr'><strong>ejus</strong></span> <span class='ocrx_word' id='word_1_770' title='bbox 2242 4873 2419 4928; x_wconf 81' lang='lat' dir='ltr'><strong>verbis</strong></span> <span class='ocrx_word' id='word_1_771' title='bbox 2447 4872 2717 4927; x_wconf 88' lang='lat' dir='ltr'><strong>interdum</strong></span> <span class='ocrx_word' id='word_1_772' title='bbox 2741 4886 2870 4925; x_wconf 88' lang='lat' dir='ltr'><strong>usus</strong></span> <span class='ocrx_word' id='word_1_773' title='bbox 2897 4882 2979 4925; x_wconf 89' lang='lat' dir='ltr'><strong>est</strong></span> <span class='ocrx_word' id='word_1_774' title='bbox 3010 4871 3061 4923; x_wconf 93' lang='lat' dir='ltr'><strong>in</strong></span> <span class='ocrx_word' id='word_1_775' title='bbox 3090 4873 3484 4940; x_wconf 84' lang='lat' dir='ltr'><strong>compositione</strong></span> <span class='ocrx_word' id='word_1_776' title='bbox 3511 4872 3674 4925; x_wconf 90' lang='lat' dir='ltr'><strong>libro-</strong></span> 
     </span>
    </p>
   </div>
   <div class='ocr_carea' id='block_1_107' title="bbox 2095 4964 3539 5034">
    <p class='ocr_par' dir='ltr' id='par_1_107' title="bbox 2095 4964 3539 5034">
     <span class='ocr_line' id='line_1_107' title="bbox 2095 4964 3539 5034; baseline -0.002 -11"><span class='ocrx_word' id='word_1_777' title='bbox 2095 4985 2210 5023; x_wconf 88' lang='lat' dir='ltr'><strong>rum</strong></span> <span class='ocrx_word' id='word_1_778' title='bbox 2235 4968 2454 5022; x_wconf 76' lang='lat' dir='ltr'><strong>suorn&#39;tn</strong></span> <span class='ocrx_word' id='word_1_779' title='bbox 2486 4983 2581 5034; x_wconf 88' lang='lat' dir='ltr'><strong>pro</strong></span> <span class='ocrx_word' id='word_1_780' title='bbox 2613 4965 2928 5020; x_wconf 79' lang='lat' dir='ltr'><strong>defensione</strong></span> <span class='ocrx_word' id='word_1_781' title='bbox 2961 4964 3120 5017; x_wconf 89' lang='lat' dir='ltr'><strong>trium</strong></span> <span class='ocrx_word' id='word_1_782' title='bbox 3167 4964 3539 5032; x_wconf 78' lang='lat' dir='ltr'><strong>capitulorum.</strong></span> 
     </span>
    </p>
   </div>
   <div class='ocr_carea' id='block_1_108' title="bbox 2168 5055 3672 5127">
    <p class='ocr_par' dir='ltr' id='par_1_108' title="bbox 2168 5055 3672 5127">
     <span class='ocr_line' id='line_1_108' title="bbox 2168 5055 3672 5127; baseline -0.003 -12"><span class='ocrx_word' id='word_1_783' title='bbox 2168 5061 2446 5115; x_wconf 82' lang='lat' dir='ltr'><strong>Floruisse</strong></span> <span class='ocrx_word' id='word_1_784' title='bbox 2500 5060 2649 5114; x_wconf 88' lang='lat' dir='ltr'><strong>illum</strong></span> <span class='ocrx_word' id='word_1_785' title='bbox 2700 5059 2768 5112; x_wconf 89' lang='lat' dir='ltr'><strong>ab</strong></span> <span class='ocrx_word' id='word_1_786' title='bbox 2811 5074 2952 5111; x_wconf 88' lang='lat' dir='ltr'><strong>anno</strong></span> <span class='ocrx_word' id='word_1_787' title='bbox 3001 5055 3216 5111; x_wconf 84' lang='lat' dir='ltr'><strong>circiter</strong></span> <span class='ocrx_word' id='word_1_788' title='bbox 3261 5057 3368 5113; x_wconf 72' lang='grc'><strong>418</strong></span> <span class='ocrx_word' id='word_1_789' title='bbox 3414 5061 3672 5127; x_wconf 74' lang='lat' dir='ltr'><strong>usquead</strong></span> 
     </span>
    </p>
   </div>
   <div class='ocr_carea' id='block_1_109' title="bbox 2096 5149 3677 5219">
    <p class='ocr_par' dir='ltr' id='par_1_109' title="bbox 2096 5149 3677 5219">
     <span class='ocr_line' id='line_1_109' title="bbox 2096 5149 3677 5219; baseline -0.003 -12"><span class='ocrx_word' id='word_1_790' title='bbox 2096 5168 2295 5207; x_wconf 89' lang='lat' dir='ltr'><strong>annum</strong></span> <span class='ocrx_word' id='word_1_791' title='bbox 2325 5151 2430 5207; x_wconf 67' lang='lat'><strong>4‘0</strong></span> <span class='ocrx_word' id='word_1_792' title='bbox 2472 5152 2592 5205; x_wconf 88' lang='lat' dir='ltr'><strong>hinc</strong></span> <span class='ocrx_word' id='word_1_793' title='bbox 2624 5159 2771 5204; x_wconf 88' lang='lat' dir='ltr'><strong>recte</strong></span> <span class='ocrx_word' id='word_1_794' title='bbox 2800 5149 3017 5217; x_wconf 79' lang='lat' dir='ltr'><strong>rollegit</strong></span> <span class='ocrx_word' id='word_1_795' title='bbox 3052 5152 3135 5202; x_wconf 83' lang='lat' dir='ltr'><strong>vir</strong></span> <span class='ocrx_word' id='word_1_796' title='bbox 3156 5149 3501 5203; x_wconf 62' lang='lat' dir='ltr'><strong>doctissimus</strong></span> <span class='ocrx_word' id='word_1_797' title='bbox 3531 5151 3677 5219; x_wconf 84' lang='lat' dir='ltr'><strong>quod</strong></span> 
     </span>
    </p>
   </div>
   <div class='ocr_carea' id='block_1_110' title="bbox 2095 5242 3676 5316">
    <p class='ocr_par' dir='ltr' id='par_1_110' title="bbox 2095 5242 3676 5316">
     <span class='ocr_line' id='line_1_110' title="bbox 2095 5242 3676 5316; baseline -0.003 -15"><span class='ocrx_word' id='word_1_798' title='bbox 2095 5247 2302 5316; x_wconf 86' lang='lat' dir='ltr'><strong>accepit</strong></span> <span class='ocrx_word' id='word_1_799' title='bbox 2342 5246 2409 5299; x_wconf 89' lang='lat' dir='ltr'><strong>ab</strong></span> <span class='ocrx_word' id='word_1_800' title='bbox 2447 5245 2753 5313; x_wconf 77' lang='lat' dir='ltr'><strong>Augustino</strong></span> <span class='ocrx_word' id='word_1_801' title='bbox 2783 5244 3067 5310; x_wconf 83' lang='lat' dir='ltr'><strong>epistolam</strong></span> <span class='ocrx_word' id='word_1_802' title='bbox 3102 5258 3246 5296; x_wconf 86' lang='lat' dir='ltr'><strong>anno</strong></span> <span class='ocrx_word' id='word_1_803' title='bbox 3274 5242 3415 5307; x_wconf 70' lang='lat' dir='ltr'><strong>M8,</strong></span> <span class='ocrx_word' id='word_1_804' title='bbox 3446 5250 3505 5297; x_wconf 90' lang='lat' dir='ltr'><strong>et</strong></span> <span class='ocrx_word' id='word_1_805' title='bbox 3531 5244 3676 5312; x_wconf 86' lang='lat' dir='ltr'><strong>quod</strong></span> 
     </span>
    </p>
   </div>
   <div class='ocr_carea' id='block_1_111' title="bbox 2100 5335 3675 5410">
    <p class='ocr_par' dir='ltr' id='par_1_111' title="bbox 2100 5335 3675 5410">
     <span class='ocr_line' id='line_1_111' title="bbox 2100 5335 3675 5410; baseline -0.001 -17"><span class='ocrx_word' id='word_1_806' title='bbox 2100 5340 2319 5393; x_wconf 64' lang='lat' dir='ltr'><strong>llﬂ‘l‘CSiS</strong></span> <span class='ocrx_word' id='word_1_807' title='bbox 2342 5338 2690 5410; x_wconf 71' lang='lat' dir='ltr'><strong>Eutychiante</strong></span> <span class='ocrx_word' id='word_1_808' title='bbox 2711 5335 2904 5390; x_wconf 79' lang='lat' dir='ltr'><strong>al&#39;cubi</strong></span> <span class='ocrx_word' id='word_1_809' title='bbox 2929 5335 3253 5400; x_wconf 90' lang='lat' dir='ltr'><strong>meminerit,</strong></span> <span class='ocrx_word' id='word_1_810' title='bbox 3268 5349 3387 5404; x_wconf 67' lang='lat' dir='ltr'><strong>quae</strong></span> <span class='ocrx_word' id='word_1_811' title='bbox 3410 5349 3554 5390; x_wconf 79' lang='lat' dir='ltr'><strong>anno</strong></span> <span class='ocrx_word' id='word_1_812' title='bbox 3573 5336 3675 5392; x_wconf 68' lang='lat'><strong>451</strong></span> 
     </span>
    </p>
   </div>
   <div class='ocr_carea' id='block_1_112' title="bbox 2099 5429 3684 5504">
    <p class='ocr_par' dir='ltr' id='par_1_112' title="bbox 2099 5429 3684 5504">
     <span class='ocr_line' id='line_1_112' title="bbox 2099 5429 3684 5504; baseline -0.004 -14"><span class='ocrx_word' id='word_1_813' title='bbox 2099 5436 2348 5491; x_wconf 87' lang='lat' dir='ltr'><strong>damnata</strong></span> <span class='ocrx_word' id='word_1_814' title='bbox 2382 5445 2485 5496; x_wconf 81' lang='lat' dir='ltr'><strong>est,</strong></span> <span class='ocrx_word' id='word_1_815' title='bbox 2518 5433 2659 5504; x_wconf 89' lang='lat' dir='ltr'><strong>quod</strong></span> <span class='ocrx_word' id='word_1_816' title='bbox 2694 5432 2932 5502; x_wconf 81' lang='lat' dir='ltr'><strong>pluribus</strong></span> <span class='ocrx_word' id='word_1_817' title='bbox 2968 5429 3187 5484; x_wconf 77' lang='lat' dir='ltr'><strong>coniicit</strong></span> <span class='ocrx_word' id='word_1_818' title='bbox 3215 5429 3353 5484; x_wconf 90' lang='lat' dir='ltr'><strong>idem</strong></span> <span class='ocrx_word' id='word_1_819' title='bbox 3385 5430 3467 5484; x_wconf 91' lang='lat' dir='ltr'><strong>vir</strong></span> <span class='ocrx_word' id='word_1_820' title='bbox 3491 5430 3684 5485; x_wconf 86' lang='lat' dir='ltr'><strong>claris-</strong></span> 
     </span>
    </p>
   </div>
   <div class='ocr_carea' id='block_1_113' title="bbox 2100 5522 3680 5591">
    <p class='ocr_par' dir='ltr' id='par_1_113' title="bbox 2100 5522 3680 5591">
     <span class='ocr_line' id='line_1_113' title="bbox 2100 5522 3680 5591; baseline -0.006 -8"><span class='ocrx_word' id='word_1_821' title='bbox 2100 5529 2289 5583; x_wconf 90' lang='lat' dir='ltr'><strong>simus.</strong></span> <span class='ocrx_word' id='word_1_822' title='bbox 2326 5526 2551 5579; x_wconf 84' lang='lat' dir='ltr'><strong>Fallitur</strong></span> <span class='ocrx_word' id='word_1_823' title='bbox 2582 5536 2784 5590; x_wconf 87' lang='lat' dir='ltr'><strong>tamen,</strong></span> <span class='ocrx_word' id='word_1_824' title='bbox 2817 5535 2876 5577; x_wconf 89' lang='lat' dir='ltr'><strong>ut</strong></span> <span class='ocrx_word' id='word_1_825' title='bbox 2904 5522 3163 5587; x_wconf 86' lang='lat' dir='ltr'><strong>arbitror,</strong></span> <span class='ocrx_word' id='word_1_826' title='bbox 3196 5523 3245 5575; x_wconf 89' lang='lat' dir='ltr'><strong>in</strong></span> <span class='ocrx_word' id='word_1_827' title='bbox 3276 5536 3341 5576; x_wconf 89' lang='lat' dir='ltr'><strong>eo</strong></span> <span class='ocrx_word' id='word_1_828' title='bbox 3364 5523 3505 5591; x_wconf 88' lang='lat' dir='ltr'><strong>quod</strong></span> <span class='ocrx_word' id='word_1_829' title='bbox 3538 5522 3680 5576; x_wconf 82' lang='lat' dir='ltr'><strong>exis-</strong></span> 
     </span>
    </p>
   </div>
   <div class='ocr_carea' id='block_1_114' title="bbox 2102 5613 3674 5684">
    <p class='ocr_par' dir='ltr' id='par_1_114' title="bbox 2102 5613 3674 5684">
     <span class='ocr_line' id='line_1_114' title="bbox 2102 5613 3674 5684; baseline -0.006 -11"><span class='ocrx_word' id='word_1_830' title='bbox 2102 5621 2255 5675; x_wconf 90' lang='lat' dir='ltr'><strong>timat</strong></span> <span class='ocrx_word' id='word_1_831' title='bbox 2276 5618 2359 5672; x_wconf 86' lang='lat' dir='ltr'><strong>vel</strong></span> <span class='ocrx_word' id='word_1_832' title='bbox 2390 5633 2497 5672; x_wconf 90' lang='lat' dir='ltr'><strong>non</strong></span> <span class='ocrx_word' id='word_1_833' title='bbox 2532 5618 2844 5684; x_wconf 87' lang='lat' dir='ltr'><strong>pervenisse</strong></span> <span class='ocrx_word' id='word_1_834' title='bbox 2869 5631 2990 5670; x_wconf 90' lang='lat' dir='ltr'><strong>eum</strong></span> <span class='ocrx_word' id='word_1_835' title='bbox 3017 5614 3084 5668; x_wconf 89' lang='lat' dir='ltr'><strong>ad</strong></span> <span class='ocrx_word' id='word_1_836' title='bbox 3127 5630 3326 5668; x_wconf 90' lang='lat' dir='ltr'><strong>annum</strong></span> <span class='ocrx_word' id='word_1_837' title='bbox 3369 5613 3475 5668; x_wconf 75' lang='grc'><strong>450</strong></span> <span class='ocrx_word' id='word_1_838' title='bbox 3496 5613 3579 5666; x_wconf 89' lang='lat' dir='ltr'><strong>vel</strong></span> <span class='ocrx_word' id='word_1_839' title='bbox 3610 5628 3674 5665; x_wconf 80' lang='lat' dir='ltr'><strong>ex</strong></span> 
     </span>
    </p>
   </div>
   <div class='ocr_carea' id='block_1_115' title="bbox 2102 5704 3679 5781">
    <p class='ocr_par' dir='ltr' id='par_1_115' title="bbox 2102 5704 3679 5781">
     <span class='ocr_line' id='line_1_115' title="bbox 2102 5704 3679 5781; baseline -0.008 -15"><span class='ocrx_word' id='word_1_840' title='bbox 2102 5728 2168 5766; x_wconf 89' lang='lat' dir='ltr'><strong>eo</strong></span> <span class='ocrx_word' id='word_1_841' title='bbox 2194 5720 2439 5781; x_wconf 81' lang='lat' dir='ltr'><strong>tempore</strong></span> <span class='ocrx_word' id='word_1_842' title='bbox 2462 5710 2597 5765; x_wconf 85' lang='lat' dir='ltr'><strong>nihil</strong></span> <span class='ocrx_word' id='word_1_843' title='bbox 2627 5710 2829 5779; x_wconf 86' lang='lat' dir='ltr'><strong>scripto</strong></span> <span class='ocrx_word' id='word_1_844' title='bbox 2854 5708 3138 5762; x_wconf 85' lang='lat' dir='ltr'><strong>mandasse</strong></span> <span class='ocrx_word' id='word_1_845' title='bbox 3167 5704 3310 5774; x_wconf 90' lang='lat' dir='ltr'><strong>quod</strong></span> <span class='ocrx_word' id='word_1_846' title='bbox 3342 5704 3406 5757; x_wconf 93' lang='lat' dir='ltr'><strong>ad</strong></span> <span class='ocrx_word' id='word_1_847' title='bbox 3436 5718 3534 5757; x_wconf 87' lang='lat' dir='ltr'><strong>nos</strong></span> <span class='ocrx_word' id='word_1_848' title='bbox 3558 5718 3679 5771; x_wconf 80' lang='lat' dir='ltr'><strong>per-</strong></span> 
     </span>
    </p>
   </div>
   <div class='ocr_carea' id='block_1_116' title="bbox 2104 5794 3678 5872">
    <p class='ocr_par' dir='ltr' id='par_1_116' title="bbox 2104 5794 3678 5872">
     <span class='ocr_line' id='line_1_116' title="bbox 2104 5794 3678 5872; baseline -0.01 -10"><span class='ocrx_word' id='word_1_849' title='bbox 2104 5805 2331 5862; x_wconf 82' lang='lat' dir='ltr'><strong>venerit.</strong></span> <span class='ocrx_word' id='word_1_850' title='bbox 2366 5804 2497 5862; x_wconf 82' lang='lat' dir='ltr'><strong>Nam</strong></span> <span class='ocrx_word' id='word_1_851' title='bbox 2530 5819 2651 5861; x_wconf 88' lang='lat' dir='ltr'><strong>cum</strong></span> <span class='ocrx_word' id='word_1_852' title='bbox 2685 5818 2748 5861; x_wconf 77' lang='lat' dir='ltr'><strong>ex</strong></span> <span class='ocrx_word' id='word_1_853' title='bbox 2800 5802 2882 5858; x_wconf 84' lang='lat' dir='ltr'><strong>his</strong></span> <span class='ocrx_word' id='word_1_854' title='bbox 2923 5814 3041 5872; x_wconf 64' lang='lat' dir='ltr'><strong>quae</strong></span> <span class='ocrx_word' id='word_1_855' title='bbox 3088 5797 3393 5854; x_wconf 75' lang='lat' dir='ltr'><strong>referuntur</strong></span> <span class='ocrx_word' id='word_1_856' title='bbox 3419 5807 3537 5863; x_wconf 80' lang='lat' dir='ltr'><strong>pag.</strong></span> <span class='ocrx_word' id='word_1_857' title='bbox 3570 5794 3678 5853; x_wconf 75' lang='lat'><strong>355</strong></span> 
     </span>
    </p>
   </div>
  </div>
