4014 6188
421 294 479 355 ,ΣΠ
1233 314 1295 367 IN
1335 315 1562 371 OPEIM
1607 320 1794 375 MM“!
1840 324 2277 385 lilEliCATORlS
2318 332 2847 396 PHULEGUMENA.
3612 358 3683 412 43

413 426 627 473 constet
649 418 802 477 illum
830 422 1113 492 scripsisse
1144 438 1261 495 p.tsl
1292 428 1569 484 inventum
1601 448 1794 489 nomen
1830 437 1993 509 Euty-
2026 445 2070 500 Α
2104 442 2252 498 illum
2283 447 2567 516 scripsisse
2605 462 2894 524 antequam
2932 455 3398 522 ﬂitalcedionensis
3439 472 3680 540 synodus

413 510 730 540 ιιιιίειηΛ-.....
792 514 841 540 :.l
876 523 954 540 Α...
1013 516 1285 540 -Iz-..n--.-
1318 533 1430 540 ..κη
1464 522 1475 540 ι
1536 524 1581 540 ι’
1624 539 1627 540 ,
1888 528 1898 540 .
2107 533 2117 540 .
2180 535 2189 540 .

413 510 753 579 cliianorum,
792 514 841 566 id
873 523 979 581 est,
1012 516 1289 585 aliquanto
1318 533 1434 588 post
1462 522 1695 577 habitam
1728 528 1991 596 synodum

412 599 945 670 Cltalcedonensem,
1002 622 1123 676 quae
1194 608 1469 665 damnavit
1525 614 1749 684 impium
1803 618 1992 689 dogma

416 691 752 763 Eutychetis,
768 695 1114 752 manifestum
1136 707 1219 754 est
1243 701 1394 755 illum
1421 706 1701 772 scripsisse
1720 709 1995 781 aliquanto

416 796 537 852 post
566 801 764 841 annum
796 787 924 855 451,
951 805 1057 860 quo
1087 794 1327 865 synodus
1352 796 1437 850 illa
1470 797 1648 852 habita
1681 812 1780 855 est.

485 878 701 931 Atenim
728 880 993 936 Mereator
1016 886 1256 953 graviter
1275 886 1566 942 insectatur
1591 890 1992 949 Tlteodoretum

398 970 729 1041 repisc0pum
771 971 1085 1045 Cyrensem,
1126 994 1232 1034 non
1277 978 1517 1037 facturus
1566 982 1704 1039 haud
1752 985 1916 1041 dubie
1947 989 1992 1041 si

412 1063 720 1117 rescivisset
749 1079 873 1119 eum
903 1075 1178 1137 receptum
1209 1084 1237 1123 a
1272 1079 1414 1124 tanta
1463 1074 1669 1144 synodo
1711 1086 1832 1143 post
1876 1077 1991 1132 ido-

410 1169 566 1207 neam
613 1154 737 1209 fidei
776 1172 886 1210 suac
916 1158 1327 1227 professionem.
1360 1163 1431 1217 Ex
1460 1179 1567 1234 quo
1596 1167 1775 1237 colligi
1817 1180 1995 1237 potest

411 1245 559 1299 illum
615 1263 719 1300 non
771 1251 1085 1317 pervenis~e
1138 1266 1308 1322 usque
1359 1254 1426 1308 ad
1500 1266 1743 1327 tempora
1798 1262 1992 1329 synodi

410 1337 874 1393 Chalcedencnsis
912 1353 1002 1396 aut
1033 1355 1180 1399 certe
1209 1347 1340 1400 nihil
1374 1366 1439 1401 ex
1471 1365 1535 1403 eo
1569 1360 1812 1420 tempore
1855 1356 1994 1409 scri-

414 1432 518 1498 ptis
571 1433 852 1488 mandasse
899 1437 1036 1504 quod
1085 1437 1151 1491 ad
1205 1454 1304 1495 nos
1353 1444 1680 1510 pervenerit.
1720 1446 1810 1500 Sic
1848 1447 1992 1502 enim

408 1535 816 1594 argumentatur
841 1530 918 1583 vir
942 1530 1309 1587 doctissimus.
1346 1535 1458 1605 Ego
1493 1552 1617 1591 vero
1649 1537 1772 1592 hinc
1799 1541 1991 1595 certis-

408 1614 545 1670 sime
582 1618 776 1687 colligo
825 1627 1170 1688 superstitem
1221 1623 1389 1680 fuisse
1433 1628 1664 1683 concilio
1704 1630 1996 1687 Chalcedo-

410 1710 559 1761 nensi
593 1710 764 1778 quod,
792 1722 851 1765 ut
900 1723 1055 1767 antea
1110 1713 1245 1780 dixi,
1282 1719 1609 1772 mentionem
1660 1720 1785 1775 facit
1828 1721 1993 1792 Euty-

2104 533 2417 603 haberetur,
2451 551 2543 595 aut
2568 540 2613 595 si
2643 554 2827 612 postea
2859 549 3095 618 scripsit,
3129 555 3279 611 tarde
3307 558 3373 611 ad
3401 533 3522 613 eum
3553 579 3677 629 per-

2101 630 2313 682 venisse
2359 640 2510 699 gesta
2556 637 2774 705 synodi,
2809 640 3056 711 adquue
3095 658 3429 716 compertam
3474 654 3524 707 ei
3573 671 3679 710 non

2099 717 2262 773 fuisse
2296 720 2440 775 illam
2471 723 2797 783 Theodoreti
2830 733 3255 801 susceptionem.

2169 809 2425 878 Quamvis
2474 825 2656 871 autem
2713 834 2873 876 nemo
2920 837 3163 881 veterum
3215 830 3471 887 citaverit
3515 851 3677 902 opera

2097 901 2247 957 Marii
2282 906 2621 975 Mercatoris,
2654 925 2716 965 ea
2748 921 2929 969 tamen
2980 920 3398 988 coguitafuisse
3444 929 3680 997 antiqui-

2101 1001 2187 1047 tus
2220 994 2349 1051 hinc
2381 998 2587 1067 liquido
2618 1012 2766 1070 patet
2808 1008 2948 1075 quod
2979 1009 3182 1066 scholia
3224 1012 3410 1085 Cyrilli
3448 994 3679 1073 Ales—an-

2097 1082 2239 1138 drini
2271 1086 2339 1140 de
2386 1086 2763 1150 lucarnatinne
2796 1094 3071 1167 Unigeniti
3104 1117 3207 1155 non
3257 1082 3476 1160 aliunde
3508 1108 3675 1162 liabe-

2098 1189 2241 1238 mus,
2271 1191 2430 1246 quam
2486 1196 2553 1236 ex
2604 1182 3054 1257 interpretatione
3087 1182 3426 1261 Mercatoris,
3454 1209 3507 1252 et
3532 1202 3675 1268 quod

2099 1268 2401 1323 testimonia
2437 1285 2645 1340 patrum
2674 1279 2842 1332 relata
2894 1281 2946 1334 in
2972 1286 3209 1339 concilio
3258 1287 3542 1355 Ephesino-
3577 1293 3676 1345 ad-

2097 1374 2287 1414 versus
2318 1361 2626 1420 Nestorium
2679 1372 3021 1438 reperiuntur
3049 1374 3209 1429 etiam
3259 1392 3324 1432 ex
3373 1380 3563 1435 eadem
3596 1384 3677 1434 in-

2096 1456 2486 1521 terpretatione
2508 1458 2559 1512 in
2582 1460 2773 1516 codice
2798 1464 2935 1520 1868
2963 1466 3303 1524 bibliotheca:
3326 1470 3671 1528 Colbertinm.

2100 1542 2365 1599 Prtctcrea
2400 1547 2518 1615 ejus
2550 1551 2731 1605 verbis
2769 1555 2853 1608 usi
2885 1571 3029 1625 saepe
3074 1572 3199 1612 sunt
3242 1560 3525 1617 Facundos
3556 1570 3671 1631 epi-

2097 1650 2298 1705 scopus
2332 1638 2740 1698 Hermianeusis
2770 1656 2825 1698 et
2856 1647 3103 1718 Pelagius
3129 1650 3169 1705 ll
3192 1655 3243 1705 iu
3269 1655 3494 1722 epistola
3518 1659 3672 1713 tertia

2099 1726 2164 1778 ad
2196 1728 2480 1799 episcopos
2511 1731 2701 1801 Istritc,
2729 1745 2783 1791 et
2806 1738 3021 1806 quidem
3047 1756 3113 1795 eo
3130 1757 3356 1812 prorsus
3380 1748 3540 1801 modo
3561 1764 3670 1818 quo

406 1798 753 1865 cltianorum,
778 1803 1234 1873 Entychianorum
1261 1808 1746 1879 inquam,quorum
1785 1828 1981 1868 nomen
2015 1821 2058 1879 Β
2091 1818 2487 1875 ιιιοιιιιτιιιίυηρε
2511 1822 2919 1890 cjusexstantiu
2945 1834 3176 1900 antiquis
3196 1837 3665 1907 codicilnts.Qund

406 1890 645 1945 auditum
698 1909 803 1947 non
834 1904 918 1947 est
967 1896 1019 1948 in
1068 1896 1306 1951 ECCl8>iJ
1339 1897 1432 1953 Dei
1465 1909 1592 1954 ante
1622 1910 1861 1970 tempora
1895 1917 1987 1974 sy-
2089 1921 2407 1975 argumento
2437 1921 2521 1966 est
2548 1913 2663 1967 illas
2690 1928 2979 1986 corruptas
3005 1921 3112 1989 jam
3136 1933 3247 1978 tum
3274 1925 3460 1990 fuisse,
3496 1946 3670 1999 neque

408 1982 534 2035 nodi
585 1982 1065 2039 Chalcedonensis.
1137 1987 1269 2041 Illud
1322 2003 1455 2057 ergo
1506 2005 1573 2043 ex
1627 1991 1986 2050 illseClnliuﬂe
2092 1998 2288 2051 mirum
2334 2000 2428 2054 ulli
2470 2017 2591 2057 esse
2638 2004 2838 2063 debere
2877 2015 3023 2086 quod
3067 2027 3163 2067 cas
3208 2016 3367 2072 hodie
3414 1982 3672 2075 habemus

404 2074 734 2129 Theodereti
785 2084 990 2130 tantum
1038 2078 1219 2147 colligi
1250 2094 1412 2148 posse
1459 2080 1593 2134 mihi
1628 2082 1862 2149 videtur,
1892 2095 1988 2138 aut
2088 2088 2587 2159 depraVutissimas.

406 2166 758 2220 Mercatorem
802 2168 923 2233 ista,
957 2169 1099 2237 quod
1140 2168 1298 2224 facile
1342 2170 1692 2240 crediderim,
1725 2174 1985 2230 adversus

409 2313 3649 2364 ——————-————____________________

404 2430 889 2516 NOTITIA
942 2434 2347 2524 HISTORICO-LIT'I'ERARIA
2428 2446 2550 2527 IN
2610 2448 2733 2527 M.
2800 2451 3664 2546 MERCATOREM.

1236 2592 1332 2656 (Ex
1366 2592 1743 2645 Schaenemanni
1768 2595 1997 2647 Biblioth.
2021 2598 2148 2649 Hist.
2176 2598 2288 2650 Litt.
2315 2600 2446 2656 Patr.
2472 2601 2575 2654 Lat.
2605 2614 2721 2656 tom.
2748 2607 2837 2673 Il.)

1040 2827 1068 2898 ᾗ
1110 2827 1151 2882 l.
1204 2826 1338 2883 Vita.

469 2920 830 2989 Quaecumque
870 2918 937 2973 de
963 2920 1159 2987 patria,
1191 2919 1333 2986 luco,
1367 2920 1677 2975 conditione
1723 2929 1775 2976 et
1814 2935 1973 2975 accu-

400 3020 598 3068 ratiore
648 3014 824 3068 aetatis
877 3012 1191 3069 definitione
1250 3014 1388 3079 viri,
1435 3015 1589 3083 cujus
1642 3030 1841 3069 nomen
1889 3017 1972 3068 vix

397 3114 627 3160 exeunte
652 3105 854 3159 swculo
884 3106 1162 3174 superiore
1204 3105 1526 3160 reviviscere
1572 3107 1763 3175 ett-pit,
1794 3106 1976 3175 dispu-

400 3200 499 3254 tari
531 3200 727 3265 solent,
759 3198 1083 3270 conjecturis
1107 3200 1424 3262 innituntur,
1460 3199 1599 3253 haud
1629 3200 1843 3268 quidem
1878 3201 1974 3253 int-

398 3292 783 3357 ptobabilibus,
818 3307 915 3346 nec
945 3302 1120 3345 tamen
1152 3292 1220 3345 ab
1256 3293 1401 3346 omni
1437 3293 1805 3348 controversia
1840 3293 1973 3346 libe-

396 3385 491 3438 ris.
509 3372 802 3439 Carnerius
825 3384 968 3438 enim
994 3400 1022 3436 e
1044 3382 1355 3453 Campania,
1380 3386 1461 3439 vel
1493 3386 1701 3455 Apulia,
1719 3386 1801 3439 vel
1820 3399 1884 3439 ex
1911 3399 1971 3437 ea

397 3488 547 3544 parte
570 3476 732 3530 Italize
761 3491 880 3546 quae
918 3477 983 3530 ad
1016 3476 1255 3531 Siciliam
1299 3477 1491 3547 vergit,
1524 3478 1808 3532 oriundum
1848 3491 1972 3531 eum

394 3568 621 3624 ciedidit
647 3585 659 3620 :
692 3583 795 3622 non
836 3568 937 3622 alia
968 3568 1035 3624 de
1065 3583 1248 3630 causa,
1282 3585 1438 3639 quam
1482 3570 1622 3639 qttod
1653 3568 1889 3625 leestii
1919 3577 1975 3623 et

396 3659 615 3727 Juliani,
646 3674 871 3728 quorum
898 3661 1129 3729 primum
1150 3660 1503 3728 Campanum,
1533 3660 1694 3715 alium
1715 3659 1967 3730 Apulum,

400 3752 562 3807 fuisse
588 3753 887 3817 contendit,
906 3768 996 3808 res
1013 3752 1337 3808 domesticas
1354 3755 1694 3824 privatasque
1723 3756 1791 3810 ita
1811 3770 1973 3809 nove-

395 3847 483 3910 rit,
509 3846 956 3915 quemadmodum
994 3847 1079 3900 vix
1107 3846 1263 3901 alteri
1300 3848 1477 3910 liccat,
1500 3863 1659 3916 quam
1690 3849 1776 3913 qui
1811 3847 1972 3902 fuerit

393 3940 630 4006 ejusdem
644 3939 1278 3993 autcivitatisautsaltem
1298 3940 1971 4009 provincizeﬂt-rberonius

392 4039 615 4099 contra,
660 4031 747 4100 qui
796 4031 987 4086 eodem
1033 4040 1277 4100 tempore
1320 4032 1585 4101 insignem
1643 4034 1967 4102 Scriptorum

391 4125 507 4193 ejus
529 4136 733 4193 partem
763 4124 1035 4188 tractavit,
1064 4131 1173 4175 tum
1200 4139 1263 4176 ex
1297 4124 1436 4194 stylo
1465 4122 1581 4191 ejus
1608 4124 1832 4189 dttriori,
1861 4136 1967 4178 tum

391 4216 531 4283 quod
556 4225 672 4268 acta
692 4214 943 4270 Ecclesia'
965 4213 1230 4269 Africanae
1247 4217 1491 4284 apprime
1511 4216 1741 4279 noverit,
1760 4232 1969 4269 eurum-

389 4321 493 4373 que
522 4307 843 4375 exemplaria
886 4306 1024 4375 apud
1070 4321 1128 4360 se
1173 4306 1402 4361 tenuerit
1424 4351 1438 4375 ,
1468 4316 1582 4360 tum
1610 4307 1795 4372 etiam,
1831 4307 1967 4374 quod

390 4395 448 4450 S.
483 4395 759 4464 Augustini
797 4396 1223 4450 studiosissimus
1252 4397 1413 4452 fuerit
1432 4439 1446 4461 ,
1475 4406 1531 4452 et
1560 4408 1807 4452 strenuus
1833 4399 1965 4453 Gra-

391 4486 477 4541 ti.e
504 4485 700 4540 Christi
730 4493 784 4539 et
819 4484 961 4540 illius
989 4486 1303 4541 meonomia:
1334 4487 1610 4553 defensor,
1656 4488 1964 4543 Africanum

390 4597 512 4636 esse
533 4580 787 4649 judicavit
805 4589 963 4651 atque
985 4581 1226 4635 eamdem
1257 4583 1359 4637 sibi
1382 4583 1620 4639 arridere
1643 4585 1963 4639 sententiam

389 4671 713 4741 significavit
755 4670 1026 4737 Baluzius,
1061 4670 1354 4742 infringens
1385 4674 1630 4731 Garncrii
1675 4691 1963 4746 argumen-

392 4772 504 4815 tum
555 4761 861 4832 llieronymi
910 4763 1139 4816 maxime
1185 4766 1461 4832 exemplo,
1508 4766 1630 4833 qui,
1675 4766 1799 4820 licet
1852 4769 1964 4835 ipse

386 4854 759 4911 Stridoitensis
787 4864 879 4910 aut
920 4855 1159 4909 Dalmata
1186 4856 1396 4921 fuisset,
1426 4856 1571 4911 Pauli
1602 4861 1769 4927 patria
1821 4859 1965 4915 The-

386 4948 510 5002 bani
560 4957 615 5003 et
656 4948 943 5003 Hilarionis
982 4947 1256 5002 Palaestini
1294 4950 1454 5002 vitam
1502 4950 1579 5004 sic
1617 4950 1964 5020 descripserit

388 5051 657 5109 tamquam
711 5040 793 5093 sui
843 5047 1057 5105 essent,
1112 5048 1169 5094 et
1210 5039 1484 5111 Vigilantii
1543 5042 1772 5097 hominis
1824 5042 1964 5099 Galli

383 5140 558 5183 ortum
590 5139 645 5184 et
676 5129 873 5184 natalia
904 5130 982 5185 sic
1013 5134 1250 5199 noverit,
1278 5146 1341 5186 ac
1370 5132 1416 5187 si
1446 5133 1686 5201 ejusdem
1715 5150 1835 5189 cum
1870 5135 1961 5190 illo

380 5221 615 5275 civitatis
639 5228 695 5276 et
721 5222 1014 5291 provinciae
1044 5222 1249 5279 fuisset.
1270 5224 1394 5293 ipse
1416 5234 1594 5279 autem
1619 5240 1814 5281 novum
1847 5242 1959 5282 sua:

379 5327 558 5366 causa:
578 5323 952 5382 argumentum
978 5316 1218 5382 reperire
1238 5315 1336 5370 sibi
1357 5318 1510 5370 visus
1531 5328 1613 5371 est
1636 5318 1687 5372 in
1712 5322 1958 5389 eo,quod

382 5399 663 5459 Facundos
696 5403 1098 5458 Hermianensis
1128 5407 1553 5477 episcopusejus
1581 5409 1757 5463 verbis
1793 5412 1958 5466 inter-

376 5497 503 5550 dum
542 5511 667 5550 usus
694 5496 765 5551 sit
795 5494 849 5550 in
874 5498 1266 5565 compositione
1296 5499 1551 5553 librorum
1592 5515 1813 5555 suorum
1858 5519 1955 5572 pro

376 5588 687 5642 defensione
714 5588 870 5643 trium
912 5589 1290 5659 capitulorum.
1324 5590 1454 5645 Illud
1485 5602 1709 5663 uterque
1749 5594 1954 5652 Garne-

373 5684 487 5735 rius
529 5691 581 5734 et
621 5680 990 5738 Gerberonins
1032 5682 1300 5748 viderunt,
1332 5700 1452 5739 eum
1485 5700 1582 5740 nec
1611 5688 1949 5745 sacerdotem

370 5788 467 5833 nat
497 5780 832 5846 episcopum,
863 5774 955 5830 sed
988 5773 1180 5831 laicum
1222 5777 1492 5832 hominem
1542 5779 1724 5842 fuisse,
1753 5784 1950 5853 quippe

2082 2830 2170 2898 qui
2201 2831 2401 2888 nullam
2428 2836 2654 2908 alicujus
2681 2840 2953 2912 dignitatis
2976 2858 3159 2906 notam
3182 2852 3239 2909 in
3268 2857 3381 2912 suis
3405 2863 3664 2929 operibus

2081 2934 2251 2989 gerat,
2285 2923 2449 2980 immo
2498 2927 2689 2984 Pietitii
2731 2934 3012 3002 cujusdam
3056 2945 3355 3013 presbyteri
3402 2923 3663 3008 mandatis

2083 3030 2271 3083 parcre
2292 3032 2352 3073 se
2378 3030 2730 3089 protestetur,
2755 3029 2898 3082 nulla
2922 3038 3328 3094 consacerdotis
3353 3045 3431 3094 vel
3460 3045 3661 3109 fratris,

2078 3108 2172 3161 sed
2204 3109 2486 3169 dumtaxnt
2529 3120 2805 3172 venerandi
2844 3124 3124 3193 presbyteri
3170 3130 3499 3189 salutatione
3532 3152 3673 3204 prte-

2081 3199 2261 3253 missa.
2295 3201 2565 3259 Flornissc
2597 3208 2947 3266 Mercatorem
2978 3216 3045 3269 ab
3083 3231 3225 3272 anno
3268 3221 3486 3278 circiter
3527 3228 3656 3293 M8,

2077 3306 2194 3343 cmn
2231 3292 2491 3349 Garnerio
2536 3300 2722 3353 statuit
2772 3301 3041 3371 Baluzius,
3094 3308 3358 3378 siquidem
3410 3316 3475 3368 ad
3510 3292 3657 3371 illum

2076 3396 2276 3434 annum
2320 3385 2599 3442 referenda
2644 3405 2767 3446 esse
2813 3393 3060 3450 videatur
3105 3402 3335 3466 epistula
3387 3414 3545 3474 qnam
3592 3410 3660 3463 ab

2075 3473 2375 3542 Augusdno
2404 3479 2643 3547 accepit;
2685 3491 2737 3533 at
2766 3496 2952 3538 contra
2983 3488 3233 3544 eumdem
3260 3473 3475 3560 censet,
3508 3497 3658 3552 illum

2077 3581 2183 3619 non
2215 3576 2338 3621 ante
2376 3583 2574 3625 annum
2620 3571 2725 3629 450
2771 3575 2951 3632 vivere
2992 3590 3085 3634 aut
3130 3584 3369 3641 scribere
3406 3588 3654 3647 desiisse.

2073 3657 2206 3713 Nam
2227 3674 2348 3714 cum
2376 3661 2831 3733 Eutyehianorum
2860 3673 3187 3729 mentionem
3214 3677 3399 3743 faciat,
3430 3700 3654 3749 quorum

2075 3765 2269 3806 nomen
2318 3754 2370 3806 in
2416 3754 2657 3810 Ecclesia
2704 3767 2828 3812 ante
2859 3768 3103 3831 tempora
3136 3769 3655 3837 synodiClndeedu-

2074 3846 2258 3899 nensis
2306 3845 2547 3901 auditum
2602 3861 2709 3901 non
2759 3850 2866 3918 sit,
2917 3856 3259 3913 manifestum
3316 3877 3435 3917 esse
3489 3868 3652 3934 cogit,

2072 3938 2358 4005 scripsisse
2386 3955 2507 3994 eum
2549 3943 2821 4014 aliquanto
2844 3955 2961 4013 post
2989 3948 3116 4014 451,
3147 3965 3250 4019 quo
3281 3955 3523 4023 synodus
3565 3958 3654 4012 illa

2074 4027 2254 4085 habita
2280 4042 2383 4084 est.
2407 4032 2515 4089 Nec
2543 4037 2762 4092 obstare
2788 4039 3061 4093 existimat
3083 4056 3484 4113 argumentum,
3514 4055 3655 4117 quod

2072 4121 2363 4177 Garnerius
2395 4126 2463 4177 ab
2505 4128 2860 4185 insectatione
2899 4130 3226 4189 Theodoreti
3266 4136 3500 4208 episcopi
3546 4142 3654 4211 Cy-

2072 4216 2245 4269 rensis
2274 4217 2425 4285 petit,
2454 4219 2714 4287 inferens.
2746 4241 2851 4278 non
2885 4225 3151 4281 facturum
3176 4228 3303 4283 illud
3334 4230 3496 4286 fuisse
3518 4235 3653 4289 Mcr-

2070 4316 2327 4373 catorcm,
2353 4309 2399 4362 si
2432 4311 2738 4368 rescivisset
2764 4330 2886 4368 eum
2912 4325 3186 4386 receptum
3208 4333 3236 4371 a
3262 4331 3407 4374 tanta
3441 4328 3652 4394 synodo

2072 4409 2190 4466 post
2217 4398 2461 4455 ldoneam
2492 4403 2616 4457 lidci
2648 4421 2756 4457 sine
2785 4405 3206 4473 professionem,
3246 4411 3477 4483 indeque
3501 4418 3651 4471 colli-

2070 4504 2221 4557 gens,
2255 4505 2377 4545 eum
2408 4508 2513 4547 non
2550 4496 2863 4562 pervenisse
2897 4513 3065 4566 usque
3087 4500 3151 4553 ad
3186 4512 3426 4572 tempora
3455 4509 3647 4577 synodi

2071 4581 2546 4652 Chalcedonensis,
2568 4595 2659 4640 aut
2681 4598 2826 4642 certe
2851 4590 2979 4643 nihil
3005 4606 3068 4644 ex
3090 4606 3153 4646 eo
3177 4601 3418 4663 tempore
3435 4599 3650 4667 scriptis

2073 4676 2380 4743 mandasse,
2400 4680 2539 4747 quod
2565 4679 2627 4733 ad
2653 4696 2749 4735 nos
2773 4684 3101 4750 pervenerit.
3124 4684 3251 4751 Quae
3270 4697 3459 4743 contra
3477 4693 3650 4760 arguit

2071 4769 2344 4839 Bduzius,
2378 4762 2466 4825 'ex
2517 4773 2869 4830 insectatione
2916 4777 3239 4834 Theodoreti
3298 4783 3458 4837 modo
3517 4785 3647 4840 illud

2068 4859 2262 4914 confici
2309 4876 2485 4930 posse,
2520 4865 2985 4921 antMercatorem
3031 4867 3133 4923 ista
3180 4870 3445 4927 adversus
3496 4876 3645 4932 illum

2068 4953 2377 5019 scripsisse,
2410 4963 2696 5024 antequam
2727 4959 3182 5018 Chalcedonensis
3209 4965 3448 5033 synodus
3476 4968 3642 5025 liabe-

2071 5053 2239 5107 retur,
2269 5056 2359 5099 aut
2392 5044 2436 5098 si
2468 5058 2651 5116 postea
2680 5050 2988 5117 scripserit,
3024 5052 3178 5107 tarde
3207 5053 3275 5108 ad
3301 5070 3425 5111 eum
3457 5073 3644 5125 perve-

2068 5137 2212 5214 nisse
2230 5147 2380 5207 gesta
2404 5140 2616 5209 synodi,
2642 5141 2885 5211 adeoque
2912 5158 3017 5197 non
3045 5156 3375 5214 compertam
3399 5150 3448 5204 ei
3474 5149 3645 5209 fuisse

2064 5204 2209 5284 iilam
2236 5204 2557 5285 :fheodiireti
2588 5237 3013 5302 susceptionem.

2134 5323 2420 5389 Occepisse
2448 5323 2659 5379 videtur
2683 5327 3022 5383 Velitationes
3044 5345 3164 5383 suas
3186 5341 3374 5387 contra
3400 5333 3642 5405 Pelagia-

2064 5428 2162 5467 nos
2192 5412 2376 5468 Romte
2408 5425 2648 5483 tempore
2676 5416 2876 5472 Zosimi
2906 5436 3080 5489 papae,
3114 5438 3234 5476 cmn
3268 5425 3498 5481 diversis
3526 5431 3640 5481 ani-

2063 5520 2271 5559 morum
2318 5506 2549 5562 motibus
2594 5508 2820 5564 istorum
2851 5513 3133 5567 sententiae
3175 5515 3636 5584 disceptabantur.

2061 5597 2227 5652 Roma
2255 5600 2415 5655 etiam
2447 5601 2612 5659 libros
2640 5618 2765 5657 suos
2790 5606 2856 5659 de
2880 5607 3066 5661 eadem
3096 5607 3284 5665 haeresi
3310 5616 3638 5681 compositos

2059 5691 2110 5745 in
2160 5691 2391 5747 Africam
2442 5696 2688 5761 misisse,
2740 5698 3042 5767 ibidemque
3085 5699 3372 5771 Augustini
3431 5705 3663 5758 litteras-

2060 5785 2327 5856 reccpisse
2374 5786 2641 5857 putandus
2684 5801 2783 5843 est.
2844 5790 3065 5856 Dehinc,
3116 5795 3299 5850 nescio
3344 5796 3428 5851 sui
3472 5797 3637 5867 ipsius
