  <div class='ocr_page' id='page_1' title='image "/cluster/home/n/w/nwhite01/storage/ocr_20150623/48/hvd.32044096580691/030.png"; bbox 0 0 4020 6192; ppageno 0'>
   <div class='ocr_carea' id='block_1_1' title="bbox 319 346 3592 425">
    <p class='ocr_par' dir='ltr' id='par_1_1' title="bbox 319 346 3592 425">
     <span class='ocr_line' id='line_1_1' title="bbox 319 346 3592 425; baseline -0.006 -3"><span class='ocrx_word' id='word_1_1' title='bbox 319 369 384 422; x_wconf 70' lang='grc' dir='ltr'>ω</span> <span class='ocrx_word' id='word_1_2' title='bbox 1104 364 1624 425; x_wconf 59' lang='grc' dir='ltr'><strong>δειιαξκεδιΑτΝΜ</strong></span> <span class='ocrx_word' id='word_1_3' title='bbox 1664 363 1939 419; x_wconf 72' lang='lat' dir='ltr'><strong>NO&#39;IITH</strong></span> <span class='ocrx_word' id='word_1_4' title='bbox 1987 359 2817 419; x_wconf 63' lang='lat' dir='ltr'><strong>IIISTORICO-LITTERARIA.</strong></span> <span class='ocrx_word' id='word_1_5' title='bbox 3522 346 3592 402; x_wconf 81' lang='grc'><strong>50</strong></span> 
     </span>
    </p>
   </div>
   <div class='ocr_carea' id='block_1_2' title="bbox 321 469 3234 552">
    <p class='ocr_par' dir='ltr' id='par_1_2' title="bbox 321 469 3234 552">
     <span class='ocr_line' id='line_1_2' title="bbox 321 469 3234 552; baseline -0.008 -7"><span class='ocrx_word' id='word_1_6' title='bbox 321 488 474 545; x_wconf 78' lang='lat' dir='ltr'><strong>animi</strong></span> <span class='ocrx_word' id='word_1_7' title='bbox 506 486 786 552; x_wconf 84' lang='lat' dir='ltr'><strong>instinctu,</strong></span> <span class='ocrx_word' id='word_1_8' title='bbox 815 500 885 540; x_wconf 85' lang='lat' dir='ltr'><strong>an</strong></span> <span class='ocrx_word' id='word_1_9' title='bbox 927 484 1208 552; x_wconf 84' lang='lat' dir='ltr'><strong>Augustini</strong></span> <span class='ocrx_word' id='word_1_10' title='bbox 1240 481 1486 548; x_wconf 84' lang='lat' dir='ltr'><strong>consilio,</strong></span> <span class='ocrx_word' id='word_1_11' title='bbox 1520 478 1898 536; x_wconf 87' lang='lat' dir='ltr'><strong>Constantino-</strong></span> <span class='ocrx_word' id='word_1_12' title='bbox 1930 486 1975 545; x_wconf 74' lang='grc' dir='ltr'><strong>Α</strong></span> <span class='ocrx_word' id='word_1_13' title='bbox 2079 478 2208 533; x_wconf 79' lang='lat' dir='ltr'><strong>VIII.</strong></span> <span class='ocrx_word' id='word_1_14' title='bbox 2248 477 2493 548; x_wconf 76' lang='lat' dir='ltr'><strong>Ejusdem</strong></span> <span class='ocrx_word' id='word_1_15' title='bbox 2521 474 2734 547; x_wconf 81' lang='lat' dir='ltr'><strong>epistola</strong></span> <span class='ocrx_word' id='word_1_16' title='bbox 2765 473 2831 525; x_wconf 84' lang='lat' dir='ltr'><strong>ad</strong></span> <span class='ocrx_word' id='word_1_17' title='bbox 2857 469 3068 525; x_wconf 73' lang='lat' dir='ltr'><strong>clericos</strong></span> <span class='ocrx_word' id='word_1_18' title='bbox 3094 484 3234 525; x_wconf 86' lang='lat' dir='ltr'><strong>suos.</strong></span> 
     </span>
    </p>
   </div>
   <div class='ocr_carea' id='block_1_3' title="bbox 320 572 1898 649">
    <p class='ocr_par' dir='ltr' id='par_1_3' title="bbox 320 572 1898 649">
     <span class='ocr_line' id='line_1_3' title="bbox 320 572 1898 649; baseline -0.008 -13"><span class='ocrx_word' id='word_1_19' title='bbox 320 580 475 648; x_wconf 80' lang='lat' dir='ltr'><strong>polim</strong></span> <span class='ocrx_word' id='word_1_20' title='bbox 503 578 683 649; x_wconf 85' lang='lat' dir='ltr'><strong>petiit,</strong></span> <span class='ocrx_word' id='word_1_21' title='bbox 710 576 1092 646; x_wconf 84' lang='lat' dir='ltr'><strong>prohibiturus</strong></span> <span class='ocrx_word' id='word_1_22' title='bbox 1142 590 1209 628; x_wconf 86' lang='lat' dir='ltr'><strong>ne</strong></span> <span class='ocrx_word' id='word_1_23' title='bbox 1252 573 1451 629; x_wconf 72' lang='lat' dir='ltr'><strong>Iuliani</strong></span> <span class='ocrx_word' id='word_1_24' title='bbox 1483 584 1535 627; x_wconf 91' lang='lat' dir='ltr'><strong>ct</strong></span> <span class='ocrx_word' id='word_1_25' title='bbox 1574 572 1898 625; x_wconf 76' lang='lat' dir='ltr'><strong>asseclnrttm</strong></span> 
     </span>
    </p>
   </div>
   <div class='ocr_carea' id='block_1_4' title="bbox 318 669 1903 745">
    <p class='ocr_par' dir='ltr' id='par_1_4' title="bbox 318 669 1903 745">
     <span class='ocr_line' id='line_1_4' title="bbox 318 669 1903 745; baseline -0.007 -17"><span class='ocrx_word' id='word_1_26' title='bbox 318 675 447 745; x_wconf 84' lang='lat' dir='ltr'><strong>ejus,</strong></span> <span class='ocrx_word' id='word_1_27' title='bbox 470 672 567 743; x_wconf 86' lang='lat' dir='ltr'><strong>qui</strong></span> <span class='ocrx_word' id='word_1_28' title='bbox 596 670 767 726; x_wconf 86' lang='lat' dir='ltr'><strong>Roma</strong></span> <span class='ocrx_word' id='word_1_29' title='bbox 787 669 995 739; x_wconf 81' lang='lat' dir='ltr'><strong>depulsi</strong></span> <span class='ocrx_word' id='word_1_30' title='bbox 1026 669 1132 724; x_wconf 88' lang='lat' dir='ltr'><strong>huc</strong></span> <span class='ocrx_word' id='word_1_31' title='bbox 1164 684 1224 723; x_wconf 88' lang='lat' dir='ltr'><strong>se</strong></span> <span class='ocrx_word' id='word_1_32' title='bbox 1248 677 1652 731; x_wconf 78' lang='lat' dir='ltr'><strong>converterant,</strong></span> <span class='ocrx_word' id='word_1_33' title='bbox 1686 678 1903 720; x_wconf 86' lang='lat' dir='ltr'><strong>errores</strong></span> 
     </span>
    </p>
   </div>
   <div class='ocr_carea' id='block_1_5' title="bbox 322 753 1901 833">
    <p class='ocr_par' dir='ltr' id='par_1_5' title="bbox 322 753 1901 833">
     <span class='ocr_line' id='line_1_5' title="bbox 322 753 1901 833; baseline -0.008 -10"><span class='ocrx_word' id='word_1_34' title='bbox 322 765 523 823; x_wconf 78' lang='lat' dir='ltr'><strong>radices</strong></span> <span class='ocrx_word' id='word_1_35' title='bbox 566 763 639 819; x_wconf 83' lang='lat' dir='ltr'><strong>ibi</strong></span> <span class='ocrx_word' id='word_1_36' title='bbox 676 769 921 833; x_wconf 86' lang='lat' dir='ltr'><strong>agerent.</strong></span> <span class='ocrx_word' id='word_1_37' title='bbox 958 759 1117 827; x_wconf 84' lang='lat' dir='ltr'><strong>Quod</strong></span> <span class='ocrx_word' id='word_1_38' title='bbox 1158 768 1457 824; x_wconf 81' lang='lat' dir='ltr'><strong>assecutus,</strong></span> <span class='ocrx_word' id='word_1_39' title='bbox 1491 757 1690 812; x_wconf 87' lang='lat' dir='ltr'><strong>tradito</strong></span> <span class='ocrx_word' id='word_1_40' title='bbox 1714 771 1764 809; x_wconf 93' lang='lat' dir='ltr'><strong>a.</strong></span> <span class='ocrx_word' id='word_1_41' title='bbox 1796 753 1901 810; x_wconf 69' lang='lat'><strong>429</strong></span> 
     </span>
    </p>
   </div>
   <div class='ocr_carea' id='block_1_6' title="bbox 324 846 1901 915">
    <p class='ocr_par' dir='ltr' id='par_1_6' title="bbox 324 846 1901 915">
     <span class='ocr_line' id='line_1_6' title="bbox 324 846 1901 915; baseline -0.013 -1"><span class='ocrx_word' id='word_1_42' title='bbox 324 856 627 914; x_wconf 78' lang='lat' dir='ltr'><strong>Theodosio</strong></span> <span class='ocrx_word' id='word_1_43' title='bbox 689 852 905 910; x_wconf 79' lang='lat' dir='ltr'><strong>Juniori</strong></span> <span class='ocrx_word' id='word_1_44' title='bbox 962 861 1018 906; x_wconf 90' lang='lat' dir='ltr'><strong>et</strong></span> <span class='ocrx_word' id='word_1_45' title='bbox 1079 850 1232 905; x_wconf 88' lang='lat' dir='ltr'><strong>clero</strong></span> <span class='ocrx_word' id='word_1_46' title='bbox 1283 846 1901 915; x_wconf 77' lang='lat' dir='ltr'><strong>Constantinopolitano,</strong></span> 
     </span>
    </p>
   </div>
   <div class='ocr_carea' id='block_1_7' title="bbox 326 938 1967 1013">
    <p class='ocr_par' dir='ltr' id='par_1_7' title="bbox 326 938 1967 1013">
     <span class='ocr_line' id='line_1_7' title="bbox 326 938 1967 1013; baseline -0.008 -8"><span class='ocrx_word' id='word_1_47' title='bbox 326 945 774 1013; x_wconf 80' lang='lat' dir='ltr'><strong>Commonitorio,</strong></span> <span class='ocrx_word' id='word_1_48' title='bbox 809 958 935 1000; x_wconf 89' lang='lat' dir='ltr'><strong>mox</strong></span> <span class='ocrx_word' id='word_1_49' title='bbox 961 943 1155 1000; x_wconf 88' lang='lat' dir='ltr'><strong>eodem</strong></span> <span class='ocrx_word' id='word_1_50' title='bbox 1179 941 1395 998; x_wconf 76' lang='lat' dir='ltr'><strong>fervore</strong></span> <span class='ocrx_word' id='word_1_51' title='bbox 1423 941 1715 1010; x_wconf 79' lang='lat' dir='ltr'><strong>implicavit</strong></span> <span class='ocrx_word' id='word_1_52' title='bbox 1736 954 1795 994; x_wconf 91' lang='lat' dir='ltr'><strong>se</strong></span> <span class='ocrx_word' id='word_1_53' title='bbox 1825 938 1903 992; x_wconf 88' lang='lat' dir='ltr'><strong>liti</strong></span> <span class='ocrx_word' id='word_1_54' title='bbox 1963 995 1967 999; x_wconf 73' lang='grc'><strong><em>,</em></strong></span> 
     </span>
    </p>
   </div>
   <div class='ocr_carea' id='block_1_8' title="bbox 325 1029 1906 1113">
    <p class='ocr_par' dir='ltr' id='par_1_8' title="bbox 325 1029 1906 1113">
     <span class='ocr_line' id='line_1_8' title="bbox 325 1029 1906 1113; baseline -0.009 -17"><span class='ocrx_word' id='word_1_55' title='bbox 325 1058 351 1096; x_wconf 89' lang='lat' dir='ltr'><strong>a</strong></span> <span class='ocrx_word' id='word_1_56' title='bbox 373 1039 574 1113; x_wconf 79' lang='lat' dir='ltr'><strong>Cyrillo</strong></span> <span class='ocrx_word' id='word_1_57' title='bbox 600 1050 789 1094; x_wconf 73' lang='lat' dir='ltr'><strong>contra</strong></span> <span class='ocrx_word' id='word_1_58' title='bbox 820 1036 1130 1092; x_wconf 78' lang='lat' dir='ltr'><strong>Nestorium</strong></span> <span class='ocrx_word' id='word_1_59' title='bbox 1172 1043 1336 1088; x_wconf 70' lang='lat' dir='ltr'><strong>motae</strong></span> <span class='ocrx_word' id='word_1_60' title='bbox 1355 1075 1370 1098; x_wconf 92' lang='lat'><strong>,</strong></span> <span class='ocrx_word' id='word_1_61' title='bbox 1413 1031 1729 1101; x_wconf 78' lang='lat' dir='ltr'><strong>colligendis</strong></span> <span class='ocrx_word' id='word_1_62' title='bbox 1758 1029 1906 1083; x_wconf 89' lang='lat' dir='ltr'><strong>simi-</strong></span> 
     </span>
    </p>
   </div>
   <div class='ocr_carea' id='block_1_9' title="bbox 324 1113 1903 1200">
    <p class='ocr_par' dir='ltr' id='par_1_9' title="bbox 324 1113 1903 1200">
     <span class='ocr_line' id='line_1_9' title="bbox 324 1113 1903 1200; baseline -0.01 -12"><span class='ocrx_word' id='word_1_63' title='bbox 324 1113 459 1196; x_wconf 70' lang='lat' dir='ltr'><strong>liter,</strong></span> <span class='ocrx_word' id='word_1_64' title='bbox 488 1147 556 1187; x_wconf 82' lang='lat' dir='ltr'><strong>ac</strong></span> <span class='ocrx_word' id='word_1_65' title='bbox 595 1133 647 1185; x_wconf 89' lang='lat' dir='ltr'><strong>in</strong></span> <span class='ocrx_word' id='word_1_66' title='bbox 697 1130 878 1200; x_wconf 83' lang='lat' dir='ltr'><strong>priore</strong></span> <span class='ocrx_word' id='word_1_67' title='bbox 924 1142 1087 1183; x_wconf 85' lang='lat' dir='ltr'><strong>causa</strong></span> <span class='ocrx_word' id='word_1_68' title='bbox 1136 1126 1359 1190; x_wconf 78' lang='lat' dir='ltr'><strong>lacerat,</strong></span> <span class='ocrx_word' id='word_1_69' title='bbox 1406 1122 1743 1193; x_wconf 76' lang='lat' dir='ltr'><strong>gravioribus</strong></span> <span class='ocrx_word' id='word_1_70' title='bbox 1791 1130 1903 1175; x_wconf 88' lang='lat' dir='ltr'><strong>tum</strong></span> 
     </span>
    </p>
   </div>
   <div class='ocr_carea' id='block_1_10' title="bbox 326 1212 1904 1285">
    <p class='ocr_par' dir='ltr' id='par_1_10' title="bbox 326 1212 1904 1285">
     <span class='ocr_line' id='line_1_10' title="bbox 326 1212 1904 1285; baseline -0.008 -9"><span class='ocrx_word' id='word_1_71' title='bbox 326 1223 695 1277; x_wconf 69' lang='lat' dir='ltr'><strong>haereticorum</strong></span> <span class='ocrx_word' id='word_1_72' title='bbox 745 1230 857 1275; x_wconf 89' lang='lat' dir='ltr'><strong>tum</strong></span> <span class='ocrx_word' id='word_1_73' title='bbox 904 1218 1329 1274; x_wconf 76' lang='lat' dir='ltr'><strong>orthuduxorum</strong></span> <span class='ocrx_word' id='word_1_74' title='bbox 1380 1230 1475 1285; x_wconf 90' lang='lat' dir='ltr'><strong>per</strong></span> <span class='ocrx_word' id='word_1_75' title='bbox 1512 1213 1659 1267; x_wconf 78' lang='lat' dir='ltr'><strong>varia</strong></span> <span class='ocrx_word' id='word_1_76' title='bbox 1707 1212 1904 1280; x_wconf 88' lang='lat' dir='ltr'><strong>scripta</strong></span> 
     </span>
    </p>
   </div>
   <div class='ocr_carea' id='block_1_11' title="bbox 326 1302 1902 1383">
    <p class='ocr_par' dir='ltr' id='par_1_11' title="bbox 326 1302 1902 1383">
     <span class='ocr_line' id='line_1_11' title="bbox 326 1302 1902 1383; baseline -0.008 -18"><span class='ocrx_word' id='word_1_77' title='bbox 326 1312 681 1383; x_wconf 67' lang='lat' dir='ltr'><strong>pugnantibus</strong></span> <span class='ocrx_word' id='word_1_78' title='bbox 702 1311 859 1366; x_wconf 87' lang='lat' dir='ltr'><strong>dictis</strong></span> <span class='ocrx_word' id='word_1_79' title='bbox 888 1324 1010 1364; x_wconf 88' lang='lat' dir='ltr'><strong>cum</strong></span> <span class='ocrx_word' id='word_1_80' title='bbox 1042 1309 1154 1363; x_wconf 88' lang='lat' dir='ltr'><strong>suis</strong></span> <span class='ocrx_word' id='word_1_81' title='bbox 1182 1307 1353 1377; x_wconf 84' lang='lat' dir='ltr'><strong>ipsius</strong></span> <span class='ocrx_word' id='word_1_82' title='bbox 1383 1313 1567 1359; x_wconf 84' lang='lat' dir='ltr'><strong>contra</strong></span> <span class='ocrx_word' id='word_1_83' title='bbox 1597 1302 1902 1357; x_wconf 76' lang='lat' dir='ltr'><strong>Nestorium</strong></span> 
     </span>
    </p>
   </div>
   <div class='ocr_carea' id='block_1_12' title="bbox 324 1396 1905 1476">
    <p class='ocr_par' dir='ltr' id='par_1_12' title="bbox 324 1396 1905 1476">
     <span class='ocr_line' id='line_1_12' title="bbox 324 1396 1905 1476; baseline -0.006 -15"><span class='ocrx_word' id='word_1_84' title='bbox 324 1407 669 1474; x_wconf 81' lang='lat' dir='ltr'><strong>clamoribus,</strong></span> <span class='ocrx_word' id='word_1_85' title='bbox 700 1420 728 1459; x_wconf 88' lang='lat' dir='ltr'><strong>a</strong></span> <span class='ocrx_word' id='word_1_86' title='bbox 759 1404 955 1476; x_wconf 89' lang='lat' dir='ltr'><strong>quibus</strong></span> <span class='ocrx_word' id='word_1_87' title='bbox 995 1404 1082 1457; x_wconf 82' lang='lat' dir='ltr'><strong>vix</strong></span> <span class='ocrx_word' id='word_1_88' title='bbox 1126 1410 1250 1461; x_wconf 79' lang='lat' dir='ltr'><strong>ante</strong></span> <span class='ocrx_word' id='word_1_89' title='bbox 1282 1400 1441 1455; x_wconf 75' lang='lat' dir='ltr'><strong>liuent</strong></span> <span class='ocrx_word' id='word_1_90' title='bbox 1474 1400 1598 1454; x_wconf 70' lang='lat' dir='ltr'><strong>vitae</strong></span> <span class='ocrx_word' id='word_1_91' title='bbox 1630 1396 1905 1453; x_wconf 84' lang='lat' dir='ltr'><strong>destitisse</strong></span> 
     </span>
    </p>
   </div>
   <div class='ocr_carea' id='block_1_13' title="bbox 328 1498 555 1553">
    <p class='ocr_par' dir='ltr' id='par_1_13' title="bbox 328 1498 555 1553">
     <span class='ocr_line' id='line_1_13' title="bbox 328 1498 555 1553; baseline 0.004 -2"><span class='ocrx_word' id='word_1_92' title='bbox 328 1498 555 1553; x_wconf 77' lang='lat' dir='ltr'><strong>videtur.</strong></span> 
     </span>
    </p>
   </div>
   <div class='ocr_carea' id='block_1_14' title="bbox 920 1632 1317 1706">
    <p class='ocr_par' dir='ltr' id='par_1_14' title="bbox 920 1632 1317 1706">
     <span class='ocr_line' id='line_1_14' title="bbox 920 1632 1317 1706; baseline -0.003 -16"><span class='ocrx_word' id='word_1_93' title='bbox 920 1634 957 1706; x_wconf 64' lang='grc' dir='ltr'><strong>ς</strong></span> <span class='ocrx_word' id='word_1_94' title='bbox 989 1633 1052 1690; x_wconf 88' lang='lat' dir='ltr'><strong>ll.</strong></span> <span class='ocrx_word' id='word_1_95' title='bbox 1089 1632 1317 1705; x_wconf 79' lang='lat' dir='ltr'><strong>Scripta.</strong></span> 
     </span>
    </p>
   </div>
   <div class='ocr_carea' id='block_1_15' title="bbox 391 1765 1904 1843">
    <p class='ocr_par' dir='ltr' id='par_1_15' title="bbox 391 1765 1904 1843">
     <span class='ocr_line' id='line_1_15' title="bbox 391 1765 1904 1843; baseline -0.009 -11"><span class='ocrx_word' id='word_1_96' title='bbox 391 1778 523 1843; x_wconf 78' lang='lat' dir='ltr'><strong>Qua:</strong></span> <span class='ocrx_word' id='word_1_97' title='bbox 571 1774 733 1835; x_wconf 82' lang='lat' dir='ltr'><strong>hodie</strong></span> <span class='ocrx_word' id='word_1_98' title='bbox 776 1783 1067 1843; x_wconf 89' lang='lat' dir='ltr'><strong>supersunt</strong></span> <span class='ocrx_word' id='word_1_99' title='bbox 1115 1772 1269 1826; x_wconf 79' lang='lat' dir='ltr'><strong>Marii</strong></span> <span class='ocrx_word' id='word_1_100' title='bbox 1324 1767 1635 1824; x_wconf 79' lang='lat' dir='ltr'><strong>Mercatoris</strong></span> <span class='ocrx_word' id='word_1_101' title='bbox 1682 1765 1904 1833; x_wconf 87' lang='lat' dir='ltr'><strong>scripta,</strong></span> 
     </span>
    </p>
   </div>
   <div class='ocr_carea' id='block_1_16' title="bbox 2078 560 3131 635">
    <p class='ocr_par' dir='ltr' id='par_1_16' title="bbox 2078 560 3131 635">
     <span class='ocr_line' id='line_1_16' title="bbox 2078 560 3131 635; baseline -0.009 -11"><span class='ocrx_word' id='word_1_102' title='bbox 2078 570 2167 624; x_wconf 84' lang='lat' dir='ltr'><strong>IX.</strong></span> <span class='ocrx_word' id='word_1_103' title='bbox 2214 568 2470 635; x_wconf 77' lang='lat' dir='ltr'><strong>Excerpta</strong></span> <span class='ocrx_word' id='word_1_104' title='bbox 2498 581 2560 619; x_wconf 82' lang='lat' dir='ltr'><strong>ea:</strong></span> <span class='ocrx_word' id='word_1_105' title='bbox 2592 564 2852 619; x_wconf 78' lang='lat' dir='ltr'><strong>codicibus</strong></span> <span class='ocrx_word' id='word_1_106' title='bbox 2882 560 3131 615; x_wconf 87' lang='lat' dir='ltr'><strong>Nestorii.</strong></span> 
     </span>
    </p>
   </div>
   <div class='ocr_carea' id='block_1_17' title="bbox 2081 648 3593 725">
    <p class='ocr_par' dir='ltr' id='par_1_17' title="bbox 2081 648 3593 725">
     <span class='ocr_line' id='line_1_17' title="bbox 2081 648 3593 725; baseline -0.01 -9"><span class='ocrx_word' id='word_1_107' title='bbox 2081 661 2147 716; x_wconf 88' lang='lat' dir='ltr'><strong>X.</strong></span> <span class='ocrx_word' id='word_1_108' title='bbox 2190 660 2421 715; x_wconf 75' lang='lat' dir='ltr'><strong>Nestorii</strong></span> <span class='ocrx_word' id='word_1_109' title='bbox 2451 656 2726 713; x_wconf 82' lang='lat' dir='ltr'><strong>Sermones</strong></span> <span class='ocrx_word' id='word_1_110' title='bbox 2765 652 2847 707; x_wconf 84' lang='lat' dir='ltr'><strong>IV</strong></span> <span class='ocrx_word' id='word_1_111' title='bbox 2879 652 3122 708; x_wconf 85' lang='lat' dir='ltr'><strong>adversus</strong></span> <span class='ocrx_word' id='word_1_112' title='bbox 3159 648 3398 707; x_wconf 69' lang='lat' dir='ltr'><strong>heresim</strong></span> <span class='ocrx_word' id='word_1_113' title='bbox 3437 664 3593 725; x_wconf 60' lang='grc' dir='ltr'><em>μείς,</em></span> 
     </span>
    </p>
   </div>
   <div class='ocr_carea' id='block_1_18' title="bbox 2004 754 2232 823">
    <p class='ocr_par' dir='ltr' id='par_1_18' title="bbox 2004 754 2232 823">
     <span class='ocr_line' id='line_1_18' title="bbox 2004 754 2232 823; baseline 0.004 -18"><span class='ocrx_word' id='word_1_114' title='bbox 2004 754 2232 823; x_wconf 86' lang='lat' dir='ltr'><strong>gianam.</strong></span> 
     </span>
    </p>
   </div>
   <div class='ocr_carea' id='block_1_19' title="bbox 2082 849 3142 922">
    <p class='ocr_par' dir='ltr' id='par_1_19' title="bbox 2082 849 3142 922">
     <span class='ocr_line' id='line_1_19' title="bbox 2082 849 3142 922; baseline 0.004 -18"><span class='ocrx_word' id='word_1_115' title='bbox 2082 850 2170 904; x_wconf 87' lang='lat' dir='ltr'><strong>XI.</strong></span> <span class='ocrx_word' id='word_1_116' title='bbox 2214 849 2460 922; x_wconf 75' lang='lat' dir='ltr'><strong>Ejusdem</strong></span> <span class='ocrx_word' id='word_1_117' title='bbox 2488 850 2705 918; x_wconf 87' lang='lat' dir='ltr'><strong>epistola</strong></span> <span class='ocrx_word' id='word_1_118' title='bbox 2734 850 2802 904; x_wconf 88' lang='lat' dir='ltr'><strong>ad</strong></span> <span class='ocrx_word' id='word_1_119' title='bbox 2830 851 3142 908; x_wconf 68' lang='lat' dir='ltr'><strong>Calestium.</strong></span> 
     </span>
    </p>
   </div>
   <div class='ocr_carea' id='block_1_20' title="bbox 2078 943 3589 1015">
    <p class='ocr_par' dir='ltr' id='par_1_20' title="bbox 2078 943 3589 1015">
     <span class='ocr_line' id='line_1_20' title="bbox 2078 943 3589 1015; baseline 0.003 -18"><span class='ocrx_word' id='word_1_120' title='bbox 2078 943 2193 998; x_wconf 83' lang='lat' dir='ltr'><strong>XII.</strong></span> <span class='ocrx_word' id='word_1_121' title='bbox 2225 943 2529 998; x_wconf 83' lang='lat' dir='ltr'><strong>Mercatoris</strong></span> <span class='ocrx_word' id='word_1_122' title='bbox 2569 943 3024 1000; x_wconf 77' lang='lat' dir='ltr'><strong>Commonitorium</strong></span> <span class='ocrx_word' id='word_1_123' title='bbox 3055 964 3209 1015; x_wconf 90' lang='lat' dir='ltr'><strong>super</strong></span> <span class='ocrx_word' id='word_1_124' title='bbox 3244 948 3448 1001; x_wconf 80' lang='lat' dir='ltr'><strong>nomine</strong></span> <span class='ocrx_word' id='word_1_125' title='bbox 3474 943 3589 1003; x_wconf 70' lang='lat' dir='ltr'><strong>Cc-</strong></span> 
     </span>
    </p>
   </div>
   <div class='ocr_carea' id='block_1_21' title="bbox 2008 1034 3593 1109">
    <p class='ocr_par' dir='ltr' id='par_1_21' title="bbox 2008 1034 3593 1109">
     <span class='ocr_line' id='line_1_21' title="bbox 2008 1034 3593 1109; baseline 0.003 -22"><span class='ocrx_word' id='word_1_126' title='bbox 2008 1034 2162 1089; x_wconf 86' lang='lat' dir='ltr'><strong>lestii.</strong></span> <span class='ocrx_word' id='word_1_127' title='bbox 2190 1036 2398 1105; x_wconf 77' lang='lat' dir='ltr'><strong>Integer</strong></span> <span class='ocrx_word' id='word_1_128' title='bbox 2427 1036 2610 1092; x_wconf 85' lang='lat' dir='ltr'><strong>titulus</strong></span> <span class='ocrx_word' id='word_1_129' title='bbox 2636 1056 2647 1089; x_wconf 90' lang='lat'><strong>:</strong></span> <span class='ocrx_word' id='word_1_130' title='bbox 2682 1035 2990 1107; x_wconf 72' lang='lat' dir='ltr'><strong>ExeMplum</strong></span> <span class='ocrx_word' id='word_1_131' title='bbox 3018 1040 3413 1105; x_wconf 87' lang='lat' dir='ltr'><strong>commonitorii,</strong></span> <span class='ocrx_word' id='word_1_132' title='bbox 3454 1041 3593 1109; x_wconf 88' lang='lat' dir='ltr'><strong>quod</strong></span> 
     </span>
    </p>
   </div>
   <div class='ocr_carea' id='block_1_22' title="bbox 2007 1125 3598 1199">
    <p class='ocr_par' dir='ltr' id='par_1_22' title="bbox 2007 1125 3598 1199">
     <span class='ocr_line' id='line_1_22' title="bbox 2007 1125 3598 1199; baseline 0.002 -18"><span class='ocrx_word' id='word_1_133' title='bbox 2007 1144 2158 1199; x_wconf 88' lang='lat' dir='ltr'><strong>super</strong></span> <span class='ocrx_word' id='word_1_134' title='bbox 2187 1129 2392 1182; x_wconf 80' lang='lat' dir='ltr'><strong>nomine</strong></span> <span class='ocrx_word' id='word_1_135' title='bbox 2422 1125 2641 1183; x_wconf 82' lang='lat' dir='ltr'><strong>Caelestii</strong></span> <span class='ocrx_word' id='word_1_136' title='bbox 2670 1126 2851 1183; x_wconf 77' lang='lat' dir='ltr'><strong>Crteco</strong></span> <span class='ocrx_word' id='word_1_137' title='bbox 2879 1145 3109 1183; x_wconf 77' lang='lat' dir='ltr'><strong>sermone</strong></span> <span class='ocrx_word' id='word_1_138' title='bbox 3133 1146 3163 1182; x_wconf 91' lang='lat' dir='ltr'><strong>a</strong></span> <span class='ocrx_word' id='word_1_139' title='bbox 3188 1128 3475 1184; x_wconf 75' lang='lat' dir='ltr'><strong>Mercatore</strong></span> <span class='ocrx_word' id='word_1_140' title='bbox 3501 1132 3598 1184; x_wconf 86' lang='lat' dir='ltr'><strong>da-</strong></span> 
     </span>
    </p>
   </div>
   <div class='ocr_carea' id='block_1_23' title="bbox 2010 1217 3597 1291">
    <p class='ocr_par' dir='ltr' id='par_1_23' title="bbox 2010 1217 3597 1291">
     <span class='ocr_line' id='line_1_23' title="bbox 2010 1217 3597 1291; baseline 0.001 -19"><span class='ocrx_word' id='word_1_141' title='bbox 2010 1230 2115 1273; x_wconf 89' lang='lat' dir='ltr'><strong>tum</strong></span> <span class='ocrx_word' id='word_1_142' title='bbox 2144 1228 2239 1283; x_wconf 87' lang='lat' dir='ltr'><strong>est,</strong></span> <span class='ocrx_word' id='word_1_143' title='bbox 2275 1234 2376 1273; x_wconf 88' lang='lat' dir='ltr'><strong>non</strong></span> <span class='ocrx_word' id='word_1_144' title='bbox 2398 1218 2563 1274; x_wconf 89' lang='lat' dir='ltr'><strong>solum</strong></span> <span class='ocrx_word' id='word_1_145' title='bbox 2600 1218 2845 1273; x_wconf 81' lang='lat' dir='ltr'><strong>Ecclesia:</strong></span> <span class='ocrx_word' id='word_1_146' title='bbox 2871 1217 3477 1291; x_wconf 67' lang='lat' dir='ltr'><strong>Constantinopolitanae,</strong></span> <span class='ocrx_word' id='word_1_147' title='bbox 3510 1223 3597 1274; x_wconf 86' lang='lat' dir='ltr'><strong>sed</strong></span> 
     </span>
    </p>
   </div>
   <div class='ocr_carea' id='block_1_24' title="bbox 2008 1312 3603 1386">
    <p class='ocr_par' dir='ltr' id='par_1_24' title="bbox 2008 1312 3603 1386">
     <span class='ocr_line' id='line_1_24' title="bbox 2008 1312 3603 1386; baseline 0.001 -19"><span class='ocrx_word' id='word_1_148' title='bbox 2008 1314 2160 1367; x_wconf 89' lang='lat' dir='ltr'><strong>etiam</strong></span> <span class='ocrx_word' id='word_1_149' title='bbox 2205 1312 2439 1381; x_wconf 88' lang='lat' dir='ltr'><strong>plurimis</strong></span> <span class='ocrx_word' id='word_1_150' title='bbox 2482 1314 2882 1385; x_wconf 85' lang='lat' dir='ltr'><strong>religiosissimis</strong></span> <span class='ocrx_word' id='word_1_151' title='bbox 2931 1315 3086 1382; x_wconf 83' lang='lat' dir='ltr'><strong>viris;</strong></span> <span class='ocrx_word' id='word_1_152' title='bbox 3131 1314 3358 1369; x_wconf 86' lang='lat' dir='ltr'><strong>oblatum</strong></span> <span class='ocrx_word' id='word_1_153' title='bbox 3404 1333 3603 1386; x_wconf 80' lang='lat' dir='ltr'><strong>quoque</strong></span> 
     </span>
    </p>
   </div>
   <div class='ocr_carea' id='block_1_25' title="bbox 2010 1403 3601 1478">
    <p class='ocr_par' dir='ltr' id='par_1_25' title="bbox 2010 1403 3601 1478">
     <span class='ocr_line' id='line_1_25' title="bbox 2010 1403 3601 1478; baseline 0.002 -22"><span class='ocrx_word' id='word_1_154' title='bbox 2010 1405 2237 1476; x_wconf 73' lang='lat' dir='ltr'><strong>piissimo</strong></span> <span class='ocrx_word' id='word_1_155' title='bbox 2269 1405 2488 1473; x_wconf 86' lang='lat' dir='ltr'><strong>principi</strong></span> <span class='ocrx_word' id='word_1_156' title='bbox 2518 1403 2807 1461; x_wconf 83' lang='lat' dir='ltr'><strong>Theodosio</strong></span> <span class='ocrx_word' id='word_1_157' title='bbox 2839 1422 3035 1478; x_wconf 82' lang='lat' dir='ltr'><strong>semper</strong></span> <span class='ocrx_word' id='word_1_158' title='bbox 3066 1418 3317 1478; x_wconf 86' lang='lat' dir='ltr'><strong>augusto;</strong></span> <span class='ocrx_word' id='word_1_159' title='bbox 3357 1408 3410 1459; x_wconf 93' lang='lat' dir='ltr'><strong>id</strong></span> <span class='ocrx_word' id='word_1_160' title='bbox 3434 1408 3601 1478; x_wconf 79' lang='lat' dir='ltr'><strong>ipsum</strong></span> 
     </span>
    </p>
   </div>
   <div class='ocr_carea' id='block_1_26' title="bbox 2011 1494 3596 1569">
    <p class='ocr_par' dir='ltr' id='par_1_26' title="bbox 2011 1494 3596 1569">
     <span class='ocr_line' id='line_1_26' title="bbox 2011 1494 3596 1569; baseline 0.001 -19"><span class='ocrx_word' id='word_1_161' title='bbox 2011 1514 2071 1551; x_wconf 81' lang='lat' dir='ltr'><strong>ea:</strong></span> <span class='ocrx_word' id='word_1_162' title='bbox 2094 1494 2276 1551; x_wconf 64' lang='lat' dir='ltr'><strong>Cresco</strong></span> <span class='ocrx_word' id='word_1_163' title='bbox 2301 1497 2351 1550; x_wconf 88' lang='lat' dir='ltr'><strong>in</strong></span> <span class='ocrx_word' id='word_1_164' title='bbox 2383 1496 2623 1551; x_wconf 86' lang='lat' dir='ltr'><strong>Latinum</strong></span> <span class='ocrx_word' id='word_1_165' title='bbox 2652 1499 2961 1552; x_wconf 88' lang='lat' dir='ltr'><strong>translatum</strong></span> <span class='ocrx_word' id='word_1_166' title='bbox 2992 1514 3080 1569; x_wconf 87' lang='lat' dir='ltr'><strong>per</strong></span> <span class='ocrx_word' id='word_1_167' title='bbox 3107 1500 3339 1553; x_wconf 87' lang='lat' dir='ltr'><strong>eumdem</strong></span> <span class='ocrx_word' id='word_1_168' title='bbox 3366 1498 3596 1554; x_wconf 78' lang='lat' dir='ltr'><strong>Marium</strong></span> 
     </span>
    </p>
   </div>
   <div class='ocr_carea' id='block_1_27' title="bbox 2014 1587 3601 1654">
    <p class='ocr_par' dir='ltr' id='par_1_27' title="bbox 2014 1587 3601 1654">
     <span class='ocr_line' id='line_1_27' title="bbox 2014 1587 3601 1654; baseline 0.002 -13"><span class='ocrx_word' id='word_1_169' title='bbox 2014 1589 2349 1643; x_wconf 72' lang='lat' dir='ltr'><strong>llercatOrem</strong></span> <span class='ocrx_word' id='word_1_170' title='bbox 2381 1587 2571 1643; x_wconf 81' lang='lat' dir='ltr'><strong>Christi</strong></span> <span class='ocrx_word' id='word_1_171' title='bbox 2605 1606 2831 1654; x_wconf 79' lang='lat' dir='ltr'><strong>seruum,</strong></span> <span class='ocrx_word' id='word_1_172' title='bbox 2864 1590 2918 1643; x_wconf 85' lang='lat' dir='ltr'><strong>in</strong></span> <span class='ocrx_word' id='word_1_173' title='bbox 2959 1591 3229 1644; x_wconf 88' lang='lat' dir='ltr'><strong>consulatu</strong></span> <span class='ocrx_word' id='word_1_174' title='bbox 3269 1589 3525 1644; x_wconf 79' lang='lat' dir='ltr'><strong>Florentii</strong></span> <span class='ocrx_word' id='word_1_175' title='bbox 3552 1603 3601 1644; x_wconf 81' lang='lat' dir='ltr'><strong>et</strong></span> 
     </span>
    </p>
   </div>
   <div class='ocr_carea' id='block_1_28' title="bbox 2016 1681 3602 1755">
    <p class='ocr_par' dir='ltr' id='par_1_28' title="bbox 2016 1681 3602 1755">
     <span class='ocr_line' id='line_1_28' title="bbox 2016 1681 3602 1755; baseline 0.001 -20"><span class='ocrx_word' id='word_1_176' title='bbox 2016 1682 2250 1754; x_wconf 78' lang='lat' dir='ltr'><strong>Dionysii</strong></span> <span class='ocrx_word' id='word_1_177' title='bbox 2293 1683 2412 1739; x_wconf 84' lang='lat' dir='ltr'><strong>VV.</strong></span> <span class='ocrx_word' id='word_1_178' title='bbox 2459 1683 2587 1750; x_wconf 88' lang='lat' dir='ltr'><strong>CC.;</strong></span> <span class='ocrx_word' id='word_1_179' title='bbox 2628 1702 2718 1755; x_wconf 92' lang='lat' dir='ltr'><strong>per</strong></span> <span class='ocrx_word' id='word_1_180' title='bbox 2739 1684 2876 1755; x_wconf 86' lang='lat' dir='ltr'><strong>quod</strong></span> <span class='ocrx_word' id='word_1_181' title='bbox 2907 1681 3364 1737; x_wconf 85' lang='lat' dir='ltr'><strong>Commonitorium</strong></span> <span class='ocrx_word' id='word_1_182' title='bbox 3398 1684 3602 1753; x_wconf 87' lang='lat' dir='ltr'><strong>cognito</strong></span> 
     </span>
    </p>
   </div>
   <div class='ocr_carea' id='block_1_29' title="bbox 2014 1774 3594 1849">
    <p class='ocr_par' dir='ltr' id='par_1_29' title="bbox 2014 1774 3594 1849">
     <span class='ocr_line' id='line_1_29' title="bbox 2014 1774 3594 1849; baseline 0 -20"><span class='ocrx_word' id='word_1_183' title='bbox 2014 1778 2355 1847; x_wconf 78' lang='lat' dir='ltr'><strong>funestissima</strong></span> <span class='ocrx_word' id='word_1_184' title='bbox 2383 1792 2577 1843; x_wconf 88' lang='lat' dir='ltr'><strong>errore,</strong></span> <span class='ocrx_word' id='word_1_185' title='bbox 2615 1774 2872 1849; x_wconf 79' lang='lat' dir='ltr'><strong>imperiali</strong></span> <span class='ocrx_word' id='word_1_186' title='bbox 2902 1784 3177 1848; x_wconf 69' lang='lat' dir='ltr'><strong>prmeepto,</strong></span> <span class='ocrx_word' id='word_1_187' title='bbox 3218 1785 3322 1830; x_wconf 89' lang='lat' dir='ltr'><strong>tam</strong></span> <span class='ocrx_word' id='word_1_188' title='bbox 3347 1775 3594 1830; x_wconf 79' lang='lat' dir='ltr'><strong>lulianus</strong></span> 
     </span>
    </p>
   </div>
   <div class='ocr_carea' id='block_1_30' title="bbox 331 1859 1919 1939">
    <p class='ocr_par' dir='ltr' id='par_1_30' title="bbox 331 1859 1904 1925">
     <span class='ocr_line' id='line_1_30' title="bbox 331 1859 1904 1925; baseline -0.008 0"><span class='ocrx_word' id='word_1_189' title='bbox 331 1872 503 1925; x_wconf 85' lang='lat' dir='ltr'><strong>omnia</strong></span> <span class='ocrx_word' id='word_1_190' title='bbox 532 1869 600 1923; x_wconf 89' lang='lat' dir='ltr'><strong>ad</strong></span> <span class='ocrx_word' id='word_1_191' title='bbox 621 1867 959 1923; x_wconf 73' lang='lat' dir='ltr'><strong>refutandam</strong></span> <span class='ocrx_word' id='word_1_192' title='bbox 981 1866 1210 1921; x_wconf 58' lang='lat' dir='ltr'><strong>hmresiu</strong></span> <span class='ocrx_word' id='word_1_193' title='bbox 1232 1863 1613 1919; x_wconf 74' lang='lat' dir='ltr'><strong>Cretesuanatn</strong></span> <span class='ocrx_word' id='word_1_194' title='bbox 1642 1869 1691 1915; x_wconf 90' lang='lat' dir='ltr'><strong>et</strong></span> <span class='ocrx_word' id='word_1_195' title='bbox 1719 1859 1904 1913; x_wconf 80' lang='lat' dir='ltr'><strong>Nesto-</strong></span> 
     </span>
    </p>
   </div>
   <div class='ocr_carea' id='block_1_31' title="bbox 2033 1859 3600 1939">
    <p class='ocr_par' dir='ltr' id='par_1_31' title="bbox 2033 1867 3600 1939">
     <span class='ocr_line' id='line_1_31' title="bbox 2033 1867 3600 1939; baseline -0.003 -16"><span class='ocrx_word' id='word_1_196' title='bbox 2033 1870 2270 1939; x_wconf 75' lang='lat' dir='ltr'><strong>lejensor,</strong></span> <span class='ocrx_word' id='word_1_197' title='bbox 2297 1878 2342 1922; x_wconf 84' lang='lat' dir='ltr'><strong>et</strong></span> <span class='ocrx_word' id='word_1_198' title='bbox 2367 1885 2557 1939; x_wconf 76' lang='lat' dir='ltr'><strong>sequax</strong></span> <span class='ocrx_word' id='word_1_199' title='bbox 2583 1872 2719 1939; x_wconf 78' lang='lat' dir='ltr'><strong>eius,</strong></span> <span class='ocrx_word' id='word_1_200' title='bbox 2743 1885 2859 1921; x_wconf 90' lang='lat' dir='ltr'><strong>cum</strong></span> <span class='ocrx_word' id='word_1_201' title='bbox 2886 1870 3083 1923; x_wconf 65' lang='lat' dir='ltr'><strong>ceteris</strong></span> <span class='ocrx_word' id='word_1_202' title='bbox 3104 1869 3257 1922; x_wconf 85' lang='lat' dir='ltr'><strong>sociis</strong></span> <span class='ocrx_word' id='word_1_203' title='bbox 3295 1878 3343 1921; x_wconf 88' lang='lat' dir='ltr'><strong>et</strong></span> <span class='ocrx_word' id='word_1_204' title='bbox 3388 1867 3600 1937; x_wconf 58' lang='lat' dir='ltr'><strong>particiv</strong></span> 
     </span>
    </p>
   </div>
   <div class='ocr_carea' id='block_1_32' title="bbox 330 1958 1911 2028">
    <p class='ocr_par' dir='ltr' id='par_1_32' title="bbox 330 1958 1911 2028">
     <span class='ocr_line' id='line_1_32' title="bbox 330 1958 1911 2028; baseline -0.009 -10"><span class='ocrx_word' id='word_1_205' title='bbox 330 1964 531 2018; x_wconf 83' lang='lat' dir='ltr'><strong>rianam</strong></span> <span class='ocrx_word' id='word_1_206' title='bbox 563 1961 807 2016; x_wconf 86' lang='lat' dir='ltr'><strong>tendunt.</strong></span> <span class='ocrx_word' id='word_1_207' title='bbox 835 1960 971 2016; x_wconf 89' lang='lat' dir='ltr'><strong>Sunt</strong></span> <span class='ocrx_word' id='word_1_208' title='bbox 1000 1966 1179 2014; x_wconf 88' lang='lat' dir='ltr'><strong>autem</strong></span> <span class='ocrx_word' id='word_1_209' title='bbox 1220 1958 1475 2028; x_wconf 81' lang='lat' dir='ltr'><strong>pleraque</strong></span> <span class='ocrx_word' id='word_1_210' title='bbox 1507 1970 1614 2008; x_wconf 91' lang='lat' dir='ltr'><strong>non</strong></span> <span class='ocrx_word' id='word_1_211' title='bbox 1648 1964 1754 2007; x_wconf 92' lang='lat' dir='ltr'><strong>tam</strong></span> <span class='ocrx_word' id='word_1_212' title='bbox 1784 1968 1911 2022; x_wconf 90' lang='lat' dir='ltr'><strong>pro-</strong></span> 
     </span>
    </p>
   </div>
   <div class='ocr_carea' id='block_1_33' title="bbox 330 2046 1907 2125">
    <p class='ocr_par' dir='ltr' id='par_1_33' title="bbox 330 2046 1907 2125">
     <span class='ocr_line' id='line_1_33' title="bbox 330 2046 1907 2125; baseline -0.007 -15"><span class='ocrx_word' id='word_1_213' title='bbox 330 2056 437 2125; x_wconf 86' lang='lat' dir='ltr'><strong>prio</strong></span> <span class='ocrx_word' id='word_1_214' title='bbox 463 2054 651 2109; x_wconf 74' lang='lat' dir='ltr'><strong>labore</strong></span> <span class='ocrx_word' id='word_1_215' title='bbox 672 2051 992 2123; x_wconf 85' lang='lat' dir='ltr'><strong>composita,</strong></span> <span class='ocrx_word' id='word_1_216' title='bbox 1018 2066 1177 2122; x_wconf 91' lang='lat' dir='ltr'><strong>quam</strong></span> <span class='ocrx_word' id='word_1_217' title='bbox 1206 2065 1272 2104; x_wconf 85' lang='lat' dir='ltr'><strong>ex</strong></span> <span class='ocrx_word' id='word_1_218' title='bbox 1296 2048 1497 2105; x_wconf 60' lang='lat' dir='ltr'><strong>Grecis</strong></span> <span class='ocrx_word' id='word_1_219' title='bbox 1530 2046 1723 2103; x_wconf 87' lang='lat' dir='ltr'><strong>Latina</strong></span> <span class='ocrx_word' id='word_1_220' title='bbox 1750 2046 1907 2107; x_wconf 79' lang='lat' dir='ltr'><strong>facta,</strong></span> 
     </span>
    </p>
   </div>
   <div class='ocr_carea' id='block_1_34' title="bbox 331 2139 1909 2215">
    <p class='ocr_par' dir='ltr' id='par_1_34' title="bbox 331 2139 1909 2215">
     <span class='ocr_line' id='line_1_34' title="bbox 331 2139 1909 2215; baseline -0.008 -13"><span class='ocrx_word' id='word_1_221' title='bbox 331 2149 550 2203; x_wconf 87' lang='lat' dir='ltr'><strong>collecta</strong></span> <span class='ocrx_word' id='word_1_222' title='bbox 584 2157 634 2201; x_wconf 88' lang='lat' dir='ltr'><strong>et</strong></span> <span class='ocrx_word' id='word_1_223' title='bbox 673 2157 929 2215; x_wconf 76' lang='lat' dir='ltr'><strong>excerpta</strong></span> <span class='ocrx_word' id='word_1_224' title='bbox 967 2159 1032 2199; x_wconf 83' lang='lat' dir='ltr'><strong>ex</strong></span> <span class='ocrx_word' id='word_1_225' title='bbox 1067 2143 1280 2211; x_wconf 85' lang='lat' dir='ltr'><strong>scriptis</strong></span> <span class='ocrx_word' id='word_1_226' title='bbox 1307 2153 1419 2196; x_wconf 89' lang='lat' dir='ltr'><strong>tum</strong></span> <span class='ocrx_word' id='word_1_227' title='bbox 1453 2139 1909 2201; x_wconf 80' lang='lat' dir='ltr'><strong>adversariorum,</strong></span> 
     </span>
    </p>
   </div>
   <div class='ocr_carea' id='block_1_35' title="bbox 334 2232 1911 2308">
    <p class='ocr_par' dir='ltr' id='par_1_35' title="bbox 334 2232 1911 2308">
     <span class='ocr_line' id='line_1_35' title="bbox 334 2232 1911 2308; baseline -0.007 -14"><span class='ocrx_word' id='word_1_228' title='bbox 334 2249 432 2294; x_wconf 88' lang='lat' dir='ltr'><strong>tum</strong></span> <span class='ocrx_word' id='word_1_229' title='bbox 456 2254 674 2307; x_wconf 83' lang='lat' dir='ltr'><strong>eorum,</strong></span> <span class='ocrx_word' id='word_1_230' title='bbox 690 2238 783 2308; x_wconf 90' lang='lat' dir='ltr'><strong>qui</strong></span> <span class='ocrx_word' id='word_1_231' title='bbox 809 2250 904 2291; x_wconf 85' lang='lat' dir='ltr'><strong>eos</strong></span> <span class='ocrx_word' id='word_1_232' title='bbox 925 2243 1348 2306; x_wconf 84' lang='lat' dir='ltr'><strong>Oppugnassent,</strong></span> <span class='ocrx_word' id='word_1_233' title='bbox 1366 2232 1533 2288; x_wconf 81' lang='lat' dir='ltr'><strong>veluti</strong></span> <span class='ocrx_word' id='word_1_234' title='bbox 1556 2233 1911 2286; x_wconf 74' lang='lat' dir='ltr'><strong>instrumenta</strong></span> 
     </span>
    </p>
   </div>
   <div class='ocr_carea' id='block_1_36' title="bbox 334 2322 1914 2402">
    <p class='ocr_par' dir='ltr' id='par_1_36' title="bbox 334 2322 1914 2402">
     <span class='ocr_line' id='line_1_36' title="bbox 334 2322 1914 2402; baseline -0.005 -16"><span class='ocrx_word' id='word_1_235' title='bbox 334 2332 570 2402; x_wconf 57' lang='lat' dir='ltr'><strong>quaedam</strong></span> <span class='ocrx_word' id='word_1_236' title='bbox 620 2345 824 2399; x_wconf 65' lang='lat' dir='ltr'><strong>causas,</strong></span> <span class='ocrx_word' id='word_1_237' title='bbox 877 2328 1071 2399; x_wconf 87' lang='lat' dir='ltr'><strong>quibus</strong></span> <span class='ocrx_word' id='word_1_238' title='bbox 1118 2328 1383 2394; x_wconf 87' lang='lat' dir='ltr'><strong>lectores,</strong></span> <span class='ocrx_word' id='word_1_239' title='bbox 1424 2341 1544 2397; x_wconf 63' lang='lat' dir='ltr'><strong>qua</strong></span> <span class='ocrx_word' id='word_1_240' title='bbox 1591 2336 1752 2381; x_wconf 66' lang='lat' dir='ltr'><strong>rectas</strong></span> <span class='ocrx_word' id='word_1_241' title='bbox 1790 2322 1914 2379; x_wconf 78' lang='lat' dir='ltr'><strong>ﬁdei</strong></span> 
     </span>
    </p>
   </div>
   <div class='ocr_carea' id='block_1_37' title="bbox 337 2418 1917 2489">
    <p class='ocr_par' dir='ltr' id='par_1_37' title="bbox 337 2418 1917 2489">
     <span class='ocr_line' id='line_1_37' title="bbox 337 2418 1917 2489; baseline -0.006 -11"><span class='ocrx_word' id='word_1_242' title='bbox 337 2432 532 2487; x_wconf 86' lang='lat' dir='ltr'><strong>essent,</strong></span> <span class='ocrx_word' id='word_1_243' title='bbox 565 2422 931 2476; x_wconf 86' lang='lat' dir='ltr'><strong>edocerentur</strong></span> <span class='ocrx_word' id='word_1_244' title='bbox 959 2430 1015 2476; x_wconf 88' lang='lat' dir='ltr'><strong>et</strong></span> <span class='ocrx_word' id='word_1_245' title='bbox 1060 2420 1127 2475; x_wconf 88' lang='lat' dir='ltr'><strong>ad</strong></span> <span class='ocrx_word' id='word_1_246' title='bbox 1154 2418 1421 2489; x_wconf 85' lang='lat' dir='ltr'><strong>judicium</strong></span> <span class='ocrx_word' id='word_1_247' title='bbox 1465 2418 1532 2472; x_wconf 91' lang='lat' dir='ltr'><strong>de</strong></span> <span class='ocrx_word' id='word_1_248' title='bbox 1583 2431 1744 2487; x_wconf 80' lang='lat' dir='ltr'><strong>prave</strong></span> <span class='ocrx_word' id='word_1_249' title='bbox 1794 2430 1917 2470; x_wconf 83' lang='lat' dir='ltr'><strong>sen-</strong></span> 
     </span>
    </p>
   </div>
   <div class='ocr_carea' id='block_1_38' title="bbox 339 2508 1917 2584">
    <p class='ocr_par' dir='ltr' id='par_1_38' title="bbox 339 2508 1917 2584">
     <span class='ocr_line' id='line_1_38' title="bbox 339 2508 1917 2584; baseline -0.005 -15"><span class='ocrx_word' id='word_1_250' title='bbox 339 2516 578 2571; x_wconf 87' lang='lat' dir='ltr'><strong>tientium</strong></span> <span class='ocrx_word' id='word_1_251' title='bbox 602 2514 879 2584; x_wconf 86' lang='lat' dir='ltr'><strong>impietate</strong></span> <span class='ocrx_word' id='word_1_252' title='bbox 894 2512 1173 2569; x_wconf 78' lang='lat' dir='ltr'><strong>ferendum</strong></span> <span class='ocrx_word' id='word_1_253' title='bbox 1198 2512 1639 2566; x_wconf 80' lang='lat' dir='ltr'><strong>informareutur.</strong></span> <span class='ocrx_word' id='word_1_254' title='bbox 1659 2508 1917 2563; x_wconf 71' lang='lat' dir='ltr'><strong>Dabimus</strong></span> 
     </span>
    </p>
   </div>
   <div class='ocr_carea' id='block_1_39' title="bbox 338 2601 1918 2676">
    <p class='ocr_par' dir='ltr' id='par_1_39' title="bbox 338 2601 1918 2676">
     <span class='ocr_line' id='line_1_39' title="bbox 338 2601 1918 2676; baseline -0.004 -14"><span class='ocrx_word' id='word_1_255' title='bbox 338 2607 615 2663; x_wconf 84' lang='lat' dir='ltr'><strong>elenchum</strong></span> <span class='ocrx_word' id='word_1_256' title='bbox 640 2622 831 2662; x_wconf 90' lang='lat' dir='ltr'><strong>eorum</strong></span> <span class='ocrx_word' id='word_1_257' title='bbox 851 2606 1002 2676; x_wconf 79' lang='lat' dir='ltr'><strong>juxta</strong></span> <span class='ocrx_word' id='word_1_258' title='bbox 1027 2604 1317 2661; x_wconf 80' lang='lat' dir='ltr'><strong>editionem</strong></span> <span class='ocrx_word' id='word_1_259' title='bbox 1343 2604 1569 2671; x_wconf 81' lang='lat' dir='ltr'><strong>Baluzii,</strong></span> <span class='ocrx_word' id='word_1_260' title='bbox 1596 2602 1685 2674; x_wconf 86' lang='lat' dir='ltr'><strong>qui</strong></span> <span class='ocrx_word' id='word_1_261' title='bbox 1714 2601 1918 2657; x_wconf 86' lang='lat' dir='ltr'><strong>codicis</strong></span> 
     </span>
    </p>
   </div>
   <div class='ocr_carea' id='block_1_40' title="bbox 342 2698 1096 2769">
    <p class='ocr_par' dir='ltr' id='par_1_40' title="bbox 342 2698 1096 2769">
     <span class='ocr_line' id='line_1_40' title="bbox 342 2698 1096 2769; baseline 0.003 -18"><span class='ocrx_word' id='word_1_262' title='bbox 342 2698 575 2754; x_wconf 78' lang='lat' dir='ltr'><strong>Vaticani</strong></span> <span class='ocrx_word' id='word_1_263' title='bbox 604 2700 804 2755; x_wconf 88' lang='lat' dir='ltr'><strong>seriem</strong></span> <span class='ocrx_word' id='word_1_264' title='bbox 836 2700 1096 2769; x_wconf 84' lang='lat' dir='ltr'><strong>sequitur.</strong></span> 
     </span>
    </p>
   </div>
   <div class='ocr_carea' id='block_1_41' title="bbox 404 2784 1921 2857">
    <p class='ocr_par' dir='ltr' id='par_1_41' title="bbox 404 2784 1921 2857">
     <span class='ocr_line' id='line_1_41' title="bbox 404 2784 1921 2857; baseline -0.003 -12"><span class='ocrx_word' id='word_1_265' title='bbox 404 2790 441 2845; x_wconf 90' lang='lat' dir='ltr'><strong>I.</strong></span> <span class='ocrx_word' id='word_1_266' title='bbox 484 2789 945 2845; x_wconf 80' lang='lat' dir='ltr'><strong>Commonitorium</strong></span> <span class='ocrx_word' id='word_1_267' title='bbox 975 2790 1215 2844; x_wconf 82' lang='lat' dir='ltr'><strong>adversus</strong></span> <span class='ocrx_word' id='word_1_268' title='bbox 1245 2788 1479 2843; x_wconf 65' lang='lat' dir='ltr'><strong>haeresim</strong></span> <span class='ocrx_word' id='word_1_269' title='bbox 1507 2784 1708 2857; x_wconf 85' lang='lat' dir='ltr'><strong>Pelagii</strong></span> <span class='ocrx_word' id='word_1_270' title='bbox 1734 2795 1783 2843; x_wconf 90' lang='lat' dir='ltr'><strong>et</strong></span> <span class='ocrx_word' id='word_1_271' title='bbox 1810 2785 1921 2841; x_wconf 73' lang='lat' dir='ltr'><strong>Cae-</strong></span> 
     </span>
    </p>
   </div>
   <div class='ocr_carea' id='block_1_42' title="bbox 343 2877 1920 2953">
    <p class='ocr_par' dir='ltr' id='par_1_42' title="bbox 343 2877 1920 2953">
     <span class='ocr_line' id='line_1_42' title="bbox 343 2877 1920 2953; baseline -0.003 -16"><span class='ocrx_word' id='word_1_272' title='bbox 343 2883 489 2947; x_wconf 82' lang='lat' dir='ltr'><strong>lestii,</strong></span> <span class='ocrx_word' id='word_1_273' title='bbox 520 2887 597 2937; x_wconf 70' lang='lat' dir='ltr'><strong>vel</strong></span> <span class='ocrx_word' id='word_1_274' title='bbox 625 2884 777 2938; x_wconf 90' lang='lat' dir='ltr'><strong>etiam</strong></span> <span class='ocrx_word' id='word_1_275' title='bbox 800 2883 997 2953; x_wconf 88' lang='lat' dir='ltr'><strong>scripta</strong></span> <span class='ocrx_word' id='word_1_276' title='bbox 1022 2880 1252 2935; x_wconf 71' lang='lat' dir='ltr'><strong>Iuliani.</strong></span> <span class='ocrx_word' id='word_1_277' title='bbox 1286 2880 1454 2935; x_wconf 85' lang='lat' dir='ltr'><strong>Pleno</strong></span> <span class='ocrx_word' id='word_1_278' title='bbox 1485 2880 1643 2933; x_wconf 92' lang='lat' dir='ltr'><strong>titulo</strong></span> <span class='ocrx_word' id='word_1_279' title='bbox 1667 2877 1920 2933; x_wconf 84' lang='lat' dir='ltr'><strong>inscribi-</strong></span> 
     </span>
    </p>
   </div>
   <div class='ocr_carea' id='block_1_43' title="bbox 344 2969 1924 3030">
    <p class='ocr_par' dir='ltr' id='par_1_43' title="bbox 344 2969 1924 3030">
     <span class='ocr_line' id='line_1_43' title="bbox 344 2969 1924 3030; baseline -0.005 -1"><span class='ocrx_word' id='word_1_280' title='bbox 344 2983 460 3030; x_wconf 81' lang='lat' dir='ltr'><strong>tur:</strong></span> <span class='ocrx_word' id='word_1_281' title='bbox 496 2975 955 3029; x_wconf 83' lang='lat' dir='ltr'><strong>Commonitorium</strong></span> <span class='ocrx_word' id='word_1_282' title='bbox 996 2973 1314 3026; x_wconf 87' lang='lat' dir='ltr'><strong>lectori......</strong></span> <span class='ocrx_word' id='word_1_283' title='bbox 1358 2988 1389 3024; x_wconf 90' lang='lat' dir='ltr'><strong>a</strong></span> <span class='ocrx_word' id='word_1_284' title='bbox 1432 2969 1602 3023; x_wconf 83' lang='lat' dir='ltr'><strong>Mario</strong></span> <span class='ocrx_word' id='word_1_285' title='bbox 1639 2969 1924 3022; x_wconf 78' lang='lat' dir='ltr'><strong>Mercatore</strong></span> 
     </span>
    </p>
   </div>
   <div class='ocr_carea' id='block_1_44' title="bbox 345 3058 1922 3133">
    <p class='ocr_par' dir='ltr' id='par_1_44' title="bbox 345 3058 1922 3133">
     <span class='ocr_line' id='line_1_44' title="bbox 345 3058 1922 3133; baseline -0.006 -12"><span class='ocrx_word' id='word_1_286' title='bbox 345 3082 475 3121; x_wconf 74' lang='lat' dir='ltr'><strong>terra</strong></span> <span class='ocrx_word' id='word_1_287' title='bbox 502 3066 712 3120; x_wconf 83' lang='lat' dir='ltr'><strong>Christi.</strong></span> <span class='ocrx_word' id='word_1_288' title='bbox 764 3063 1018 3120; x_wconf 87' lang='lat' dir='ltr'><strong>Continet</strong></span> <span class='ocrx_word' id='word_1_289' title='bbox 1065 3072 1320 3133; x_wconf 79' lang='lat' dir='ltr'><strong>excerpta</strong></span> <span class='ocrx_word' id='word_1_290' title='bbox 1349 3077 1415 3117; x_wconf 89' lang='lat' dir='ltr'><strong>ex</strong></span> <span class='ocrx_word' id='word_1_291' title='bbox 1462 3060 1680 3130; x_wconf 86' lang='lat' dir='ltr'><strong>scriptis</strong></span> <span class='ocrx_word' id='word_1_292' title='bbox 1725 3058 1922 3115; x_wconf 80' lang='lat' dir='ltr'><strong>Juliani</strong></span> 
     </span>
    </p>
   </div>
   <div class='ocr_carea' id='block_1_45' title="bbox 344 3154 1920 3230">
    <p class='ocr_par' dir='ltr' id='par_1_45' title="bbox 344 3154 1920 3230">
     <span class='ocr_line' id='line_1_45' title="bbox 344 3154 1920 3230; baseline -0.003 -17"><span class='ocrx_word' id='word_1_293' title='bbox 344 3161 638 3230; x_wconf 80' lang='lat' dir='ltr'><strong>subjuuctis</strong></span> <span class='ocrx_word' id='word_1_294' title='bbox 690 3160 887 3230; x_wconf 89' lang='lat' dir='ltr'><strong>ubique</strong></span> <span class='ocrx_word' id='word_1_295' title='bbox 936 3159 1047 3213; x_wconf 90' lang='lat' dir='ltr'><strong>suis</strong></span> <span class='ocrx_word' id='word_1_296' title='bbox 1102 3159 1275 3227; x_wconf 86' lang='lat' dir='ltr'><strong>ipsius</strong></span> <span class='ocrx_word' id='word_1_297' title='bbox 1332 3154 1776 3226; x_wconf 86' lang='lat' dir='ltr'><strong>rcspnnsionibus</strong></span> <span class='ocrx_word' id='word_1_298' title='bbox 1825 3168 1920 3209; x_wconf 91' lang='lat' dir='ltr'><strong>seu</strong></span> 
     </span>
    </p>
   </div>
   <div class='ocr_carea' id='block_1_46' title="bbox 2013 1959 3607 2036">
    <p class='ocr_par' dir='ltr' id='par_1_46' title="bbox 2013 1959 3607 2036">
     <span class='ocr_line' id='line_1_46' title="bbox 2013 1959 3607 2036; baseline -0.002 -22"><span class='ocrx_word' id='word_1_299' title='bbox 2013 1964 2160 2036; x_wconf 81' lang='lat' dir='ltr'><strong>pibus</strong></span> <span class='ocrx_word' id='word_1_300' title='bbox 2194 1964 2323 2032; x_wconf 86' lang='lat' dir='ltr'><strong>suis,</strong></span> <span class='ocrx_word' id='word_1_301' title='bbox 2354 1980 2506 2034; x_wconf 87' lang='lat' dir='ltr'><strong>quam</strong></span> <span class='ocrx_word' id='word_1_302' title='bbox 2539 1972 2714 2033; x_wconf 88' lang='lat' dir='ltr'><strong>postea</strong></span> <span class='ocrx_word' id='word_1_303' title='bbox 2749 1964 2882 2018; x_wconf 88' lang='lat' dir='ltr'><strong>ident</strong></span> <span class='ocrx_word' id='word_1_304' title='bbox 2913 1960 3197 2024; x_wconf 72' lang='lat' dir='ltr'><strong>Caelestius,</strong></span> <span class='ocrx_word' id='word_1_305' title='bbox 3225 1960 3288 2016; x_wconf 87' lang='lat' dir='ltr'><strong>de</strong></span> <span class='ocrx_word' id='word_1_306' title='bbox 3310 1959 3607 2015; x_wconf 83' lang='lat' dir='ltr'><strong>Constanti-</strong></span> 
     </span>
    </p>
   </div>
   <div class='ocr_carea' id='block_1_47' title="bbox 2013 2056 3607 2130">
    <p class='ocr_par' dir='ltr' id='par_1_47' title="bbox 2013 2056 3607 2130">
     <span class='ocr_line' id='line_1_47' title="bbox 2013 2056 3607 2130; baseline 0.001 -19"><span class='ocrx_word' id='word_1_307' title='bbox 2013 2059 2311 2128; x_wconf 82' lang='lat' dir='ltr'><strong>rwpolitana</strong></span> <span class='ocrx_word' id='word_1_308' title='bbox 2342 2059 2464 2113; x_wconf 87' lang='lat' dir='ltr'><strong>urbe</strong></span> <span class='ocrx_word' id='word_1_309' title='bbox 2501 2059 2697 2113; x_wconf 85' lang='lat' dir='ltr'><strong>detrusi</strong></span> <span class='ocrx_word' id='word_1_310' title='bbox 2736 2060 2788 2113; x_wconf 89' lang='lat' dir='ltr'><strong>in</strong></span> <span class='ocrx_word' id='word_1_311' title='bbox 2832 2059 3031 2130; x_wconf 81' lang='lat' dir='ltr'><strong>synodo</strong></span> <span class='ocrx_word' id='word_1_312' title='bbox 3060 2075 3260 2129; x_wconf 85' lang='lat' dir='ltr'><strong>quoque</strong></span> <span class='ocrx_word' id='word_1_313' title='bbox 3296 2056 3607 2127; x_wconf 83' lang='lat' dir='ltr'><strong>Ephesiensi</strong></span> 
     </span>
    </p>
   </div>
   <div class='ocr_carea' id='block_1_48' title="bbox 2013 2148 3605 2224">
    <p class='ocr_par' dir='ltr' id='par_1_48' title="bbox 2013 2148 3605 2224">
     <span class='ocr_line' id='line_1_48' title="bbox 2013 2148 3605 2224; baseline -0.002 -20"><span class='ocrx_word' id='word_1_314' title='bbox 2013 2152 2346 2205; x_wconf 89' lang='lat' dir='ltr'><strong>ducentorum</strong></span> <span class='ocrx_word' id='word_1_315' title='bbox 2370 2152 2696 2224; x_wconf 83' lang='lat' dir='ltr'><strong>septuaginta</strong></span> <span class='ocrx_word' id='word_1_316' title='bbox 2722 2153 2947 2222; x_wconf 84' lang='lat' dir='ltr'><strong>quinque</strong></span> <span class='ocrx_word' id='word_1_317' title='bbox 2971 2150 3325 2221; x_wconf 84' lang='lat' dir='ltr'><strong>episcoporum</strong></span> <span class='ocrx_word' id='word_1_318' title='bbox 3353 2148 3605 2203; x_wconf 84' lang='lat' dir='ltr'><strong>sententia</strong></span> 
     </span>
    </p>
   </div>
   <div class='ocr_carea' id='block_1_49' title="bbox 2014 2242 3606 2314">
    <p class='ocr_par' dir='ltr' id='par_1_49' title="bbox 2014 2242 3606 2314">
     <span class='ocr_line' id='line_1_49' title="bbox 2014 2242 3606 2314; baseline 0 -19"><span class='ocrx_word' id='word_1_319' title='bbox 2014 2243 2337 2313; x_wconf 85' lang='lat' dir='ltr'><strong>postmodum</strong></span> <span class='ocrx_word' id='word_1_320' title='bbox 2368 2244 2417 2296; x_wconf 88' lang='lat' dir='ltr'><strong>in</strong></span> <span class='ocrx_word' id='word_1_321' title='bbox 2449 2243 2687 2314; x_wconf 65' lang='lat' dir='ltr'><strong>prementi</strong></span> <span class='ocrx_word' id='word_1_322' title='bbox 2714 2242 2949 2295; x_wconf 85' lang='lat' dir='ltr'><strong>damnati</strong></span> <span class='ocrx_word' id='word_1_323' title='bbox 2974 2251 3114 2295; x_wconf 88' lang='lat' dir='ltr'><strong>sunt.</strong></span> <span class='ocrx_word' id='word_1_324' title='bbox 3141 2246 3329 2296; x_wconf 83' lang='lat' dir='ltr'><strong>Annus</strong></span> <span class='ocrx_word' id='word_1_325' title='bbox 3360 2255 3454 2310; x_wconf 88' lang='lat' dir='ltr'><strong>per</strong></span> <span class='ocrx_word' id='word_1_326' title='bbox 3477 2256 3606 2295; x_wconf 89' lang='lat' dir='ltr'><strong>con-</strong></span> 
     </span>
    </p>
   </div>
   <div class='ocr_carea' id='block_1_50' title="bbox 2016 2331 3605 2404">
    <p class='ocr_par' dir='ltr' id='par_1_50' title="bbox 2016 2331 3605 2404">
     <span class='ocr_line' id='line_1_50' title="bbox 2016 2331 3605 2404; baseline -0.002 -17"><span class='ocrx_word' id='word_1_327' title='bbox 2016 2334 2160 2389; x_wconf 83' lang='lat' dir='ltr'><strong>sules</strong></span> <span class='ocrx_word' id='word_1_328' title='bbox 2208 2333 2293 2388; x_wconf 86' lang='lat' dir='ltr'><strong>hic</strong></span> <span class='ocrx_word' id='word_1_329' title='bbox 2320 2334 2628 2404; x_wconf 77' lang='lat' dir='ltr'><strong>designatus</strong></span> <span class='ocrx_word' id='word_1_330' title='bbox 2653 2340 2740 2388; x_wconf 89' lang='lat' dir='ltr'><strong>est</strong></span> <span class='ocrx_word' id='word_1_331' title='bbox 2787 2331 2914 2397; x_wconf 68' lang='lat'><strong>429,</strong></span> <span class='ocrx_word' id='word_1_332' title='bbox 2948 2347 3056 2402; x_wconf 90' lang='lat' dir='ltr'><strong>quo</strong></span> <span class='ocrx_word' id='word_1_333' title='bbox 3088 2333 3323 2403; x_wconf 90' lang='lat' dir='ltr'><strong>primum</strong></span> <span class='ocrx_word' id='word_1_334' title='bbox 3365 2332 3605 2386; x_wconf 85' lang='lat' dir='ltr'><strong>oblatum</strong></span> 
     </span>
    </p>
   </div>
   <div class='ocr_carea' id='block_1_51' title="bbox 2016 2423 3601 2493">
    <p class='ocr_par' dir='ltr' id='par_1_51' title="bbox 2016 2423 3601 2493">
     <span class='ocr_line' id='line_1_51' title="bbox 2016 2423 3601 2493; baseline -0.002 -15"><span class='ocrx_word' id='word_1_335' title='bbox 2016 2424 2115 2479; x_wconf 88' lang='lat' dir='ltr'><strong>luit</strong></span> <span class='ocrx_word' id='word_1_336' title='bbox 2138 2424 2463 2490; x_wconf 86' lang='lat' dir='ltr'><strong>Theodosio,</strong></span> <span class='ocrx_word' id='word_1_337' title='bbox 2488 2425 2662 2480; x_wconf 82' lang='lat' dir='ltr'><strong>serius</strong></span> <span class='ocrx_word' id='word_1_338' title='bbox 2685 2434 2888 2489; x_wconf 91' lang='lat' dir='ltr'><strong>autem,</strong></span> <span class='ocrx_word' id='word_1_339' title='bbox 2912 2434 3036 2493; x_wconf 87' lang='lat' dir='ltr'><strong>post</strong></span> <span class='ocrx_word' id='word_1_340' title='bbox 3061 2423 3389 2479; x_wconf 85' lang='lat' dir='ltr'><strong>celebratam</strong></span> <span class='ocrx_word' id='word_1_341' title='bbox 3421 2438 3471 2475; x_wconf 93' lang='lat' dir='ltr'><strong>a.</strong></span> <span class='ocrx_word' id='word_1_342' title='bbox 3502 2423 3601 2477; x_wconf 74' lang='grc'><strong>451</strong></span> 
     </span>
    </p>
   </div>
   <div class='ocr_carea' id='block_1_52' title="bbox 2018 2515 3602 2588">
    <p class='ocr_par' dir='ltr' id='par_1_52' title="bbox 2018 2515 3602 2588">
     <span class='ocr_line' id='line_1_52' title="bbox 2018 2515 3602 2588; baseline -0.003 -17"><span class='ocrx_word' id='word_1_343' title='bbox 2018 2516 2282 2588; x_wconf 81' lang='lat' dir='ltr'><strong>synodum</strong></span> <span class='ocrx_word' id='word_1_344' title='bbox 2308 2516 2659 2586; x_wconf 82' lang='lat' dir='ltr'><strong>Ephesinam,</strong></span> <span class='ocrx_word' id='word_1_345' title='bbox 2685 2516 2737 2570; x_wconf 92' lang='lat' dir='ltr'><strong>in</strong></span> <span class='ocrx_word' id='word_1_346' title='bbox 2762 2515 3012 2570; x_wconf 85' lang='lat' dir='ltr'><strong>Latinum</strong></span> <span class='ocrx_word' id='word_1_347' title='bbox 3035 2529 3353 2570; x_wconf 83' lang='lat' dir='ltr'><strong>conversum</strong></span> <span class='ocrx_word' id='word_1_348' title='bbox 3378 2525 3602 2569; x_wconf 73' lang='lat' dir='ltr'><strong>censent</strong></span> 
     </span>
    </p>
   </div>
   <div class='ocr_carea' id='block_1_53' title="bbox 2018 2608 2679 2666">
    <p class='ocr_par' dir='ltr' id='par_1_53' title="bbox 2018 2608 2679 2666">
     <span class='ocr_line' id='line_1_53' title="bbox 2018 2608 2679 2666; baseline -0.006 0"><span class='ocrx_word' id='word_1_349' title='bbox 2018 2611 2308 2666; x_wconf 85' lang='lat' dir='ltr'><strong>Garncrius</strong></span> <span class='ocrx_word' id='word_1_350' title='bbox 2334 2620 2387 2665; x_wconf 87' lang='lat' dir='ltr'><strong>et</strong></span> <span class='ocrx_word' id='word_1_351' title='bbox 2416 2608 2679 2665; x_wconf 82' lang='lat' dir='ltr'><strong>Norisius.</strong></span> 
     </span>
    </p>
   </div>
   <div class='ocr_carea' id='block_1_54' title="bbox 2095 2696 3601 2771">
    <p class='ocr_par' dir='ltr' id='par_1_54' title="bbox 2095 2696 3601 2771">
     <span class='ocr_line' id='line_1_54' title="bbox 2095 2696 3601 2771; baseline -0.006 -13"><span class='ocrx_word' id='word_1_352' title='bbox 2095 2702 2230 2758; x_wconf 84' lang='lat' dir='ltr'><strong>XIII.</strong></span> <span class='ocrx_word' id='word_1_353' title='bbox 2260 2701 2489 2756; x_wconf 87' lang='lat' dir='ltr'><strong>Nestorii</strong></span> <span class='ocrx_word' id='word_1_354' title='bbox 2515 2698 2944 2771; x_wconf 81' lang='lat' dir='ltr'><strong>blasphemiarum</strong></span> <span class='ocrx_word' id='word_1_355' title='bbox 2982 2699 3234 2770; x_wconf 85' lang='lat' dir='ltr'><strong>capitula,</strong></span> <span class='ocrx_word' id='word_1_356' title='bbox 3281 2698 3463 2768; x_wconf 89' lang='lat' dir='ltr'><strong>quibus</strong></span> <span class='ocrx_word' id='word_1_357' title='bbox 3512 2696 3601 2750; x_wconf 87' lang='lat' dir='ltr'><strong>lit-</strong></span> 
     </span>
    </p>
   </div>
   <div class='ocr_carea' id='block_1_55' title="bbox 2022 2789 3604 2858">
    <p class='ocr_par' dir='ltr' id='par_1_55' title="bbox 2022 2789 3604 2858">
     <span class='ocr_line' id='line_1_55' title="bbox 2022 2789 3604 2858; baseline -0.008 -9"><span class='ocrx_word' id='word_1_358' title='bbox 2022 2796 2140 2850; x_wconf 86' lang='lat' dir='ltr'><strong>teris</strong></span> <span class='ocrx_word' id='word_1_359' title='bbox 2167 2795 2235 2848; x_wconf 91' lang='lat' dir='ltr'><strong>ad</strong></span> <span class='ocrx_word' id='word_1_360' title='bbox 2258 2812 2310 2849; x_wconf 88' lang='lat' dir='ltr'><strong>se</strong></span> <span class='ocrx_word' id='word_1_361' title='bbox 2339 2794 2504 2847; x_wconf 85' lang='lat' dir='ltr'><strong>missis</strong></span> <span class='ocrx_word' id='word_1_362' title='bbox 2524 2811 2557 2845; x_wconf 80' lang='grc' dir='ltr'><em>α</em></span> <span class='ocrx_word' id='word_1_363' title='bbox 2586 2794 2773 2853; x_wconf 85' lang='lat' dir='ltr'><strong>sanctis</strong></span> <span class='ocrx_word' id='word_1_364' title='bbox 2804 2790 3073 2847; x_wconf 66' lang='lat' dir='ltr'><strong>Caelestino</strong></span> <span class='ocrx_word' id='word_1_365' title='bbox 3120 2791 3295 2844; x_wconf 72' lang='lat' dir='ltr'><strong>Romae</strong></span> <span class='ocrx_word' id='word_1_366' title='bbox 3326 2789 3465 2842; x_wconf 88' lang='lat' dir='ltr'><strong>urbis</strong></span> <span class='ocrx_word' id='word_1_367' title='bbox 3494 2790 3604 2858; x_wconf 74' lang='lat' dir='ltr'><strong>epi-</strong></span> 
     </span>
    </p>
   </div>
   <div class='ocr_carea' id='block_1_56' title="bbox 2022 2882 3605 2958">
    <p class='ocr_par' dir='ltr' id='par_1_56' title="bbox 2022 2882 3605 2958">
     <span class='ocr_line' id='line_1_56' title="bbox 2022 2882 3605 2958; baseline -0.006 -16"><span class='ocrx_word' id='word_1_368' title='bbox 2022 2905 2195 2958; x_wconf 73' lang='grc' dir='ltr'><strong>πορθ,</strong></span> <span class='ocrx_word' id='word_1_369' title='bbox 2220 2898 2266 2942; x_wconf 88' lang='lat' dir='ltr'><strong>et</strong></span> <span class='ocrx_word' id='word_1_370' title='bbox 2290 2886 2485 2958; x_wconf 84' lang='lat' dir='ltr'><strong>Cyrillo</strong></span> <span class='ocrx_word' id='word_1_371' title='bbox 2516 2887 2872 2945; x_wconf 69' lang='lat' dir='ltr'><strong>Alexandrino</strong></span> <span class='ocrx_word' id='word_1_372' title='bbox 2915 2884 3239 2945; x_wconf 84' lang='lat' dir='ltr'><strong>contradicit,</strong></span> <span class='ocrx_word' id='word_1_373' title='bbox 3276 2891 3323 2935; x_wconf 90' lang='lat' dir='ltr'><strong>et</strong></span> <span class='ocrx_word' id='word_1_374' title='bbox 3363 2882 3605 2948; x_wconf 88' lang='lat' dir='ltr'><strong>disputa-</strong></span> 
     </span>
    </p>
   </div>
   <div class='ocr_carea' id='block_1_57' title="bbox 2026 2972 3610 3049">
    <p class='ocr_par' dir='ltr' id='par_1_57' title="bbox 2026 2972 3610 3049">
     <span class='ocr_line' id='line_1_57' title="bbox 2026 2972 3610 3049; baseline -0.006 -15"><span class='ocrx_word' id='word_1_375' title='bbox 2026 2979 2244 3034; x_wconf 86' lang='lat' dir='ltr'><strong>tionibus</strong></span> <span class='ocrx_word' id='word_1_376' title='bbox 2288 2980 2596 3033; x_wconf 82' lang='lat' dir='ltr'><strong>brevissimis</strong></span> <span class='ocrx_word' id='word_1_377' title='bbox 2646 2976 3029 3049; x_wconf 84' lang='lat' dir='ltr'><strong>respondendo,</strong></span> <span class='ocrx_word' id='word_1_378' title='bbox 3080 2974 3350 3028; x_wconf 71' lang='lat' dir='ltr'><strong>duodecim</strong></span> <span class='ocrx_word' id='word_1_379' title='bbox 3383 2972 3610 3041; x_wconf 83' lang='lat' dir='ltr'><strong>capitula</strong></span> 
     </span>
    </p>
   </div>
   <div class='ocr_carea' id='block_1_58' title="bbox 2026 3066 3610 3142">
    <p class='ocr_par' dir='ltr' id='par_1_58' title="bbox 2026 3066 3610 3142">
     <span class='ocr_line' id='line_1_58' title="bbox 2026 3066 3610 3142; baseline -0.004 -17"><span class='ocrx_word' id='word_1_380' title='bbox 2026 3072 2169 3142; x_wconf 78' lang='lat' dir='ltr'><strong>ﬁdei,</strong></span> <span class='ocrx_word' id='word_1_381' title='bbox 2199 3086 2314 3141; x_wconf 77' lang='lat' dir='ltr'><strong>quae</strong></span> <span class='ocrx_word' id='word_1_382' title='bbox 2332 3072 2400 3124; x_wconf 90' lang='lat' dir='ltr'><strong>ad</strong></span> <span class='ocrx_word' id='word_1_383' title='bbox 2424 3088 2477 3125; x_wconf 90' lang='lat' dir='ltr'><strong>se</strong></span> <span class='ocrx_word' id='word_1_384' title='bbox 2496 3071 2651 3124; x_wconf 89' lang='lat' dir='ltr'><strong>missa</strong></span> <span class='ocrx_word' id='word_1_385' title='bbox 2675 3071 2876 3140; x_wconf 78' lang='lat' dir='ltr'><strong>fuerant</strong></span> <span class='ocrx_word' id='word_1_386' title='bbox 2895 3069 3106 3139; x_wconf 78' lang='lat' dir='ltr'><strong>refellit,</strong></span> <span class='ocrx_word' id='word_1_387' title='bbox 3130 3066 3318 3122; x_wconf 86' lang='lat' dir='ltr'><strong>Latine</strong></span> <span class='ocrx_word' id='word_1_388' title='bbox 3345 3078 3610 3119; x_wconf 76' lang='lat' dir='ltr'><strong>conversa</strong></span> 
     </span>
    </p>
   </div>
   <div class='ocr_carea' id='block_1_59' title="bbox 2028 3155 3611 3219">
    <p class='ocr_par' dir='ltr' id='par_1_59' title="bbox 2028 3155 3611 3219">
     <span class='ocr_line' id='line_1_59' title="bbox 2028 3155 3611 3219; baseline -0.004 -1"><span class='ocrx_word' id='word_1_389' title='bbox 2028 3176 2078 3219; x_wconf 90' lang='lat' dir='ltr'><strong>et</strong></span> <span class='ocrx_word' id='word_1_390' title='bbox 2106 3164 2206 3217; x_wconf 90' lang='lat' dir='ltr'><strong>sub</strong></span> <span class='ocrx_word' id='word_1_391' title='bbox 2234 3164 2451 3218; x_wconf 89' lang='lat' dir='ltr'><strong>nomine</strong></span> <span class='ocrx_word' id='word_1_392' title='bbox 2498 3161 2756 3218; x_wconf 80' lang='lat' dir='ltr'><strong>Catholici</strong></span> <span class='ocrx_word' id='word_1_393' title='bbox 2795 3178 2823 3215; x_wconf 93' lang='lat' dir='ltr'><strong>a</strong></span> <span class='ocrx_word' id='word_1_394' title='bbox 2865 3162 3165 3216; x_wconf 83' lang='lat' dir='ltr'><strong>Mercatore</strong></span> <span class='ocrx_word' id='word_1_395' title='bbox 3198 3158 3448 3214; x_wconf 80' lang='lat' dir='ltr'><strong>relutata.</strong></span> <span class='ocrx_word' id='word_1_396' title='bbox 3480 3155 3611 3211; x_wconf 87' lang='lat' dir='ltr'><strong>Gar-</strong></span> 
     </span>
    </p>
   </div>
   <div class='ocr_carea' id='block_1_60' title="bbox 346 3245 3327 3323">
    <p class='ocr_par' dir='ltr' id='par_1_60' title="bbox 346 3245 3327 3323">
     <span class='ocr_line' id='line_1_60' title="bbox 346 3245 3327 3323; baseline -0.002 -15"><span class='ocrx_word' id='word_1_397' title='bbox 346 3254 819 3309; x_wconf 80' lang='lat' dir='ltr'><strong>Snbnotatio’nibus.</strong></span> <span class='ocrx_word' id='word_1_398' title='bbox 854 3252 975 3307; x_wconf 91' lang='lat' dir='ltr'><strong>Scr.</strong></span> <span class='ocrx_word' id='word_1_399' title='bbox 1015 3251 1198 3321; x_wconf 88' lang='lat' dir='ltr'><strong>judice</strong></span> <span class='ocrx_word' id='word_1_400' title='bbox 1225 3249 1489 3305; x_wconf 81' lang='lat' dir='ltr'><strong>Garnerio</strong></span> <span class='ocrx_word' id='word_1_401' title='bbox 1521 3265 1573 3302; x_wconf 90' lang='lat' dir='ltr'><strong>a.</strong></span> <span class='ocrx_word' id='word_1_402' title='bbox 1619 3248 1744 3304; x_wconf 74' lang='grc'><strong>451.</strong></span> <span class='ocrx_word' id='word_1_403' title='bbox 1772 3248 1917 3303; x_wconf 89' lang='lat' dir='ltr'><strong>Idem</strong></span> <span class='ocrx_word' id='word_1_404' title='bbox 1946 3245 1991 3307; x_wconf 86' lang='lat' dir='ltr'><strong>C</strong></span> <span class='ocrx_word' id='word_1_405' title='bbox 2027 3256 2208 3310; x_wconf 78' lang='lat' dir='ltr'><strong>nerius</strong></span> <span class='ocrx_word' id='word_1_406' title='bbox 2234 3255 2360 3311; x_wconf 81' lang='lat' dir='ltr'><strong>huic</strong></span> <span class='ocrx_word' id='word_1_407' title='bbox 2388 3255 2526 3309; x_wconf 77' lang='lat' dir='ltr'><strong>libro</strong></span> <span class='ocrx_word' id='word_1_408' title='bbox 2556 3255 2794 3323; x_wconf 70' lang='lat' dir='ltr'><strong>assignat</strong></span> <span class='ocrx_word' id='word_1_409' title='bbox 2818 3253 3024 3308; x_wconf 84' lang='lat' dir='ltr'><strong>initium</strong></span> <span class='ocrx_word' id='word_1_410' title='bbox 3057 3251 3327 3307; x_wconf 64' lang='lat' dir='ltr'><strong>annidzl.</strong></span> 
     </span>
    </p>
   </div>
   <div class='ocr_carea' id='block_1_61' title="bbox 346 3340 1926 3412">
    <p class='ocr_par' dir='ltr' id='par_1_61' title="bbox 346 3340 1926 3412">
     <span class='ocr_line' id='line_1_61' title="bbox 346 3340 1926 3412; baseline -0.004 -14"><span class='ocrx_word' id='word_1_411' title='bbox 346 3360 469 3400; x_wconf 75' lang='lat' dir='ltr'><strong>vero</strong></span> <span class='ocrx_word' id='word_1_412' title='bbox 496 3345 790 3400; x_wconf 69' lang='lat' dir='ltr'><strong>Garnerius</strong></span> <span class='ocrx_word' id='word_1_413' title='bbox 818 3344 1028 3398; x_wconf 85' lang='lat' dir='ltr'><strong>titulum</strong></span> <span class='ocrx_word' id='word_1_414' title='bbox 1054 3343 1177 3397; x_wconf 87' lang='lat' dir='ltr'><strong>huic</strong></span> <span class='ocrx_word' id='word_1_415' title='bbox 1197 3342 1345 3412; x_wconf 90' lang='lat' dir='ltr'><strong>operi</strong></span> <span class='ocrx_word' id='word_1_416' title='bbox 1372 3340 1518 3405; x_wconf 77' lang='lat' dir='ltr'><strong>fecit,</strong></span> <span class='ocrx_word' id='word_1_417' title='bbox 1544 3341 1695 3394; x_wconf 87' lang='lat' dir='ltr'><strong>Liber</strong></span> <span class='ocrx_word' id='word_1_418' title='bbox 1718 3340 1926 3394; x_wconf 85' lang='lat' dir='ltr'><strong>Sulmo-</strong></span> 
     </span>
    </p>
   </div>
   <div class='ocr_carea' id='block_1_62' title="bbox 345 3433 1931 3506">
    <p class='ocr_par' dir='ltr' id='par_1_62' title="bbox 345 3433 1931 3506">
     <span class='ocr_line' id='line_1_62' title="bbox 345 3433 1931 3506; baseline -0.002 -17"><span class='ocrx_word' id='word_1_419' title='bbox 345 3443 596 3492; x_wconf 78' lang='lat' dir='ltr'><strong>tationum</strong></span> <span class='ocrx_word' id='word_1_420' title='bbox 641 3438 711 3491; x_wconf 90' lang='lat' dir='ltr'><strong>ad</strong></span> <span class='ocrx_word' id='word_1_421' title='bbox 762 3438 1022 3491; x_wconf 85' lang='lat' dir='ltr'><strong>Pientium</strong></span> <span class='ocrx_word' id='word_1_422' title='bbox 1074 3435 1449 3506; x_wconf 82' lang='lat' dir='ltr'><strong>presbyterum,</strong></span> <span class='ocrx_word' id='word_1_423' title='bbox 1508 3450 1671 3505; x_wconf 85' lang='lat' dir='ltr'><strong>quem</strong></span> <span class='ocrx_word' id='word_1_424' title='bbox 1718 3433 1931 3487; x_wconf 87' lang='lat' dir='ltr'><strong>duabus</strong></span> 
     </span>
    </p>
   </div>
   <div class='ocr_carea' id='block_1_63' title="bbox 350 3526 1924 3599">
    <p class='ocr_par' dir='ltr' id='par_1_63' title="bbox 350 3526 1924 3599">
     <span class='ocr_line' id='line_1_63' title="bbox 350 3526 1924 3599; baseline -0.003 -14"><span class='ocrx_word' id='word_1_425' title='bbox 350 3533 585 3599; x_wconf 86' lang='lat' dir='ltr'><strong>partibus</strong></span> <span class='ocrx_word' id='word_1_426' title='bbox 614 3541 868 3587; x_wconf 83' lang='lat' dir='ltr'><strong>constare</strong></span> <span class='ocrx_word' id='word_1_427' title='bbox 897 3529 1203 3591; x_wconf 85' lang='lat' dir='ltr'><strong>existimat,</strong></span> <span class='ocrx_word' id='word_1_428' title='bbox 1228 3530 1416 3593; x_wconf 82' lang='lat' dir='ltr'><strong>altera,</strong></span> <span class='ocrx_word' id='word_1_429' title='bbox 1442 3544 1558 3598; x_wconf 73' lang='lat' dir='ltr'><strong>qua:</strong></span> <span class='ocrx_word' id='word_1_430' title='bbox 1592 3526 1924 3598; x_wconf 72' lang='lat' dir='ltr'><strong>prmlationis</strong></span> 
     </span>
    </p>
   </div>
   <div class='ocr_carea' id='block_1_64' title="bbox 350 3620 1924 3688">
    <p class='ocr_par' dir='ltr' id='par_1_64' title="bbox 350 3620 1924 3688">
     <span class='ocr_line' id='line_1_64' title="bbox 350 3620 1924 3688; baseline -0.003 -13"><span class='ocrx_word' id='word_1_431' title='bbox 350 3623 464 3679; x_wconf 91' lang='lat' dir='ltr'><strong>loco</strong></span> <span class='ocrx_word' id='word_1_432' title='bbox 508 3623 599 3687; x_wconf 85' lang='lat' dir='ltr'><strong>sit,</strong></span> <span class='ocrx_word' id='word_1_433' title='bbox 650 3623 869 3677; x_wconf 88' lang='lat' dir='ltr'><strong>nomine</strong></span> <span class='ocrx_word' id='word_1_434' title='bbox 913 3621 1322 3683; x_wconf 87' lang='lat' dir='ltr'><strong>Commonitorii,</strong></span> <span class='ocrx_word' id='word_1_435' title='bbox 1375 3621 1567 3685; x_wconf 86' lang='lat' dir='ltr'><strong>altera,</strong></span> <span class='ocrx_word' id='word_1_436' title='bbox 1621 3634 1723 3688; x_wconf 86' lang='lat' dir='ltr'><strong>qua</strong></span> <span class='ocrx_word' id='word_1_437' title='bbox 1753 3620 1924 3687; x_wconf 91' lang='lat' dir='ltr'><strong>ipsum</strong></span> 
     </span>
    </p>
   </div>
   <div class='ocr_carea' id='block_1_65' title="bbox 348 3711 1927 3786">
    <p class='ocr_par' dir='ltr' id='par_1_65' title="bbox 348 3711 1927 3786">
     <span class='ocr_line' id='line_1_65' title="bbox 348 3711 1927 3786; baseline -0.005 -15"><span class='ocrx_word' id='word_1_438' title='bbox 348 3732 480 3785; x_wconf 85' lang='lat' dir='ltr'><strong>opus</strong></span> <span class='ocrx_word' id='word_1_439' title='bbox 506 3715 1019 3786; x_wconf 81' lang='lat' dir='ltr'><strong>comprehendatur,</strong></span> <span class='ocrx_word' id='word_1_440' title='bbox 1042 3714 1200 3770; x_wconf 89' lang='lat' dir='ltr'><strong>titulo</strong></span> <span class='ocrx_word' id='word_1_441' title='bbox 1230 3712 1663 3769; x_wconf 83' lang='lat' dir='ltr'><strong>Subnotationum</strong></span> <span class='ocrx_word' id='word_1_442' title='bbox 1690 3711 1758 3763; x_wconf 89' lang='lat' dir='ltr'><strong>ad</strong></span> <span class='ocrx_word' id='word_1_443' title='bbox 1779 3711 1927 3765; x_wconf 84' lang='lat' dir='ltr'><strong>verba</strong></span> 
     </span>
    </p>
   </div>
   <div class='ocr_carea' id='block_1_66' title="bbox 348 3803 1927 3879">
    <p class='ocr_par' dir='ltr' id='par_1_66' title="bbox 348 3803 1927 3879">
     <span class='ocr_line' id='line_1_66' title="bbox 348 3803 1927 3879; baseline -0.004 -17"><span class='ocrx_word' id='word_1_444' title='bbox 348 3806 547 3863; x_wconf 73' lang='lat' dir='ltr'><strong>Iuliani</strong></span> <span class='ocrx_word' id='word_1_445' title='bbox 573 3825 591 3863; x_wconf 91' lang='lat'><strong><em>:</em></strong></span> <span class='ocrx_word' id='word_1_446' title='bbox 614 3809 729 3864; x_wconf 64' lang='lat' dir='ltr'><strong>haec</strong></span> <span class='ocrx_word' id='word_1_447' title='bbox 768 3824 930 3879; x_wconf 90' lang='lat' dir='ltr'><strong>porro</strong></span> <span class='ocrx_word' id='word_1_448' title='bbox 963 3809 1282 3878; x_wconf 89' lang='lat' dir='ltr'><strong>dispertitus</strong></span> <span class='ocrx_word' id='word_1_449' title='bbox 1321 3820 1400 3861; x_wconf 76' lang='grc' dir='ltr'><strong>εει</strong></span> <span class='ocrx_word' id='word_1_450' title='bbox 1430 3805 1728 3861; x_wconf 87' lang='lat' dir='ltr'><strong>Garnerius</strong></span> <span class='ocrx_word' id='word_1_451' title='bbox 1750 3803 1803 3858; x_wconf 90' lang='lat' dir='ltr'><strong>in</strong></span> <span class='ocrx_word' id='word_1_452' title='bbox 1830 3820 1927 3857; x_wconf 90' lang='lat' dir='ltr'><strong>no-</strong></span> 
     </span>
    </p>
   </div>
   <div class='ocr_carea' id='block_1_67' title="bbox 352 3893 1927 3973">
    <p class='ocr_par' dir='ltr' id='par_1_67' title="bbox 352 3893 1927 3973">
     <span class='ocr_line' id='line_1_67' title="bbox 352 3893 1927 3973; baseline -0.004 -19"><span class='ocrx_word' id='word_1_453' title='bbox 352 3918 456 3955; x_wconf 81' lang='lat' dir='ltr'><strong>rem</strong></span> <span class='ocrx_word' id='word_1_454' title='bbox 486 3903 677 3973; x_wconf 87' lang='lat' dir='ltr'><strong>capita,</strong></span> <span class='ocrx_word' id='word_1_455' title='bbox 705 3912 817 3954; x_wconf 89' lang='lat' dir='ltr'><strong>octo</strong></span> <span class='ocrx_word' id='word_1_456' title='bbox 841 3915 1031 3969; x_wconf 88' lang='lat' dir='ltr'><strong>nempe</strong></span> <span class='ocrx_word' id='word_1_457' title='bbox 1049 3900 1200 3969; x_wconf 89' lang='lat' dir='ltr'><strong>juxta</strong></span> <span class='ocrx_word' id='word_1_458' title='bbox 1223 3907 1473 3966; x_wconf 82' lang='lat' dir='ltr'><strong>excerpta</strong></span> <span class='ocrx_word' id='word_1_459' title='bbox 1504 3913 1617 3965; x_wconf 68' lang='lat' dir='ltr'><strong>qua!</strong></span> <span class='ocrx_word' id='word_1_460' title='bbox 1641 3912 1706 3951; x_wconf 81' lang='lat' dir='ltr'><strong>ex</strong></span> <span class='ocrx_word' id='word_1_461' title='bbox 1734 3893 1927 3949; x_wconf 82' lang='lat' dir='ltr'><strong>.luliani</strong></span> 
     </span>
    </p>
   </div>
   <div class='ocr_carea' id='block_1_68' title="bbox 352 3986 1929 4058">
    <p class='ocr_par' dir='ltr' id='par_1_68' title="bbox 352 3986 1929 4058">
     <span class='ocr_line' id='line_1_68' title="bbox 352 3986 1929 4058; baseline -0.004 -13"><span class='ocrx_word' id='word_1_462' title='bbox 352 3992 500 4048; x_wconf 79' lang='lat' dir='ltr'><strong>libris</strong></span> <span class='ocrx_word' id='word_1_463' title='bbox 537 3992 893 4048; x_wconf 76' lang='lat' dir='ltr'><strong>examinanda</strong></span> <span class='ocrx_word' id='word_1_464' title='bbox 938 3991 1205 4047; x_wconf 75' lang='lat' dir='ltr'><strong>Mercator</strong></span> <span class='ocrx_word' id='word_1_465' title='bbox 1241 3990 1342 4045; x_wconf 89' lang='lat' dir='ltr'><strong>sibi</strong></span> <span class='ocrx_word' id='word_1_466' title='bbox 1386 3988 1729 4058; x_wconf 78' lang='lat' dir='ltr'><strong>proposuerit</strong></span> <span class='ocrx_word' id='word_1_467' title='bbox 1763 4004 1775 4039; x_wconf 93' lang='lat'>:</span> <span class='ocrx_word' id='word_1_468' title='bbox 1806 3986 1929 4040; x_wconf 88' lang='lat' dir='ltr'><strong>toti-</strong></span> 
     </span>
    </p>
   </div>
   <div class='ocr_carea' id='block_1_69' title="bbox 351 4081 1926 4151">
    <p class='ocr_par' dir='ltr' id='par_1_69' title="bbox 351 4081 1926 4151">
     <span class='ocr_line' id='line_1_69' title="bbox 351 4081 1926 4151; baseline -0.004 -13"><span class='ocrx_word' id='word_1_469' title='bbox 351 4085 465 4139; x_wconf 79' lang='lat' dir='ltr'><strong>dem</strong></span> <span class='ocrx_word' id='word_1_470' title='bbox 503 4086 650 4141; x_wconf 88' lang='lat' dir='ltr'><strong>enim</strong></span> <span class='ocrx_word' id='word_1_471' title='bbox 684 4092 961 4150; x_wconf 87' lang='lat' dir='ltr'><strong>numerat,</strong></span> <span class='ocrx_word' id='word_1_472' title='bbox 992 4100 1150 4140; x_wconf 86' lang='lat' dir='ltr'><strong>secus</strong></span> <span class='ocrx_word' id='word_1_473' title='bbox 1180 4098 1244 4139; x_wconf 90' lang='lat' dir='ltr'><strong>ac</strong></span> <span class='ocrx_word' id='word_1_474' title='bbox 1286 4083 1568 4146; x_wconf 71' lang='lat' dir='ltr'><strong>B.iluz?us,</strong></span> <span class='ocrx_word' id='word_1_475' title='bbox 1600 4081 1688 4151; x_wconf 90' lang='lat' dir='ltr'><strong>qui</strong></span> <span class='ocrx_word' id='word_1_476' title='bbox 1721 4087 1926 4149; x_wconf 90' lang='lat' dir='ltr'><strong>septem</strong></span> 
     </span>
    </p>
   </div>
   <div class='ocr_carea' id='block_1_70' title="bbox 351 4171 1928 4247">
    <p class='ocr_par' dir='ltr' id='par_1_70' title="bbox 351 4171 1928 4247">
     <span class='ocr_line' id='line_1_70' title="bbox 351 4171 1928 4247; baseline -0.004 -16"><span class='ocrx_word' id='word_1_477' title='bbox 351 4186 552 4231; x_wconf 82' lang='lat' dir='ltr'><strong>tantum</strong></span> <span class='ocrx_word' id='word_1_478' title='bbox 587 4185 837 4247; x_wconf 82' lang='lat' dir='ltr'><strong>excerpta</strong></span> <span class='ocrx_word' id='word_1_479' title='bbox 866 4178 1118 4232; x_wconf 63' lang='lat' dir='ltr'><strong>distincfe</strong></span> <span class='ocrx_word' id='word_1_480' title='bbox 1148 4177 1320 4246; x_wconf 85' lang='lat' dir='ltr'><strong>ponit,</strong></span> <span class='ocrx_word' id='word_1_481' title='bbox 1346 4184 1400 4229; x_wconf 91' lang='lat' dir='ltr'><strong>et</strong></span> <span class='ocrx_word' id='word_1_482' title='bbox 1435 4183 1587 4227; x_wconf 84' lang='lat' dir='ltr'><strong>sexto</strong></span> <span class='ocrx_word' id='word_1_483' title='bbox 1613 4171 1928 4241; x_wconf 81' lang='lat' dir='ltr'><strong>complecti-</strong></span> 
     </span>
    </p>
   </div>
   <div class='ocr_carea' id='block_1_71' title="bbox 352 4264 1932 4340">
    <p class='ocr_par' dir='ltr' id='par_1_71' title="bbox 352 4264 1932 4340">
     <span class='ocr_line' id='line_1_71' title="bbox 352 4264 1932 4340; baseline -0.004 -17"><span class='ocrx_word' id='word_1_484' title='bbox 352 4279 456 4337; x_wconf 88' lang='lat' dir='ltr'><strong>tur,</strong></span> <span class='ocrx_word' id='word_1_485' title='bbox 475 4286 599 4340; x_wconf 72' lang='lat' dir='ltr'><strong>qua:</strong></span> <span class='ocrx_word' id='word_1_486' title='bbox 620 4270 759 4338; x_wconf 88' lang='lat' dir='ltr'><strong>apud</strong></span> <span class='ocrx_word' id='word_1_487' title='bbox 789 4268 1105 4324; x_wconf 87' lang='lat' dir='ltr'><strong>Garnerium</strong></span> <span class='ocrx_word' id='word_1_488' title='bbox 1130 4277 1290 4338; x_wconf 85' lang='lat' dir='ltr'><strong>caput</strong></span> <span class='ocrx_word' id='word_1_489' title='bbox 1312 4266 1345 4320; x_wconf 86' lang='lat'><strong>6</strong></span> <span class='ocrx_word' id='word_1_490' title='bbox 1366 4272 1421 4321; x_wconf 91' lang='lat' dir='ltr'><strong>et</strong></span> <span class='ocrx_word' id='word_1_491' title='bbox 1443 4265 1476 4318; x_wconf 78' lang='grc' dir='ltr'><strong>τ</strong></span> <span class='ocrx_word' id='word_1_492' title='bbox 1500 4264 1767 4328; x_wconf 81' lang='lat' dir='ltr'><strong>elliciuut;</strong></span> <span class='ocrx_word' id='word_1_493' title='bbox 1796 4278 1932 4316; x_wconf 91' lang='lat' dir='ltr'><strong>nono</strong></span> 
     </span>
    </p>
   </div>
   <div class='ocr_carea' id='block_1_72' title="bbox 351 4357 1930 4430">
    <p class='ocr_par' dir='ltr' id='par_1_72' title="bbox 351 4357 1930 4430">
     <span class='ocr_line' id='line_1_72' title="bbox 351 4357 1930 4430; baseline -0.005 -13"><span class='ocrx_word' id='word_1_494' title='bbox 351 4362 716 4428; x_wconf 82' lang='lat' dir='ltr'><strong>autem,&#39;quod</strong></span> <span class='ocrx_word' id='word_1_495' title='bbox 745 4361 932 4430; x_wconf 80' lang='lat' dir='ltr'><strong>incipit</strong></span> <span class='ocrx_word' id='word_1_496' title='bbox 964 4377 991 4416; x_wconf 90' lang='lat' dir='ltr'><strong>a</strong></span> <span class='ocrx_word' id='word_1_497' title='bbox 1021 4361 1222 4426; x_wconf 82' lang='lat' dir='ltr'><strong>verbis,</strong></span> <span class='ocrx_word' id='word_1_498' title='bbox 1252 4358 1422 4412; x_wconf 84' lang='lat' dir='ltr'><strong>Habes</strong></span> <span class='ocrx_word' id='word_1_499' title='bbox 1454 4366 1506 4412; x_wconf 89' lang='lat' dir='ltr'><strong>ut</strong></span> <span class='ocrx_word' id='word_1_500' title='bbox 1535 4357 1708 4421; x_wconf 84' lang='lat' dir='ltr'><strong>credo,</strong></span> <span class='ocrx_word' id='word_1_501' title='bbox 1740 4358 1930 4426; x_wconf 78' lang='lat' dir='ltr'><strong>pagina</strong></span> 
     </span>
    </p>
   </div>
   <div class='ocr_carea' id='block_1_73' title="bbox 351 4448 1933 4523">
    <p class='ocr_par' dir='ltr' id='par_1_73' title="bbox 351 4448 1933 4523">
     <span class='ocr_line' id='line_1_73' title="bbox 351 4448 1933 4523; baseline -0.006 -12"><span class='ocrx_word' id='word_1_502' title='bbox 351 4452 416 4510; x_wconf 71' lang='grc' dir='ltr'><strong>ὅθ</strong></span> <span class='ocrx_word' id='word_1_503' title='bbox 436 4456 524 4511; x_wconf 85' lang='lat' dir='ltr'><strong>ed.</strong></span> <span class='ocrx_word' id='word_1_504' title='bbox 552 4455 736 4510; x_wconf 78' lang='lat' dir='ltr'><strong>Baluz.</strong></span> <span class='ocrx_word' id='word_1_505' title='bbox 770 4455 1197 4509; x_wconf 84' lang='lat' dir='ltr'><strong>Retractationem</strong></span> <span class='ocrx_word' id='word_1_506' title='bbox 1228 4450 1522 4523; x_wconf 70' lang='lat' dir='ltr'><strong>qua’stionis</strong></span> <span class='ocrx_word' id='word_1_507' title='bbox 1560 4448 1622 4503; x_wconf 91' lang='lat' dir='ltr'><strong>de</strong></span> <span class='ocrx_word' id='word_1_508' title='bbox 1646 4458 1803 4503; x_wconf 86' lang='lat' dir='ltr'><strong>morte</strong></span> <span class='ocrx_word' id='word_1_509' title='bbox 1844 4462 1933 4516; x_wconf 87' lang='lat' dir='ltr'><strong>per</strong></span> 
     </span>
    </p>
   </div>
   <div class='ocr_carea' id='block_1_74' title="bbox 354 4537 1932 4612">
    <p class='ocr_par' dir='ltr' id='par_1_74' title="bbox 354 4537 1932 4612">
     <span class='ocr_line' id='line_1_74' title="bbox 354 4537 1932 4612; baseline -0.005 -13"><span class='ocrx_word' id='word_1_510' title='bbox 354 4555 615 4610; x_wconf 73' lang='lat' dir='ltr'><strong>peccatum</strong></span> <span class='ocrx_word' id='word_1_511' title='bbox 641 4546 695 4598; x_wconf 90' lang='lat' dir='ltr'><strong>in</strong></span> <span class='ocrx_word' id='word_1_512' title='bbox 724 4545 973 4598; x_wconf 79' lang='lat' dir='ltr'><strong>mundum</strong></span> <span class='ocrx_word' id='word_1_513' title='bbox 1000 4545 1228 4612; x_wconf 80' lang='lat' dir='ltr'><strong>ingressa</strong></span> <span class='ocrx_word' id='word_1_514' title='bbox 1257 4540 1522 4595; x_wconf 86' lang='lat' dir='ltr'><strong>contineri</strong></span> <span class='ocrx_word' id='word_1_515' title='bbox 1551 4539 1755 4593; x_wconf 88' lang='lat' dir='ltr'><strong>scribit.</strong></span> <span class='ocrx_word' id='word_1_516' title='bbox 1779 4537 1932 4591; x_wconf 84' lang='lat' dir='ltr'><strong>Insu-</strong></span> 
     </span>
    </p>
   </div>
   <div class='ocr_carea' id='block_1_75' title="bbox 2098 3343 3613 3419">
    <p class='ocr_par' dir='ltr' id='par_1_75' title="bbox 2098 3343 3613 3419">
     <span class='ocr_line' id='line_1_75' title="bbox 2098 3343 3613 3419; baseline -0.001 -17"><span class='ocrx_word' id='word_1_517' title='bbox 2098 3347 2239 3403; x_wconf 84' lang='lat' dir='ltr'><strong>XIV.</strong></span> <span class='ocrx_word' id='word_1_518' title='bbox 2273 3348 2518 3419; x_wconf 84' lang='lat' dir='ltr'><strong>Synodus</strong></span> <span class='ocrx_word' id='word_1_519' title='bbox 2544 3346 2837 3419; x_wconf 84' lang='lat' dir='ltr'><strong>Ephesiana</strong></span> <span class='ocrx_word' id='word_1_520' title='bbox 2867 3348 3108 3400; x_wconf 80' lang='lat' dir='ltr'><strong>adversus</strong></span> <span class='ocrx_word' id='word_1_521' title='bbox 3148 3343 3454 3399; x_wconf 89' lang='lat' dir='ltr'><strong>Nestorium</strong></span> <span class='ocrx_word' id='word_1_522' title='bbox 3492 3345 3528 3397; x_wconf 90' lang='lat' dir='ltr'><strong>i.</strong></span> <span class='ocrx_word' id='word_1_523' title='bbox 3561 3360 3613 3400; x_wconf 79' lang='grc' dir='ltr'><strong>ο.</strong></span> 
     </span>
    </p>
   </div>
   <div class='ocr_carea' id='block_1_76' title="bbox 2030 3435 3617 3508">
    <p class='ocr_par' dir='ltr' id='par_1_76' title="bbox 2030 3435 3617 3508">
     <span class='ocr_line' id='line_1_76' title="bbox 2030 3435 3617 3508; baseline -0.001 -17"><span class='ocrx_word' id='word_1_524' title='bbox 2030 3435 2288 3507; x_wconf 72' lang='lat' dir='ltr'><strong>Excerpta</strong></span> <span class='ocrx_word' id='word_1_525' title='bbox 2307 3454 2369 3492; x_wconf 76' lang='lat' dir='ltr'><strong>ex</strong></span> <span class='ocrx_word' id='word_1_526' title='bbox 2393 3439 2522 3492; x_wconf 86' lang='lat' dir='ltr'><strong>actis</strong></span> <span class='ocrx_word' id='word_1_527' title='bbox 2550 3437 2750 3508; x_wconf 83' lang='lat' dir='ltr'><strong>Synodi</strong></span> <span class='ocrx_word' id='word_1_528' title='bbox 2798 3437 2956 3507; x_wconf 88' lang='lat' dir='ltr'><strong>hujus</strong></span> <span class='ocrx_word' id='word_1_529' title='bbox 2978 3478 2992 3501; x_wconf 92' lang='lat'><strong>,</strong></span> <span class='ocrx_word' id='word_1_530' title='bbox 3024 3451 3146 3505; x_wconf 70' lang='lat' dir='ltr'><strong>qum</strong></span> <span class='ocrx_word' id='word_1_531' title='bbox 3187 3447 3376 3490; x_wconf 92' lang='lat' dir='ltr'><strong>contra</strong></span> <span class='ocrx_word' id='word_1_532' title='bbox 3428 3435 3617 3490; x_wconf 65' lang='lat' dir='ltr'><strong>Nesto-</strong></span> 
     </span>
    </p>
   </div>
   <div class='ocr_carea' id='block_1_77' title="bbox 2026 3527 3618 3598">
    <p class='ocr_par' dir='ltr' id='par_1_77' title="bbox 2026 3527 3618 3598">
     <span class='ocr_line' id='line_1_77' title="bbox 2026 3527 3618 3598; baseline 0 -15"><span class='ocrx_word' id='word_1_533' title='bbox 2026 3530 2164 3583; x_wconf 89' lang='lat' dir='ltr'><strong>rium</strong></span> <span class='ocrx_word' id='word_1_534' title='bbox 2197 3530 2431 3585; x_wconf 80' lang='lat' dir='ltr'><strong>maxime</strong></span> <span class='ocrx_word' id='word_1_535' title='bbox 2465 3528 2648 3584; x_wconf 79' lang='lat' dir='ltr'><strong>facere</strong></span> <span class='ocrx_word' id='word_1_536' title='bbox 2673 3527 3007 3583; x_wconf 81' lang='lat' dir='ltr'><strong>viderentur.</strong></span> <span class='ocrx_word' id='word_1_537' title='bbox 3042 3527 3339 3585; x_wconf 84' lang='lat' dir='ltr'><strong>Garnerius</strong></span> <span class='ocrx_word' id='word_1_538' title='bbox 3366 3543 3425 3581; x_wconf 87' lang='lat' dir='ltr'><strong>ea</strong></span> <span class='ocrx_word' id='word_1_539' title='bbox 3460 3528 3618 3598; x_wconf 76' lang='lat' dir='ltr'><strong>plano</strong></span> 
     </span>
    </p>
   </div>
   <div class='ocr_carea' id='block_1_78' title="bbox 2027 3619 3617 3690">
    <p class='ocr_par' dir='ltr' id='par_1_78' title="bbox 2027 3619 3617 3690">
     <span class='ocr_line' id='line_1_78' title="bbox 2027 3619 3617 3690; baseline 0 -15"><span class='ocrx_word' id='word_1_540' title='bbox 2027 3620 2226 3686; x_wconf 90' lang='lat' dir='ltr'><strong>omisit,</strong></span> <span class='ocrx_word' id='word_1_541' title='bbox 2258 3620 2351 3674; x_wconf 89' lang='lat' dir='ltr'><strong>scd</strong></span> <span class='ocrx_word' id='word_1_542' title='bbox 2393 3619 2767 3689; x_wconf 84' lang='lat' dir='ltr'><strong>compensavit</strong></span> <span class='ocrx_word' id='word_1_543' title='bbox 2804 3619 3213 3690; x_wconf 85' lang='lat' dir='ltr'><strong>quodammodo</strong></span> <span class='ocrx_word' id='word_1_544' title='bbox 3245 3626 3494 3675; x_wconf 85' lang='lat' dir='ltr'><strong>accurata</strong></span> <span class='ocrx_word' id='word_1_545' title='bbox 3528 3635 3617 3675; x_wconf 83' lang='lat' dir='ltr'><strong>re-</strong></span> 
     </span>
    </p>
   </div>
   <div class='ocr_carea' id='block_1_79' title="bbox 2030 3713 3613 3782">
    <p class='ocr_par' dir='ltr' id='par_1_79' title="bbox 2030 3713 3613 3782">
     <span class='ocr_line' id='line_1_79' title="bbox 2030 3713 3613 3782; baseline -0.001 -14"><span class='ocrx_word' id='word_1_546' title='bbox 2030 3730 2145 3769; x_wconf 90' lang='lat' dir='ltr'><strong>rum</strong></span> <span class='ocrx_word' id='word_1_547' title='bbox 2176 3714 2403 3769; x_wconf 79' lang='lat' dir='ltr'><strong>Nestorii</strong></span> <span class='ocrx_word' id='word_1_548' title='bbox 2446 3729 2541 3782; x_wconf 90' lang='lat' dir='ltr'><strong>per</strong></span> <span class='ocrx_word' id='word_1_549' title='bbox 2564 3728 2735 3768; x_wconf 90' lang='lat' dir='ltr'><strong>annos</strong></span> <span class='ocrx_word' id='word_1_550' title='bbox 2764 3722 2908 3779; x_wconf 89' lang='lat' dir='ltr'><strong>octo,</strong></span> <span class='ocrx_word' id='word_1_551' title='bbox 2937 3714 3005 3769; x_wconf 90' lang='lat' dir='ltr'><strong>ab</strong></span> <span class='ocrx_word' id='word_1_552' title='bbox 3034 3713 3377 3769; x_wconf 88' lang='lat' dir='ltr'><strong>ordinatione</strong></span> <span class='ocrx_word' id='word_1_553' title='bbox 3401 3713 3613 3767; x_wconf 83' lang='lat' dir='ltr'><strong>scilicet</strong></span> 
     </span>
    </p>
   </div>
   <div class='ocr_carea' id='block_1_80' title="bbox 2030 3813 3618 3884">
    <p class='ocr_par' dir='ltr' id='par_1_80' title="bbox 2030 3813 3618 3884">
     <span class='ocr_line' id='line_1_80' title="bbox 2030 3813 3618 3884; baseline 0 -16"><span class='ocrx_word' id='word_1_554' title='bbox 2030 3815 2280 3884; x_wconf 73' lang='lat' dir='ltr'><strong>usquead</strong></span> <span class='ocrx_word' id='word_1_555' title='bbox 2303 3814 2729 3883; x_wconf 83' lang='lat' dir='ltr'><strong>deportationcm</strong></span> <span class='ocrx_word' id='word_1_556' title='bbox 2761 3813 2902 3881; x_wconf 84' lang='lat' dir='ltr'><strong>ejus,</strong></span> <span class='ocrx_word' id='word_1_557' title='bbox 2934 3815 3303 3879; x_wconf 88' lang='lat' dir='ltr'><strong>enarratione,</strong></span> <span class='ocrx_word' id='word_1_558' title='bbox 3346 3813 3618 3883; x_wconf 82' lang='lat' dir='ltr'><strong>(luctaque</strong></span> 
     </span>
    </p>
   </div>
   <div class='ocr_carea' id='block_1_81' title="bbox 2030 3914 3615 3983">
    <p class='ocr_par' dir='ltr' id='par_1_81' title="bbox 2030 3914 3615 3983">
     <span class='ocr_line' id='line_1_81' title="bbox 2030 3914 3615 3983; baseline -0.001 -14"><span class='ocrx_word' id='word_1_559' title='bbox 2030 3932 2093 3969; x_wconf 85' lang='lat' dir='ltr'><strong>ex</strong></span> <span class='ocrx_word' id='word_1_560' title='bbox 2122 3915 2308 3970; x_wconf 87' lang='lat' dir='ltr'><strong>eadem</strong></span> <span class='ocrx_word' id='word_1_561' title='bbox 2337 3931 2459 3968; x_wconf 89' lang='lat' dir='ltr'><strong>cum</strong></span> <span class='ocrx_word' id='word_1_562' title='bbox 2491 3916 2760 3970; x_wconf 86' lang='lat' dir='ltr'><strong>actionum</strong></span> <span class='ocrx_word' id='word_1_563' title='bbox 2804 3914 3048 3969; x_wconf 88' lang='lat' dir='ltr'><strong>omnium</strong></span> <span class='ocrx_word' id='word_1_564' title='bbox 3090 3915 3307 3969; x_wconf 87' lang='lat' dir='ltr'><strong>concilii</strong></span> <span class='ocrx_word' id='word_1_565' title='bbox 3337 3914 3615 3983; x_wconf 70' lang='lat' dir='ltr'><strong>Ephesini,</strong></span> 
     </span>
    </p>
   </div>
   <div class='ocr_carea' id='block_1_82' title="bbox 2034 4016 3620 4088">
    <p class='ocr_par' dir='ltr' id='par_1_82' title="bbox 2034 4016 3620 4088">
     <span class='ocr_line' id='line_1_82' title="bbox 2034 4016 3620 4088; baseline -0.002 -16"><span class='ocrx_word' id='word_1_566' title='bbox 2034 4027 2142 4072; x_wconf 91' lang='lat' dir='ltr'><strong>tum</strong></span> <span class='ocrx_word' id='word_1_567' title='bbox 2175 4018 2508 4088; x_wconf 71' lang='lat' dir='ltr'><strong>singularum</strong></span> <span class='ocrx_word' id='word_1_568' title='bbox 2541 4017 2656 4087; x_wconf 79' lang='lat' dir='ltr'><strong>rjus</strong></span> <span class='ocrx_word' id='word_1_569' title='bbox 2686 4016 2919 4086; x_wconf 90' lang='lat' dir='ltr'><strong>partium</strong></span> <span class='ocrx_word' id='word_1_570' title='bbox 2968 4016 3366 4085; x_wconf 80' lang='lat' dir='ltr'><strong>descriptione;</strong></span> <span class='ocrx_word' id='word_1_571' title='bbox 3416 4016 3467 4069; x_wconf 92' lang='lat' dir='ltr'><strong>in</strong></span> <span class='ocrx_word' id='word_1_572' title='bbox 3511 4031 3620 4085; x_wconf 89' lang='lat' dir='ltr'><strong>qua</strong></span> 
     </span>
    </p>
   </div>
   <div class='ocr_carea' id='block_1_83' title="bbox 2032 4115 3621 4189">
    <p class='ocr_par' dir='ltr' id='par_1_83' title="bbox 2032 4115 3621 4189">
     <span class='ocr_line' id='line_1_83' title="bbox 2032 4115 3621 4189; baseline -0.002 -16"><span class='ocrx_word' id='word_1_573' title='bbox 2032 4119 2199 4173; x_wconf 90' lang='lat' dir='ltr'><strong>multa</strong></span> <span class='ocrx_word' id='word_1_574' title='bbox 2218 4128 2362 4189; x_wconf 91' lang='lat' dir='ltr'><strong>sunt,</strong></span> <span class='ocrx_word' id='word_1_575' title='bbox 2388 4134 2505 4188; x_wconf 77' lang='lat' dir='ltr'><strong>qua:</strong></span> <span class='ocrx_word' id='word_1_576' title='bbox 2522 4119 2832 4189; x_wconf 86' lang='lat' dir='ltr'><strong>perturbate</strong></span> <span class='ocrx_word' id='word_1_577' title='bbox 2861 4118 2915 4172; x_wconf 91' lang='lat' dir='ltr'><strong>in</strong></span> <span class='ocrx_word' id='word_1_578' title='bbox 2942 4117 3277 4173; x_wconf 83' lang='lat' dir='ltr'><strong>editionibus</strong></span> <span class='ocrx_word' id='word_1_579' title='bbox 3299 4118 3459 4171; x_wconf 82' lang='lat' dir='ltr'><strong>etiam</strong></span> <span class='ocrx_word' id='word_1_580' title='bbox 3483 4115 3621 4184; x_wconf 86' lang='lat' dir='ltr'><strong>opti-</strong></span> 
     </span>
    </p>
   </div>
   <div class='ocr_carea' id='block_1_84' title="bbox 2032 4215 3619 4289">
    <p class='ocr_par' dir='ltr' id='par_1_84' title="bbox 2032 4215 3619 4289">
     <span class='ocr_line' id='line_1_84' title="bbox 2032 4215 3619 4289; baseline -0.001 -16"><span class='ocrx_word' id='word_1_581' title='bbox 2032 4218 2135 4273; x_wconf 86' lang='lat' dir='ltr'><strong>mis</strong></span> <span class='ocrx_word' id='word_1_582' title='bbox 2158 4219 2332 4289; x_wconf 90' lang='lat' dir='ltr'><strong>posita</strong></span> <span class='ocrx_word' id='word_1_583' title='bbox 2360 4233 2480 4275; x_wconf 83' lang='lat' dir='ltr'><strong>esse</strong></span> <span class='ocrx_word' id='word_1_584' title='bbox 2499 4216 2755 4273; x_wconf 88' lang='lat' dir='ltr'><strong>statuitet</strong></span> <span class='ocrx_word' id='word_1_585' title='bbox 2773 4217 2933 4272; x_wconf 90' lang='lat' dir='ltr'><strong>aliter</strong></span> <span class='ocrx_word' id='word_1_586' title='bbox 2962 4215 3222 4270; x_wconf 82' lang='lat' dir='ltr'><strong>collocati</strong></span> <span class='ocrx_word' id='word_1_587' title='bbox 3240 4215 3415 4285; x_wconf 86' lang='lat' dir='ltr'><strong>jubet,</strong></span> <span class='ocrx_word' id='word_1_588' title='bbox 3447 4215 3619 4271; x_wconf 82' lang='lat' dir='ltr'><strong>multo</strong></span> 
     </span>
    </p>
   </div>
   <div class='ocr_carea' id='block_1_85' title="bbox 2034 4318 3618 4391">
    <p class='ocr_par' dir='ltr' id='par_1_85' title="bbox 2034 4318 3618 4391">
     <span class='ocr_line' id='line_1_85' title="bbox 2034 4318 3618 4391; baseline -0.001 -17"><span class='ocrx_word' id='word_1_589' title='bbox 2034 4336 2165 4377; x_wconf 84' lang='lat' dir='ltr'><strong>vero</strong></span> <span class='ocrx_word' id='word_1_590' title='bbox 2198 4321 2373 4391; x_wconf 89' lang='lat' dir='ltr'><strong>plura,</strong></span> <span class='ocrx_word' id='word_1_591' title='bbox 2403 4336 2521 4391; x_wconf 66' lang='lat' dir='ltr'><strong>quas</strong></span> <span class='ocrx_word' id='word_1_592' title='bbox 2567 4320 2769 4385; x_wconf 86' lang='lat' dir='ltr'><strong>desint,</strong></span> <span class='ocrx_word' id='word_1_593' title='bbox 2818 4334 2923 4374; x_wconf 93' lang='lat' dir='ltr'><strong>non</strong></span> <span class='ocrx_word' id='word_1_594' title='bbox 2955 4318 3131 4373; x_wconf 87' lang='lat' dir='ltr'><strong>minus</strong></span> <span class='ocrx_word' id='word_1_595' title='bbox 3159 4318 3226 4371; x_wconf 90' lang='lat' dir='ltr'><strong>ad</strong></span> <span class='ocrx_word' id='word_1_596' title='bbox 3284 4318 3387 4372; x_wconf 84' lang='lat' dir='ltr'><strong>hoc</strong></span> <span class='ocrx_word' id='word_1_597' title='bbox 3430 4318 3618 4372; x_wconf 84' lang='lat' dir='ltr'><strong>conci-</strong></span> 
     </span>
    </p>
   </div>
   <div class='ocr_carea' id='block_1_86' title="bbox 2036 4419 3621 4490">
    <p class='ocr_par' dir='ltr' id='par_1_86' title="bbox 2036 4419 3621 4490">
     <span class='ocr_line' id='line_1_86' title="bbox 2036 4419 3621 4490; baseline -0.003 -16"><span class='ocrx_word' id='word_1_598' title='bbox 2036 4420 2163 4475; x_wconf 92' lang='lat' dir='ltr'><strong>lium</strong></span> <span class='ocrx_word' id='word_1_599' title='bbox 2193 4420 2538 4490; x_wconf 87' lang='lat' dir='ltr'><strong>pertinentia,</strong></span> <span class='ocrx_word' id='word_1_600' title='bbox 2564 4431 2724 4490; x_wconf 70' lang='lat' dir='ltr'><strong>afque</strong></span> <span class='ocrx_word' id='word_1_601' title='bbox 2741 4420 2901 4474; x_wconf 91' lang='lat' dir='ltr'><strong>etiam</strong></span> <span class='ocrx_word' id='word_1_602' title='bbox 2924 4419 3093 4488; x_wconf 84' lang='lat' dir='ltr'><strong>magis</strong></span> <span class='ocrx_word' id='word_1_603' title='bbox 3121 4419 3447 4485; x_wconf 57' lang='lat' dir='ltr'><strong>necessaria,</strong></span> <span class='ocrx_word' id='word_1_604' title='bbox 3477 4429 3621 4471; x_wconf 83' lang='lat' dir='ltr'><strong>aste-</strong></span> 
     </span>
    </p>
   </div>
   <div class='ocr_carea' id='block_1_87' title="bbox 2033 4523 2382 4577">
    <p class='ocr_par' dir='ltr' id='par_1_87' title="bbox 2033 4523 2382 4577">
     <span class='ocr_line' id='line_1_87' title="bbox 2033 4523 2382 4577; baseline -0.006 0"><span class='ocrx_word' id='word_1_605' title='bbox 2033 4523 2188 4577; x_wconf 74' lang='lat' dir='ltr'><strong>riscis</strong></span> <span class='ocrx_word' id='word_1_606' title='bbox 2213 4531 2382 4576; x_wconf 90' lang='lat' dir='ltr'><strong>notat.</strong></span> 
     </span>
    </p>
   </div>
   <div class='ocr_carea' id='block_1_88' title="bbox 356 4613 3617 4707">
    <p class='ocr_par' dir='ltr' id='par_1_88' title="bbox 356 4613 3617 4707">
     <span class='ocr_line' id='line_1_88' title="bbox 356 4613 3617 4707; baseline -0.003 -23"><span class='ocrx_word' id='word_1_607' title='bbox 356 4654 453 4707; x_wconf 66' lang='lat' dir='ltr'><strong>per</strong></span> <span class='ocrx_word' id='word_1_608' title='bbox 499 4638 661 4693; x_wconf 52' lang='lat' dir='ltr'><strong>verba</strong></span> <span class='ocrx_word' id='word_1_609' title='bbox 713 4636 994 4707; x_wconf 58' lang='lat' dir='ltr'><strong>Augustini</strong></span> <span class='ocrx_word' id='word_1_610' title='bbox 1024 4638 1090 4690; x_wconf 74' lang='lat' dir='ltr'><strong>ad</strong></span> <span class='ocrx_word' id='word_1_611' title='bbox 1122 4635 1326 4705; x_wconf 66' lang='lat' dir='ltr'><strong>singula</strong></span> <span class='ocrx_word' id='word_1_612' title='bbox 1358 4632 1520 4687; x_wconf 70' lang='lat' dir='ltr'><strong>verba</strong></span> <span class='ocrx_word' id='word_1_613' title='bbox 1562 4630 1760 4686; x_wconf 75' lang='lat' dir='ltr'><strong>Juliani</strong></span> <span class='ocrx_word' id='word_1_614' title='bbox 1811 4645 1931 4699; x_wconf 56' lang='lat' dir='ltr'><strong>qum</strong></span> <span class='ocrx_word' id='word_1_615' title='bbox 1962 4613 2008 4673; x_wconf 80' lang='grc' dir='ltr'><strong>Ι)</strong></span> <span class='ocrx_word' id='word_1_616' title='bbox 2110 4622 2223 4676; x_wconf 82' lang='lat' dir='ltr'><strong>XV.</strong></span> <span class='ocrx_word' id='word_1_617' title='bbox 2283 4620 2467 4692; x_wconf 80' lang='lat' dir='ltr'><strong>Cyrilli</strong></span> <span class='ocrx_word' id='word_1_618' title='bbox 2538 4619 2877 4676; x_wconf 75' lang='lat' dir='ltr'><strong>Alexandrini</strong></span> <span class='ocrx_word' id='word_1_619' title='bbox 2942 4620 3306 4693; x_wconf 77' lang='lat' dir='ltr'><strong>Apclogeticus</strong></span> <span class='ocrx_word' id='word_1_620' title='bbox 3373 4622 3617 4675; x_wconf 82' lang='lat' dir='ltr'><strong>adversus</strong></span> 
     </span>
    </p>
   </div>
   <div class='ocr_carea' id='block_1_89' title="bbox 356 4721 1920 4798">
    <p class='ocr_par' dir='ltr' id='par_1_89' title="bbox 356 4721 1920 4798">
     <span class='ocr_line' id='line_1_89' title="bbox 356 4721 1920 4798; baseline -0.003 -17"><span class='ocrx_word' id='word_1_621' title='bbox 356 4728 617 4784; x_wconf 70' lang='lat' dir='ltr'><strong>Mercator</strong></span> <span class='ocrx_word' id='word_1_622' title='bbox 645 4744 750 4783; x_wconf 90' lang='lat' dir='ltr'><strong>non</strong></span> <span class='ocrx_word' id='word_1_623' title='bbox 781 4735 1105 4798; x_wconf 83' lang='lat' dir='ltr'><strong>apposuerat</strong></span> <span class='ocrx_word' id='word_1_624' title='bbox 1142 4726 1194 4779; x_wconf 84' lang='lat' dir='ltr'><strong>in</strong></span> <span class='ocrx_word' id='word_1_625' title='bbox 1227 4726 1391 4792; x_wconf 84' lang='lat' dir='ltr'><strong>uotis,</strong></span> <span class='ocrx_word' id='word_1_626' title='bbox 1425 4724 1620 4793; x_wconf 86' lang='lat' dir='ltr'><strong>ubique</strong></span> <span class='ocrx_word' id='word_1_627' title='bbox 1649 4721 1920 4791; x_wconf 78' lang='lat' dir='ltr'><strong>produxit.</strong></span> 
     </span>
    </p>
   </div>
   <div class='ocr_carea' id='block_1_90' title="bbox 381 4813 1928 4891">
    <p class='ocr_par' dir='ltr' id='par_1_90' title="bbox 381 4813 1928 4891">
     <span class='ocr_line' id='line_1_90' title="bbox 381 4813 1928 4891; baseline -0.006 -17"><span class='ocrx_word' id='word_1_628' title='bbox 381 4852 385 4856; x_wconf 65' lang='grc'><strong>›</strong></span> <span class='ocrx_word' id='word_1_629' title='bbox 421 4821 486 4874; x_wconf 90' lang='lat' dir='ltr'><strong>Il.</strong></span> <span class='ocrx_word' id='word_1_630' title='bbox 532 4821 793 4891; x_wconf 74' lang='lat' dir='ltr'><strong>Refutatio</strong></span> <span class='ocrx_word' id='word_1_631' title='bbox 841 4819 1073 4890; x_wconf 78' lang='lat' dir='ltr'><strong>Symboli</strong></span> <span class='ocrx_word' id='word_1_632' title='bbox 1115 4816 1368 4871; x_wconf 81' lang='lat' dir='ltr'><strong>Theodori</strong></span> <span class='ocrx_word' id='word_1_633' title='bbox 1419 4813 1787 4878; x_wconf 82' lang='lat' dir='ltr'><strong>Mopsuesteni,</strong></span> <span class='ocrx_word' id='word_1_634' title='bbox 1832 4827 1928 4867; x_wconf 80' lang='lat' dir='ltr'><strong>seu</strong></span> 
     </span>
    </p>
   </div>
   <div class='ocr_carea' id='block_1_91' title="bbox 358 4898 1929 4983">
    <p class='ocr_par' dir='ltr' id='par_1_91' title="bbox 358 4898 1929 4983">
     <span class='ocr_line' id='line_1_91' title="bbox 358 4898 1929 4983; baseline -0.004 -21"><span class='ocrx_word' id='word_1_635' title='bbox 358 4908 623 4983; x_wconf 67' lang='lat' dir='ltr'><strong>Expositio</strong></span> <span class='ocrx_word' id='word_1_636' title='bbox 652 4926 823 4979; x_wconf 73' lang='lat' dir='ltr'><strong>praete</strong></span> <span class='ocrx_word' id='word_1_637' title='bbox 851 4910 970 4978; x_wconf 85' lang='lat' dir='ltr'><strong>ﬁdei</strong></span> <span class='ocrx_word' id='word_1_638' title='bbox 1011 4898 1426 4962; x_wconf 39' lang='lat' dir='ltr'><strong>Theodori’cum</strong></span> <span class='ocrx_word' id='word_1_639' title='bbox 1458 4903 1756 4974; x_wconf 73' lang='lat' dir='ltr'><strong>prwfatione</strong></span> <span class='ocrx_word' id='word_1_640' title='bbox 1787 4902 1929 4956; x_wconf 80' lang='lat' dir='ltr'><strong>Mer-</strong></span> 
     </span>
    </p>
   </div>
   <div class='ocr_carea' id='block_1_92' title="bbox 354 4995 1903 5075">
    <p class='ocr_par' dir='ltr' id='par_1_92' title="bbox 354 4995 1903 5075">
     <span class='ocr_line' id='line_1_92' title="bbox 354 4995 1903 5075; baseline -0.003 -20"><span class='ocrx_word' id='word_1_641' title='bbox 354 5006 556 5058; x_wconf 74' lang='lat' dir='ltr'><strong>caloris.</strong></span> <span class='ocrx_word' id='word_1_642' title='bbox 591 5006 743 5075; x_wconf 83' lang='lat' dir='ltr'><strong>Apud</strong></span> <span class='ocrx_word' id='word_1_643' title='bbox 772 5002 1092 5060; x_wconf 86' lang='lat' dir='ltr'><strong>Garnerium</strong></span> <span class='ocrx_word' id='word_1_644' title='bbox 1123 5001 1319 5071; x_wconf 71' lang='lat' dir='ltr'><strong>legitur</strong></span> <span class='ocrx_word' id='word_1_645' title='bbox 1350 5005 1495 5053; x_wconf 89' lang='lat' dir='ltr'><strong>torno</strong></span> <span class='ocrx_word' id='word_1_646' title='bbox 1518 4995 1582 5061; x_wconf 94' lang='lat' dir='ltr'><strong>II,</strong></span> <span class='ocrx_word' id='word_1_647' title='bbox 1610 5012 1761 5066; x_wconf 82' lang='lat' dir='ltr'><strong>pagg.</strong></span> <span class='ocrx_word' id='word_1_648' title='bbox 1795 4996 1903 5051; x_wconf 76' lang='lat'><strong>250</strong></span> 
     </span>
    </p>
   </div>
   <div class='ocr_carea' id='block_1_93' title="bbox 356 5087 1931 5166">
    <p class='ocr_par' dir='ltr' id='par_1_93' title="bbox 356 5087 1931 5166">
     <span class='ocr_line' id='line_1_93' title="bbox 356 5087 1931 5166; baseline -0.004 -18"><span class='ocrx_word' id='word_1_649' title='bbox 356 5094 461 5159; x_wconf 75' lang='lat'><strong>53;</strong></span> <span class='ocrx_word' id='word_1_650' title='bbox 489 5098 721 5166; x_wconf 73' lang='lat' dir='ltr'><strong>prcfatio</strong></span> <span class='ocrx_word' id='word_1_651' title='bbox 763 5106 939 5151; x_wconf 89' lang='lat' dir='ltr'><strong>autem</strong></span> <span class='ocrx_word' id='word_1_652' title='bbox 980 5093 1291 5163; x_wconf 86' lang='lat' dir='ltr'><strong>dupliciter,</strong></span> <span class='ocrx_word' id='word_1_653' title='bbox 1324 5087 1515 5144; x_wconf 85' lang='lat' dir='ltr'><strong>tomol</strong></span> <span class='ocrx_word' id='word_1_654' title='bbox 1565 5102 1684 5157; x_wconf 88' lang='lat' dir='ltr'><strong>pag.</strong></span> <span class='ocrx_word' id='word_1_655' title='bbox 1736 5087 1825 5152; x_wconf 84' lang='lat'><strong>95,</strong></span> <span class='ocrx_word' id='word_1_656' title='bbox 1875 5098 1931 5143; x_wconf 91' lang='lat' dir='ltr'><strong>et</strong></span> 
     </span>
    </p>
   </div>
   <div class='ocr_carea' id='block_1_94' title="bbox 354 5187 721 5243">
    <p class='ocr_par' dir='ltr' id='par_1_94' title="bbox 354 5187 721 5243">
     <span class='ocr_line' id='line_1_94' title="bbox 354 5187 721 5243; baseline 0.003 -3"><span class='ocrx_word' id='word_1_657' title='bbox 354 5194 498 5242; x_wconf 80' lang='lat' dir='ltr'><strong>toruo</strong></span> <span class='ocrx_word' id='word_1_658' title='bbox 526 5187 571 5243; x_wconf 83' lang='lat' dir='ltr'><strong>Il</strong></span> <span class='ocrx_word' id='word_1_659' title='bbox 619 5190 656 5242; x_wconf 88' lang='grc' dir='ltr'><strong>ι.</strong></span> <span class='ocrx_word' id='word_1_660' title='bbox 687 5189 721 5243; x_wconf 94' lang='lat' dir='ltr'><strong>l.</strong></span> 
     </span>
    </p>
   </div>
   <div class='ocr_carea' id='block_1_95' title="bbox 427 5277 1936 5351">
    <p class='ocr_par' dir='ltr' id='par_1_95' title="bbox 427 5277 1936 5351">
     <span class='ocr_line' id='line_1_95' title="bbox 427 5277 1936 5351; baseline 0 -19"><span class='ocrx_word' id='word_1_661' title='bbox 427 5278 507 5334; x_wconf 89' lang='lat' dir='ltr'><strong>Ill.</strong></span> <span class='ocrx_word' id='word_1_662' title='bbox 548 5281 874 5349; x_wconf 83' lang='lat' dir='ltr'><strong>Comparatio</strong></span> <span class='ocrx_word' id='word_1_663' title='bbox 939 5281 1232 5351; x_wconf 83' lang='lat' dir='ltr'><strong>dogmatum</strong></span> <span class='ocrx_word' id='word_1_664' title='bbox 1288 5277 1449 5333; x_wconf 85' lang='lat' dir='ltr'><strong>Pauli</strong></span> <span class='ocrx_word' id='word_1_665' title='bbox 1516 5277 1843 5333; x_wconf 85' lang='lat' dir='ltr'><strong>Samosateni</strong></span> <span class='ocrx_word' id='word_1_666' title='bbox 1890 5286 1936 5332; x_wconf 89' lang='lat' dir='ltr'><strong>et</strong></span> 
     </span>
    </p>
   </div>
   <div class='ocr_carea' id='block_1_96' title="bbox 356 5369 607 5432">
    <p class='ocr_par' dir='ltr' id='par_1_96' title="bbox 356 5369 607 5432">
     <span class='ocr_line' id='line_1_96' title="bbox 356 5369 607 5432; baseline 0.024 -7"><span class='ocrx_word' id='word_1_667' title='bbox 356 5369 607 5432; x_wconf 78' lang='lat' dir='ltr'><strong>Nestorii.</strong></span> 
     </span>
    </p>
   </div>
   <div class='ocr_carea' id='block_1_97' title="bbox 426 5466 1934 5538">
    <p class='ocr_par' dir='ltr' id='par_1_97' title="bbox 426 5466 1934 5538">
     <span class='ocr_line' id='line_1_97' title="bbox 426 5466 1934 5538; baseline 0.001 -20"><span class='ocrx_word' id='word_1_668' title='bbox 426 5466 511 5519; x_wconf 85' lang='lat' dir='ltr'><strong>IV.</strong></span> <span class='ocrx_word' id='word_1_669' title='bbox 546 5468 818 5523; x_wconf 88' lang='lat' dir='ltr'><strong>Sermones</strong></span> <span class='ocrx_word' id='word_1_670' title='bbox 867 5466 907 5522; x_wconf 82' lang='lat' dir='ltr'><strong><em>V</em></strong></span> <span class='ocrx_word' id='word_1_671' title='bbox 961 5467 1186 5523; x_wconf 80' lang='lat' dir='ltr'><strong>Nestorii</strong></span> <span class='ocrx_word' id='word_1_672' title='bbox 1222 5468 1466 5521; x_wconf 78' lang='lat' dir='ltr'><strong>adversus</strong></span> <span class='ocrx_word' id='word_1_673' title='bbox 1507 5466 1602 5521; x_wconf 88' lang='lat' dir='ltr'><strong>Dei</strong></span> <span class='ocrx_word' id='word_1_674' title='bbox 1640 5468 1934 5538; x_wconf 86' lang='lat' dir='ltr'><strong>genitricem</strong></span> 
     </span>
    </p>
   </div>
   <div class='ocr_carea' id='block_1_98' title="bbox 356 5553 598 5612">
    <p class='ocr_par' dir='ltr' id='par_1_98' title="bbox 356 5553 598 5612">
     <span class='ocr_line' id='line_1_98' title="bbox 356 5553 598 5612; baseline 0.004 -1"><span class='ocrx_word' id='word_1_675' title='bbox 356 5553 598 5612; x_wconf 63' lang='lat' dir='ltr'><strong>Uarium.</strong></span> 
     </span>
    </p>
   </div>
   <div class='ocr_carea' id='block_1_99' title="bbox 427 5648 1820 5722">
    <p class='ocr_par' dir='ltr' id='par_1_99' title="bbox 427 5648 1820 5722">
     <span class='ocr_line' id='line_1_99' title="bbox 427 5648 1820 5722; baseline 0.002 -19"><span class='ocrx_word' id='word_1_676' title='bbox 427 5648 495 5703; x_wconf 72' lang='lat' dir='ltr'><strong>V.</strong></span> <span class='ocrx_word' id='word_1_677' title='bbox 530 5650 769 5709; x_wconf 73' lang='lat' dir='ltr'><strong>Nestorii</strong></span> <span class='ocrx_word' id='word_1_678' title='bbox 784 5650 995 5722; x_wconf 80' lang='lat' dir='ltr'><strong>epistola</strong></span> <span class='ocrx_word' id='word_1_679' title='bbox 1016 5652 1085 5706; x_wconf 87' lang='lat' dir='ltr'><strong>ad</strong></span> <span class='ocrx_word' id='word_1_680' title='bbox 1112 5650 1361 5722; x_wconf 79' lang='lat' dir='ltr'><strong>Cyrillum</strong></span> <span class='ocrx_word' id='word_1_681' title='bbox 1392 5650 1820 5706; x_wconf 70' lang='lat' dir='ltr'><strong>Alexandrinum.</strong></span> 
     </span>
    </p>
   </div>
   <div class='ocr_carea' id='block_1_100' title="bbox 432 5737 1783 5814">
    <p class='ocr_par' dir='ltr' id='par_1_100' title="bbox 432 5737 1783 5814">
     <span class='ocr_line' id='line_1_100' title="bbox 432 5737 1783 5814; baseline -0.001 -19"><span class='ocrx_word' id='word_1_682' title='bbox 432 5737 518 5796; x_wconf 76' lang='grc' dir='ltr'><strong>γι.</strong></span> <span class='ocrx_word' id='word_1_683' title='bbox 548 5741 732 5814; x_wconf 74' lang='lat' dir='ltr'><strong>Cgrilli</strong></span> <span class='ocrx_word' id='word_1_684' title='bbox 763 5744 1103 5797; x_wconf 75' lang='lat' dir='ltr'><strong>Alexandrini</strong></span> <span class='ocrx_word' id='word_1_685' title='bbox 1132 5744 1357 5814; x_wconf 79' lang='lat' dir='ltr'><strong>epistola</strong></span> <span class='ocrx_word' id='word_1_686' title='bbox 1373 5744 1439 5794; x_wconf 93' lang='lat' dir='ltr'><strong>ad</strong></span> <span class='ocrx_word' id='word_1_687' title='bbox 1468 5740 1783 5795; x_wconf 86' lang='lat' dir='ltr'><strong>Nestorium.</strong></span> 
     </span>
    </p>
   </div>
   <div class='ocr_carea' id='block_1_101' title="bbox 429 5832 1757 5903">
    <p class='ocr_par' dir='ltr' id='par_1_101' title="bbox 429 5832 1757 5903">
     <span class='ocr_line' id='line_1_101' title="bbox 429 5832 1757 5903; baseline 0.002 -16"><span class='ocrx_word' id='word_1_688' title='bbox 429 5832 537 5893; x_wconf 77' lang='lat' dir='ltr'><strong>VII.</strong></span> <span class='ocrx_word' id='word_1_689' title='bbox 572 5834 821 5900; x_wconf 79' lang='lat' dir='ltr'><strong>Ejusdem</strong></span> <span class='ocrx_word' id='word_1_690' title='bbox 848 5836 1061 5903; x_wconf 83' lang='lat' dir='ltr'><strong>epistola</strong></span> <span class='ocrx_word' id='word_1_691' title='bbox 1092 5836 1315 5893; x_wconf 84' lang='lat' dir='ltr'><strong>secunda</strong></span> <span class='ocrx_word' id='word_1_692' title='bbox 1342 5835 1409 5889; x_wconf 87' lang='lat' dir='ltr'><strong>ad</strong></span> <span class='ocrx_word' id='word_1_693' title='bbox 1443 5834 1757 5891; x_wconf 79' lang='lat' dir='ltr'><strong>Nestorium.</strong></span> 
     </span>
    </p>
   </div>
   <div class='ocr_carea' id='block_1_102' title="bbox 2034 4722 2336 4777">
    <p class='ocr_par' dir='ltr' id='par_1_102' title="bbox 2034 4722 2336 4777">
     <span class='ocr_line' id='line_1_102' title="bbox 2034 4722 2336 4777; baseline -0.007 0"><span class='ocrx_word' id='word_1_694' title='bbox 2034 4722 2336 4777; x_wconf 83' lang='lat' dir='ltr'><strong>Orientales.</strong></span> 
     </span>
    </p>
   </div>
   <div class='ocr_carea' id='block_1_103' title="bbox 2108 4823 3618 4897">
    <p class='ocr_par' dir='ltr' id='par_1_103' title="bbox 2108 4823 3618 4897">
     <span class='ocr_line' id='line_1_103' title="bbox 2108 4823 3618 4897; baseline -0.002 -17"><span class='ocrx_word' id='word_1_695' title='bbox 2108 4825 2241 4880; x_wconf 77' lang='lat' dir='ltr'><strong>XVI.</strong></span> <span class='ocrx_word' id='word_1_696' title='bbox 2270 4823 2520 4894; x_wconf 82' lang='lat' dir='ltr'><strong>Eiusdem</strong></span> <span class='ocrx_word' id='word_1_697' title='bbox 2557 4824 2915 4897; x_wconf 80' lang='lat' dir='ltr'><strong>Apologeticus</strong></span> <span class='ocrx_word' id='word_1_698' title='bbox 2945 4826 3185 4880; x_wconf 84' lang='lat' dir='ltr'><strong>adversus</strong></span> <span class='ocrx_word' id='word_1_699' title='bbox 3215 4823 3618 4878; x_wconf 82' lang='lat' dir='ltr'><strong>Theodoretum.</strong></span> 
     </span>
    </p>
   </div>
   <div class='ocr_carea' id='block_1_104' title="bbox 2103 4921 3621 4995">
    <p class='ocr_par' dir='ltr' id='par_1_104' title="bbox 2103 4921 3621 4995">
     <span class='ocr_line' id='line_1_104' title="bbox 2103 4921 3621 4995; baseline 0.003 -18"><span class='ocrx_word' id='word_1_700' title='bbox 2103 4923 2266 4978; x_wconf 74' lang='lat' dir='ltr'><strong>XVII.</strong></span> <span class='ocrx_word' id='word_1_701' title='bbox 2312 4921 2630 4995; x_wconf 83' lang='lat' dir='ltr'><strong>Fragmenta</strong></span> <span class='ocrx_word' id='word_1_702' title='bbox 2669 4924 2996 4991; x_wconf 75' lang='lat' dir='ltr'><strong>Theodoreti,</strong></span> <span class='ocrx_word' id='word_1_703' title='bbox 3049 4923 3305 4979; x_wconf 81' lang='lat' dir='ltr'><strong>Theodori</strong></span> <span class='ocrx_word' id='word_1_704' title='bbox 3333 4966 3347 4988; x_wconf 81' lang='lat'><strong>,</strong></span> <span class='ocrx_word' id='word_1_705' title='bbox 3398 4921 3621 4982; x_wconf 81' lang='lat' dir='ltr'><strong>Diodori</strong></span> 
     </span>
    </p>
   </div>
   <div class='ocr_carea' id='block_1_105' title="bbox 2028 5022 2386 5097">
    <p class='ocr_par' dir='ltr' id='par_1_105' title="bbox 2028 5022 2386 5097">
     <span class='ocr_line' id='line_1_105' title="bbox 2028 5022 2386 5097; baseline 0 -19"><span class='ocrx_word' id='word_1_706' title='bbox 2028 5033 2075 5078; x_wconf 92' lang='lat' dir='ltr'><strong>et</strong></span> <span class='ocrx_word' id='word_1_707' title='bbox 2100 5022 2232 5079; x_wconf 81' lang='lat' dir='ltr'><strong>Ibte.</strong></span> <span class='ocrx_word' id='word_1_708' title='bbox 2369 5083 2386 5097; x_wconf 55' lang='grc'><em>,</em></span> 
     </span>
    </p>
   </div>
   <div class='ocr_carea' id='block_1_106' title="bbox 2110 5125 3274 5198">
    <p class='ocr_par' dir='ltr' id='par_1_106' title="bbox 2110 5125 3274 5198">
     <span class='ocr_line' id='line_1_106' title="bbox 2110 5125 3274 5198; baseline -0.002 -15"><span class='ocrx_word' id='word_1_709' title='bbox 2110 5126 2299 5183; x_wconf 83' lang='lat' dir='ltr'><strong>XVIII.</strong></span> <span class='ocrx_word' id='word_1_710' title='bbox 2335 5125 2571 5182; x_wconf 83' lang='lat' dir='ltr'><strong>Eutherii</strong></span> <span class='ocrx_word' id='word_1_711' title='bbox 2603 5127 2881 5198; x_wconf 80' lang='lat' dir='ltr'><strong>Tyanensis</strong></span> <span class='ocrx_word' id='word_1_712' title='bbox 2910 5130 3274 5198; x_wconf 79' lang='lat' dir='ltr'><strong>fragmentum.</strong></span> 
     </span>
    </p>
   </div>
   <div class='ocr_carea' id='block_1_107' title="bbox 2109 5228 3439 5299">
    <p class='ocr_par' dir='ltr' id='par_1_107' title="bbox 2109 5228 3439 5299">
     <span class='ocr_line' id='line_1_107' title="bbox 2109 5228 3439 5299; baseline -0.002 -15"><span class='ocrx_word' id='word_1_713' title='bbox 2109 5228 2253 5284; x_wconf 87' lang='lat' dir='ltr'><strong>XIX.</strong></span> <span class='ocrx_word' id='word_1_714' title='bbox 2289 5229 2519 5284; x_wconf 85' lang='lat' dir='ltr'><strong>Nestorii</strong></span> <span class='ocrx_word' id='word_1_715' title='bbox 2540 5228 2756 5299; x_wconf 82' lang='lat' dir='ltr'><strong>epistola</strong></span> <span class='ocrx_word' id='word_1_716' title='bbox 2777 5230 2845 5281; x_wconf 91' lang='lat' dir='ltr'><strong>ad</strong></span> <span class='ocrx_word' id='word_1_717' title='bbox 2875 5245 3062 5299; x_wconf 84' lang='lat' dir='ltr'><strong>papam</strong></span> <span class='ocrx_word' id='word_1_718' title='bbox 3096 5229 3439 5284; x_wconf 73' lang='lat' dir='ltr'><strong>Caelestinum.</strong></span> 
     </span>
    </p>
   </div>
   <div class='ocr_carea' id='block_1_108' title="bbox 2107 5327 3403 5400">
    <p class='ocr_par' dir='ltr' id='par_1_108' title="bbox 2107 5327 3403 5400">
     <span class='ocr_line' id='line_1_108' title="bbox 2107 5327 3403 5400; baseline -0.005 -16"><span class='ocrx_word' id='word_1_719' title='bbox 2107 5329 2225 5384; x_wconf 86' lang='lat' dir='ltr'><strong>XX.</strong></span> <span class='ocrx_word' id='word_1_720' title='bbox 2258 5328 2494 5400; x_wconf 73' lang='lat' dir='ltr'><strong>Epistula</strong></span> <span class='ocrx_word' id='word_1_721' title='bbox 2516 5327 2968 5400; x_wconf 75' lang='lat' dir='ltr'><strong>synodicaCyrilli</strong></span> <span class='ocrx_word' id='word_1_722' title='bbox 2991 5328 3059 5381; x_wconf 87' lang='lat' dir='ltr'><strong>ad</strong></span> <span class='ocrx_word' id='word_1_723' title='bbox 3088 5327 3403 5382; x_wconf 85' lang='lat' dir='ltr'><strong>Nestorium.</strong></span> 
     </span>
    </p>
   </div>
   <div class='ocr_carea' id='block_1_109' title="bbox 2109 5425 3619 5503">
    <p class='ocr_par' dir='ltr' id='par_1_109' title="bbox 2109 5425 3619 5503">
     <span class='ocr_line' id='line_1_109' title="bbox 2109 5425 3619 5503; baseline -0.004 -19"><span class='ocrx_word' id='word_1_724' title='bbox 2109 5429 2250 5484; x_wconf 84' lang='lat' dir='ltr'><strong>XXI.</strong></span> <span class='ocrx_word' id='word_1_725' title='bbox 2279 5428 2532 5503; x_wconf 87' lang='lat' dir='ltr'><strong>Ejusdem</strong></span> <span class='ocrx_word' id='word_1_726' title='bbox 2581 5430 2782 5484; x_wconf 78' lang='lat' dir='ltr'><strong>scholia</strong></span> <span class='ocrx_word' id='word_1_727' title='bbox 2818 5430 2883 5483; x_wconf 89' lang='lat' dir='ltr'><strong>de</strong></span> <span class='ocrx_word' id='word_1_728' title='bbox 2917 5428 3284 5482; x_wconf 87' lang='lat' dir='ltr'><strong>Incarnatione</strong></span> <span class='ocrx_word' id='word_1_729' title='bbox 3331 5425 3619 5497; x_wconf 83' lang='lat' dir='ltr'><strong>Unigeniti.</strong></span> 
     </span>
    </p>
   </div>
   <div class='ocr_carea' id='block_1_110' title="bbox 2037 5529 3615 5587">
    <p class='ocr_par' dir='ltr' id='par_1_110' title="bbox 2037 5529 3615 5587">
     <span class='ocr_line' id='line_1_110' title="bbox 2037 5529 3615 5587; baseline -0.003 0"><span class='ocrx_word' id='word_1_730' title='bbox 2037 5532 2333 5587; x_wconf 83' lang='lat' dir='ltr'><strong>Postremis</strong></span> <span class='ocrx_word' id='word_1_731' title='bbox 2364 5532 2513 5587; x_wconf 78' lang='lat' dir='ltr'><strong>hisce</strong></span> <span class='ocrx_word' id='word_1_732' title='bbox 2537 5543 2780 5587; x_wconf 82' lang='lat' dir='ltr'><strong>actorum</strong></span> <span class='ocrx_word' id='word_1_733' title='bbox 2812 5540 3003 5585; x_wconf 86' lang='lat' dir='ltr'><strong>contra</strong></span> <span class='ocrx_word' id='word_1_734' title='bbox 3037 5530 3407 5584; x_wconf 82' lang='lat' dir='ltr'><strong>Nestorianam</strong></span> <span class='ocrx_word' id='word_1_735' title='bbox 3438 5529 3615 5584; x_wconf 44' lang='lat' dir='ltr'><strong>luere-</strong></span> 
     </span>
    </p>
   </div>
   <div class='ocr_carea' id='block_1_111' title="bbox 2037 5610 3401 5688">
    <p class='ocr_par' dir='ltr' id='par_1_111' title="bbox 2037 5610 3401 5688">
     <span class='ocr_line' id='line_1_111' title="bbox 2037 5610 3401 5688; baseline 0 -3"><span class='ocrx_word' id='word_1_736' title='bbox 2037 5631 2138 5685; x_wconf 89' lang='lat' dir='ltr'><strong>sim</strong></span> <span class='ocrx_word' id='word_1_737' title='bbox 2161 5631 2569 5688; x_wconf 85' lang='lat' dir='ltr'><strong>collectionibus</strong></span> <span class='ocrx_word' id='word_1_738' title='bbox 2601 5632 2784 5687; x_wconf 89' lang='lat' dir='ltr'><strong>tribuit</strong></span> <span class='ocrx_word' id='word_1_739' title='bbox 2815 5629 3107 5688; x_wconf 83' lang='lat' dir='ltr'><strong>Garnerius</strong></span> <span class='ocrx_word' id='word_1_740' title='bbox 3132 5646 3185 5686; x_wconf 87' lang='lat' dir='ltr'><strong>a.</strong></span> <span class='ocrx_word' id='word_1_741' title='bbox 3211 5630 3336 5686; x_wconf 72' lang='grc'><strong>446.</strong></span> <span class='ocrx_word' id='word_1_742' title='bbox 3398 5610 3401 5613; x_wconf 32' lang='grc'><em>’</em></span> 
     </span>
    </p>
   </div>
   <div class='ocr_carea' id='block_1_112' title="bbox 2108 5728 3613 5803">
    <p class='ocr_par' dir='ltr' id='par_1_112' title="bbox 2108 5728 3613 5803">
     <span class='ocr_line' id='line_1_112' title="bbox 2108 5728 3613 5803; baseline -0.005 -18"><span class='ocrx_word' id='word_1_743' title='bbox 2108 5730 2511 5799; x_wconf 84' lang='lat' dir='ltr'><strong>Interciderunt,</strong></span> <span class='ocrx_word' id='word_1_744' title='bbox 2561 5731 3012 5803; x_wconf 88' lang='lat' dir='ltr'><strong>quemadmodum</strong></span> <span class='ocrx_word' id='word_1_745' title='bbox 3044 5746 3111 5786; x_wconf 91' lang='lat' dir='ltr'><strong>ex</strong></span> <span class='ocrx_word' id='word_1_746' title='bbox 3156 5733 3451 5798; x_wconf 80' lang='lat' dir='ltr'><strong>Augustino</strong></span> <span class='ocrx_word' id='word_1_747' title='bbox 3500 5728 3613 5793; x_wconf 82' lang='lat' dir='ltr'><strong>(ep.</strong></span> 
     </span>
    </p>
   </div>
   <div class='ocr_carea' id='block_1_113' title="bbox 2050 5822 3616 5904">
    <p class='ocr_par' dir='ltr' id='par_1_113' title="bbox 2050 5822 3616 5904">
     <span class='ocr_line' id='line_1_113' title="bbox 2050 5822 3616 5904; baseline -0.008 -14"><span class='ocrx_word' id='word_1_748' title='bbox 2050 5835 2181 5904; x_wconf 74' lang='grc'><strong>195)</strong></span> <span class='ocrx_word' id='word_1_749' title='bbox 2205 5836 2483 5899; x_wconf 59' lang='lat' dir='ltr'><strong>discimus,</strong></span> <span class='ocrx_word' id='word_1_750' title='bbox 2506 5836 2655 5890; x_wconf 72' lang='lat' dir='ltr'><strong>Marii</strong></span> <span class='ocrx_word' id='word_1_751' title='bbox 2682 5834 2989 5890; x_wconf 74' lang='lat' dir='ltr'><strong>Mercaturis</strong></span> <span class='ocrx_word' id='word_1_752' title='bbox 3020 5832 3138 5886; x_wconf 86' lang='lat' dir='ltr'><strong>libri</strong></span> <span class='ocrx_word' id='word_1_753' title='bbox 3166 5839 3343 5884; x_wconf 87' lang='lat' dir='ltr'><strong>contra</strong></span> <span class='ocrx_word' id='word_1_754' title='bbox 3372 5822 3616 5889; x_wconf 52' lang='lat' dir='ltr'><strong>Pelagt&#39;lk</strong></span> 
     </span>
    </p>
   </div>
  </div>
