4020 6192
345 286 405 343 5|
1173 294 1239 349 ΙΝ
1278 295 1505 350 OPERA
1546 295 1738 351 MAR"
1779 292 2220 353 MERCATORIS
2262 296 2806 355 PROLEGOMENA.
3543 298 3628 354 524

344 418 463 457 nos.
497 402 646 470 Quod
675 406 718 460 si
741 417 915 461 tamen
964 408 1248 479 Dupinium
1280 410 1583 478 audiamus,
1609 411 1922 466 etiamnunc
1953 413 1997 473 Α
2026 411 2119 466 sed
2144 421 2197 466 et
2226 412 2329 467 alia
2359 413 2610 484 pleraque
2652 413 2986 479 Mercatoris,
3017 430 3133 483 quae
3178 415 3244 469 ad
3298 415 3610 488 Pelagianae

346 507 633 564 supersunt
662 498 713 552 in
744 499 895 554 libris
921 500 1360 572 Hypognosticén
1390 504 1673 574 Augustini
1699 508 1795 575 (α).

914 589 944 659 §
977 590 1061 644 Ill.
1085 592 1368 649 Editioues.

419 684 556 736 Ante
580 681 872 737 Clementis
897 682 945 737 Χ
976 696 1239 753 tempora,
1270 687 1417 742 Marii
1466 688 1779 744 Mercatoris
1825 707 1920 745 no-

346 790 466 827 men
489 776 644 842 plane
674 776 1004 845 incognitum
1037 776 1155 831 fuit.
1185 777 1317 833 Nam
1350 780 1450 835 etsi
1484 782 1727 850 quaedam
1765 797 1833 836 ex
1863 785 1926 837 il-

348 866 449 918 lius
475 866 695 935 scriptis
717 877 932 922 centum
963 866 1077 925 fere
1116 882 1171 924 et
1200 872 1339 941 quod
1370 874 1609 929 excurrit
1640 875 1706 928 ab
1754 876 1923 945 ipsius

343 970 572 1011 escessu
624 960 781 1014 annis
824 959 961 1015 lecta
1011 960 1179 1017 fuisse
1237 964 1475 1019 Facundi
1517 964 1922 1019 iiermianentis

343 1052 581 1122 episc0pi
615 1061 669 1107 et
700 1052 901 1123 Pelagii
928 1053 1250 1125 "exemplis
1281 1065 1514 1122 constet,
1558 1072 1717 1111 nemo
1743 1066 1919 1112 tamen

341 1152 585 1198 veterum
627 1144 799 1215 Opera
852 1146 1169 1202 Mercatoris
1197 1149 1401 1215 citavit,
1432 1156 1488 1204 et
1527 1150 1666 1203 inter
1702 1150 1920 1218 sequio-

342 1248 431 1287 res
463 1250 529 1288 ne
560 1250 753 1289 nomen
780 1236 996 1306 quidem
1028 1237 1196 1307 ipsius
1221 1240 1460 1293 auditum
1493 1248 1595 1295 est.
1615 1239 1768 1295 Luca:
1788 1240 1920 1295 llo!-

340 1328 492 1380 stenii
523 1327 721 1397 quippe
752 1328 855 1382 hoc
887 1331 1135 1384 meritum
1169 1330 1287 1397 fuit,
1326 1342 1404 1398 ut,
1454 1336 1543 1403 qui
1586 1343 1665 1387 tot
1691 1333 1918 1404 insignia

341 1418 419 1473 rei
448 1420 835 1475 ecclesiastica:
865 1432 1213 1477 monumenta
1253 1439 1314 1480 ex
1356 1424 1629 1481 Vaticanis
1670 1426 1919 1481 claustris

342 1511 635 1579 Pdtlxissel,
663 1513 826 1568 etiam
848 1515 988 1568 hunc
1002 1525 1275 1571 auctorem
1291 1516 1559 1573 oblivione
1583 1520 1850 1588 sepultum
1864 1528 1921 1572 et

340 1610 454 1658 acta
483 1606 623 1659 illius
646 1606 1047 1678 Pelagianarum
1073 1618 1125 1662 et
1153 1602 1591 1666 Nestorianarum
1633 1611 1803 1665 litium
1840 1611 1921 1663 bi-

342 1698 521 1751 storiae
550 1707 654 1751 tam
687 1702 922 1769 proticua
951 1719 1017 1755 ex
1034 1702 1221 1758 codice
1247 1703 1777 1759 Palatino-Vaticano
1802 1712 1917 1758 tan-

2028 518 2115 558 res
2147 503 2473 570 referuntur,
2530 506 2584 560 in
2645 520 2800 561 usum
2854 522 3010 562 suum
3051 510 3335 573 convertit,
3388 510 3609 580 ipseque

2028 596 2185 649 verba
2210 595 2275 649 ad
2302 599 2545 666 paginam
2566 598 2767 653 codicis
2790 600 2951 653 citata
2976 601 3173 669 passim
3202 601 3449 656 inseruit.
3473 601 3617 657 hab--

2024 688 2157 743 heus
2184 699 2362 745 autem
2386 706 2506 744 cum
2535 706 2600 745 ex
2630 691 2893 748 Vaticano
2917 694 3103 749 codice
3129 693 3399 761 descripta
3436 694 3602 749 Roma

2022 781 2125 835 sibi
2149 783 2460 836 transmissa
2486 795 2690 849 essent,
2726 784 2918 840 horum
2951 786 3188 854 Opi-rum
3229 787 3453 842 editioni
3483 801 3609 845 sese

2027 872 2287 939 accinxit,
2332 883 2387 927 at
2433 883 2608 928 morte
2651 875 2921 944 inopinata
2978 888 3379 948 praeoccupatus
3410 879 3602 935 Joanni

2025 962 2285 1019 Garnerio
2312 966 2487 1020 amico
2528 968 2743 1037 quidem
2790 970 3232 1038 coniunctissimo
3258 972 3605 1044 ejusdemque

2023 1055 2299 1109 societatis
2329 1058 2571 1111 membro
2596 1066 2651 1112 et
2677 1058 2964 1128 theologiae
2983 1061 3033 1113 in
3059 1062 3285 1132 collegio
3312 1062 3601 1119 Parisiensi

2024 1145 2227 1202 doctori
2261 1149 2415 1203 istam
2456 1165 2642 1204 curam
2675 1152 2909 1221 reliquit.
2957 1153 3138 1223 Itaque
3176 1156 3240 1218 is,
3273 1157 3361 1225 qui
3394 1156 3597 1224 pridem

2020 1239 2275 1307 singulari
2305 1241 2482 1294 studio
2505 1241 2726 1297 hazresis
2754 1245 3054 1314 Pelagianae
3086 1246 3363 1300 historiam
3394 1258 3603 1302 scruta-

2025 1337 2109 1383 tus
2136 1340 2250 1385 erat
2282 1331 2536 1402 idemque
2568 1334 2800 1390 fortuna:
2831 1338 2990 1391 amici
3021 1338 3071 1391 in
3100 1338 3423 1407 reperiundo
3452 1339 3601 1393 litte-

2024 1420 2167 1474 rario
2200 1421 2365 1476 hocce
2394 1422 2645 1478 thesauro
2671 1425 2848 1480 fuerat
2867 1429 3151 1497 particeps,
3193 1428 3420 1483 duorum
3447 1431 3600 1485 codi-

2022 1524 2143 1563 cum
2173 1520 2225 1564 et
2254 1512 2512 1566 doctrina:
2559 1514 2697 1569 haud
2746 1518 3071 1585 paenitendae
3116 1518 3373 1574 subsidiis
3403 1520 3599 1575 instru-

2023 1609 2141 1655 ctus
2164 1601 2447 1658 Mercatori
2470 1619 2689 1674 operam
2708 1608 2943 1675 navavit,
2969 1624 3200 1678 cumque
3222 1608 3597 1679 intellexisset,

2023 1693 2330 1763 Labbeum,
2363 1707 2548 1767 utpote
2594 1698 2797 1769 ingenti
2829 1702 3182 1756 conciliorum
3226 1703 3414 1758 labore
3438 1704 3599 1759 obru-

346 1803 452 1842 tum
485 1807 587 1843 non
612 1792 793 1847 omnia
823 1804 1054 1848 erueret.
1092 1795 1165 1849 De
1193 1794 1401 1849 edendo
1422 1806 1600 1851 autem
1634 1811 1737 1849 non
1771 1797 1912 1865 cogi-
1950 1786 1994 1847 Β
2025 1794 2157 1853 lum.
2189 1802 2351 1857 "Pera
2382 1790 2507 1856 ista.
2534 1793 2982 1861 quemadmodum
3019 1796 3070 1849 in
3102 1794 3379 1851 θοάἱεὶὺυι
3421 1812 3481 1852 Fe
3512 1798 3606 1853 Ila-

345 1895 487 1937 iasse
510 1883 719 1937 videtur
737 1883 1072 1947 Holstenius,
1105 1901 1202 1941 nec
1219 1885 1357 1941 forte
1379 1888 1558 1941 omnia
1600 1903 1718 1957 quae
1742 1887 1792 1941 in
1814 1887 1916 1941 isto

341 1974 527 2029 codice
554 1976 961 2032 continerentur
1004 1977 1068 2032 ad
1122 1979 1369 2034 eumdem
1402 1988 1675 2034 auctorem
1704 1994 1800 2034 seu
1836 1980 1917 2033 in-

342 2077 629 2135 terpretem
662 2071 940 2138 pertinere
968 2068 1236 2137 credidit;
1272 2081 1511 2128 attamen
1557 2073 1914 2139 laetabundus,
1950 2108 1961 2124 .

340 2173 459 2225 cpias
489 2160 614 2215 inde
663 2164 1023 2233 excerpsisset
1054 2166 1243 2221 amicis
1286 2166 1398 2221 suis
1437 2167 1673 2221 ostendit
1701 2175 1755 2220 et
1795 2181 1915 2221 cum

342 2251 407 2302 iis
435 2249 663 2308 fortasse
689 2255 1116 2311 communicavit.
1170 2257 1241 2310 Ita
1291 2273 1421 2313 sane
1453 2256 1711 2312 Henricus
1759 2256 1919 2311 Nori-

342 2345 451 2396 rius
487 2345 540 2399 in
587 2345 819 2402 Historia
852 2348 1132 2420 Pelagiana
1177 2360 1389 2417 narrat,
1436 2350 1917 2405 Commonitorium

340 2436 650 2492 Mercatoris
676 2453 839 2509 super
875 2442 1092 2497 nomine
1128 2441 1366 2498 Cwlestii
1412 2444 1721 2499 Theodosio
1768 2444 1920 2498 obla-

344 2539 453 2579 tum
472 2528 540 2583 ab
570 2528 845 2586 iiolstenio
871 2542 1146 2588 ostensum
1177 2535 1341 2590 fuisse
1369 2551 1427 2590 se
1456 2545 1725 2605 praesente
1765 2536 1918 2590 Chi-i-

343 2621 518 2674 stiano
540 2620 716 2691 Lupo.
745 2622 823 2677 Ex
852 2638 957 2694 quo
992 2626 1172 2679 nescio
1198 2634 1456 2695 quantum
1488 2628 1746 2695 temporis
1770 2627 1921 2681 efﬂu-

343 2713 484 2767 xerit
525 2728 695 2783 usque
717 2714 842 2770 dum
874 2716 1049 2772 eidem
1078 2717 1290 2773 Norisio
1327 2734 1462 2788 Opus
1510 2718 1779 2774 laudatum
1810 2735 1925 2774 mo-

343 2805 492 2858 lienti
515 2806 735 2873 accidit,
766 2816 881 2863 uta
911 2809 1167 2865 cardinali
1200 2812 1343 2866 Bona
1377 2812 1441 2865 ad
1473 2811 1730 2881 legendos
1771 2812 1924 2866 Marii

346 2895 657 2953 Mercatoris
682 2897 892 2956 libellos
932 2919 1144 2969 prorsus
1184 2903 1283 2975 ipsi
1326 2904 1612 2974 incognitas
1658 2904 1926 2958 excitare-

348 2999 448 3042 tur.
483 2989 626 3044 Bona
647 2990 809 3045 etiam
838 2993 1166 3061 affirmabat,
1194 3010 1255 3049 se
1282 2995 1501 3051 eosdem
1528 2995 1763 3052 exscribi
1796 3006 1849 3052 et
1872 2998 1923 3050 in

346 3080 571 3134 Calliam
605 3082 741 3136 mitti
759 3097 999 3152 curasse,
1021 3086 1110 3140 ubi
1138 3086 1472 3142 Gerberonio
1494 3086 1796 3156 obtigerant
1825 3087 1919 3157 (ὁ).

346 3172 450 3226 Sed
482 3171 677 3229 factum
710 3174 759 3230 id
794 3191 899 3231 non
931 3186 1085 3232 antea
1115 3178 1346 3245 videtur,
1369 3194 1527 3249 quam
1557 3178 1610 3233 in
1639 3179 1808 3235 Gallia
1831 3195 1924 3235 ea-
1951 3157 1997 3220 (ἶ

344 3265 465 3319 dem
487 3267 664 3321 omnia
701 3282 731 3321 a
763 3266 1009 3340 Philippo
1049 3268 1250 3324 Labbeo
1274 3281 1327 3327 et
1362 3270 1568 3326 Joanne
1593 3272 1844 3328 Camerio
1870 3275 1921 3328 in

345 3355 529 3411 codice
560 3357 787 3426 quodam
823 3359 1186 3416 Bellovacensi
1209 3363 1418 3418 detecta
1444 3366 1689 3421 fuissent.
1709 3366 1925 3421 Scilicet

345 3446 636 3501 cardinalis
657 3448 1003 3505 Barberiuius
1020 3449 1501 3508 Commonitorium
1520 3470 1683 3521 super
1708 3456 1924 3512 nomine

346 3538 583 3595 Celestii
612 3556 733 3596 cum
760 3542 879 3597 aliis
930 3544 1245 3612 quibusdam
1285 3560 1349 3599 ex
1379 3546 1565 3602 codice
1607 3547 1711 3602 isto
1740 3561 1926 3602 excer-

349 3632 450 3699 ptis
482 3633 532 3686 in
562 3633 779 3688 schedis
830 3634 1093 3690 llolstenii
1124 3636 1197 3707 (a.
1226 3637 1384 3707 1661)
1416 3637 1655 3694 defuncti
1693 3640 1925 3710 repertis

350 3740 447 3793 per
485 3727 699 3781 Petrum
746 3727 1031 3783 Possinum
1062 3728 1347 3785 Societatis
1384 3732 1511 3787 Jesu
1552 3733 1923 3803 presbyterum

350 3822 575 3872 miserat
611 3817 854 3889 Philippo
896 3819 1112 3876 Labbeo
1153 3822 1542 3892 amplissimam
1574 3825 1924 3879 conciliorum

350 3911 682 3973 generalium
711 3911 1099 3967 Ciillcctionem
1136 3914 1295 3968 modo
1325 3913 1622 3969 inclioanti.
1659 3914 1708 3969 Is
1733 3914 1924 3969 eodem

351 4001 523 4055 ferme
553 4012 796 4073 tempore
832 4003 1175 4058 commodata
1205 4004 1467 4058 habuerat
1498 4007 1923 4059 vetustissimum

351 4092 590 4147 codicem
622 4094 879 4149 Actorum
914 4111 943 4148 v
971 4096 1184 4150 concilii
1215 4111 1280 4150 ex
1322 4095 1640 4151 bibliotheca
1671 4096 1928 4151 Ecclesia:

352 4186 570 4252 capituli
603 4185 1019 4255 Bellovaeensis,
1059 4188 1114 4242 in
1140 4203 1248 4257 quo
1274 4198 1536 4258 praeterea
1573 4189 1929 4257 deprehendit

352 4275 590 4339 ejusdem
613 4276 922 4331 Mercatoris
952 4279 1126 4346 Opera
1158 4281 1437 4349 ipsumque
1460 4278 1597 4333 adeo
1624 4279 1931 4332 Commoni-

360 4368 575 4429 torium.
634 4368 839 4435 Quibus
888 4371 1123 4437 cognitis
1169 4372 1235 4425 ad
1287 4372 1565 4427 Possinum
1596 4371 1739 4426 misit
1783 4372 1932 4426 eleu-

353 4460 512 4513 chum
542 4459 775 4529 Operum
826 4460 1163 4526 Mercatoris;
1213 4464 1506 4530 mandans,
1549 4472 1605 4517 ut
1644 4463 1931 4532 investiga-

2020 1877 2211 1933 berent
2236 1889 2288 1938 ct
2308 1880 2423 1935 sine
2446 1883 2587 1936 notis
2615 1883 2861 1938 daturum
2889 1884 3076 1950 fuisse,
3112 1886 3227 1954 ipse
3253 1902 3349 1955 pro
3373 1889 3483 1942 otio
3503 1904 3603 1943 suo

2019 1979 2075 2024 et
2102 1986 2285 2027 amore
2322 1988 2447 2043 erga
2486 1975 2622 2032 hanc
2671 1976 2911 2031 historiae
2946 1979 3328 2034 ecclesiasticae
3374 1990 3601 2050 partem,

2022 2075 2126 2116 non
2159 2063 2333 2117 solum
2365 2065 2602 2135 singula,
2657 2082 2776 2136 quae
2825 2068 3083 2123 illustrari
3138 2072 3494 2139 postularent,
3524 2082 3604 2126 at-

2023 2158 2222 2212 tentius
2247 2159 2540 2214 observare
2570 2146 2762 2230 coepit,
2793 2162 2913 2229 sed,
2945 2164 3085 2233 quod
3130 2164 3471 2234 potissimum
3504 2167 3602 2232 ipsi

2021 2248 2321 2316 videbatur,
2369 2264 2563 2306 cavere
2606 2252 2796 2321 voluit,
2829 2269 2898 2307 ne
2927 2254 3112 2307 mutila
3141 2255 3329 2324 πταίονὶ
3356 2271 3419 2309 es:
3458 2267 3603 2325 parte

2023 2340 2110 2393 illa
2138 2340 2435 2408 prodirent.
2465 2340 2519 2397 Id
2563 2357 2691 2398 vero
2716 2353 3033 2400 eventurum
3064 2346 3409 2409 existimavit,
3431 2350 3475 2400 si
3505 2361 3603 2401 eo-

2021 2430 2143 2485 dem
2175 2439 2361 2486 tenore
2390 2443 2550 2502 atque
2574 2434 2787 2499 ordine,
2816 2451 2973 2504 quem
3016 2437 3068 2490 in
3115 2436 3391 2492 codicibus
3419 2452 3601 2491 serva-

2024 2532 2166 2583 rent.
2199 2525 2404 2595 singula
2432 2528 2893 2583 exscribereutur.
2920 2529 3049 2582 Nam
3079 2529 3223 2599 quod
3248 2530 3523 2599 utriusque
3549 2540 3607 2584 et

2023 2616 2326 2688 Pelagiana;
2347 2629 2402 2674 et
2430 2618 2762 2674 Nestorianas
2802 2620 3023 2675 hairesis
3060 2627 3178 2676 acta
3216 2621 3357 2676 inter
3399 2636 3459 2675 se
3488 2636 3609 2689 pcr-

2026 2712 2181 2766 mista
2212 2712 2446 2778 videret,
2493 2727 2592 2768 nec
2615 2713 2697 2767 vel
2724 2727 2988 2767 annorum
3011 2754 3027 2781 ,
3061 2714 3255 2784 quibus
3283 2713 3493 2769 condita
3522 2728 3608 2768 es-

2025 2813 2164 2869 seut,
2204 2805 2419 2861 vinculo
2453 2806 2794 2873 coordinata,
2826 2806 3171 2861 librariorum
3222 2806 3274 2861 id
3311 2806 3485 2876 culpae
3508 2806 3607 2860 tri-

2027 2895 2319 2959 buendum.
2372 2898 2439 2951 ab
2469 2897 2641 2968 iisque
2687 2897 2771 2952 illa
2806 2897 2947 2952 male
2987 2896 3245 2952 distracta
3276 2906 3438 2967 atque
3472 2897 3621 2953 adeo-

2027 2986 2297 3057 discerpta
2330 3001 2452 3043 esse
2476 2988 2581 3044 sibi
2628 2988 2917 3057 persuasit.
2964 2988 3241 3055 Separavit
3280 2988 3439 3056 igitur
3465 2998 3610 3042 utra-

2029 3100 2132 3157 que
2159 3091 2210 3138 et
2236 3083 2288 3138 in
2319 3082 2455 3138 duos
2487 3091 2662 3137 tomos
2688 3082 2886 3147 divisa,
2933 3080 3369 3136 annotationibus
3413 3089 3465 3134 et
3496 3079 3608 3134 dis-

2026 3175 2413 3233 sertationibus
2458 3174 2800 3243 amplissimis
2844 3187 3139 3244 magnaque
3182 3170 3484 3227 eruditione
3512 3185 3602 3225 re-

2026 3268 2177 3324 fertis
2206 3266 2455 3322 disuncta
2486 3267 2723 3336 itemque
2751 3266 3067 3337 quibusdam
3099 3265 3152 3319 in
3199 3264 3351 3329 locis,
3388 3263 3477 3318 ubi
3504 3263 3606 3331 ipsi

2025 3375 2159 3431 Opus
2190 3374 2310 3415 esse
2332 3359 2629 3423 videretur,
2661 3360 2821 3416 aliter
2846 3367 3220 3430 coagmentata
3250 3358 3444 3429 publici
3470 3356 3622 3427 juris-

2025 3453 2152 3508 fecit
2177 3452 2393 3506 Parisiis
2415 3468 2467 3504 a.
2494 3452 2653 3519 1673,
2686 3452 2922 3521 iit-folio.
2949 3451 3151 3506 Eodem
3179 3466 3321 3506 anno
3352 3448 3611 3505 Bruxellis

2026 3543 2289 3599 duodenis
2317 3542 2562 3597 ediderat
2607 3541 3083 3599 Domnus.Gabriel
3121 3539 3464 3596 Gcrberonius
3495 3558 3609 3595 mo-

2027 3635 2232 3690 nachus
2263 3633 2641 3689 Benedictinus
2669 3648 2701 3688 e
2736 3634 3003 3703 Congreg.
3053 3633 3111 3690 S.
3161 3633 3351 3698 Mauri,
3404 3634 3611 3689 adscite

2028 3728 2245 3783 nomine
2268 3727 2520 3797 Rigberii,
2551 3726 2782 3797 aliquam
2807 3734 3010 3796 partem
3032 3726 3267 3795 Operum
3298 3726 3610 3781 Mercator-is

2028 3837 2095 3878 ex
2126 3820 2313 3876 codice
2341 3820 2601 3875 Vaticano
2630 3819 2955 3887 exscriptam
3011 3819 3260 3887 notisque
3305 3817 3609 3872 lectissimis

2030 3916 2368 3971 instructam.
2399 3912 2503 3968 Sed
2531 3912 2787 3981 quoniam
2816 3909 3060 3966 Garnerii
3101 3908 3267 3964 editio
3295 3909 3364 3963 ob
3392 3908 3625 3963 crebras

2031 4013 2207 4060 textus
2223 4018 2317 4074 per
2338 4005 2507 4075 ipsius
2528 4012 2783 4059 annotata
2810 4002 3269 4072 interpellationes
3292 4000 3409 4055 usui
3433 4000 3609 4055 minus

2029 4095 2332 4162 commoda,
2375 4105 2476 4150 nec
2506 4110 2599 4162 per
2642 4109 2731 4161 ea,
2756 4109 2878 4163 qum
2907 4093 3011 4148 sibi
3057 4092 3111 4147 in
3142 4108 3207 4147 eo
3236 4090 3627 4146 constituendo

2031 4189 2367 4259 permiserat,
2392 4186 2521 4240 satis
2544 4186 2646 4240 fida
2670 4186 3022 4253 judicaretur,
3055 4184 3370 4239 Gerberonii
3407 4191 3608 4247 autem,

2031 4290 2151 4336 utut
2172 4279 2453 4348 praeclara,
2474 4288 2682 4347 partem
2706 4286 2912 4330 tantum
2938 4291 3163 4342 eamque
3192 4278 3435 4345 exiguam
3457 4288 3611 4328 com-

2030 4374 2357 4443 plecteretur
2379 4387 2394 4426 ε
2419 4385 2572 4425 nova
2599 4377 2655 4424 et
2684 4369 2906 4435 integra:
2934 4364 3154 4420 editioni
3182 4380 3396 4419 manum
3426 4364 3612 4418 admo-

2036 4465 2112 4519 vit
2168 4465 2249 4518 vir
2305 4461 2625 4517 immortalis
2676 4458 2953 4514 memoriae
2985 4455 3277 4527 Stephanus
3328 4455 3605 4519 Balusius,

355 4561 457 4619 ret,
493 4568 562 4607 an
594 4552 782 4607 eadem
819 4560 911 4607 aut
943 4553 1046 4605 alia
1075 4563 1344 4609 exstarent
1368 4556 1427 4609 in
1458 4571 1523 4611 eo
1549 4555 1757 4621 codice,
1790 4556 1930 4610 unde
1958 4535 2009 4594 Ῑ)
2034 4556 2220 4611 eadem
2253 4555 2332 4610 vis
2373 4568 2477 4625 qua
2528 4553 2774 4608 Labbeus
2811 4553 2939 4608 olim
2972 4562 3026 4607 et
3050 4550 3368 4615 Garnerius,
3420 4560 3615 4615 nempe

356 4660 452 4700 sua
476 4645 727 4700 hauserat
757 4645 1089 4700 Holstenius.
1117 4644 1267 4712 Quod
1290 4661 1409 4700 cum
1442 4648 1534 4702 ille
1564 4656 1809 4717 prompte
1837 4662 1932 4702 ex-

356 4746 572 4793 secutus
599 4746 767 4805 esset,
798 4752 968 4807 caque
992 4739 1193 4801 omnia,
1228 4752 1346 4807 qua:
1376 4739 1641 4794 contineri
1669 4742 1719 4796 iu
1755 4740 1933 4796 Bello-

358 4830 573 4884 vacensi
614 4829 753 4884 libro
788 4828 1141 4897 significatum
1190 4838 1327 4893 erat,
1386 4829 1439 4883 in
1486 4828 1729 4885 Romano
1769 4832 1931 4886 etiam

357 4922 657 4993 exemplari
680 4920 1159 4991 deprehendisset:
1194 4929 1304 4974 tum
1330 4920 1545 4975 demum
1575 4938 1767 4977 nomen
1797 4922 1935 4977 Mer-

355 5017 554 5070 eatoris
575 5016 760 5069 Romae
788 5014 957 5085 magis
986 5013 1379 5083 percrebuisse,
1410 5014 1681 5084 lectasque
1731 5030 1852 5070 esse
1881 5023 1936 5070 et

356 5105 1190 5161 commendataelucubrationes
1232 5106 1351 5176 ejus
1398 5120 1540 5162 reor.
1585 5110 1663 5162 Ac
1692 5108 1934 5163 Norisius

358 5213 491 5252 sane
519 5211 625 5251 non
655 5196 827 5251 solum
873 5196 1360 5252 Commonitorium
1400 5198 1545 5253 istud
1577 5198 1840 5267 integrum
1870 5216 1934 5253 ex

356 5292 469 5360 ipso
498 5290 675 5345 codice
720 5288 934 5345 laudato
968 5289 1023 5344 in
1071 5290 1491 5346 commentarios
1534 5302 1664 5345 suos
1712 5290 1933 5356 retulit;

431 5473 507 5545 (a)
539 5472 739 5545 Dupiu,
767 5476 854 5527 de:
884 5473 1005 5528 Aut.
1048 5474 1190 5528 Eccl.
1220 5483 1260 5529 ι.
1291 5473 1378 5541 Ill,
1412 5490 1530 5543 pag.
1556 5472 1683 5530 256.
1709 5472 1938 5529 Contra-

365 5541 449 5601 ria'
472 5541 643 5601 sensit
668 5541 969 5616 Garnerius,
1016 5547 1104 5611 qui
1137 5545 1341 5599 hancce
1387 5541 1747 5614 suspiciouem
1792 5546 1939 5598 velut

365 5626 672 5673 nascentem
714 5616 976 5669 destrumt
1028 5617 1360 5685 eosdemque
1415 5617 1579 5670 libros
1630 5619 1779 5668 Sixto
1819 5629 1940 5683 prc-

364 5690 601 5757 sbytero,
626 5686 905 5741 leestini
936 5686 990 5739 in
1020 5687 1258 5741 Romana
1276 5684 1415 5740 sede
1445 5701 1741 5757 successori
1767 5684 1821 5737 in
1848 5700 1940 5757 pe-

370 5752 554 5814 tuliari
575 5757 953 5812 dissertatione
992 5757 1141 5821 (Cap.
1172 5764 1221 5823 t5,
1255 5758 1384 5811 diss.
1409 5758 1441 5812 6
1473 5756 1536 5809 ad
1572 5766 1609 5809 t.
1646 5755 1662 5808 l
1694 5754 1828 5821 Opp.
1858 5752 1934 5807 Μ.

2032 4648 2381 4705 conciliorum
2413 4646 2734 4702 tractatione
2759 4645 2825 4699 ad
2848 4661 2964 4699 eam
2992 4644 3252 4700 deductus
3273 4639 3625 4697 earumdem.»

2035 4755 2139 4811 que
2162 4738 2409 4795 codicum
2441 4745 2494 4793 et
2517 4736 2782 4791 doctrinae
2808 4737 2966 4805 longe
2993 4731 3341 4790 accnratioris
3369 4737 3426 4785 et
3446 4727 3627 4797 magis

2035 4831 2243 4887 diffusae
2274 4829 2539 4900 praesidiis
2569 4837 2811 4883 ornatus.
2847 4825 3053 4881 Prodiit
3081 4826 3170 4879 illa
3201 4821 3419 4878 Parisiis
3457 4818 3613 4883 εδει,

2035 4924 2263 4988 octonis,
2297 4921 2485 4978 eodem
2510 4920 2699 4975 ordine
2728 4919 2932 4983 omnia,
2975 4932 3040 4973 ac
3062 4918 3114 4971 in
3147 4917 3402 4973 Vaticano
3432 4911 3618 4966 codice

2039 5015 2404 5086 reperiuntur,
2435 5026 2750 5080 summaque
2773 5009 2896 5073 iide,
2921 5017 2979 5062 ut
3006 5022 3125 5075 qua:
3152 5008 3279 5060 vitia
3327 5004 3461 5059 adeo
3487 5001 3618 5056 scri-

2044 5118 2213 5177 ptura:
2243 5104 2495 5173 servavit,
2520 5103 2781 5159 exhibens
2803 5111 2855 5156 et
2883 5102 3081 5155 notulis
3101 5098 3307 5154 criticis
3329 5098 3617 5157 instructa;

2041 5201 2391 5269 omniumque
2431 5197 2708 5251 hominum
2751 5194 3033 5249 doctorum
3084 5192 3267 5261 plausu
3314 5188 3412 5243 fuit
3457 5200 3618 5240 exce-

2042 5299 2152 5361 pta.
2188 5290 2317 5344 Eam
2349 5303 2519 5358 nuper
2547 5288 2598 5341 in
2626 5284 2944 5339 Bibliotheca
2986 5283 3102 5339 PP.
3141 5282 3332 5336 Veneta
3356 5276 3620 5335 recudem

2043 5470 2346 5544 Mercatoris
2376 5485 2529 5544 pagg.
2822 5475 3087 5544 assertum
3112 5464 3225 5517 ivit.
3583 5533 3595 5544 .

2113 5541 2191 5613 (ὑ)
2224 5542 2359 5602 lioc,
2389 5535 2537 5613 quod
2558 5541 2624 5613 ab
2656 5540 2808 5591 initio
2848 5535 3263 5613 exconjectura
3305 5549 3333 5585 a
3379 5548 3466 5613 me
3495 5535 3621 5613 seri.

2041 5603 2188 5679 ptuui
2220 5622 2358 5671 erat.
2382 5603 2486 5663 non
2518 5609 2707 5679 falsum
2736 5624 2857 5663 esse
2903 5605 3065 5679 didici
3115 5621 3178 5679 ex
3225 5603 3623 5679 opere_G:a_l_lic«i

2048 5671 2275 5735 Histoire
2326 5680 2573 5734 littéraire
2624 5678 2687 5748 de
2741 5682 2790 5731 Ia
2840 5676 3205 5748 congregatim
3239 5671 3314 5748 Ade
3366 5671 3623 5748 Sagram

2042 5751 2333 5822 (Bruxelles
2360 5752 2517 5817 1770,
2545 5746 2716 5819 iit-4°)
2747 5748 2799 5803 in
2828 5741 3288 5811 VitaWGc'rberonii,
3322 5759 3445 5815 pag.
3470 5741 3572 5796 339
