4014 6188
377 322 451 379 53

961 370 1007 409 ,Ν
1201 323 1266 379 nt
1305 322 1537 380 orans
1576 323 1769 381 suum
1810 306 2256 381 uenenatas
2298 322 2833 381 PBOLEGOMENA.

3580 327 3653 385 55

377 436 773 502 Gracolatinus,
798 434 1049 488 hactenus
1067 435 1141 489 vel
1155 434 1521 507 Chrysostomo
1539 438 1617 491 vel
1644 445 1843 492 Asteria
1868 439 1959 491 tri-
1990 444 2038 502 Α
2066 438 2215 492 Pauli
2264 435 2631 502 Samosateni,
2676 436 2924 503 Ebionis,
2961 435 3171 491 l‘liotini
3210 433 3263 492 ct
3298 438 3556 495 Marcelli.
3579 470 3651 483 —-

378 530 530 585 butus
584 530 676 603 (es
708 540 850 586 tomo
879 528 968 581 V'll
1015 527 1155 597 Opp.
1195 528 1416 585 Joannis
1453 529 1825 603 Cltrysostomi
1870 530 1959 586 ed.

378 623 564 678 Savitii
604 637 723 692 pag.
747 621 879 689 301)
908 637 1025 675 cum
1053 636 1185 675 nova
1211 623 1460 677 versione.
1492 649 1562 663 -
1581 623 1681 676 21°
1710 622 1962 694 Epistolas

379 716 495 769 dum
523 713 756 767 Nestorii
777 714 845 767 ad
871 714 1122 769 Sanctum
1173 713 1509 769 Caelestinum
1536 717 1587 769 in
1613 718 1833 788 gratiam
1864 715 1964 769 Pe-

378 808 727 877 lagianorum,
760 807 949 859 incerto
972 808 1263 876 interprete.
1291 837 1361 846 —
1379 808 1481 863 25°
1520 807 1672 863 Nota:
1690 809 1759 861 ad
1772 818 1966 863 utram-

378 915 476 965 que
496 898 786 967 epistolam.
815 928 887 939 —
914 899 1011 954 26°
1047 898 1300 968 Episola:
1340 900 1583 968 ejusdem
1622 900 1851 955 Nestorii
1897 900 1973 956 ad“

379 987 693 1043 Caelestium
725 989 1093 1057 Pelagianum,
1121 990 1419 1059 interprete
1451 990 1518 1044 Μ.
1548 990 1866 1046 Mercatore.
1894 1019 1967 1032 --
2007 1014 2015 1023 ·

378 1081 483 1134 27⁸
516 1079 670 1133 Nota:
716 1080 783 1135 ad
838 1081 991 1133 istam
1039 1081 1308 1148 epistolam
1354 1080 1449 1150 (a).
1491 1080 1641 1135 ~1n
1668 1081 1966 1150 appendice

381 1172 553 1239 prima
583 1187 596 1222 :
628 1169 730 1224 28°
756 1168 994 1239 Epistola
1025 1172 1285 1224 Anastasii
1325 1172 1394 1224 ad
1428 1170 1687 1225 Joannem
1723 1171 1967 1227 Hieroso-

382 1263 689 1330 lymitanum
719 1278 873 1332 super
914 1263 1120 1315 nomine
1153 1262 1353 1329 lin/ini.
1383 1292 1454 1303 ——
1480 1263 1579 1318 29°
1614 1262 1768 1318 Nota:
1810 1264 1970 1318 histo-

382 1353 506 1406 rice
530 1355 598 1405 ad
628 1352 895 1423 epistolam
939 1353 1219 1407 Anastasii.
1246 1381 1313 1392 —
1354 1354 1451 1410 ὅου
1484 1352 1640 1409 Fides
1685 1354 1864 1421 Ruﬁni
1887 1356 1970 1407 in:

386 1457 604 1510 terprete
635 1444 712 1499 Μ.
744 1445 1052 1499 Mercatore.
1082 1474 1153 1484 —
1176 1444 1272 1498 διο
1300 1444 1454 1499 None
1475 1447 1543 1498 ad
1583 1446 1734 1515 ﬁdem
1767 1446 1966 1515 Ruﬁni.

384 1565 459 1579 -—
481 1537 538 1591 1n
569 1536 803 1591 secunda
827 1538 1151 1606 appendiee:
1176 1537 1277 1592 52°
1302 1536 1705 1593 Dissertationes
1724 1546 1968 1607 septem:

387 1631 582 1700 prima,
619 1631 684 1686 de
710 1631 891 1703 primis
917 1630 1212 1684 auctoribus
1239 1639 1284 1684 et
1313 1631 1586 1702 prwcipuis
1618 1629 1970 1701 defensoribus

393 1726 621 1791 hatresis,
654 1740 825 1795 aurea
862 1723 1080 1794 Pelagio
1107 1739 1286 1777 nomen
1315 1725 1514 1793 accepit
1553 1723 1620 1778 ad
1654 1723 1769 1777 haec
1808 1721 1969 1777 verba

2063 528 2128 586 9°
2156 527 2308 582 Note:
2340 530 2408 583 ad
2436 528 2627 583 hancce
2664 529 3050 595 epistolam.-—-
3073 530 3168 585 10°
3203 531 3430 587 Homilta
3474 532 3656 590 Procli

2064 620 2442 685 Graecolatina,
2473 621 2730 676 adversus
2758 621 3087 686 Nestorium,
3131 623 3458 692 interprete,
3492 636 3545 679 ut
3577 625 3654 681 vi-

2065 712 2242 777 detur,
2271 711 2438 767 Mario
2469 713 2782 768 Mercatore.
2806 744 2876 753 —
2904 716 2995 769 11°
3030 714 3182 769 Nota:
3215 717 3281 769 ad
3306 719 3555 770 eamdem.
3581 747 3657 760 —-

2066 804 2165 858 12°
2193 803 2382 858 Sermo
2406 802 2471 857 ιν
2498 803 2729 858 Nestorii
2749 846 2764 868 ,
2799 805 2886 874 qui
2918 806 3122 874 primus
3148 811 3527 876 extemporalis
3557 810 3652 863 ad-

2064 907 2255 950 versus
2321 894 2592 949 Proclum.
2626 924 2695 935 —
2734 897 2825 950 15°
2876 897 3026 950 Nota?
3066 901 3134 949 ad
3179 901 3427 954 eumdem.
3466 929 3534 941 —
3558 903 3651 957 14°

2066 985 2259 1042 Sermo
2284 985 2345 1053 V,
2367 985 2765 1053 Gmeolat.,de
2792 988 2901 1041 Deo
2929 999 3054 1043 nato
3079 998 3131 1042 et
3160 989 3371 1058 Virgine
3398 994 3649 1063 θεοτόκῳ,

2067 1077 2335 1133 secundus
2383 1075 2638 1131 adversus
2680 1077 3154 1132 Proclum.-—-15°
3187 1079 3379 1134 Sermo
3414 1081 3508 1146 Vl,
3557 1084 3652 1135 ad-

2069 1182 2259 1224 versus
2287 1167 2533 1223 Proclum
2576 1167 2665 1231 1ll,
2698 1168 2765 1223 de
2804 1168 2964 1222 dictis
2998 1168 3256 1239 Epistolas
3294 1171 3538 1241 Apostoli
3584 1172 3657 1226 ad

2069 1259 2347 1315 Hebrmos.
2372 1289 2441 1305 —-
2469 1258 2562 1314 16°
2590 1259 2785 1314 Sermo
2823 1257 2932 1325 γη,
2964 1275 3029 1314 ex
3061 1270 3210 1329 parte
3236 1260 3526 1316 Graecolat.
3560 1263 3656 1317 ad-

2067 1366 2258 1407 versus
2286 1366 2403 1417 eos,
2430 1351 2519 1421 qui
2552 1359 2768 1419 propter
2794 1350 3256 1420 conjunctionetn,
3286 1353 3371 1407 vel
3401 1354 3652 1409 divinita-

2072 1451 2178 1499 tem
2208 1443 2372 1498 Verbi
2401 1442 2744 1506 mortiﬁcant,
2768 1444 2850 1497 vel
2880 1443 3269 1499 humanitatem
3295 1444 3658 1500 deificum.—

2072 1536 2169 1590 1'l°
2201 1533 2358 1588 Nota:
2386 1536 2455 1588 ad
2484 1533 2786 1590 Sermonem
2814 1534 2924 1590 νη.
2954 1564 3016 1576 -
3040 1536 3135 1590 18°
3160 1536 3398 1607 Epistola
3426 1535 3447 1591 1
3471 1537 3526 1594 S.
3550 1538 3657 1609 Cy-

2071 1625 2177 1679 rilli
2210 1625 2275 1679 ad
2296 1625 2598 1680 Nestorium
2620 1625 2929 1692 Grmcolat.,
2946 1627 3244 1697 interprete
3263 1628 3658 1685 Mercatore.—

2075 1715 2174 1771 19°
2211 1715 2367 1770 Nota:
2393 1717 2462 1769 ad
2499 1717 2756 1782 eamdem,
2789 1734 2906 1770 cum
2947 1721 3277 1788 responsione
3318 1719 3564 1776 Nestorii.
3587 1751 3658 1764 —

387 1818 792 1873 Commonitorii
835 1817 887 1872 in
926 1816 1378 1873 Subnotationes:
1416 1815 1638 1882 Quintia
1669 1824 1846 1869 contra
1871 1813 1970 1867 (Ζα-
2002 1822 2045 1882 B
2071 1804 2172 1861 20°
2194 1804 2496 1876 Epistolall
2527 1806 2584 1863 S.
2606 1806 2789 1879 Cyrilli
2821 1809 2888 1862 ad
2916 1808 3551 1879 Nestorium,Gra2colat.
3578 1814 3657 1869 in-

390 1906 634 1961 tholieam
684 1907 858 1976 ﬁdem,
895 1915 1042 1971 etc.;
1074 1905 1331 1974 secunda,
1380 1905 1445 1959 de
1489 1905 1699 1976 synodis
1729 1904 1780 1958 in
1810 1919 1968 1957 causa

390 1999 674 2070 Pelagiana
715 2000 899 2054 habitis
937 1999 1121 2070 viginti
1158 2008 1395 2068 quatuor,
1437 2013 1661 2066 quarum
1717 2007 1971 2065 postnenta

392 2092 661 2163 Ephesiae
682 2093 749 2147 ad
778 2092 871 2146 illa
905 2092 1075 2146 verba
1122 2089 1571 2145 Commonitorii:
1620 2088 1969 2144 Sacerdotali-

392 2184 486 2238 bas
513 2184 763 2247 statutis;
794 2183 972 2249 tertia,
1005 2184 1068 2236 de
1112 2183 1462 2237 sanctionibus
1508 2181 1877 2251 imperatorum
1915 2181 1981 2233 in.

390 2292 549 2329 causa
573 2274 878 2347 Pelagiana,
907 2273 976 2327 ad
1017 2274 1103 2328 illa
1142 2273 1309 2329 verba
1330 2272 1572 2343 ejusdem
1595 2269 1967 2325 Commonito-

392 2366 456 2418 rii
475 2382 488 2415 :
506 2362 865 2435 lmperialibus
886 2364 1155 2434 praceptis
1169 2381 1188 2430 ;
1204 2375 1414 2434 quarta,
1434 2363 1495 2417 de
1512 2360 1971 2431 subscriptionibus

391 2458 679 2530 pontiﬁcali
722 2466 769 2512 et
809 2456 1067 2525 imperiali
1105 2458 1411 2510 auctoritate
1450 2456 1641 2508 exactis
1665 2494 1679 2515 ,
1740 2452 1807 2505 ad
1857 2452 1973 2508 lure

396 2549 556 2604 verba
600 2566 615 2605 :
656 2549 870 2601 Patrum
915 2546 1372 2615 subscriptionibus
1417 2543 1700 2607 roborata;
1744 2542 1968 2611 quinta,

394 2641 460 2691 de
473 2637 658 2692 libellis
674 2639 797 2705 ﬁdei
828 2636 973 2691 editis
995 2637 1059 2689 ab
1082 2634 1379 2690 auctoribus
1398 2642 1449 2688 et
1479 2634 1660 2703 primis
1690 2633 1973 2702 defensori-

392 2732 727 2786 bustueresis
746 2729 1062 2799 Pelagianar,
1093 2727 1165 2782 ad
1191 2727 1307 2782 tunc
1333 2726 1499 2782 verba
1543 2726 1859 2781 Mercatoris
1903 2724 1972 2779 ad

389 2823 661 2879 lulianum
690 2839 706 2875 :
735 2822 883 2874 Audi
917 2836 1054 2873 nunc
1083 2827 1130 2873 et
1162 2827 1241 2889 tu,
1275 2827 1415 2882 etc.;
1460 2828 1635 2882 sexta,
1659 2818 1723 2871 de
1767 2816 1911 2871 libris
1940 2834 1982 2871 σι.

394 2914 747 2983 defensoribus
775 2913 897 2980 ﬁdei
917 2912 1141 2981 scriptis,
1186 2913 1427 2968 adversus
1450 2912 1679 2967 eamdem
1709 2909 1968 2977 haeresim,

394 3007 585 3060 virente
608 3012 788 3059 sancto
813 3004 1122 3076 Aetgttstino,
1155 3003 1244 3058 ubi
1269 3004 1514 3075 apologia
1544 3004 1717 3058 Orosii
1742 3003 1976 3056 vindica-

395 3106 485 3151 tur
506 3106 761 3153 ἀπίοι-εον
787 3099 1034 3152 librorum
1084 3098 1490 3170 ﬂipoguesticé’w
1517 3100 1773 3171 detegitur
1792 3143 1805 3168 ,
1838 3106 1970 3159 ete.,

2074 1906 2244 1967 terpr.
2282 1899 2471 1953 Mario.
2493 1898 2681 1954 —21°
2723 1900 2887 1955 Natta
2913 1901 2982 1954 ad
3021 1902 3269 1958 eamdem.
3289 1932 3362 1943 -
3379 1902 3479 1957 22°
3530 1905 3657 1975 Epi-

2070 1990 2206 2045 Stola
2240 1990 2300 2047 S.
2327 1991 2516 2062 (iyrilli
2540 1992 2605 2045 ad
2627 2006 2755 2047 suos
2783 1993 3162 2062 apocrisiarius
3188 1994 3655 2065 Constantinopoli

2071 2094 2323 2153 agentes,
2354 2084 2646 2140 Graecoiat.
2680 2085 2909 2154 interpr.
2945 2084 3133 2140 Mario.
3158 2086 3347 2142 --23°
3393 2085 3549 2141 Natta
3586 2088 3658 2140 ad

2069 2174 2205 2229 hanc
2248 2177 2544 2243 epistolam,
2576 2192 2691 2246 qua
2726 2175 2877 2248 longe
2911 2176 3108 2230 diversa
3138 2186 3212 2230 est
3252 2178 3314 2230 ab
3349 2194 3419 2230 ea
3446 2194 3559 2245 qua
3602 2179 3657 2232 in

2072 2267 2221 2322 editis
2261 2268 2404 2323 libris
2454 2279 2691 2339 corrupte
2731 2268 3151 2339 legium—21°
3194 2268 3659 2324 Commonitorium

2072 2361 2322 2429 epistola:
2353 2363 2613 2415 insertum
2641 2361 3101 2416 Gra'colat.—25°
3120 2362 3360 2432 Epistula
3386 2362 3432 2417 11
3462 2363 3657 2417 Nesto-

2071 2453 2139 2507 rii
2168 2455 2234 2507 ad
2265 2452 2323 2507 S.
2351 2453 2626 2523 Cyrillum,
2660 2454 2951 2509 Grmcolat.
2986 2454 3216 2524 interpr.
3251 2456 3437 2510 Mario.
3462 2487 3525 2496 —
3549 2456 3656 2511 26°

2074 2545 2227 2600 Nolle
2254 2546 2307 2599 in
2336 2547 2585 2600 eamdem.
2609 2575 2679 2586 --—
2698 2546 2797 2601 2i°
2823 2547 3113 2603 Sermones
3138 2557 3366 2617 quatuor
3391 2549 3648 2617 Nestorii,

2074 2635 2204 2700 Vill,
2225 2637 2316 2703 IX,
2336 2636 2401 2702 Χ,
2432 2636 2524 2707 X1,
2549 2638 3017 2695 Graecum—28°
3046 2641 3283 2710 Epistula
3308 2641 3374 2696 111
3396 2642 3651 2712 synodica

2072 2726 2131 2782 S.
2159 2728 2340 2799 Cyrilli
2367 2729 2432 2783 ad
2462 2729 2791 2796 Nestorium,
2842 2733 3127 2787 continens
3156 2732 3249 2786 Xll
3291 2734 3651 2790 anathemati-

2073 2821 2254 2888 smosf,
2288 2819 2573 2876 Craccolat.
2603 2822 2825 2891 interpr.
2850 2823 3222 2879 Maria—29°
3251 2823 3407 2879 Notae
3446 2828 3515 2880 ad
3541 2831 3651 2896 epi-

2072 2911 2252 2965 stolam
2283 2910 2385 2966 III
2415 2913 2477 2969 S.
2524 2914 2726 2985 Cyrilli.
2748 2945 2819 2954 —
2841 2915 2941 2970 30°
2971 2916 3207 2985 Epistula
3236 2917 3465 2972 Nestorii
3492 2919 3558 2972 ad
3589 2920 3647 2975 S.

2073 3005 2423 3061 Caelestinum
2451 3022 2717 3062 summum
2749 3008 3058 3076 pontificem
3098 3009 3285 3064 Latine
3315 3019 3543 3073 tantum,
3570 3012 3661 3066 in-
3735 3028 3742 3035 ·

2074 3106 2240 3166 terpr.
2290 3098 2477 3153 Mario.
2513 3129 2586 3140 —
2614 3098 2710 3155 31°
2736 3099 2896 3169 Nota:
2921 3101 2989 3153 ad
3015 3102 3283 3169 epistolam
3322 3118 3436 3156 cum
3461 3103 3653 3157 disser-

394 3191 461 3243 ad
493 3190 608 3245 lucc
630 3192 794 3246 verba
821 3208 834 3244 :
870 3191 1098 3247 Sanetus
1130 3191 1453 3262 Augustinus
1480 3190 1691 3246 diversis
1722 3188 1963 3262 tempori-
1991 3183 2037 3247 C
2070 3190 2351 3242 tatiuncule
2395 3190 2458 3244 de
2506 3190 2808 3258 quibusdam
2859 3191 3226 3257 pertinentibus
3271 3193 3340 3245 ad
3378 3194 3653 3247 concilium

394 3283 488 3334 bas
508 3282 736 3337 diuersos
763 3282 991 3336 condidit
1018 3282 1199 3349 libras,
1223 3292 1366 3349 etc.;
1408 3283 1658 3353 septima,
1700 3283 1765 3337 de
1790 3282 1971 3337 heresi

395 3373 717 3440 (intestinae,
761 3375 1025 3445 quomodo
1050 3391 1116 3430 ex
1143 3392 1251 3430 una
1286 3376 1545 3432 sententia
1586 3378 1640 3431 in
1668 3377 1970 3431 immensam

392 3465 539 3530 quasi
588 3467 965 3520 multitudinem
998 3467 1295 3535 excreuerit,
1336 3467 1403 3523 ad
1444 3467 1538 3523 illa
1576 3467 1738 3524 verba
1768 3468 1972 3523 Merca-

394 3559 561 3613 toris:
586 3558 657 3611 ad
674 3574 826 3611 uitam
853 3559 920 3611 im
927 3560 1208 3627 piissimam
1232 3561 1552 3629 sententiam,
1580 3572 1685 3617 etc.

465 3650 764 3705 Possem:
789 3663 920 3705 rans
944 3650 1199 3706 dividitur
1222 3651 1275 3706 in
1303 3652 1456 3707 libros
1477 3662 1714 3720 quatuor,
1741 3667 1969 3723 quorum

391 3750 644 3795 contenta
673 3740 790 3795 hac
827 3750 952 3796 sunt
983 3760 998 3798 :
1029 3742 1099 3796 ab
1120 3742 1275 3799 initio
1311 3752 1399 3800 est
1424 3742 1672 3814 Praefatio
1702 3744 1965 3813 historica,

390 3847 505 3900 qua
526 3842 688 3886 totam
715 3832 768 3885 Ν
773 3835 945 3887 estorii
971 3850 1201 3903 causam,
1234 3844 1287 3891 et
1310 3845 1453 3907 gesta
1475 3836 1538 3891 ab
1566 3837 1731 3909 ipsius
1755 3839 1968 3891 ordina-

392 3925 531 3978 tione
548 3924 620 3977 ad
643 3935 855 3979 mortem
886 3927 1261 3998 complectitur.

460 4015 614 4072 Liber
654 4020 851 4087 pri-sus
890 4020 1130 4073 continet
1161 4036 1174 4072 :
1209 4020 1445 4075 Nestorii
1483 4035 1765 4076 sermones
1806 4020 1965 4091 X111,

389 4109 684 4178 interprete
711 4111 1029 4178 Mercatore,
1067 4125 1187 4166 cum
1219 4127 1325 4167 uno
1357 4112 1563 4178 Procli,
1592 4114 1865 4182 Epistolas
1901 4115 1977 4170 ιιι

389 4215 512 4255 eum
552 4213 782 4270 quatuor
824 4200 998 4255 sancti
1041 4199 1266 4273 Cyrilli,
1315 4204 1626 4258 Mercatoris
1670 4205 1967 4274 Epistolam

389 4307 550 4344 imam
573 4290 641 4345 de
664 4292 894 4347 Nestorii
921 4293 1133 4363 haeresi,
1158 4304 1213 4350 et
1232 4306 1482 4365 excerpta
1505 4312 1535 4351 a
1556 4309 1743 4353 saneto
1764 4299 1983 4370 Cyrillo.

386 4382 443 4436 in
471 4380 740 4450 Operibus
778 4383 1009 4438 Nectarii
1026 4428 1042 4449 ,
1066 4397 1173 4441 etc.
1200 4387 1511 4457 Sequuntur
1536 4400 1715 4444 autem
1747 4391 1848 4444 hoc
1872 4406 1963 4445 or-

386 4472 517 4528 diue
567 4491 582 4528 :
629 4475 691 4528 1°
741 4474 994 4531 Praefatio
1041 4478 1351 4534 Mercatoris
1402 4480 1457 4535 in
1504 4482 1681 4536 varios
1731 4482 1963 4538 Nestorii

2074 3278 2587 3352 Ephesinum.—'52°
2614 3283 2802 3339 Sermo
2831 3282 2924 3339 X11
2954 3283 3183 3339 Nestorii
3216 3286 3429 3340 babitus
3470 3287 3521 3340 in
3552 3287 3650 3340 Ec-

2072 3373 2261 3439 clesia,
2284 3372 2338 3427 in
2362 3389 2460 3444 qua
2490 3373 2694 3430 litteras
2716 3375 2993 3430 leesuni
3024 3376 3247 3431 Romani
3278 3393 3363 3445 ep.
3388 3387 3442 3433 et
3462 3376 3647 3448 Cyrilli

2072 3463 2226 3518 Alex.
2259 3463 2682 3518 denuntiatorias
2727 3466 2933 3533 accepit
2962 3481 3035 3519 vn
3077 3468 3148 3520 id.
3183 3467 3433 3522 Deceml).
3458 3469 3647 3523 -55ο

2073 3556 2231 3612 Nota.-
2247 3557 2316 3611 ad
2335 3558 2580 3612 eamdem.
2599 3557 2779 3612 -54ο
2802 3557 2991 3613 Sermo
3016 3558 3151 3625 X111,
3178 3560 3264 3613 die
3285 3572 3648 3630 consequente

2072 3647 2306 3714 habitus,
2331 3649 2400 3704 de
2427 3648 2649 3705 scientia
2684 3648 2915 3720 pietatis.
2938 3649 3133 3705 -——~35°
3162 3650 3429 3719 Escerpta
3468 3666 3535 3705 ex
3569 3651 3648 3705 di-

2071 3741 2241 3796 versis
2267 3740 2499 3796 Nestorii
2530 3741 2678 3797 libris
2705 3743 2788 3797 vel
2818 3744 3134 3798 tractatibus
3168 3743 3237 3797 ab
3262 3747 3516 3813 episeOpo
3541 3744 3645 3816 Cy-

2069 3832 2197 3887 rillo
2238 3834 2495 3903 capitula,
2543 3833 2766 3904 interpr.
2816 3835 3132 3892 Mercatore.
3156 3866 3224 3876 —
3246 3836 3345 3892 56°
3376 3838 3643 3907 Excerpta

2069 3938 2134 3978 ex
2153 3924 2289 3980 libro
2303 3925 2559 3993 Nestorii,
2577 3926 2710 3982 lecta
2733 3926 2784 3981 in
2803 3927 3033 3982 concilio
3052 3927 3639 3997 Ephesino.Gr:ecolat.

2068 4042 2140 4056 --
2158 4016 2247 4070 57.
2279 4016 2535 4085 Excerpta
2559 4016 2666 4071 alia
2690 4018 2808 4071 hinc
2832 4027 2880 4072 et
2910 4019 3029 4073 hinc
3058 4018 3291 4083 collecta,
3315 4036 3427 4090 qua:
3446 4021 3645 4076 diversa

2067 4117 2187 4161 sunt
2213 4106 2277 4160 ab
2304 4108 2389 4171 iis,
2413 4124 2625 4178 quorum
2654 4110 2866 4164 aliunde
2889 4111 3068 4165 notitia
3094 4110 3324 4164 habetur.

2136 4195 2401 4253 Contenta
2427 4198 2545 4252 libri
2582 4200 2795 4254 secundi
2831 4211 2948 4255 sunt
2983 4219 2995 4253 :
3050 4204 3108 4256 1°
3133 4199 3367 4256 Nestorii
3394 4202 3643 4271 blasphe-

2068 4293 2293 4347 miarum
2319 4292 2549 4363 capitula
2569 4292 2874 4361 duodecim,
2902 4296 3092 4364 quibus
3112 4295 3306 4350 litteris
3330 4297 3396 4350 ad
3424 4312 3485 4351 se
3515 4296 3643 4350 mis-

2066 4385 2140 4439 sis
2170 4400 2198 4438 a
2227 4384 2325 4441 SS.
2357 4385 2648 4441 Caelestino
2681 4386 2936 4441 Romanae
2966 4388 3117 4442 urbis
3145 4391 3421 4458 epise0po,
3455 4397 3511 4444 et
3538 4390 3642 4454 Cy-

2065 4476 2189 4530 rillo
2210 4477 2364 4532 Alex.
2386 4477 2725 4545 contradicit,
2753 4488 2809 4533 et
2831 4479 3284 4547 disputationibus
3304 4480 3642 4536 brevissimis

383 4578 663 4618 sermones
687 4565 756 4620 de
778 4566 1142 4623 incarnatione
1173 4570 1379 4625 Domini
1405 4574 1577 4627 nostri
1592 4574 1718 4630 Iesu
1740 4572 1958 4630 Christi.
1994 4559 2039 4617 ί)
2067 4570 2462 4638 respondellth.
2510 4569 2792 4626 duodecim
2824 4572 3057 4641 capitula
3103 4572 3248 4637 ﬁdei.
3297 4588 3417 4643 quae
3466 4574 3533 4627 ad
3581 4588 3643 4628 se

381 4657 534 4711 —2.°
562 4656 719 4712 Nota
744 4658 813 4712 ad
842 4661 1213 4729 praefationem.
1236 4692 1307 4702 —
1325 4664 1388 4718 5°
1420 4665 1652 4721 Sermol
1680 4666 1829 4737 impii
1858 4668 1965 4724 Ne-

381 4748 534 4801 storii
562 4749 628 4804 de
651 4748 1025 4807 Incarnatione
1059 4753 1253 4818 Verbi,
1283 4770 1376 4809 seu
1405 4757 1475 4812 de
1507 4758 1757 4828 Virginea
1783 4770 1958 4831 partu,

380 4839 467 4907 qui
495 4838 687 4895 Latine
721 4850 928 4897 tantum
964 4843 1208 4898 habetur.
1233 4875 1305 4885 —
1325 4844 1390 4899 1°
1421 4846 1579 4901 Notae
1614 4849 1682 4901 ad
1703 4851 1957 4907 eumdem.

376 4958 451 4973 -
469 4934 535 4988 5°
558 4944 611 4989 et
637 4934 705 4989 6°
724 4934 917 4990 Sermo
948 4936 1011 5001 ll,
1035 4936 1103 4991 de
1126 4936 1397 5007 dogmate,
1428 4952 1523 4995 seu
1558 4946 1880 5015 eeo-poeta,
1908 4954 1962 4998 et

377 5022 467 5088 111,
494 5026 641 5079 velut
668 5027 729 5080 in
743 5026 971 5083 Arianos
984 5038 1037 5083 et
1054 5028 1486 5097 Macedonianos,
1516 5032 1961 5089 Griecolatini.—-

380 5112 445 5168 7°
468 5114 624 5170 Nota
660 5117 729 5169 ad
758 5116 1054 5173 Sermonem
1084 5118 1170 5173 111.
1194 5149 1267 5161 --
1287 5120 1351 5176 8°
1380 5121 1621 5191 Epistola
1647 5123 1717 5177 Μ.
1754 5125 1958 5181 Merca-

380 5207 514 5262 toris
529 5207 599 5263 de
616 5208 923 5264 discrimine
947 5210 1091 5264 inter:
1108 5210 1354 5267 Interesim
1377 5212 1609 5268 Nestorii
1633 5224 1689 5269 et
1707 5215 1957 5286 dogmata

449 5406 528 5484 (a)
554 5408 632 5484 Ita
658 5409 877 5479 quidem
899 5411 1063 5484 series
1089 5421 1461 5484 contentorum
1496 5414 1683 5482 prioris
1712 5416 1872 5484 partis
1900 5415 1954 5471 in

377 5482 689 5547 pra-latione
708 5482 943 5549 generali
968 5497 1088 5549 cap.
1120 5484 1154 5537 5
1174 5500 1200 5535 a
1220 5483 1488 5541 Camerio
1508 5482 1853 5540 describitur.
1886 5486 1957 5540 At

379 5565 506 5624 vero
530 5551 741 5624 re_ip_~a
792 5552 949 5619 longe
991 5554 1256 5607 aliterilla
1301 5569 1419 5610 sese
1453 5554 1635 5615 habet.
1670 5555 1799 5610 Nam
1837 5565 1956 5624 post

376 5621 533 5674 libros
586 5620 1019 5675 Subnotationum
1072 5640 1125 5676 η.
1182 5625 1211 5676 7
1256 5633 1311 5677 et
1365 5625 1396 5678 8
1446 5633 1744 5689 sequuntur
1771 5620 1951 5681 statim

376 5689 623 5758 Epistula
648 5701 749 5745 tres
773 5710 804 5743 a
837 5692 886 5745 Ν
892 5694 1075 5746 estorio
1103 5695 1155 5746 in
1181 5710 1336 5747 causa
1383 5694 1781 5762 Pelagianorum
1824 5700 1953 5749 scri-

384 5772 542 5832 λαμ
582 5778 734 5834 pagg.
775 5763 847 5819 65
874 5764 940 5819 ad
984 5764 1075 5829 η,
1106 5779 1264 5834 porro
1306 5779 1425 5835 pag.
1460 5764 1645 5827 75-91..
1679 5766 1963 5821 Sermones

2066 4665 2241 4733 missa
2273 4662 2504 4730 fuerant,
2538 4662 2787 4719 refellere
2830 4665 3039 4729 nititur,
3082 4679 3209 4719 cum
3260 4665 3582 4720 refutatione
3611 4681 3640 4720 a

2066 4757 2137 4810 Μ.
2172 4756 2486 4810 Mercatore.
2508 4755 2661 4808 —2°
2697 4755 2848 4809 Nota:
2875 4756 2943 4809 ad
2972 4773 3098 4827 opus
3120 4766 3284 4810 totum
3317 4756 3641 4811 Hercaton's.

2063 4879 2134 4890 —
2155 4852 2220 4905 5°
2248 4848 2526 4918 Expositio
2569 4850 3167 4916 anathematismorum,
3200 4864 3321 4920 quae
3364 4852 3643 4919 responsio

2063 4943 2121 4997 S.
2152 4941 2336 5012 Cyrilli
2368 4940 2433 4995 ad
2464 4940 2794 5011 objectiones
2823 4941 3037 4995 nomine
3077 4941 3433 4995 Orientalium
3473 4941 3643 4995 iactas

2063 5035 2134 5089 ab
2174 5034 2386 5089 Andrea
2431 5034 2806 5095 Samosateno,
2852 5032 3075 5101 interpr.
3127 5033 3195 5085 Μ.
3232 5033 3650 5088 Mercatore.—

2062 5125 2129 5182 b'
2155 5124 2309 5180 Notas
2335 5124 2402 5178 ad
2427 5126 2679 5179 eamdem.
2701 5152 2772 5164 —
2792 5124 2853 5178 3°
2878 5122 3158 5192 Expositio
3184 5123 3227 5177 1|
3256 5122 3645 5177 anatltematis-

2063 5233 2295 5283 morum,
2325 5232 2445 5287 qua:
2474 5216 2753 5285 responsio
2782 5216 2839 5271 S.
2871 5215 3060 5286 Cyrilli
3091 5216 3157 5268 ad
3189 5213 3648 5285 reprehensiones

2059 5415 2144 5470 IV
2186 5414 2415 5471 Nestorii
2464 5429 2584 5469 cum
2634 5417 2933 5479 prtefatione
2974 5415 3299 5475 Hercatoris.
3346 5413 3397 5468 id
3430 5420 3533 5477 est,
3574 5431 3636 5469 ea

2059 5487 2562 5568 omujaqutﬁtmm.
2608 5485 3194 5568 15:25nt'ecensent't‘tr.
3243 5486 3376 5568 Turn
3410 5484 3641 5568 denique

2057 5554 2295 5629 prwfatio
2344 5555 2647 5629 Mercatoris
2677 5558 2729 5608 in
2766 5556 3065 5627 Symbolum
3094 5556 3344 5629 Theodori
3368 5569 3488 5609 cum
3527 5554 3647 5615 Etr-~

2057 5626 2242 5699 cerptis
2272 5642 2335 5681 ea:
2362 5627 2504 5680 libris
2539 5626 2791 5679 Theodori
2836 5635 3156 5699 sequuntur.
3202 5627 3446 5699 adeoque
3486 5641 3637 5687 num.

2056 5698 2187 5755 8-12
2214 5708 2454 5753 extrema
2483 5709 2762 5768 occupant.
