4020 6192
221 383 293 438 57
1014 371 1530 432 SClleNEMANNI
1570 370 1769 426 NUTI'I
1780 370 1840 425 IA

1950 369 2718 429 bTOlllCO—LITTERARI'A.
3446 379 3523 433 ὄπ

220 494 598 561 Theodoreti,
638 490 874 561 interpr.
906 488 974 544 Μ.
1018 490 1333 544 Mercatore.
1359 484 1506 541 —6°
1559 485 1714 538 Νοιω
1757 483 1826 535 ad
1853 492 1900 543 Α
1932 485 2131 538 catoris
2181 497 2554 555 avgumcntum
2584 502 2611 538 a
2644 486 2905 541 Garncrio
2955 489 3025 545 sit
3062 490 3362 556 excultum;
3411 506 3519 561 quo

226 590 624 659 responsionem
656 582 740 638 11.
762 614 832 624 -
854 585 915 637 7°
949 582 1164 639 Scholia
1194 582 1250 638 S.
1282 578 1466 650 Cyrilli
1494 578 1559 632 de
1591 578 1828 631 incarna-

231 684 388 737 tione
423 679 697 750 Unigeniti
741 678 973 746 integra,
1013 683 1131 745 qum
1167 683 1320 728 antea
1354 670 1663 740 imperfecta
1694 668 1825 723 ede-

230 775 471 838 bantur,
517 774 748 840 interpr.
793 768 967 823 Mario
1019 767 1331 821 Mercatore.
1356 793 1428 803 -τ-
1450 762 1513 817 8°
1562 760 1715 815 Nota:
1762 760 1829 813 ad

229 866 553 922 scholiorum
596 862 768 930 capita
802 860 1055 931 quaedam.

305 958 369 1013 In
393 959 522 1010 libro
552 955 703 1008 tertio
745 953 1136 1007 continentur:
1177 949 1232 1001 ιο
1279 945 1542 1013 Excerpta
1582 958 1647 996 ex
1679 941 1831 995 libris

230 1048 517 1104 Theodori
565 1042 925 1113 Mopsuesteni
976 1041 1039 1094 de
1083 1037 1458 1103 [incarnatione
1508 1033 1701 1096 Verbi,
1755 1033 1826 1087 Μ.

234 1141 541 1196 Mercatore
572 1138 796 1202 interpr.
820 1162 891 1173 —
908 1132 972 1185 2°
996 1129 1145 1184 Noto:
1170 1129 1239 1181 ad
1263 1127 1611 1196 Excerpta.—
1631 1124 1693 1178 3°
1715 1122 1833 1177 Col-

234 1233 475 1283 lectanea
519 1243 584 1280 ea:
613 1224 823 1278 diversis
864 1221 1092 1293 ejusdem
1126 1217 1386 1271 Theodori
1430 1215 1687 1286 operibus,
1720 1228 1833 1282 quae

235 1326 498 1378 habentur
521 1325 574 1375 in
605 1321 782 1388 quinta
812 1316 1033 1385 synodo,
1072 1314 1212 1382 apud
1252 1309 1561 1363 Facundum
1591 1305 1832 1361 Hermia-

244 1430 462 1468 nensem
503 1422 550 1465 et
588 1410 848 1463 Leontium
880 1406 1278 1468 Schotasticum,
1311 1401 1540 1470 aliosque
1577 1406 1827 1463 auctores,

238 1507 395 1559 utilia
432 1505 502 1556 ad
547 1504 779 1555 Ita'resim
829 1498 1195 1553 Nestorianam
1239 1492 1737 1562 intelligendam.-—
1766 1489 1830 1544 4ο

239 1598 515 1663 Excerpta
546 1610 614 1649 ex
644 1594 796 1649 libris
824 1592 1081 1661 quinque,
1116 1602 1251 1658 quos
1285 1586 1543 1639 adversus
1586 1590 1831 1636 sanctum

239 1688 531 1759 Cyrillum,
580 1694 929 1752 sanctumque
959 1678 1241 1735 concilium
1277 1675 1603 1744 Ephesinum
1652 1672 1833 1726 Theo-

242 1780 468 1834 doretus
487 1775 829 1843 conscripsit,
860 1775 1082 1837 interpr.
1108 1770 1177 1824 Μ.
1203 1767 1525 1822 Mercatore.
1544 1765 1691 1818 -5ο
1717 1762 1833 1815 Νο-

244 1884 310 1924 te
348 1870 420 1922 ad
453 1868 710 1937 Excerpta
738 1864 974 1934 singulis,
1002 1861 1165 1915 sicubi
1205 1875 1331 1931 opus
1360 1858 1477 1928 fuit,
1523 1856 1834 1924 adjecta.—

243 1963 307 2017 6“
354 1960 603 2029 Epistola
646 1957 969 2013 Theodoreti
999 1954 1063 2009 ad
1103 1953 1428 2015 Nestorium,
1476 1950 1702 2017 interpr.
1756 1946 1826 2000 Μ.

248 2055 569 2109 Mercatore.
599 2052 753 2103 —7°
805 2047 963 2102 Notae
1003 2046 1069 2099 ad
1112 2042 1541 2099 eamdem—8°
1592 2038 1831 2105 Epistula

251 2147 486 2215 ejusdem
512 2146 568 2198 in
593 2142 828 2197 favorem
853 2137 1287 2195 Nestorianorum
1312 2129 1831 2199 ConstantinOpolim

248 2240 542 2303 destinata,
575 2236 764 2291 eodem
795 2234 1198 2301 interprete.-—
1218 2228 1280 2284 9°
1321 2227 1476 2281 Notae
1501 2228 1554 2279 in
1583 2227 1831 2277 eamdem.

247 2361 317 2372 —
340 2332 439 2384 10°
468 2328 707 2397 Epistula
745 2325 985 2395 ejusdem
1027 2323 1089 2375 ad
1122 2319 1390 2374 Andream
1422 2317 1832 2371 Samosatenum

249 2426 595 2491 episcopum,
650 2419 878 2486 interpr.
940 2408 1468 2469 Mercatore—11°
1516 2406 1835 2472 Fragmenta

250 2516 477 2569 duarum
525 2512 875 2580 epistularum
912 2506 1242 2561 Theodoreti
1290 2502 1355 2555 ad
1400 2501 1696 2553 llitnerium
1744 2512 1831 2563 ep.

252 2604 604 2665 Nicomediae,
634 2602 857 2667 interpr.
894 2597 1079 2651 Mario.
1106 2624 1176 2635 ——
1198 2594 1293 2649 12°
1327 2591 1478 2645 Nota:
1505 2589 1574 2642 ad
1596 2586 1838 2656 epistolas

257 2698 628 2769 prudentes.
651 2723 720 2733 —
749 2695 839 2747 15°
872 2691 1253 2757 Fragmentum
1295 2682 1561 2737 sermonis
1598 2696 1626 2733 a
1664 2679 1839 2731 Theo-

252 2792 446 2842 doreto
487 2786 652 2839 habiti
684 2799 864 2838 coram
892 2783 1095 2835 Dotnno
1139 2779 1468 2830 Antioclieno
1493 2781 1611 2841 post
1635 2771 1837 2824 obitum

249 2882 309 2936 S.
348 2881 564 2951 Cyrilli,
594 2879 818 2946 interpr.
871 2875 1059 2929 Mario.
1085 2870 1276 2924 -140
1309 2867 1687 2935 Fragmentum
1727 2877 1841 2915 ser—

254 2972 431 3024 monis
474 2971 545 3021 ah
574 2967 827 3021 Eutherio
856 2964 1021 3017 habiti
1053 2962 1311 3013 adversus
1338 2958 1395 3012 S.
1425 2955 1706 3026 Cyrillum,
1754 2954 1839 3005 in-

258 3072 428 3129 terpr.
477 3059 792 3113 Mercatore.
823 3056 1013 3109 -150
1069 3051 1338 3105 Refutatio
1380 3044 1789 3101 Nestorianisuti
1822 3082 1839 3109 ,

259 3152 558 3209 (ἴε-προίει.
590 3158 646 3203 et
668 3150 911 3218 epilogus
943 3146 1116 3200 Marii.

1934 576 2131 629 meruit
2159 590 2309 640 sane,
2341 579 2483 645 quod
2529 580 2695 648 pluris
2744 595 2957 649 semper
2984 584 3121 652 apud
3151 584 3389 639 eruditos
3421 584 3520 638 ho-

1933 668 2105 724 mines
2154 667 2234 722 hae
2273 668 2390 739 ejus
2420 671 2817 726 lucubrationes
2862 674 2967 727 sint
3001 676 3297 742 :estimatze,
3333 691 3520 745 quam-

1934 775 2118 829 quam,
2149 761 2291 830 quod
2340 762 2508 831 ipsam
2543 764 2853 818 Mercator-is
2888 766 3171 821 [eetionem
3214 769 3426 833 attinet,
3459 778 3523 823 ut

1933 863 1989 907 et
2027 854 2257 908 aliorum
2290 855 2667 926 quorumdam,
2698 872 2816 925 quae
2864 858 2980 927 ipse
3020 860 3348 926 interseruit,
3381 879 3515 930 opu-

1932 945 2241 1010 sculorum;
2290 962 2389 1001 nec
2418 963 2545 1008 non,
2577 948 2719 1017 quod
2751 949 2958 1019 singula
3005 950 3103 1003 ista
3149 952 3403 1020 opuscula
3449 968 3519 1007 ex

1932 1048 2033 1089 suo
2062 1036 2218 1091 unius
2242 1037 2466 1092 arbitrio
2489 1038 2807 1094 dilaceravit
2830 1040 3019 1110 magis,
3051 1056 3208 1109 quam
3232 1041 3515 1110 disposuit,

1934 1137 2139 1184 tantum
2181 1130 2370 1198 abfuit,
2404 1142 2461 1185 ut
2495 1132 2726 1186 aliorum
2754 1147 3033 1188 assensum
3071 1142 3531 1203 consequeretur;

1934 1230 1991 1274 ut
2029 1220 2204 1290 patius
2238 1236 2266 1275 a
2299 1221 2613 1277 doctissimo
2656 1237 2870 1292 quoque
2915 1224 2966 1276 in
3005 1222 3106 1277 hoc
3151 1238 3351 1292 genere
3398 1223 3521 1277 viro

1932 1326 2150 1382 gravem
2215 1313 2662 1382 vituperationem
2721 1312 2947 1368 subierit
2991 1312 3112 1384 (lt).
3165 1312 3275 1367 Nec
3321 1312 3517 1380 injuria

1936 1401 2196 1470 conqueri
2244 1410 2415 1471 putes,
2461 1403 2551 1472 qui
2596 1403 2831 1456 animum
2876 1404 2928 1457 in
2974 1404 3255 1458 lmresium
3305 1404 3519 1458 illarum

1932 1502 2179 1549 auctores
2201 1493 2581 1549 defensoresve
2603 1495 2759 1549 nimis
2777 1495 3036 1549 odensum
3058 1496 3106 1549 ei
3128 1495 3524 1565 exprobrarunt

1934 1602 2038 1657 quo
2085 1585 2304 1642 nomine
2334 1587 2596 1657 imprimis
2624 1587 2854 1642 videnda
2884 1597 3028 1655 sunt,
3075 1604 3195 1657 quae
3240 1588 3305 1642 ad
3337 1587 3516 1643 Theo.-

1934 1678 2178 1733 doretum
2210 1679 2277 1732 ab
2304 1678 2501 1748 iniquis
2543 1679 2659 1749 ejus
2686 1679 3107 1735 incusationibus
3134 1679 3515 1735 vindicandum

1934 1772 2015 1826 vir
2042 1772 2099 1826 S.
2133 1770 2198 1825 R.
2232 1769 2460 1826 Joannes
2490 1771 2779 1827 Ludovicus
2810 1772 3050 1837 Schulze,
3097 1772 3385 1827 academia:
3413 1773 3519 1824 lla-

1865 1847 1910 1906 Β
1940 1864 2104 1919 lensis
2133 1872 2533 1925 ornamentum.
2566 1863 2616 1916 in
2649 1862 3022 1917 dissertatione
3049 1862 3113 1916 de
3153 1861 3267 1915 Vita
3294 1872 3338 1915 et
3371 1860 3519 1916 Scri-
3561 1892 3573 1899 -

1935 1955 2033 2024 ptis
2082 1953 2387 2007 Theodoreti
2437 1954 2711 2022 praemissa
2744 1963 2888 2006 tomo
2918 1952 2938 2007 Ι
2968 1952 3053 2007 ed.
3104 1967 3254 2006 novae
3282 1950 3517 2019 Operam

1938 2045 2080 2099 illius
2114 2044 2356 2114 protulit,
2398 2044 2450 2098 in
2486 2058 2588 2113 qua
2620 2053 2728 2096 tota
2777 2043 2889 2098 fere
2919 2043 3031 2096 haec
3063 2058 3244 2111 operte
3275 2041 3521 2095 Garnerii

1940 2151 2084 2205 pars,
2115 2150 2232 2203 qua:
2259 2135 2491 2188 Nestorii
2521 2146 2681 2200 atque
2707 2131 3031 2185 Theodoreti
3058 2146 3272 2185 causam
3298 2145 3523 2185 concer-

1942 2228 2039 2291 nit,
2073 2228 2216 2280 velut
2242 2224 2309 2278 ad
2342 2225 2621 2278 obrussam
2656 2222 2905 2291 exigitur.
2952 2221 3217 2275 Ca‘tcrum
3250 2220 3303 2273 in
3334 2219 3525 2288 prtefa-

1941 2321 2072 2373 tione
2117 2318 2341 2389 generali
2390 2317 2682 2371 Garnetius
2713 2332 2826 2385 cap.
2861 2316 2934 2380 1,
2962 2313 3027 2368 de
3077 2314 3150 2367 Μ.
3200 2313 3521 2378 Mercatore,

1940 2413 2055 2479 ejus
2080 2416 2260 2473 aetate,
2290 2418 2431 2476 ortu,
2463 2408 2600 2469 loco,
2632 2406 2847 2476 ingenio
2874 2417 2925 2459 et
2947 2404 3293 2468 auctoritate;
3327 2420 3441 2470 cap.
3465 2403 3523 2467 ‘2,

1940 2503 2008 2559 de
2037 2503 2289 2570 oneribus
2317 2502 2470 2569 ejus;
2504 2517 2619 2569 cap.
2651 2500 2706 2562 '5,
2738 2499 2804 2553 de
2830 2514 2895 2553 eo
2923 2498 3061 2566 quod
3092 2497 3206 2565 ipse
3237 2496 3528 2549 contulerit

1940 2597 2007 2649 ad
2035 2595 2323 2649 editionem
2352 2608 2573 2661 onerum
2615 2592 2729 2661 ejus
2770 2590 3025 2660 exponit;
3077 2605 3193 2656 cap.
3227 2588 3260 2641 4
3307 2586 3526 2639 exhibet

1942 2685 2213 2755 specimen
2271 2700 2477 2748 eorum,
2528 2698 2645 2753 qum
2694 2681 2917 2749 primum
2958 2696 3022 2732 ex
3075 2680 3327 2746 Operibus
3376 2676 3527 2729 Marii

1942 2776 2251 2831 Mercatoris
2283 2774 2630 2829 innotnetiut.
2666 2772 2795 2838 Cap.
2828 2772 2860 2825 5
2899 2770 3097 2825 indicat
3131 2768 3399 2838 quomodo
3431 2768 3532 2835 pri-

1945 2887 2086 2924 mum
2119 2871 2171 2923 in
2207 2884 2397 2922 manus
2441 2882 2566 2920 suas
2597 2864 2907 2919 Mercatoris
2952 2877 3111 2931 Opera
3158 2859 3527 2930 pervenerint.

1943 2961 2283 3029 Nuueupavit
2312 2975 2444 3026 opus
2475 2957 2870 3011 Bvlfovacensis
2900 2954 3154 3009 Ecclesia:
3178 2952 3407 3013 decano,
3440 2965 3530 3003 ca-

1948 3056 2155 3108 nonicis
2187 3063 2239 3107 ct
2269 3052 2524 3121 capitulo,
2572 3049 2799 3119 epistola
2831 3049 2950 3101 data
2998 3046 3118 3098 ιω.
3165 3043 3336 3097 Paris.
3388 3056 3529 3095 sexto

1946 3147 2061 3201 idus
2082 3144 2342 3206 Januarii,
2368 3143 2456 3213 qui
2482 3141 2774 3213 triumphus
2806 3140 2866 3193 S.
2895 3137 3109 3191 Luciani
3140 3135 3531 3189 Bellovacorum

327 3245 489 3299 Libro
534 3252 716 3313 quarto
747 3217 977 3308 denique
1022 3239 1224 3301 insunt,
1275 3232 1672 3287 Dissertatioues
1702 3228 1839 3296 date,
1872 3217 1917 3278 C
1949 3239 2170 3308 αροειοιί
2198 3253 2247 3292 α,
2282 3238 2439 3291 1575,

260 3339 463 3408 prima,
496 3336 562 3388 de
593 3333 821 3387 Nestorii
851 3331 1030 3384 Itwresi
1067 3328 1285 3397 aliisque
1314 3326 1598 3389 erroribus,
1630 3336 1845 3391 quorum

261 3429 471 3481 nomine
498 3437 763 3492 suspectus
797 3440 905 3476 esse
932 3429 1114 3493 potest,
1163 3420 1325 3488 deque
1354 3417 1496 3469 libris
1542 3430 1633 3482 pro
1664 3410 1843 3465 Ita’resi

258 3521 323 3571 ab
351 3520 469 3585 ipso
499 3516 732 3583 scriptis;
758 3513 1011 3574 secunda,
1044 3510 1107 3563 de
1134 3509 1342 3578 synodis
1366 3508 1417 3559 in
1439 3520 1596 3558 causa
1618 3502 1669 3555 Ν
1675 3500 1847 3555 estorii

258 3612 453 3665 coactis
481 3628 516 3662 a
545 3620 764 3678 tempore
794 3615 1048 3658 motarum
1079 3601 1345 3655 turbarum
1385 3597 1454 3650 ad
1486 3613 1661 3663 pacem
1689 3611 1848 3663 usque

259 3705 640 3759 Ecclesiarum.
668 3701 962 3756 Additurus
984 3706 1100 3750 erat
1138 3694 1371 3755 tertiam,
1404 3692 1465 3744 de
1505 3690 1679 3753 libris,
1723 3705 1848 3756 quos

260 3798 387 3866 ﬁdei
430 3797 719 3864 defensores
749 3791 1040 3853 ediderunt,
1087 3787 1262 3840 eodem
1310 3794 1561 3855 tempore,
1611 3782 1849 3833 adversus

263 3889 634 3943 Nestorianam
661 3883 917 3948 heresim,
949 3893 1069 3949 quae
1094 3892 1280 3933 revera
1305 3877 1357 3930 in
1382 3875 1610 3929 elencho
1631 3880 1847 3927 conten-

262 3990 445 4034 tarum
476 3987 563 4031 est
589 3974 871 4045 promissa.
906 3972 1154 4025 Attamen
1183 3984 1251 4023 ne
1280 3968 1477 4022 molem
1510 3964 1668 4034 hujus
1693 3964 1849 4016 volu-

264 4070 450 4132 minis,
478 4066 750 4136 quodjam
779 4064 910 4119 satis
956 4061 1240 4116 videbatur
1268 4059 1593 4121 excrevisse,
1630 4055 1850 4124 prolixi-

265 4169 378 4215 tate
400 4174 495 4213 sua
523 4159 573 4212 in
596 4157 766 4224 majus
796 4164 1037 4224 augeret,
1064 4166 1291 4221 cumque
1315 4159 1369 4205 et
1392 4149 1501 4219 ipsa
1533 4161 1852 4202 monumen-

267 4253 337 4306 tis
359 4251 582 4320 aliquot,
602 4263 723 4318 quae
738 4245 953 4301 aliunde
976 4243 1341 4313 exspectabat,
1360 4240 1595 4294 debebat
1616 4238 1851 4306 locuple-

264 4342 390 4404 tari,
406 4340 461 4394 in
482 4338 733 4408 prasenti
750 4332 1452 4402 omittendam,etquoniam
1477 4337 1849 4398 argumentum

266 4432 500 4486 haberet
524 4439 809 4500 cognatum
840 4427 911 4491 ei,
944 4426 1083 4495 quod
1112 4424 1253 4478 inter
1279 4420 1581 4477 censendos
1608 4418 1853 4473 Theodo-

266 4525 367 4578 reti
412 4522 581 4576 libros
628 4520 845 4574 tractari
884 4525 1182 4586 oporteret,
1211 4514 1277 4567 ad
1306 4512 1639 4567 auctuarium
1666 4509 1847 4564 Theo-

2018 3328 2174 3383 1675.
2217 3326 2455 3391 Patavii;
2486 3323 2662 3394 in-fol.
2696 3322 2848 3377 Marii
2880 3318 3192 3374 Mercatoris
3218 3316 3528 3370 Commoni-

1951 3424 2143 3477 torium
2175 3430 2366 3474 contra
2412 3418 2728 3487 Pelagianos
2757 3414 2934 3486 (quod
2982 3427 3145 3480 supra
3188 3410 3335 3463 audit
3378 3423 3532 3475 super

1948 3515 2151 3567 nomine
2183 3510 2474 3579 Caelestii);
2511 3510 2562 3562 in
2603 3507 2822 3561 Henrici
2857 3505 3059 3559 Norisii
3107 3502 3340 3557 Historia
3376 3499 3533 3551 Pela-

1946 3606 2120 3675 giana,
2171 3618 2290 3670 ante
2330 3602 2555 3669 primum
2591 3600 2644 3652 Ιι.
2678 3615 2728 3652 a.
2772 3608 2825 3651 et
2875 3598 2993 3650 loco
3022 3594 3241 3665 prodiit,
3293 3591 3447 3643 Libro
3498 3604 3534 3643 ll

1949 3712 2064 3767 cap.
2097 3697 2149 3749 6.
2197 3696 2250 3749 In
2297 3692 2612 3760 exemplari,
2664 3691 2805 3759 quod
2853 3690 2905 3743 in
2948 3690 3102 3742 titulo
3147 3684 3536 3752 dicitur‘juxta

1950 3787 2209 3858 exemplar
2253 3784 2563 3837 Patauinum
2608 3797 2854 3835 recusum
2905 3795 3060 3849 pagg.
3120 3776 3341 3832 liii-28.
3383 3775 3534 3831 Adda

1950 3883 2120 3947 Opera
2156 3878 2353 3931 Norisii
2379 3876 2518 3929 edita
2550 3890 2577 3927 a
2603 3873 2903 3928 Balleriniis
2933 3888 2984 3925 a.
3020 3870 3179 3933 1729,
3208 3879 3352 3922 tomo
3380 3868 3416 3920 Ι.
3455 3866 3537 3919 Ab

1952 3973 2228 4030 Holstenio
2257 3970 2455 4039 pariter
2483 3968 2756 4037 accepisse
2796 3982 2861 4035 se
2893 3965 3128 4018 affirmat
3174 3960 3323 4015 Marii
3371 3960 3538 4012 hocce

1951 4069 2263 4135 opusculum
2294 4078 2324 4116 e
2347 4061 2605 4115 Vaticano
2654 4060 2839 4112 codice
2869 4056 3218 4120 descriptum.

2026 4155 2182 4208 16⁵17.
2216 4152 2483 4221 Lugduni,
2513 4151 2648 4222 apud
2678 4149 3007 4210 Anissonios;
3040 4144 3214 4211 iri-fol.
3269 4145 3397 4193 Acta
3426 4138 3537 4190 Ma-

1953 4247 2015 4300 rii
2051 4244 2381 4311 Mercatoris.
2413 4251 2542 4303 etc.,
2577 4255 2694 4292 cum
2723 4237 2866 4291 natis
2896 4233 3169 4303 Righerii;
3203 4232 3255 4285 in
3287 4227 3534 4283 Biblioth.

1955 4336 2101 4390 Max.
2134 4334 2250 4388 PP.
2289 4341 2418 4387 tom.
2445 4329 2657 4393 XXVII,
2685 4343 2836 4397 pagg.
2869 4325 2971 4380 129
3009 4325 3130 4378 175.

2028 4426 2185 4481 1684.
2231 4423 2475 4487 Parisiis,
2507 4420 2645 4491 apud
2675 4418 2867 4482 Fraac.
2902 4417 3139 4486 Muguet,
3178 4414 3315 4485 regis
3344 4421 3393 4465 et
3419 4411 3538 4465 illu-

1952 4519 2118 4573 striss.
2149 4514 2450 4584 archicpisc.
2491 4511 2664 4565 Paris.
2687 4519 2927 4582 typogr.;
2958 4509 3125 4563 iit-8°.
3158 4508 3306 4562 Marii
3335 4506 3539 4561 Merca-

266 4616 439 4670 doreti
471 4614 573 4685 (a)
600 4614 776 4683 potius
805 4578 1179 4665 differendam
1202 4605 1431 4661 censuit.
1473 4603 1547 4656 Ex
1595 4601 1696 4654 hac
1723 4615 1840 4655 con.

1957 4610 2089 4665 toris
2115 4622 2298 4675 opera.
2324 4578 2648 4660 'STEPBANUS
2675 4578 2937 4658 B-AVLUVZIUS
2971 4602 3251 4655 Tutelensis
3283 4599 3345 4651 ad
3378 4598 3536 4651 fidem

268 4722 541 4767 tentarunt
567 4708 743 4763 tabula
774 4720 932 4761 nemo
958 4718 1062 4757 non
1091 4702 1390 4770 intelligere
1419 4704 1614 4766 potest,
1643 4702 1846 4763 quanto

265 4805 472 4869 studio,
506 4812 810 4873 quantaque
838 4797 1082 4853 doctrina
1109 4803 1399 4862 utrumque
1441 4799 1679 4844 actorum
1706 4787 1841 4842 Mer-

339 4919 439 4987 (a)
477 4917 683 4987 Prodiit
714 4915 841 4970 illud
869 4912 1020 4987 titulo
1052 4909 1180 4987 tomi
1215 4910 1254 4961 V
1294 4908 1518 4987 Operam
1550 4903 1853 4987 Theodgreti

268 5008 301 5044 ο
323 4975 609 5053 ﬁrmando
631 4986 805 5040 Paris.
841 4983 979 5039 1642
1006 4984 1295 5053 editorum,
1330 4975 1446 5044 ipso
1479 4992 1689 5053 qttpgue
1716 4975 1853 5053 Gar-

269 5064 418 5114 nerio
446 5050 557 5126 jam
590 5057 844 5111 defuncto
874 5054 1088 5107 Lutetite
1111 5051 1437 5126 Parisiorum
1472 5045 1847 5126 1684,_iu-{ol.

265 5131 360 5184 sed
388 5117 490 5183 nec
518 5128 635 5183 vola
663 5141 765 5183 nec
796 5126 1079 5194 vestigium
1110 5122 1270 5191 hujus
1295 5117 1687 5174 dissertationis
1710 5118 1763 5171 in
1786 5132 1850 5172 eo

267 5208 509 5253 JDDII‘PL

302 5217 555 5340 ρῗῖςρῖε
588 5266 969 5340 pereGarnier
1000 5261 1348 5340 (fillemontii
1375 5266 1457 5340 est
1482 5257 1760 5340 judicium,
1794 5257 1847 5340 in

271 5329 431 5396 Hem:
468 5329 664 5393 Eccles.
692 5338 755 5392 Τ.
787 5336 903 5399 XV.
930 5351 964 5404 p
1009 5329 1148 5402 H2)
1176 5348 1203 5383 δ
1236 5332 1358 5385 don;
1383 5329 1414 5384 é
1439 5345 1504 5381 an
1537 5330 1715 5404 public
1739 5338 1854 5404 t_out

268 5427 331 5467 ce
363 5411 492 5479 qn'il
518 5425 587 5464 en
616 5424 644 5462 a
677 5426 748 5477 pu
777 5399 996 5461 trouver
1036 5399 1170 5479 dans
1200 5419 1278 5479 _un
1309 5402 1601 5479 titanuscrit
1638 5402 1707 5452 du
1750 5399 1853 5479 γει-

272 5469 411 5537 tican
465 5490 518 5534 et
571 5469 703 5534 dans
747 5495 815 5532 un
870 5483 1023 5529 autre
1057 5475 1126 5528 du
1167 5472 1407 5539 chapitre
1453 5472 1520 5523 de
1558 5469 1850 5535 Beauvais,

270 5552 393 5620 qu’il
443 5550 635 5605 estime
676 5550 954 5620 beaucoup
988 5548 1109 5620 plu;
1147 5542 1521 5620 qutml‘autre“:
1554 5551 1605 5594 et
1642 5540 1784 5620 il__|es
1822 5555 1851 5595 a

272 5609 369 5678 niis
402 5624 541 5676 dans
572 5621 763 5675 l'ordre
800 5618 892 5689 qui
921 5609 1007 5689 lui
1030 5633 1057 5669 a
1102 5609 1230 5689 para
1272 5613 1319 5666 le
1367 5611 1636 5689 meilleur.
1678 5609 1792 5689 lliy
1821 5626 1849 5662 a

271 5692 684 5761 jointquelques
703 5680 884 5761 antres
914 5685 1089 5755 piéces
1104 5680 1207 5753 qui
1222 5699 1284 5761 se
1304 5690 1427 5761 sunt
1450 5680 1696 5761 trouvées
1716 5682 1849 5734 dans

274 5752 347 5816 ira
376 5752 584 5818 niémes
610 5752 961 5827 manuscrits,
988 5767 1039 5811 ct
1068 5771 1098 5826 y
1130 5752 1155 5805 ει
1185 5752 1366 5822 ajouté
1398 5770 1476 5827 uu_
1499 5756 1846 5827 graminum-

275 5834 365 5897 ωε
394 5838 462 5890 de
483 5826 636 5893 notes
663 5842 717 5889 et
744 5832 811 5888 de
839 5821 1231 5892 dissertationis,
1268 5825 1434 5893 panni
1465 5821 1752 5892 leujuelles
1776 5835 1842 5876 on

1954 4710 2196 4756 veterum
2228 4697 2473 4751 codicum
2505 4710 2637 4749 mss.
2671 4694 2979 4749 emendavit
3002 4703 3054 4746 et
3085 4690 3394 4745 illustravit.

2020 4791 2149 4857 Quae
2169 4787 2288 4842 huic
2310 4786 2577 4857 primaria:
2593 4784 2836 4850 editioni,
2852 4793 2905 4837 et
2920 4797 3027 4852 quo
3043 4782 3229 4835 ordine
3246 4766 3393 4832 Marii
3411 4793 3538 4844 opu-

1957 4923 1986 4960 a
2016 4912 2245 4960 souvent
2276 4901 2430 4967 peine
2460 4902 2490 4954 2.
2520 4910 2735 4955 trouver
2775 4901 2827 4954 le
2857 4907 2996 4954 texte
3024 4898 3090 4951 de
3132 4911 3227 4949 son
3256 4902 3466 4967 auteur.
3500 4892 3537 4946 ll

1959 4976 2033 5031 lui
2070 4991 2098 5029 a
2138 4972 2255 5029 esté
2278 4963 2431 5026 libre
2466 4973 2531 5025 de
2564 4973 2738 5039 placer
2774 4984 2985 5024 comme
3022 4969 3055 5021 il
3088 4966 3291 5039 vouloit
3336 4963 3412 5015 les
3441 4976 3538 5013 oo-

1964 5060 2154 5116 vrages
2181 5045 2247 5099 de
2274 5034 2720 5116 MegeatorfMais
2742 5041 2776 5095 il
2802 5056 2888 5116 me
2915 5039 3122 5094 semble
3146 5034 3269 5105 qu’il
3296 5051 3327 5116 _a
3353 5048 3539 5116 ntesme

1954 5105 2134 5184 sepd'ré
2167 5116 2240 5168 les
2276 5113 2518 5180 diﬂ'erens
2548 5112 2791 5184 membres
2821 5110 2946 5184 d‘un
2980 5124 3164 5184 utesnte
3202 5108 3345 5161 ecrit.
3375 5123 3395 5184 ρ
3430 5105 3537 5184 Nec

1956 5173 2163 5241 abludit
2204 5185 2270 5239 ab
2314 5173 2507 5239 eodem
2556 5181 2820 5235 sententia
2865 5179 3099 5233 Cotelerii
3138 5180 3225 5247 (in
3278 5174 3418 5230 notis
3469 5173 3534 5247 ad

1959 5257 2196 5311 Hortum.
2228 5256 2405 5309 eccles.
2438 5251 2534 5306 Gr.
2562 5262 2690 5306 tom.
2727 5251 2811 5318 Ill,
2847 5266 2965 5317 pag.
3016 5244 3155 5312 602,
3177 5247 3261 5299 ubi
3297 5244 3539 5318 loca‘ali-

1956 5339 2083 5395 quot
2113 5326 2424 5381 Mercatoris
2454 5315 3272 5395 editionis_Baltiaiant_ntentati
3294 5315 3534 5394 inquien-

1958 5384 2024 5452 t'is
2050 5414 2065 5453 ι
2092 5397 2391 5450 Editionem
2416 5394 2574 5447 aliam
2597 5394 2663 5464 (α
2695 5390 3015 5464 Buluziatto)
3047 5388 3192 5464 Marii
3228 5384 3538 5464 Mercatoris

1958 5452 2087 5521 nihil
2120 5482 2298 5520 moror
2331 5482 2343 5517 :
2378 5452 2659 5533 propterea
2701 5464 2840 5531 quod
2888 5452 3030 5513 illius
3059 5460 3350 5533 adornatur
3372 5452 3539 5533 (Gar-

1957 5537 2163 5605 nerius)
2206 5537 2289 5590 vir
2330 5526 2649 5605 venerandis
2689 5526 2961 5605 memoria:
3009 5530 3315 5597 ingeniosus
3356 5526 3539 5605 conje-

1961 5596 2157 5662 cturas
2186 5622 2309 5660 suas
2350 5604 2491 5659 malo
2521 5603 2772 5669 exemplo
2817 5609 3022 5655 textum
3072 5596 3247 5652 facere
3293 5596 3481 5669 soleat.
3514 5611 3533 5643 ι

1958 5678 2043 5733 Cf.
2068 5678 2230 5732 etiam
2257 5692 2376 5745 qua:
2401 5674 2466 5729 T.
2499 5673 2514 5725 l
2547 5665 2812 5745 B_ibl.'PP.
2843 5686 2962 5740 pag.
2995 5670 3121 5745 ὀμ,
3154 5669 3276 5745 dum
3303 5666 3368 5718 de
3406 5665 3536 5745 Anaf

1956 5749 2105 5802 stasii
2138 5748 2196 5801 P.
2230 5732 2294 5800 8'.
2328 5747 2540 5812 scriptis
2568 5732 2997 5812 disaereha'mus,
3020 5740 3094 5812 de
3124 5732 3537 5808 ejustletuausis

1953 5820 2006 5876 in
2026 5816 2395 5873 constituenda
2412 5802 2532 5868 fidei
2554 5812 2891 5883 professione
2913 5802 3191 5866 Rutitiian’a
3215 5802 3534 5862 notavimus.
