4020 6192
443 328 508 386 59
1310 336 1376 390 IN
1415 334 1640 394 OPERA
1682 338 1871 396 MAR"
1913 342 2358 403 MERCATORIS
2400 348 2931 411 PBOLEGOMENA.
3643 364 3730 420 60.

435 423 950 495 sculainsint,supra
967 424 1296 480 declaratum
1313 428 1507 483 est.De
1521 432 1804 487 occasione
1818 443 2018 501 autem,
2050 439 2100 497 Α
2130 436 2327 494 Ultimo
2359 441 2478 497 loco
2503 445 2712 499 accedit
2737 447 2896 502 index
2928 464 3126 504 rerum.
3150 450 3411 526 Inscripta
3435 466 3520 512 est
3548 458 3716 517 editio

435 530 539 583 qua
569 517 634 570 ad
663 515 998 570 tractandum
1021 517 1146 570 illud
1175 529 1546 588 argumentum
1579 521 1824 576 Baluzius
1842 540 2024 580 acces-

434 608 587 670 serit,
626 607 694 661 ita
718 606 936 663 scribit:
959 626 978 659 ι
1007 607 1137 662 Cum
1162 625 1302 663 anno
1325 612 1620 670 1677serio
1642 618 1931 685 cogitarem
1955 620 2022 673 de

434 697 644 752 edendo
662 707 806 752 tomo
826 699 995 766 primo
1011 715 1163 753 novae
1176 700 1520 758 Collectioois
1533 703 1913 774 Conciliorum,
1931 709 2022 779 qtti

433 804 574 843 anno
611 789 886 857 praeterito
927 792 1155 848 emissus
1195 805 1310 863 εει,
1345 800 1782 866 mentinoeniqne
1824 802 2019 856 veteris

434 882 756 949 exemplaris
776 882 1169 954 Bellovacensis
1187 885 1398 942 concilii
1423 904 1453 941 v
1477 889 1587 943 ﬁeri
1604 892 2016 946 animadvertis-

431 987 544 1025 sem
565 989 591 1023 a
611 972 847 1042 Labbeo,
877 976 1128 1030 incensus
1156 992 1274 1032 sum
1298 979 1568 1034 desiderio
1595 983 1736 1037 illius
1764 983 2016 1048 habendi,

429 1062 569 1129 quod
589 1074 887 1118 assecutum
913 1083 996 1121 me
1013 1065 1178 1122 fuisse
1198 1070 1460 1126 beneficio
1477 1073 1575 1127 viri
1598 1075 1891 1130 doctissimi
1911 1077 2018 1132 Go-

431 1153 626 1207 del‘ridi
661 1155 935 1222 llermant.
967 1159 1206 1229 ejusdem
1242 1163 1496 1219 Ecclesia:
1523 1169 1792 1236 canonici,
1827 1172 2016 1226 lubens

431 1243 706 1308 profiteor.
758 1247 890 1303 Cum
941 1261 1119 1306 autem
1171 1254 1300 1308 illud
1350 1259 1680 1325 evolverem,
1731 1262 2014 1331 conjuncta

426 1350 548 1388 eum
577 1352 640 1390 eo
675 1342 851 1408 reperi
883 1357 1044 1411 opera
1077 1344 1229 1400 Marii
1271 1348 1603 1418 Mercatoris,
1635 1369 1802 1424 eaque
1833 1359 2012 1413 statim

427 1431 628 1482 contuli
699 1447 819 1486 eum
876 1435 1205 1493 editionibus
1262 1441 1499 1498 virorum
1565 1447 2009 1508 clarissimorum.

429 1519 636 1586 Agnovi
669 1537 831 1590 pctro
861 1540 929 1580 ex
960 1529 1244 1586 collatione
1276 1537 1472 1590 veteris
1502 1541 1827 1609 exemplaris
1864 1545 2011 1599 ordi-

428 1625 549 1662 nem
585 1622 842 1669 mutatum
875 1615 1038 1675 fuisse
1081 1637 1110 1676 a
1150 1622 1435 1693 Garnerio,
1476 1639 1587 1684 tum
1627 1634 1796 1688 mttlza
1836 1635 1904 1690 ab
1947 1653 2012 1693 eo

430 1713 650 1769 mutata,
681 1707 805 1760 dum
834 1711 1152 1767 medicinam
1183 1716 1440 1776 adhibere
1475 1731 1710 1779 tentaret.
1735 1726 1866 1781 locis
1887 1744 2010 1782 cor-

429 1796 622 1864 ruptis,
653 1797 885 1870 denique
915 1807 1171 1860 nonnulla
1203 1812 1421 1878 omissa,
1452 1832 1572 1882 qua:
1601 1818 1730 1872 mihi
1759 1820 2011 1875 videban-
2043 1818 2087 1877 Β

429 1899 515 1939 tor
542 1905 662 1944 esse
694 1895 871 1965 magni
913 1905 1193 1960 momenti.
1227 1903 1432 1975 Agnovi
1467 1920 1726 1978 praetcrea
1770 1915 2010 1970 codicem

429 1976 868 2040 Belloiaccttsetn
921 2003 1042 2042 esse
1089 1993 1244 2048 valde
1287 1998 1604 2054 mendosum
1646 2011 1698 2055 et
1741 2005 2010 2073 mutilum,

425 2070 671 2140 adeoque
721 2075 825 2128 alio
881 2083 1172 2151 exemplari
1221 2102 1358 2154 cpus
1406 2104 1561 2154 esse,
1613 2101 1669 2145 ut
1723 2094 2011 2163 depravata

430 2175 649 2228 possent
684 2169 956 2224 emendari
981 2183 1035 2228 et
1058 2179 1253 2231 omissa
1280 2183 1508 2236 restitui.
1538 2184 1705 2251 Quam
1734 2188 1802 2242 ob
1827 2205 1936 2244 rem
1963 2206 2012 2244 vt

425 2251 534 2307 kal.
564 2257 871 2316 1)θ«·θτιι1)ιὶε
891 2280 1030 2320 anno
1059 2269 1194 2323 1677
1217 2273 1406 2343 scripsi
1429 2277 1493 2330 ad
1519 2279 2010 2340 Eininentissimnm

426 2347 824 2407 cardinalem...
874 2354 1094 2414 llieron.
1149 2360 1490 2431 Casanatem,
1522 2384 1753 2439 cumque
1801 2377 2008 2442 rogavi,

425 2451 483 2493 tit
527 2443 577 2498 in
621 2448 724 2502 mei
755 2452 982 2518 gratiam
1018 2457 1220 2513 laceret
1249 2464 1478 2516 exscribi
1522 2465 1621 2518 eod
1647 2481 1765 2521 cem
1805 2468 2012 2523 Vatica-

423 2548 587 2605 num,
637 2540 690 2592 in
739 2557 846 2610 quo
892 2545 1047 2601 Marii
1097 2550 1410 2606 Mercatoris
1473 2569 1634 2623 opera
1695 2567 2004 2625 exstarent,

424 2639 478 2681 et
509 2631 574 2683 ad
615 2648 700 2688 me
738 2637 878 2690 mitti
906 2638 1142 2707 juberet.
1181 2662 1200 2695 ι
1233 2643 1503 2701 Satisfecit
1554 2649 1645 2704 ille
1689 2655 2004 2721 postulatio-

421 2722 578 2776 nibus
647 2729 744 2780 viri
801 2730 868 2784 de
928 2731 1076 2788 hisce
1125 2738 1318 2794 Studiis
1379 2743 1749 2810 meritissimi,
1815 2750 2005 2804 rescri-

421 2814 636 2881 psitqtte
679 2817 859 2874 idibus
889 2822 1094 2879 Martiis
1120 2829 1244 2882 anni
1276 2835 1548 2900 sequentis
1592 2837 1780 2892 litteris
1820 2839 2007 2894 huma-

418 2903 682 2966 nissimis,
717 2923 782 2962 ex
813 2912 1006 2981 quibus
1047 2927 1254 2984 postea,
1289 2936 1319 2974 a
1359 2927 1512 2980 nobis
1543 2907 1784 2997 quaedam
1818 2936 1882 2985 ad
1915 2949 2007 2986 co-

418 2994 556 3050 dicis
599 3000 741 3056 illius
791 3005 1026 3062 indolem
1078 3018 1372 3081 spectantia
1417 2994 1826 3086 deprotnentur.
1862 3029 2006 3091 Quas

420 3102 698 3162 postquam
751 3099 983 3171 integras
1031 3110 1275 3176 apposuit
1328 3111 1606 3179 Baluzius,
1656 3117 1726 3170 ita
1778 3119 1996 3187 pergil:

424 3201 442 3230 ε
487 3185 680 3242 Damus
727 3191 889 3261 igitur
922 3197 1012 3252 tibi
1046 3215 1209 3269 nunc,
1247 3204 1442 3271 lector,
1475 3223 1638 3278 opera
1684 3185 1833 3266 Marii
1863 3185 1998 3268 Μετ-
2028 3185 2071 3246 C

418 3280 618 3332 caloris
647 3287 817 3348 qualia
849 3287 1099 3355 leguntur
1129 3295 1178 3348 in
1210 3302 1444 3368 antiquis
1471 3306 1867 3372 exemplaribus
1899 3309 2002 3363 Ec-

419 3368 600 3424 clesiae
631 3373 1031 3437 Bellovacemis
1071 3396 1125 3438 et
1156 3386 1496 3447 bibliodieete
1536 3395 1820 3465 Vaticana},
1854 3409 1908 3455 et
1936 3417 1998 3456 ea

419 3463 634 3528 quidem
658 3467 772 3522 Iide
811 3486 873 3526 ac
914 3473 1212 3548 diligentia,
1242 3492 1296 3534 ut
1327 3497 1540 3540 errores
1565 3490 1723 3542 etiam
1757 3463 1998 3548 retinue-

420 3553 589 3607 rimus
621 3569 856 3614 veterum
889 3564 1252 3625 librariorum.
1288 3573 1620 3630 Existimavit
1653 3580 1731 3633 vir
1760 3582 2001 3637 clarissi-

420 3660 538 3698 Ittus
564 3647 798 3704 Joannes
823 3652 1135 3727 Garnerius,
1164 3662 1406 3718 codicem
1432 3667 1869 3728 Bcllovarensent
1897 3675 1999 3731 Va-

419 3738 597 3795 ticano
647 3743 803 3815 longe
853 3763 1129 3816 praistare.
1180 3758 1249 3811 At
1297 3776 1398 3828 ego
1441 3776 1776 3835 compertum
1826 3771 1998 3828 habeo

419 3828 736 3890 Vaticanum
783 3854 902 3894 esse
945 3843 1314 3905 Bellovacensi
1347 3856 1518 3910 multo
1549 3859 1846 3927 meliorem,
1891 3881 1996 3921 non

416 3921 612 3987 solum,
656 3928 778 3995 quia
827 3939 912 3985 est
955 3933 1218 3992 interdum
1269 3946 1625 4013 cmendatior,
1667 3952 1760 4005 sed
1803 3957 1992 4024 etiam,

417 4014 540 4079 quia
574 4021 825 4075 noiinulla
859 4023 1038 4092 habet,
1075 4045 1193 4096 qua:
1220 4035 1521 4091 'manit‘esto
1552 4053 1763 4096 constat
1798 4047 1996 4101 omissa

416 4121 536 4162 esse
565 4110 632 4164 ab
671 4127 761 4178 eo,
796 4116 886 4186 qui
926 4117 1362 4180 Bellovaeensem
1411 4130 1723 4200 descripsit,
1772 4147 1826 4190 ut
1871 4150 1999 4194 sunt

417 4212 466 4250 σι.
499 4214 548 4252 c.
582 4201 722 4256 tituli
765 4211 1121 4275 quorumdam
1163 4213 1581 4284 fragmentornm
1619 4238 1996 4292 excerptorum

417 4301 483 4338 ex
511 4288 851 4349 Theodoreto
878 4300 1132 4372 episeopo
1162 4304 1405 4375 Cyrensi,
1439 4309 1717 4369 Theodoro
1749 4288 2000 4386 Mopsue-

416 4386 594 4443 steno,
633 4383 864 4440 Diodoro
899 4389 1169 4461 Tarsensi,
1192 4406 1248 4452 et
1270 4400 1526 4457 Eutherio
1548 4383 1993 4477 TyanensiiN-am

419 4484 540 4524 cum
570 4475 704 4529 tituli
738 4477 814 4532 il'i
842 4479 1095 4538 deessent
1123 4488 1174 4542 in
1205 4492 1391 4549 codice
1421 4475 1808 4567 Bellovaeensi,
1837 4521 1900 4560 ex
1931 4522 1998 4561 eo

418 4560 612 4616 factum
641 4576 747 4632 est,
779 4580 838 4625 tit
865 4571 1155 4632 Garnerius
1187 4582 1432 4642 inciderit
1474 4590 1524 4642 in
1564 4591 1814 4662 ambages
1848 4596 1998 4652 inex-

419 4655 713 4722 tricabiles,
739 4672 793 4716 et
817 4665 914 4732 sic,
940 4675 1000 4720 ut
1019 4683 1140 4722 cum
1165 4671 1340 4729 Plinio
1363 4679 1570 4750 loquar.
1605 4655 1761 4739 torsit
1785 4687 1995 4757 ingenia

421 4752 922 4819 contemplantium.
952 4758 1254 4826 Optaudum
1281 4777 1460 4821 autem
1490 4781 1653 4838 esset,
1687 4783 1746 4828 ut
1767 4752 1872 4830 alia
1899 4793 1996 4833 ve-

420 4847 535 4893 tera
563 4841 802 4911 ejusdem
836 4848 1115 4917 scriptoris
1143 4856 1468 4924 exemplaria
1511 4864 1881 4918 emcndatiora
1914 4883 1998 4923 reo

417 4935 745 5003 perirentur,
777 4955 1004 5010 quorum
1043 4958 1144 5013 ope
1187 4961 1248 5001 ea
1291 4952 1566 5006 emendari
1604 4968 1848 5024 possent,
1879 4977 1998 5028 quae

416 5039 578 5091 supra
611 5027 846 5087 diximus
887 5049 1010 5090 esse
1055 5048 1327 5108 corrupta.
1365 5060 1384 5092 ι
1415 5042 1538 5098 Hu'c
1568 5045 1659 5102 ille
1695 5048 1763 5102 de
1793 5027 2002 5107 ratione

419 5133 598 5187 opera:
645 5137 777 5181 sute.
819 5126 1022 5185 Deinde
1057 5145 1118 5187 se
1155 5137 1424 5190 convertit
1454 5137 1518 5191 ad
1549 5142 1901 5209 qua‘slionem
1933 5144 2001 5199 dc

419 5222 640 5270 auclore
667 5217 891 5290 ejusque
921 5223 1088 5290 patria
1115 5234 1170 5280 et
1193 5228 1402 5294 studiis,
1427 5245 1588 5299 quam
1621 5233 1857 5291 breviter
1879 5238 2000 5304 qni-

420 5305 570 5369 dem,
603 5309 695 5361 sed
743 5309 814 5364 ita
857 5320 1031 5367 tamen
1072 5319 1409 5384 perstrinxit,
1445 5329 1504 5374 ut
1530 5325 1782 5378 nonnulla
1811 5341 1839 5379 a
1869 5327 2001 5380 Gar-

421 5400 574 5452 nerio
619 5418 726 5455 non
773 5405 906 5459 satis
943 5418 1102 5464 caute
1151 5412 1323 5479 posita
1374 5416 1576 5469 rectius
1625 5417 1997 5473 constitueret.

419 5489 572 5546 Notae
597 5494 662 5548 ad
697 5495 853 5552 linem
887 5500 1176 5557 voluminis
1216 5514 1342 5560 sunt
1383 5519 1628 5573 remoue,
1655 5512 1903 5578 ascriptis
1930 5510 1997 5565 ad

421 5589 716 5658 marginem
742 5595 1076 5663 paginarum,
1100 5613 1234 5667 quas
1259 5601 1572 5668 respiciunt,
1601 5604 1858 5657 uetueris.
1882 5603 1998 5657 Non

421 5683 656 5750 copiosa:
704 5695 849 5749 sunt,
897 5688 991 5740 sed
1042 5689 1219 5758 magni
1269 5691 1543 5758 ponderis,
1595 5707 1763 5760 prope
1812 5708 2000 5748 omnes

421 5773 646 5843 critica,
675 5791 790 5846 qua-
817 5780 1061 5834 centenis
1091 5781 1142 5834 in
1175 5781 1307 5838 locis
1343 5781 1660 5838 Carneriutn
1691 5783 1996 5839 emendant.

2128 527 2298 583 eidem
2356 532 2680 605 Hieronymo
2732 538 2992 593 cardinali
3041 539 3342 613 Casanatm,
3391 547 3480 600 cui
3521 564 3713 620 magna

2125 636 2277 694 parte
2313 627 2494 682 deberi
2527 646 2644 684 eam
2677 637 3052 700 cognovimus.

2197 718 2661 790 1690.,Parisiis;
2691 723 2742 776 in
2774 724 2873 795 fol.
2919 726 3071 782 Marii
3113 729 3431 788 Mercatoris
3456 733 3715 794 Commo-

2124 809 2378 864 nitorium
2426 823 2616 868 contra
2671 813 3018 887 Pelagianos;
3077 820 3130 874 in
3184 821 3269 877 cd.
3322 821 3516 880 Bened.
3571 827 3709 904 Opp.

2123 901 2187 956 S.
2217 901 2499 973 Augustini
2530 915 2676 962 tomo
2704 908 2772 976 Χ,
2806 927 2860 980 p.
2896 927 2954 978 tt,
2983 910 3035 965 in
3067 916 3301 985 append.

2197 995 2353 1054 1700.
2396 997 2724 1067 Αηιιιενρὶιτ;
2770 1001 2949 1070 iit-[aL
2993 1004 3140 1058 Marii
3188 1007 3500 1066 Mcreatoris
3546 1009 3711 1068 Com-

2120 1088 2468 1140 monitorium
2494 1099 2681 1144 contra
2717 1091 3061 1161 Pelagianos;
3089 1096 3139 1148 in
3175 1097 3236 1151 S.
3270 1100 3544 1170 Augustini
3569 1105 3706 1174 Opp.

2118 1177 2202 1232 ed.
2246 1177 2442 1232 Bencd.
2484 1192 2693 1234 curante
2735 1181 2825 1237 Jo.
2869 1182 3088 1239 Clerico.
3120 1187 3292 1242 Touto
3325 1189 3391 1254 Χ,
3437 1207 3492 1261 p.
3536 1209 3598 1259 tt,
3652 1198 3705 1249 in

2117 1274 2346 1340 append.
2379 1274 2485 1326 col.
2517 1273 2705 1330 46-48.

2703 1401 2918 1443 δεουιο
2955 1404 3105 1444 ιιίιι.

2187 1495 2346 1551 177%.
2394 1497 2642 1564 Veneriis,
2660 1517 2724 1555 ea:
2745 1511 2946 1574 typogr.
2972 1502 3060 1558 Io.
3085 1505 3237 1578 Bapt.
3266 1508 3472 1562 Albritii
3487 1513 3703 1581 ;in-fol.

2115 1585 2264 1641 Marii
2302 1588 2614 1644 Mercatoris
2642 1591 2842 1660 Opera.
2879 1594 2956 1648 Ea
2994 1595 3234 1651 editione
3263 1615 3315 1652 v.
3347 1614 3403 1655 c.
3431 1601 3703 1658 Surum

2113 1678 2363 1746 Bawzu,
2415 1696 2558 1736 nunc
2601 1683 2780 1738 denuo
2829 1687 3131 1753 recensita,
3182 1690 3426 1758 pluribus
3472 1694 3523 1746 in
3571 1696 3706 1749 locis

2115 1774 2358 1828 restituta
2403 1783 2460 1830 et
2508 1776 2813 1843 illustrata;
2864 1778 2916 1832 in
2959 1778 3281 1835 Bibliotheca
3331 1782 3442 1841 PP.
3486 1788 3704 1858 scripto-

2115 1881 2332 1934 rumque
2371 1868 2552 1922 ercles.
2588 1871 2808 1924 Andreae
2837 1870 3128 1927 Gallandii.
3167 1874 3338 1930 Tento
3377 1876 3508 1946 Vl",
3543 1894 3700 1948 pagg.

2119 1956 2374 2012 615-757.
2405 1960 2606 2015 Baluzii
2639 1970 2780 2016 nota
2815 1964 2880 2017 ad
2907 1964 3113 2018 calcem
3143 1975 3268 2020 sunt
3292 1967 3540 2036 adjecta,
3572 1971 3706 2025 dum

2117 2051 2228 2106 suis
2255 2052 2483 2121 srilicct,
2519 2054 2659 2108 haud
2693 2070 2850 2124 parca
2896 2072 3058 2111 manu
3099 2061 3356 2128 aSpersis,
3390 2063 3700 2120 inferiorem

2117 2142 2324 2210 paginae
2351 2157 2499 2198 oram
2531 2147 2783 2201 dicasset.
2812 2148 3037 2204 Textum
3081 2151 3194 2208 fere
3238 2155 3467 2224 singulae
3513 2173 3703 2213 emcn-

2115 2235 2243 2289 dare
2291 2238 2543 2305 student,
2597 2251 2651 2295 et
2698 2242 2926 2296 feliciter
2975 2246 3295 2314 plerumque
3341 2247 3427 2302 hic
3474 2263 3702 2306 conatus

2114 2331 2514 2396 comparatione
2562 2331 2826 2402 imprimis
2866 2334 3176 2390 Graecorum
3203 2337 3391 2409 Cyrilli
3425 2348 3480 2392 et
3520 2340 3702 2396 Theo-

2113 2418 2288 2475 doreti
2318 2423 2503 2475 cessit.
2533 2422 2716 2494 Neque
2743 2426 2997 2495 neglexit,
3028 2444 3144 2496 qua:
3171 2432 3397 2496 sparsim
3421 2434 3486 2485 ad
3510 2448 3702 2487 emcn-

2111 2512 2381 2567 dationem
2432 2516 2913 2573 illustrationemve
2953 2518 3263 2576 Mercatoris
3293 2538 3323 2576 a
3354 2526 3484 2578 viris
3520 2526 3698 2580 doetis

2112 2603 2163 2656 in
2195 2603 2318 2657 aliis
2349 2608 2624 2674 cperibus,
2659 2608 2822 2662 veluti
2870 2623 2899 2662 a
2945 2609 3159 2667 Norisio
3188 2613 3242 2667 in
3275 2613 3505 2668 Historia
3539 2616 3697 2671 Pela-

2109 2696 2287 2764 giana,
2334 2699 2604 2753 Colclerio
2649 2697 2714 2754 a’d
2758 2702 3098 2758 Monumenta
3143 2704 3354 2770 Grtcca,
3382 2707 3698 2764 Constantio

2108 2787 2173 2840 ad
2203 2789 2460 2856 epistolas
2491 2791 2709 2847 Pontiﬂ'.
2738 2793 3126 2862 Romanorum,
3151 2798 3406 2853 Merenda
3432 2800 3496 2854 ad
3519 2801 3696 2868 Opera

2111 2880 2323 2935 Damasi
2369 2883 2596 2952 aliisque
2637 2887 2833 2939 collata
2894 2887 3128 2943 fuerant.
3183 2891 3396 2960 Pagina:
3445 2894 3695 2948 editionis

2110 2973 2432 3040 llaluziantr,
2483 2976 2549 3030 ad
2601 2993 2732 3046 quas
2784 2988 2922 3034 notae
2974 2982 3301 3048 referuntur,
3351 2985 3403 3037 iri
3453 2989 3694 3056 margine

2105 3078 2231 3120 sunt
2260 3070 2538 3137 apposita),
2576 3070 2711 3123 infra
2745 3081 2950 3126 textum
2981 3083 3158 3126 autem
3191 3074 3304 3128 loca
3336 3075 3535 3130 Bibliea
3565 3079 3692 3132 dili-

2103 3169 2322 3226 genter,
2368 3171 2426 3215 ut
2474 3163 2524 3214 in
2572 3164 2791 3233 reliquis
2835 3164 2992 3234 hujus
3043 3166 3388 3222 Bibliotheca:
3427 3172 3688 3239 partibus,

2105 3262 2230 3303 sunt
2257 3262 2458 3305 notata.
2494 3252 2549 3306 In
2571 3251 2981 3327 Prolcgomenis,
3014 3260 3187 3328 capite
3221 3259 3304 3326 19,
3340 3277 3459 3331 pag.
3499 3279 3688 3330 xxsttt,

2103 3340 2308 3395 inserta
2350 3352 2434 3396 est
2475 3345 2789 3400 dissertatio
2829 3347 2897 3402 de
2929 3349 3094 3402 Mario
3135 3350 3430 3407 Mercatore
3476 3358 3691 3424 egregio

2102 3450 2224 3489 cum
2253 3435 2456 3504 judicio
2482 3445 2536 3491 et
2561 3439 2836 3508 diligentia
2865 3441 3134 3497 confecta.

2778 3586 2988 3624 εουιαεε.

2175 3674 2252 3728 Ex
2299 3674 2508 3730 duobus
2555 3678 2776 3733 omnino
2813 3680 3092 3736 codicibus
3133 3697 3267 3736 mss.
3307 3684 3486 3740 omnis
3535 3685 3686 3740 Marii

2103 3764 2412 3821 llercatoris
2441 3769 2699 3822 memoria
2730 3780 2784 3823 et
2812 3783 3054 3826 actorum
3084 3773 3222 3842 ejus,
3256 3785 3518 3843 quotquot
3547 3793 3689 3831 nunc

2105 3869 2371 3925 tenemus,
2399 3863 2638 3932 reliquite
2667 3872 2834 3917 erutae
2862 3875 2986 3918 sunt
3011 3882 3023 3917 :
3047 3865 3183 3919 adeo
3206 3866 3491 3923 manifesto
3514 3871 3686 3924 errori

2101 3953 2350 4022 debetur,
2381 3956 2521 4023 quod
2552 3963 2635 4010 est
2660 3957 2798 4026 apud
2830 3958 3169 4012 Gallandium
3217 3961 3686 4018 accuratissimutn

2101 4042 2339 4113 alioquin
2386 4045 2578 4110 virum,
2614 4047 2889 4102 Baluaium
2934 4051 3095 4103 trium
3129 4065 3259 4103 mss.
3295 4050 3550 4106 librorum
3585 4067 3690 4120 ope

2102 4134 2244 4189 hunc
2273 4147 2552 4192 auctorem
2581 4141 2920 4195 emendasse.
2951 4140 3106 4194 Prior
3133 4142 3342 4207 ordine,
3385 4159 3498 4212 quo
3533 4145 3690 4198 adhi-

2101 4226 2217 4280 beri
2249 4229 2410 4297 cmpti
2443 4240 2591 4294 sunt,
2643 4229 2942 4301 Vaticanus,
2977 4233 3115 4288 alter
3139 4232 3521 4288 Bellat'acensis
3561 4235 3688 4304 fuit,

2100 4320 2326 4387 aequalis
2355 4329 2583 4391 uterque
2612 4321 2780 4377 ferme
2811 4327 2987 4378 astatis
3004 4325 3441 4395 octingentorum
3469 4327 3692 4385 circiter

2100 4425 2389 4474 annorum,
2437 4420 2492 4465 ut
2531 4427 2603 4466 ex
2644 4413 3018 4469 cltaracterutn
3062 4416 3232 4470 forma
3277 4418 3452 4488 colligi
3495 4419 3694 4474 scribit

2103 4502 2420 4571 Garncrius,
2451 4512 2505 4558 et
2545 4505 2762 4572 optimae
2794 4517 2937 4560 notae
2975 4515 3220 4578 uterque,
3251 4525 3573 4579 quamquam
3605 4512 3690 4566 vir

2106 4593 2266 4648 tnodo
2298 4594 2542 4649 laitd..ttts
2575 4596 3014 4653 Bellovaeensem
3063 4599 3320 4655 Vaticano
3362 4601 3518 4671 longe
3550 4618 3690 4671 prte-

2103 4686 2420 4739 stantiorem
2465 4685 2809 4754 judicaverit,
2859 4690 3261 4746 contradicente
3303 4691 3546 4758 Baluzio,
3592 4695 3688 4762 qui

2108 4775 2422 4829 Vaticanum
2457 4777 2824 4832 Bellovacensi
2868 4780 3099 4848 palmam
3142 4781 3436 4851 przecipcre
3465 4791 3720 4838 eontenr

2103 4869 2206 4936 dit,
2240 4879 2292 4923 et
2323 4871 2585 4941 exemplis
2615 4871 2932 4942 quibusdam
2964 4873 3177 4942 probat.

2177 4961 2216 5014 Ι.
2271 4960 2548 5014 Vaticanus
2569 4963 2694 5017 olim
2717 4962 3186 5034 Heidelbergensis
3199 4965 3536 5022 bibliothecae
3560 4965 3684 5022 fuit.

2105 5052 2188 5107 llli
2224 5054 2448 5108 debetur
2486 5053 2717 5122 primum
2745 5053 3232 5111 Commonitorium
3264 5059 3392 5112 illud
3422 5058 3690 5114 Mereatoo

2104 5144 2196 5209 ris,
2248 5144 2388 5213 quod
2438 5144 2676 5214 vulgavit
2724 5144 2999 5212 Labbeus;
3031 5161 3153 5202 mox
3200 5149 3378 5202 denuo
3418 5163 3688 5204 excussus

2104 5245 2188 5290 est
2213 5237 2363 5306 juxta
2397 5236 2628 5291 indicem
2660 5252 2907 5307 operum,
2937 5256 3058 5309 quae
3106 5242 3156 5295 in
3197 5242 3564 5296 Bellovacensi
3592 5257 3686 5295 eo-

2104 5328 2224 5382 dice
2249 5327 2316 5382 ab
2344 5328 2535 5382 eodem
2556 5329 2776 5384 Lahbeo
2801 5342 3011 5400 reperta
3039 5344 3213 5397 erant,
3235 5344 3323 5401 atq
3334 5349 3399 5388 ue
3423 5335 3538 5386 haec
3565 5336 3688 5402 qui-

2103 5418 2227 5472 dem
2277 5417 2493 5472 collatio
2539 5418 2806 5476 Garnerio
2851 5433 3055 5492 prazsto
3097 5423 3217 5476 l'eit.
3260 5425 3428 5478 Simul
3479 5425 3683 5494 integra

2103 5509 2218 5578 ejus
2256 5524 2378 5578 pars
2407 5519 2594 5566 tenore
2635 5514 2890 5567 continuo
2925 5514 3194 5582 descripta
3228 5524 3283 5568 et
3312 5515 3376 5568 ad
3421 5515 3687 5570 Cerbero-

2102 5602 2250 5654 nitim
2295 5600 2454 5654 miSsa
2503 5601 2572 5657 ab
2609 5618 2676 5657 eo
2721 5604 2864 5658 edita
2895 5616 2977 5658 est
3007 5608 3144 5658 bona
3178 5605 3302 5661 (ide.
3350 5606 3588 5661 Tertium
3629 5607 3685 5662 in

2103 5691 2304 5744 Β.ιΙιιῑίῖ
2331 5693 2557 5760 gratiam
2588 5695 2818 5750 conferri
2843 5706 2901 5748 et
2928 5697 3160 5750 exscribi
3185 5713 3310 5750 eum
3338 5699 3543 5751 curavit
3562 5713 3683 5752 car-

2104 5782 2297 5837 diualis
2341 5783 2625 5852 Casanata,
2673 5801 2777 5855 qua
2807 5785 3020 5854 quidem
3063 5788 3349 5844 occasione
3380 5788 3493 5843 liter.
3523 5804 3685 5854 super
