4020 6192
403 291 508 350 103

1677 290 1875 350 MAR"
1916 288 2369 351 MERCATOBIS

3567 276 3670 356 tet

402 422 527 465 nem
554 406 833 464 continens
856 403 1282 463 exhortatorium
1310 446 1325 468 ,
1374 404 1427 458 iu
1471 418 1578 474 quo
1605 403 1674 459 ita
1715 404 1942 459 habetur
1973 422 1985 458 :
2014 424 2063 481 Α
2094 406 2269 459 omnis
2298 400 2530 473 simplex
2561 402 2876 460 benedictus
2904 415 3021 471 est,
3049 420 3180 477 ergo
3206 407 3436 479 simplex
3466 410 3557 466 ille
3588 422 3672 468 est

407 520 429 557 ι
462 501 891 573 Simplicitatem,
917 499 1109 568 inquit,
1132 498 1282 567 sequi
1307 496 1507 553 Christi
1529 497 1779 551 famulam
1800 496 1979 553 decet:

403 611 508 651 non
539 594 675 648 hanc
711 608 831 662 qua:
860 591 1085 645 stultitia
1114 592 1283 660 magis
1322 601 1407 645 est
1451 604 1610 660 quam
1642 589 1982 659 simplicitas,

403 684 496 740 sed
526 685 669 738 illam
709 684 776 737 de
813 698 915 751 qua
952 682 1168 751 scripsit
1199 681 1219 754 [
1247 681 1430 736 Βαίας.
1461 682 1733 751 Scriptura
1762 681 1933 753 dicit]
1968 698 1983 735 :

402 785 428 814 ι
459 775 739 830 Benedicta
768 774 940 828 animo
968 776 1130 828 omnis
1160 775 1382 844 simplex
1411 775 1429 844 (
1455 772 1699 829 Prorerb.
1732 791 1783 828 xt
1808 812 1823 838 ,
1870 774 1941 827 27
1966 819 1982 843 ,

400 884 501 923 sec.
547 867 797 937 Septuag.
825 866 844 938 )
870 883 884 929 ;
913 867 1128 923 dicente
1157 867 1283 922 alibi
1314 867 1586 935 Scriptura
1624 882 1638 919 :
1673 865 1986 920 Maledictus

402 961 566 1015 omnis
609 959 763 1013 homo
791 960 880 1028 qui
908 975 1009 1013 non
1048 968 1309 1028 permanet
1354 961 1408 1012 in
1449 946 1681 1013 omnibus
1717 974 1832 1027 qua
1862 960 1989 1012 scri-

400 1061 491 1122 pta
522 1060 639 1105 sunt
668 1051 723 1103 in
752 1050 886 1103 libro
908 1051 1035 1120 legis
1058 1089 1075 1114 ,
1106 1058 1161 1102 ut
1195 1048 1352 1119 faciat
1380 1065 1441 1103 ea
1460 1048 1640 1121 (Deut.
1666 1064 1838 1113 xxvrl,
1868 1048 1987 1116 26).

405 1144 558 1210 Hine,
584 1142 777 1213 inquit,
800 1142 1103 1197 ostenditur
1124 1156 1228 1196 non
1252 1156 1371 1196 esse
1386 1140 1782 1209 simplicitatem
1804 1155 1986 1195 veram

403 1252 519 1304 qua:
549 1236 639 1289 Dei
665 1234 910 1287 mandata
934 1234 1207 1288 insensata
1230 1232 1519 1286 securitate
1543 1233 1864 1296 contemnit,
1893 1231 1989 1285 sed

406 1343 523 1382 eam
562 1343 683 1397 qua;
716 1326 850 1396 legis
885 1336 1151 1394 prato-cpta
1194 1325 1423 1392 sapienti
1472 1324 1668 1380 timore
1710 1323 1983 1388 custodit;

402 1418 617 1474 dicente
639 1419 805 1487 enim,
827 1417 1168 1472 maledictum
1188 1430 1309 1472 esse
1327 1429 1449 1470 eum
1472 1416 1561 1485 qui
1585 1430 1689 1469 nou
1710 1422 1988 1484 permanet

403 1511 458 1566 in
483 1511 567 1565 his
587 1526 707 1587 qua:
736 1510 936 1579 scripta
965 1517 1116 1574 sunt,
1151 1522 1180 1562 a
1204 1508 1482 1563 contrario
1503 1507 1843 1563 benedictum
1865 1521 1986 1563 esse

402 1619 509 1661 non
542 1603 654 1657 vult
680 1602 769 1674 qtti
804 1617 911 1656 non
942 1601 1122 1654 omnia
1164 1608 1436 1670 prmcepta
1475 1599 1794 1655 servaverit.
1842 1596 1907 1653 Et
1936 1598 1983 1653 si

2089 499 2179 570 qui
2208 499 2388 554 omnia
2416 507 2682 569 praccpta
2710 497 2737 538 δ
2772 500 2902 569 legis
2935 500 3255 570 impleverit.
3290 520 3310 555 ι

2160 591 2220 645 tt.
2260 591 2525 647 Asserere
2552 591 2693 649 hunc
2718 593 2884 660 illud,
2917 595 3060 664 quod
3090 597 3249 651 toties
3274 594 3385 664 iam
3420 598 3670 669 superius

2091 686 2292 741 dictum
2319 693 2404 741 est
2426 728 2441 751 ,
2477 704 2498 738 ι
2547 687 2626 742 Ad
2655 702 2879 757 regnum
2918 690 3180 745 caelorum
3228 690 3391 747 libros
3432 691 3628 765 Moysis
3654 735 3671 755 ,

2093 780 2234 834 sicut
2278 778 2630 849 Evangelium
2677 781 2927 847 mittere,
2971 800 2989 834 i
3034 781 3211 838 nullus
3239 783 3668 854 catholicorum,

2092 870 2182 941 qui
2210 870 2312 925 hoc
2348 870 2638 939 capitulum
2667 870 2885 941 legerit,
2916 870 3157 939 dubitat,
3192 890 3291 930 nec
3318 876 3669 947 intelligendo

2092 960 2461 1014 dillieultatetu
2506 960 2741 1031 aliquam
2781 962 2980 1030 poterit
3015 965 3301 1019 sustinere.
3344 966 3408 1020 Et
3433 969 3559 1035 quia
3590 969 3667 1022 in-

2092 1050 2328 1105 discrete
2360 1050 2534 1121 legem
2573 1051 2626 1105 itt
2658 1050 2848 1107 eodem
2881 1048 3204 1122 impiissimo
3233 1055 3467 1124 capitulo
3494 1058 3669 1111 nomi-

2096 1141 2285 1207 navit,
2316 1141 2457 1211 quod
2488 1141 2535 1196 si
2563 1142 2855 1197 Mosaicam
2880 1186 2895 1211 ,
2935 1145 3090 1211 cujus
3121 1146 3480 1200 testimonium
3512 1150 3672 1203 male-

2092 1232 2216 1285 dicti
2249 1232 2466 1301 posuit,
2501 1242 2525 1272 ε
2555 1241 2743 1302 aperte
2784 1247 2883 1287 nos
2923 1233 2977 1288 in
3018 1234 3356 1291 .ludaismnm
3398 1239 3672 1294 attrahere

2094 1334 2295 1391 tentet;
2323 1326 2464 1394 quod
2492 1325 2560 1395 si,
2590 1325 2655 1380 ad
2689 1325 2972 1395 tegendum
3004 1340 3064 1381 se
3094 1340 3186 1395 per
3218 1326 3503 1395 fallaciam,
3538 1332 3669 1402 legis

2088 1416 2306 1471 nomine
2351 1416 2696 1487 Evangelium
2725 1430 2785 1471 se
2812 1416 3013 1473 dixerit
3059 1417 3389 1487 nominasse,
3432 1419 3461 1458 ἀ
3503 1422 3556 1477 ln
3602 1439 3670 1479 eo

2083 1507 2301 1579 quidem
2330 1508 2477 1578 quod
2511 1508 2683 1577 legem
2712 1507 3064 1578 Evangelium
3086 1512 3340 1579 appellat,
3372 1529 3477 1567 non
3497 1524 3665 1571 errat.

2090 1608 2115 1637 ⁸
2138 1599 2246 1655 Sed
2272 1598 2327 1654 in
2354 1613 2424 1655 eo
2448 1608 2536 1655 est
2562 1598 2781 1671 impius,
2806 1599 2860 1655 in
2889 1614 3000 1671 quo
3028 1602 3131 1656 sub
3160 1600 3179 1640 '
3210 1603 3371 1659 simili
3395 1616 3450 1661 et
3477 1607 3671 1678 aequali

1563 1756 2112 1815 CASTIGATIONES
2152 1757 2242 1813 ET
2279 1756 2507 1815 NOTAE.

398 1903 507 1958 sine
529 1910 735 1974 peccato
761 1915 899 1961 esse,
932 1907 979 1974 et
1019 1896 1117 1951 Dei
1143 1896 1387 1974 mandata
1413 1896 1669 1974 custodire
1693 1936 1717 1974 ,_
1739 1896 1934 1974 sivetu
1958 1938 1974 1963 ,
2008 1901 2055 1961 Β
2080 1912 2147 1953 ex
2196 1898 2607 1974 quo_Mercato_r
2632 1912 2728 1974 sua
2759 1897 3030 1974 decerpsit
3063 1916 3076 1952 :
3108 1912 3214 1953 non
3249 1900 3352 1955 erit
3379 1910 3557 1957 autem
3588 1904 3672 1957 in-

401 1967 649 2028 diximus.
687 1970 834 2024 Hanc
858 1971 997 2023 enim
1026 1967 1418 2038 possibilitatem
1450 1967 1586 2019 Deus
1610 1968 1656 2038 ei
1683 1968 1822 2019 dedit
1849 1983 1868 2032 ;
1897 1984 1980 2021 re-

400 2044 546 2114 liqua
570 2058 689 2096 vero
714 2081 729 2103 ,
765 2057 881 2114 qua:
927 2036 1249 2114 subjecerunt
1273 2080 1303 2114 ,_
1338 2052 1499 2107 neque
1526 2036 1983 2114 it_i__libris“noslris

401 2104 518 2168 sunt
538 2153 552 2176 ,
583 2127 741 2180 neque
765 2104 894 2162 talia
925 2104 1164 2177 utinquam
1194 2104 1492 2180 diximus.)
1544 2104 1642 2180 His
1668 2106 1865 2180 auditis
1895 2123 1983 2176 sy-

403 2183 570 2236 nodus
598 2177 729 2235 dixit
754 2197 771 2235 :
808 2199 827 2233 ι
867 2181 1121 2244 Quoniam
1143 2193 1296 2245 negas
1319 2188 1366 2230 te
1389 2178 1512 2247 talia
1533 2177 1818 2247 scripsisse,
1851 2194 1982 2229 ann-

400 2254 698 2307 tlsematisas
722 2252 862 2314 illos,
890 2251 977 2319 qui
1005 2250 1079 2301 sic
1108 2249 1311 2301 tenent?
1348 2266 1365 2299 ι
1405 2246 1650 2319 Pelagius
1678 2249 1939 2313 respondit
1963 2265 1981 2302 :

406 2341 426 2376 ι
460 2321 849 2377 Anatltematiso
873 2316 1022 2387 quasi
1046 2320 1249 2384 stultos,
1280 2333 1384 2371 non
1410 2319 1552 2387 quasi
1577 2316 1843 2371 haereticos
1868 2358 1883 2381 ,
1912 2322 1982 2371 si-

400 2395 608 2464 quidem
629 2408 731 2445 non
755 2402 827 2445 est
846 2394 1071 2464 dogma.
1112 2408 1131 2441 ι

473 2464 806 2532 Augustinus
835 2456 1028 2532 (Ibid)
1073 2476 1086 2513 :
1121 2457 1235 2512 Nos
1278 2474 1399 2532 sane
1434 2473 1559 2532 cunt
1600 2459 1731 2509 hanc
1780 2456 1981 2532 Pelagii

402 2527 749 2604 defensionem
777 2527 949 2604 inille
978 2527 1196 2604 {quam
1221 2530 1366 2604 prius
1377 2527 1680 2604 accepimus
1699 2566 1714 2589 ,
1743 2527 1980 2604 cleﬁar‘tnlu

402 2596 930 2676 legeremus.aderent
950 2600 1160 2676 quidam
1180 2598 1342 2676 sancti
1367 2599 1575 2676 frsttres,
1595 2597 1680 2658 qui
1700 2613 1753 2650 se
1780 2596 1981 2676 Pelagii

403 2667 561 2729 libros
582 2667 971 2727 exhortatorias
996 2670 1071 2722 vel
1096 2668 1468 2720 consolatorios
1509 2668 1576 2719 ad
1600 2667 1882 2733 quamdam
1908 2670 1984 2721 ui-

402 2745 561 2798 duam
584 2743 920 2807 conscriptos,
951 2740 1102 2808 cujus
1131 2752 1314 2790 nomen
1344 2752 1450 2790 non
1477 2746 1550 2789 est
1579 2753 1899 2808 expressum,
1926 2754 1982 2792 se

403 2814 589 2868 habere
613 2806 878 2874 dixerunt,
919 2818 967 2861 et
1011 2806 1388 2861 admonuerunt
1419 2806 1774 2874 requirendum
1804 2820 1981 2861 utrum

401 2885 513 2938 illic
536 2884 637 2937 ista
657 2896 773 2951 quia
798 2896 891 2934 sua
911 2879 1113 2950 negarit
1143 2887 1306 2931 essein
1335 2882 1465 2951 [orte
1495 2878 1818 2951 conscripta,
1847 2893 1978 2947 quo-
2028 2930 2031 2931 ν

401 2954 543 3008 niam
580 2947 680 3006 Ιιοό
707 2960 757 3005 et
792 2951 896 3020 ipsi
925 2947 1516 3020 ignorare‘asserebant.
1561 2947 1695 3020 Tum
1718 2964 1835 3002 vero
1861 2965 1981 3003 cum

402 3026 562 3079 iidem
589 3022 706 3077 libri
742 3022 806 3075 ab
851 3020 1066 3075 ecordio
1106 3019 1416 3086 legerentur,
1460 3019 1674 3088 quaesita
1702 3027 1749 3071 et
1780 3020 1983 3073 inventa

402 3103 522 3148 sunt
549 3108 570 3148 :
598 3092 916 3163 aﬁrmabant
940 3103 1115 3143 autem
1148 3089 1229 3143 illi
1254 3089 1345 3163 qui
1364 3092 1685 3157 protulerunt
1708 3090 1935 3163 codicem
1952 3131 1977 3163 Α,

403 3175 523 3235 ante
549 3157 771 3235 quituor
798 3161 956 3235 ferme
988 3175 1150 3213 annos
1175 3200 1191 3224 ,
1231 3157 1287 3213 se
1328 3159 1450 3212 istos
1489 3170 1749 3235 tamquam
1781 3157 1982 3231 Pelagii

406 3231 572 3290 libros"
591 3235 773 3287 habere
808 3233 1016 3296 cepisse
1040 3273 1055 3296 ,
1097 3245 1187 3282 nec
1212 3245 1455 3299 uinqimm
1481 3241 1655 3282 utrum
1677 3231 1788 3299 ejus
1813 3241 1979 3283 essent

402 3306 468 3361 ab
486 3308 663 3374 atiquo
675 3322 731 3359 se
746 3303 958 3374 audisse
973 3300 1219 3374 dubitari.
1239 3298 1630 3374 Considerantes
1647 3298 1821 3374 itaque
1839 3300 1983 3354 nobis

405 3370 596 3445 optime
621 3388 880 3428 servorum
921 3370 1016 3425 Dei
1052 3370 1310 3445 cognitam
1350 3370 1591 3445 [idem_de
1637 3370 1735 3445 Itac
1778 3386 1834 3423 re
1884 3386 1985 3445 non

406 3436 556 3515 posse
602 3444 826 3515 mentiri,
866 3452 1058 3515 restare
1094 3436 1453 3515 videbaturut
1486 3436 1759 3515 Pelagium
1816 3442 1987 3515 potius

405 3508 459 3570 in
485 3514 765 3583 episwpali
785 3508 991 3584 judicio
1012 3510 1331 3584 crederemus
1360 3508 1519 3575 fuisse
1554 3508 1842 3575 mentitum,
1872 3511 1987 3584 nisi

405 3581 523 3655 fieri
544 3587 766 3655 potuisse
785 3581 1142 3655 cogitaremus,
1156 3582 1309 3634 etiam
1326 3590 1446 3633 ante
1463 3595 1623 3655 annos
1646 3590 1756 3655 tam
1770 3581 1983 3645 multos,

405 3651 602 3726 aliquid
624 3654 716 3708 sub
741 3651 861 3724 ejus
885 3653 1112 3719 nomine,
1138 3667 1241 3705 non
1262 3660 1432 3704 tamen
1453 3651 1652 3715 abillo,
1678 3652 1839 3716 fuisse
1859 3667 1985 3704 con-

406 3737 680 3872 “bim;
721 3793 958 3850 notanda
998 3792 1267 3872 quaedam.
1303 3791 1542 3872 Drimum
1580 3790 1754 3846 viduae
1785 3806 1984 3846 nomen

406 3882 514 3921 non
564 3866 732 3920 fuisse
778 3878 1092 3929 expressum
1141 3864 1191 3915 in
1224 3862 1410 3916 codice
1439 3902 1454 3923 ,
1508 3877 1667 3931 quem
1698 3876 1880 3917 ceram
1926 3876 1987 3917 se

412 3936 744 4007 Augustinus
766 3936 867 4004 legi
894 3933 1050 4007 fecit;
1081 3933 1173 3986 sed
1204 3934 1338 4007 utin
1372 3947 1483 4007 uno
1505 3934 1782 4007 tte-ticeret,
1817 3934 1989 4007 potuit

409 4009 463 4063 in
493 4001 614 4061 aliis
641 4001 930 4061 contineri.
956 4006 1200 4058 Alterum
1227 4002 1441 4072 viduam
1470 4001 1605 4054 hanc
1635 4002 1772 4056 forte
1803 4003 1988 4072 appel-

406 4078 570 4133 latam
596 4092 782 4132 revera
816 4074 979 4129 l'uisse
1011 4073 1287 4128 Livauiaut
1313 4090 1325 4124 :
1357 4070 1493 4125 forte
1515 4112 1530 4133 ,
1558 4072 1702 4139 quod
1734 4070 1985 4140 opinatus

408 4159 493 4204 est
537 4146 955 4217 eruditissimus,
978 4144 1223 4217 [milliens
1245 4183 1261 4207 ,
1283 4145 1801 4217 μᾆινσίγλοοὶιμ.μαντικῶς,Δ
1815 4141 1984 4217 lulia-

407 4233 531 4273 nam
561 4258 576 4280 ,
621 4230 850 4286 eamque
877 4216 971 4286 vel
994 4213 1346 4286 Demetriatlis
1394 4213 1941 4286 t’tiatreinuexstitisse
1968 4256 1982 4279 ,

407 4288 552 4355 quod
584 4282 1097 4354 minus'probzibile;
1131 4284 1238 4343 vel.
1266 4283 1406 4353 quod
1430 4282 1763 4347 credibilius,
1788 4282 1983 4338 .luliaui

408 4357 730 4411 Eclanensis
756 4363 1075 4424 parentem;
1108 4369 1174 4408 eo
1199 4359 1345 4409 enim
1390 4355 1608 4424 nomine
1626 4364 1879 4408 vocatam
1906 4365 1986 4408 te—

407 4436 580 4482 statur
602 4422 869 4480 Mercator
894 4422 1037 4493 (Lib.
1067 4424 1294 4477 Subnot.
1323 4440 1438 4493 cap.
1469 4423 1544 4492 4).

477 4497 733 4553 Claudius
762 4493 1078 4560 Menardus,
1111 4495 1198 4562 qui
1240 4494 1292 4547 in
1335 4500 1505 4562 prima
1533 4493 1772 4550 editione
1794 4494 1986 4549 Gesto-

408 4584 527 4623 rum
558 4566 963 4622 Paltestinorum
983 4564 1257 4618 variantes
1285 4565 1353 4617 ad
1386 4566 1681 4634 marginem
1724 4566 1984 4620 lectiones

406 4639 722 4706 scholisque
760 4635 1036 4704 apposuit,
1068 4634 1298 4688 credidit
1332 4634 1497 4689 luisse
1525 4635 1977 4706 celebremgillam

408 4710 690 4764 Melanium
719 4724 840 4777 quae
870 4705 1053 4761 senior
1081 4706 1221 4777 dicta
1248 4712 1355 4767 est,
1379 4720 1606 4774 quaeque
1638 4705 1771 4759 fovit
1805 4705 1977 4761 Rullui

407 4775 801 4848 Aquilogiens'is
847 4786 1048 4848 partes.
1095 4775 1201 4830 Sed
1245 4789 1353 4844 quo
1396 4782 1714 4848 argumento
1743 4778 1983 4845 potuerit

408 4846 717 4919 opinionem
746 4863 899 4902 suam
933 4847 1167 4911 ﬁrmare,
1194 4859 1305 4919 non
1334 4846 1463 4898 satis
1493 4846 1736 4919 intelligo
1765 4864 1777 4899 :
1812 4850 1981 4916 ipsam

406 4912 553 4976 certe
580 4921 853 4973 inlirmant
880 4919 1014 4983 duo;
1043 4932 1163 4971 nam
1194 4915 1550 4987 Hieronymus
1574 4912 1807 4987 (Dialog.
1834 4912 1868 4974 3
1890 4920 1985 4971 ad-

407 5006 535 5045 vers.
560 4990 791 5059 Pelag.),
825 5004 944 5041 cunt
972 4989 1215 5041 meminit
1245 4986 1469 5059 hujusce
1498 4988 1671 5059 vidum
1693 5026 1710 5053 ,
1744 4986 1985 5044 Melania:

410 5077 605 5114 nomen
636 5056 949 5125 neutiquam
976 5060 1233 5117 siluisset.
1262 5056 1524 5126 siquidem
1555 5056 1621 5109 ad
1652 5058 1822 5126 ipsam
1850 5061 1988 5113 scri-

410 5140 532 5198 ptus
574 5131 709 5184 liber
735 5140 898 5183 esset.
930 5129 1000 5200 Et
1027 5129 1404 5200 Angitstinusr(
1423 5125 1557 5200 (foco
1581 5127 1646 5200 de
1674 5125 1816 5182 ἔστι.
1847 5132 1934 5183 cit.
1962 5129 1983 5200 )

409 5209 641 5255 testatur
668 5202 718 5252 iit
746 5215 814 5253 eo
843 5198 1028 5253 codice
1051 5214 1157 5268 quo
1185 5197 1381 5266 Pelagii
1410 5197 1551 5264 libri,
1578 5198 1693 5253 sive
1718 5197 1984 5255 exhorta-l

411 5270 556 5333 torii,
588 5271 704 5324 sive
733 5269 1085 5324 eonsolatorii
1117 5270 1543 5332 continerentur,
1579 5282 1778 5324 nomen
1810 5271 1986 5325 viduae

410 5356 519 5396 nou
548 5341 713 5395 fuisse
739 5354 1055 5411 expressum
1081 5356 1095 5393 :
1122 5338 1527 5411 exprimendum
1552 5339 1736 5411 utique
1764 5352 1987 5411 propter

408 5412 743 5467 nobilitatem
781 5409 995 5464 femina:
1033 5410 1290 5465 iacturam
1319 5410 1551 5479 pretium
1580 5407 1833 5477 librofsi
1869 5407 1989 5467 Me-

407 5481 551 5539 lania
580 5482 788 5536 luisset.

428 5484 551 5537 auia
580 5482 788 5536 luisset.

478 5552 650 5607 Porro
678 5552 817 5606 duos
843 5550 924 5606 Ad
960 5550 1183 5611 Viduam
1211 5550 1386 5607 libros
1420 5550 1700 5621 scripsisse
1736 5550 1985 5622 Pelagius

406 5623 620 5679 videtur
646 5639 660 5677 :
685 5638 848 5676 unum
875 5622 1323 5686 consolatoriam,
1346 5636 1412 5676 ex
1430 5637 1536 5691 quo
1554 5623 1836 5692 desumpta
1860 5632 1986 5678 sunt

406 5709 529 5765 quas
550 5694 638 5750 vel
666 5693 738 5749 ab
787 5695 1116 5765 Hieronymo
1164 5692 1218 5746 in
1268 5691 1503 5761 dialogo.
1538 5691 1625 5765 vel
1671 5693 1724 5748 in
1751 5691 1985 5765 concilio

409 5764 777 5832 Diospolitano
803 5761 1016 5832 objecta
1060 5772 1214 5831 sunt;
1248 5767 1482 5821 alterum
1520 5761 1984 5835 exhortatoriam,

2009 3271 2057 3334 C

2082 1978 2293 2038 gratum
2319 1969 2508 2025 lectori
2539 1970 2583 2023 si
2614 1969 2895 2039 utriusque
2933 1969 3233 2039 fragmenta
3277 1983 3673 2039 reprzesenten-

2086 2050 2194 2104 tur,
2224 2054 2328 2093 non
2360 2039 2446 2094 hic
2473 2039 2687 2108 quidem
2707 2083 2721 2104 ,
2755 2054 2822 2093 ne
2852 2041 3084 2094 violetur
3114 2041 3197 2094 lex
3248 2052 3493 2097 notarum
3522 2084 3538 2109 ,
3573 2046 3671 2099 sed

2085 2110 2138 2163 in
2170 2110 2551 2164 dissertatione
2579 2109 2782 2179 devita
2810 2118 2866 2162 et
2897 2108 3137 2164 moribus
3168 2112 3392 2179 Pelagii.

2157 2187 2183 2216 ⁸
2225 2181 2394 2233 liabet
2419 2179 2588 2234 editio
2615 2178 2864 2250 Vulgata,
2887 2181 3061 2232 anima
3082 2222 3094 2244 ,
3126 2196 3240 2250 qua:
3267 2178 3540 2243 benedicit,
3573 2184 3673 2236 im-

2086 2250 2440 2320 pinguabitur,
2468 2259 2517 2303 et
2544 2249 2896 2320 quiinebriat,
2927 2249 3267 2303 inebriabitur
3296 2250 3559 2318 (Proverb.
3589 2270 3667 2317 xt,

2230 2318 2782 2399 δᾳρωθεξηιὰιψνχή
2806 2320 3131 2399 εὐλοχογμὲνη
3157 2326 3303 2399 πᾶςα
3331 2320 3485 2399 ἁπλῆ,
3539 2327 3667 2399 ᾇνιὶρ

2084 2388 2136 2444 δέ
2162 2390 2399 2461 θυμώδης
2563 2388 2854 2463 ιὺάχήῆμων
2887 2388 2988 2463 ξ’ὶᾴ
3009 2388 3133 2454 est,
3175 2392 3351 2463 anima
3385 2388 3668 2447 benedtei'u

2084 2463 2261 2513 omnis
2290 2462 2543 2530 simplex.
2576 2462 2656 2513 vir
2682 2461 2866 2513 autem
2905 2461 3180 2530 animosus
3220 2462 3535 2515 inhonestus
3561 2476 3667 2518 est.

2087 2531 2445 2602 Hieronymus
2477 2531 2661 2602 (Apol.
2696 2531 2897 2602 advers.
2930 2529 3108 2599 Ruﬁn.
3138 2532 3226 2584 sub
3257 2532 3409 2602 finem
3429 2536 3467 2596 ),
3497 2534 3670 2587 anima

2085 2601 2369 2662 benedicta.
2400 2602 2565 2655 omnis
2593 2601 2813 2669 simplex
2834 2603 2930 2665 vir,
2959 2602 3220 2654 animosus
3249 2601 3545 2656 inhonestus
3572 2612 3666 2656 est.

2083 2671 2267 2796 Editto
2328 2672 2553 2742 Vulgata
2616 2670 2775 2740 longe
2846 2671 3236 2726 consonantior
3315 2674 3483 2727 textui
3564 2675 3671 2729 lle-

2122 2757 2232 2795 raeo
2268 2751 2371 2796 est.

2122 2757 2232 2795 τωο
2268 2751 2371 2797 881.

2155 2810 2182 2850 ιι
2222 2812 2450 2867 Nomine
2487 2809 2620 2881 legis
2666 2808 2916 2881 Pelagius
2965 2811 3254 2867 Mosaicam
3312 2812 3666 2881 intelligebat.

2084 2881 2214 2955 Nam
2236 2884 2378 2955 quod
2398 2884 2763 2955 testiinonium
2775 2882 3096 2955 adhibuitex
3115 2882 3281 2936 veteri
3296 2883 3663 2951 Testamento,
3684 2946 3690 2953 ο

2084 2952 2212 3007 illud
2234 2951 2522 3018 Apostolus
2544 2951 2612 3007 de
2631 2954 2748 3022 lege
2770 2952 2999 3007 Mosaica
3018 2954 3496 3022 interpretutusest
3518 2954 3662 3020 (Gal.
3685 2951 3689 2961 τ

2084 3039 2164 3086 lll,
2184 3022 2295 3092 90).
2314 3023 2380 3077 Et
2398 3023 2661 3078 Mercator
2676 3026 2789 3089 ipse
2802 3025 3057 3078 continuo
3068 3023 3267 3078 subdit:
3282 3022 3519 3077 Asserere
3531 3024 3668 3077 hunc

2081 3092 2235 3164 illud,
2258 3096 2397 3162 quod
2434 3095 2587 3164 toties
2599 3094 2715 3163 jam
2742 3094 2987 3164 superiug
3015 3095 3202 3164 dictum
3232 3102 3328 3161 est,
3359 3095 3427 3144 ad
3453 3110 3669 3164 regnum

2082 3162 2329 3234 celerum
2354 3164 2517 3219 libros
2543 3162 2758 3234 Moysis,
2786 3165 2853 3216 sit
2865 3174 2920 3217 ut
2943 3162 3272 3231 Evangelium
3297 3162 3521 3229 mittere,
3546 3167 3668 3217 nul-

2087 3236 2166 3306 lus
2208 3232 2598 3306 catholicorum,
2628 3232 2716 3301 qui
2757 3234 2853 3306 hoc
2883 3235 3174 3306 capitulum
3220 3233 3413 3306 legerit,
3442 3234 3665 3288 dubitat.

2088 3305 2447 3374 Quamobrem
2477 3319 2598 3359 cum
2632 3302 2935 3358 benedictio
2962 3302 3345 3358 'maledictioni
3389 3307 3664 3358 contraria

2088 3378 2180 3439 sit,
2214 3389 2317 3429 nee
2361 3375 2505 3430 aliud
2533 3376 2755 3444 omnino
2802 3374 2871 3444 sit
2910 3374 3220 3444 maledictio
3260 3389 3419 3444 quam
3459 3374 3536 3428 ira
3573 3376 3666 3429 Dei

2089 3443 2359 3514 punientis
2404 3446 2691 3499 violatores
2720 3443 2876 3513 legis,
2908 3442 3298 3499 benedictionis
3328 3444 3544 3499 nomine
3586 3446 3665 3497 εἰσ

2087 3516 2332 3584 gnilicari
2384 3516 2547 3570 debet
2595 3516 2962 3584 benthilentia
2994 3513 3087 3568 Dei
3130 3518 3533 3584 compensantis
3558 3515 3663 3569 ob-

2088 3582 2395 3641 servatores
2427 3586 2558 3654 legis
2587 3595 2607 3653 (
2633 3582 2757 3637 Vide
2780 3584 2912 3654 Aug.
2946 3584 3036 3639 lib.
3079 3584 3145 3636 de
3170 3582 3309 3637 Geel.
3340 3600 3457 3648 cap.
3490 3584 3523 3638 5
3552 3584 3592 3651 ).

2163 3667 2187 3694 ο
2212 3655 2343 3710 Nam
2371 3656 2416 3709 si
2445 3656 2760 3710 maledictus
2799 3664 2883 3707 est
2924 3655 3101 3707 omnis
3130 3655 3220 3724 qui
3253 3669 3359 3707 non
3392 3664 3669 3722 permnnrt

2090 3727 2143 3781 in
2176 3725 2258 3779 his
2280 3742 2400 3794 qum
2423 3727 2618 3793 scripta
2643 3731 2770 3777 sunt
2799 3725 2850 3777 in
2882 3724 2996 3792 lege
3023 3724 3277 3787 Mosaiea,
3303 3724 3446 3777 nulla
3481 3724 3667 3793 profe-

2088 3809 2175 3850 cto
2206 3812 2329 3865 pars
2353 3796 2487 3866 legis
2506 3804 2609 3861 est,
2634 3808 2755 3862 quae
2784 3806 2890 3847 non
2933 3793 3127 3866 debeat
3156 3795 3668 3866 etiamnumgobser-

2086 3868 2222 3920 vari.
2253 3864 2425 3933 Quod
2446 3868 2490 3920 si
2522 3867 2592 3919 ita
2635 3872 2739 3927 est,
2773 3865 2936 3917 totius
2978 3864 3170 3932 jugum
3200 3867 3356 3917 nobis
3385 3864 3560 3919 adhuc
3588 3864 3667 3919 l'e-

2088 3936 2315 3991 rendutn
2353 3947 2466 3998 est,
2498 3950 2619 3989 cum
2668 3946 2843 3988 tamen
2875 3935 3165 4003 Apostolus
3207 3936 3431 3995 clamet,
3485 3948 3582 3987 nos
3633 3951 3667 3990 ι

2089 4007 2377 4145 inalfgifto
2444 4008 2577 4075 legis
2640 4005 2950 4073 redemptos
3008 4020 3106 4075 per
3168 4003 3439 4059 Christum
3495 4003 3665 4073 (Gal.

2089 4092 2165 4137 ιιι.
2305 4117 2318 4129 .

2087 4092 2165 4137 Ill.
2196 4092 2318 4137 ID).

2136 4146 2183 4184 ’ἀ
2215 4143 2488 4200 Sententia
2517 4145 2753 4200 auctoris
2783 4153 2890 4199 tam
2926 4143 3129 4214 antiqui
3162 4144 3399 4199 notanda
3430 4155 3512 4201 est
3566 4144 3669 4200 ad-

2087 4232 2279 4272 versus
2323 4217 2588 4286 quosdam
2632 4225 2937 4280 novatores,
2964 4216 3055 4284 qui
3098 4217 3438 4281 Evangelium
3468 4226 3673 4285 negant

2089 4290 2291 4414 {tabelre
2308 4302 2487 4342 veram
2518 4288 2780 4342 rationem
2812 4286 2964 4355 legis,
2987 4286 3365 4357 Christumque
3392 4302 3518 4341 vere
3544 4302 3670 4342 esse

2109 4361 2221 4414 citis
2244 4368 2469 4412 atorem.

2177 4361 2469 4412 islatorem.

2109 4374 2469 4427 egistatorem.

2162 4440 2186 4464 υ
2240 4427 2483 4482 Dillicilis
2533 4428 2705 4492 locus,
2753 4439 2853 4481 nec
2911 4425 3024 4480 fere
3078 4426 3233 4497 aliter
3282 4427 3668 4497 exponendus,

2086 4513 2249 4568 quam
2281 4498 2372 4568 qui
2405 4501 2473 4552 ab
2503 4498 2803 4565 Augustino
2838 4496 2932 4568 lib.
2965 4497 3032 4550 de
3060 4496 3208 4568 Gest.
3242 4496 3364 4565 cap.
3398 4500 3432 4552 5
3464 4507 3669 4568 tracta-

2091 4564 2177 4641 tjus
2223 4564 2313 4624 est
2338 4569 2359 4641 (
2383 4568 2513 4641 Yide
2544 4564 2703 4641 (notas
2742 4567 2820 4641 ad
2874 4566 2947 4641 l‘2_
2986 4564 3448 4641 anatltematismos
3482 4567 3674 4641 Ila/ini

2008 4645 2057 4703 D
2086 4638 2253 4709 Syri).
2280 4637 2359 4679 -“
2379 4639 2655 4709 Norisius,
2684 4638 2752 4691 ad
2781 4637 3031 4709 agendam
3058 4652 3253 4709 semper
3274 4638 3567 4709 fallaciam,
3592 4639 3673 4690 le-

2086 4707 2164 4780 gis
2182 4707 2386 4780 nomine
2410 4708 2747 4780 Evangelium
2770 4708 3015 4780 appellat,
3042 4723 3140 4759 non
3166 4707 3334 4771 errat,
3369 4719 3472 4761 etc.
3497 4707 3671 4780 Inter-

2089 4777 2286 4839 inedia.
2317 4781 2387 4833 ob
2410 4777 2595 4835 vocem
2628 4777 2961 4848 Evangelium
2985 4780 3288 4848 repetitam.
3317 4779 3672 4844 exscriptoris

2088 4851 2171 4903 vel
2189 4851 2495 4921 itypothetze
2517 4850 2646 4904 vitio
2675 4849 3173 4921 videntur_omissa_.
3205 4847 3391 4913 Neque
3425 4851 3668 4921 priorum

2091 4917 2374 4974 verborum
2416 4921 2577 4975 lectio
2628 4918 2784 4974 nobis
2827 4917 3102 4985 probatur.
3134 4918 3401 4973 Caeterum
3428 4917 3531 4972 hic
3563 4920 3671 4973 BR.

2092 4991 2266 5044 secuti
2315 4992 2711 5056 rescripsimus,
2752 4989 2806 5041 in
2828 5002 2897 5043 tto
2920 4990 3121 5055 quidem
3144 4990 3278 5057 quod
3327 4989 3501 5058 legem.
3535 5002 3672 5054 etc.,

2093 5060 2185 5114 ubi
2220 5061 2467 5115 Baluzius
2499 5062 2657 5114 habet
2686 5062 2739 5113 in
2768 5076 2818 5112 ID
2844 5060 3071 5129 quidem,
3103 5069 3207 5112 etc.
3241 5058 3513 5114 Cauno.

2168 5130 2187 5168 ί
2232 5132 2554 5184 Similirctate
2578 5131 2717 5199 quali
2758 5145 2849 5183 nos
2879 5128 3175 5183 maledicto.
3210 5129 3283 5182 ita
3326 5135 3544 5182 omnino
3575 5144 3674 5183 ve-

2088 5210 2230 5256 teres
2274 5202 2428 5266 libri;
2480 5198 2597 5254 sed,
2626 5215 2815 5254 omnes
2863 5200 3126 5252 editiones
3174 5200 3376 5252 habent
3422 5198 3579 5253 simili
3621 5210 3673 5252 et

2088 5272 2295 5341 aquati,
2329 5287 2393 5325 ex
2445 5272 2754 5340 conjectura
2808 5279 3034 5322 tantum.
3083 5268 3345 5324 Viderunt
3376 5273 3515 5324 enim
3566 5271 3670 5324 viri

2088 5342 2384 5398 doctissimi
2410 5342 2585 5395 locum
2607 5355 2728 5395 esse
2755 5343 3095 5401 mendosum.
3122 5342 3195 5393 uti
3222 5355 3350 5394 vere
3377 5341 3673 5394 mendosus

2088 5424 2189 5467 est.
2243 5410 2351 5465 Nos
2403 5412 2646 5466 arbitrati
2691 5425 2876 5464 sumus
2908 5411 3242 5464 retinendam
3273 5426 3394 5465 esse
3421 5420 3670 5466 veterem

2087 5480 2400 5546 lectionem,
2432 5496 2553 5536 cum
2601 5481 2715 5536 ﬁeri
2762 5481 2931 5550 possit
2959 5490 3017 5532 nt
3055 5481 3373 5535 vocabulum
3399 5482 3681 5537 similietas'

2088 5553 2162 5608 ita
2189 5554 2316 5607 olim
2344 5552 2582 5607 cilicium
2625 5552 2695 5607 sit
2735 5556 2874 5606 sicut
2904 5550 3083 5620 eflicta
3129 5559 3256 5604 sunt
3299 5552 3425 5616 ista,
3454 5552 3667 5620 ﬁlietas,

2091 5624 2338 5677 uarietas
2360 5662 2375 5687 ,
2405 5623 2665 5688 nimietas,
2691 5624 2747 5676 et
2781 5621 2998 5677 similia.
3032 5618 3344 5677 Similietate
3375 5618 3549 5675 tamen
3582 5622 3672 5678 h:c

2090 5694 2373 5748 videretur
2398 5692 2766 5753 scribendum.
2801 5693 2927 5747 licet
2972 5691 3396 5761 repugnantibus
3431 5694 3672 5761 antiquis

2091 5764 2492 5835 exemplaribus
2515 5779 2621 5835 quo
2646 5762 2807 5819 modo
2837 5762 3181 5819 scribendum
3202 5768 3287 5817 est
3310 5762 3521 5831 ﬁlietas,
3550 5764 3674 5821 licet
