4014 6188
369 286 469 342 123

1634 288 1827 345 MAR"
1866 290 2307 349 MERCATURIS

3536 282 3637 335 1:24

364 400 562 458 rimum
592 397 1217 459 interesse:innovatn_m
1238 399 1413 462 enim,
1441 399 1579 455 sicut
1605 403 1959 458 omuiliusest
1987 411 2033 469 Α
2065 420 2171 458 non
2199 406 2271 459 sit
2297 421 2468 477 genus
2497 408 2750 477 electum,
2780 425 2885 464 non
2914 409 3092 480 regale
3120 410 3503 475 sacerdotium,
3542 430 3647 467 ttmt

368 502 583 557 uotum,
615 492 840 561 intelligi
874 503 1049 561 potest
1074 493 1219 563 quod
1250 508 1549 563 numquam
1572 497 1690 563 fuit,
1722 506 1778 551 et
1808 500 1962 552 novi-

368 596 451 640 tcr
495 586 750 650 exstitit;
799 595 1123 645 renovatum
1172 600 1306 642 vero
1344 585 1405 639 id
1444 587 1589 657 quod
1630 589 1813 654 utique
1847 589 1958 657 jam

366 689 506 740 erat,
537 679 589 732 in
619 687 1059 750 vetustatemqne
1085 688 1444 749 pervenerat;
1481 681 1627 751 quod
1657 682 1703 737 si
1738 698 1962 739 renove-

369 780 474 834 tur,
503 769 700 824 dicitur
730 782 1070 831 renovatum.

436 858 490 915 2.
535 860 653 923 Sed
678 878 778 923 nec
807 864 1022 933 probari
1062 863 1221 921 facile
1261 866 1466 935 poterit
1490 875 1516 905 ⁸
1543 865 1780 921 divinam
1816 866 1962 922 Scri-

372 960 591 1019 pturam
626 968 776 1009 usam
823 968 946 1009 esse
993 955 1093 1011 hac
1137 956 1444 1023 locutione,
1494 958 1837 1013 innovatione
1882 960 1964 1014 vi-

369 1044 606 1111 delicet;
661 1045 761 1101 sed
805 1046 875 1102 de
924 1049 1272 1105 renovatione
1306 1051 1355 1106 ei
1384 1050 1748 1105 creberrimus
1779 1066 1963 1123 sermo

370 1146 478 1192 est.
1907 1175 1911 1179 ν

441 1230 497 1288 3.
550 1232 693 1293 Audi
742 1231 950 1289 invitus
999 1234 1319 1305 Apostolnm
1366 1235 1590 1291 Paulum
1649 1237 1960 1294 dicentem:

371 1325 545 1382 Sicuti
572 1337 645 1382 est
676 1330 861 1382 veritas
886 1330 939 1384 in
966 1328 1091 1391 Iesu
1119 1331 1371 1400 deponere
1400 1348 1507 1397 vos,
1536 1335 1811 1387 secundum
1851 1334 1963 1403 pri-

369 1421 560 1475 stinam
588 1424 1042 1487 conversationem,
1089 1436 1303 1483 reterem
1331 1426 1589 1483 hominem
1613 1427 1703 1497 qui
1732 1443 1964 1487 corrum-

370 1511 511 1581 pitur
537 1512 823 1573 secundum
859 1513 1111 1568 desideria
1153 1516 1385 1581 cruoris;
1432 1518 1747 1571 renovamini
1793 1531 1963 1571 autem

370 1617 575 1661 sensum
607 1602 815 1676 [Belum
846 1603 1020 1677 sensu]
1045 1607 1227 1661 mentis
1248 1616 1441 1672 vestrm,
1473 1618 1519 1661 et
1551 1607 1751 1661 induite
1775 1624 1961 1661 novum

371 1694 667 1765 hominem,
711 1697 800 1767 qui
841 1698 1119 1751 secundum
1148 1698 1315 1753 Deum
1339 1711 1539 1754 creatus
1571 1709 1644 1754 est
1685 1701 1737 1754 in
1755 1700 1964 1772 justitia

368 1787 663 1842 sanctitatis
699 1798 747 1845 et
789 1790 1013 1849 ueritatis
1044 1790 1063 1862 (
1089 1791 1275 1862 Ephes.
1307 1807 1389 1861 tv,
1415 1792 1487 1846 22
1510 1793 1549 1863 ).
1604 1793 1735 1851 ltetn
1777 1794 1917 1848 idem
1950 1812 1961 1847 :
2000 1784 2044 1843 Β

370 1875 500 1931 Cum
539 1887 712 1932 autem
742 1879 1027 1952 benignitas
1052 1892 1101 1935 et
1135 1884 1434 1937 humanitas
1472 1886 1647 1939 illuxit
1676 1885 1964 1940 Saluatoris

346 2006 348 2009 ι
371 1968 469 2023 Dei
491 1971 673 2035 nostri,
705 1988 806 2026 non
834 1989 898 2026 ea:
925 1973 1162 2044 operibus
1180 1976 1401 2046 justitia:
1422 2018 1437 2042 ,
1466 1993 1583 2048 qua:
1609 1995 1700 2032 nos
1726 1980 1961 2047 fecimus,

368 2060 460 2113 sed
486 2064 764 2119 secundum
788 2080 938 2117 suam
962 2048 1369 2121 misericordiam
1409 2068 1580 2123 salvos
1609 2086 1701 2124 nos
1729 2071 1847 2141 fecit
1877 2086 1966 2140 per

366 2155 630 2211 lavacrum
657 2159 1059 2227 regenerationis
1077 2169 1125 2214 et
1154 2162 1496 2215 renorationis
1523 2162 1753 2232 Spiritus
1778 2165 1964 2231 sancti,

367 2263 520 2311 quem
549 2249 799 2303 ditissime
834 2250 1014 2319 e/fudit
1040 2269 1195 2321 super
1222 2270 1314 2309 nos
1359 2254 1413 2307 in
1439 2254 1644 2309 Christo
1692 2255 1840 2326 (Tit.
1884 2272 1963 2321 ut,

368 2337 449 2410 5).
480 2337 609 2395 Item
642 2341 782 2397 idem
817 2359 831 2395 :
882 2341 996 2399 Etsi
1024 2345 1243 2399 exterior
1284 2356 1456 2401 noster
1504 2348 1656 2402 homo
1683 2349 1968 2416 corrumpi-

367 2441 473 2494 tur,
510 2433 599 2488 sed
645 2432 858 2490 interior
884 2444 1159 2490 renovatur
1184 2436 1250 2491 de
1273 2436 1357 2492 die
1385 2438 1439 2491 in
1464 2438 1599 2491 diem
1630 2437 1650 2508 (
1672 2437 1711 2492 ll
1738 2437 1860 2492 Cor.
1889 2452 1964 2506 tv,

370 2520 486 2590 η).

440 2612 492 2669 4.
541 2614 748 2672 Deinde
792 2616 917 2671 audi
959 2616 1051 2687 qui
1095 2618 1258 2673 etiam
1290 2617 1652 2688 adOptcntur;
1685 2619 1809 2675 audi
1838 2664 1852 2688 ,
1886 2622 1968 2677 in-

369 2720 556 2775 quam.
590 2721 697 2763 non
729 2722 839 2775 me,
867 2706 967 2765 sed
989 2710 1292 2776 apostolum
1316 2709 1532 2766 Petrum
1560 2732 1573 2767 :
1611 2710 1735 2779 Vos,
1770 2712 1965 2783 inquit,

369 2814 531 2867 genus
553 2798 793 2865 electum,
831 2798 1004 2871 regale
1023 2800 1392 2867 sacerdotium,
1420 2818 1544 2873 gens
1566 2817 1764 2870 sancta,
1795 2821 1966 2876 popu-

371 2888 456 2943 lus
481 2890 535 2942 in
564 2889 919 2959 adoptionem,
947 2900 1001 2944 ut
1030 2894 1240 2947 virtutes
1265 2893 1363 2947 Dei
1383 2895 1700 2949 annuntietis
1718 2937 1733 2961 ,
1768 2897 1856 2960 qui
1883 2911 1969 2951 ros

370 2984 568 3039 vocavit
597 2985 661 3040 de
690 2986 905 3041 tenebris
929 2989 981 3040 in
1002 2987 1308 3042 admirabile
1334 2988 1508 3043 lumen
1537 3007 1688 3043 suum
1729 2992 1747 3063 (
1772 2990 1792 3045 l
1824 2989 1966 3045 Petr.

371 3093 434 3142 Il,
465 3076 543 3149 9).
580 3077 819 3132 Audisne
845 3077 973 3148 quid
1002 3076 1143 3132 dicat
1170 3079 1193 3133 ἲ
1240 3080 1479 3134 sentisne
1508 3080 1638 3149 quid
1671 3080 1970 3149 praedicet?

2062 511 2195 565 gens
2226 509 2413 552 sancta
2435 540 2451 566 ,
2484 516 2593 555 non
2625 501 2854 570 populus
2898 501 2951 556 in
2998 501 3344 572 adoptionem
3376 519 3502 560 esse
3532 519 3651 561 me-

2062 599 2266 646 reatur.

2133 682 2188 736 5.
2237 686 2318 738 An
2346 684 2590 739 dicturus
2628 699 2687 739 es
2717 684 2940 741 forsitan
2973 694 3028 741 et
3049 702 3299 756 Jussurus
3332 698 3389 741 ut
3417 686 3435 759 ῖ
3462 686 3647 740 Βιιιιιι.

2062 792 2166 830 om.
2198 775 2275 847 ut]
2304 779 2535 847 majores
2567 788 2771 833 tantum
2808 780 3076 848 homines,
3110 782 3196 850 qui
3230 782 3298 835 de
3322 781 3558 835 tenebris
3596 782 3647 833 in

2064 866 2191 921 illud
2223 868 2543 924 admirabile
2571 870 2750 925 lumen
2779 883 3049 940 tamquam
3085 881 3399 940 peccatores
3429 886 3653 925 evocan-

2064 970 2173 1024 tur,
2200 962 2299 1030 ipsi
2328 970 2531 1017 tantum
2561 963 2690 1017 fiant
2726 965 2956 1034 populus
2984 964 3079 1019 Dei
3104 981 3119 1030 ;
3169 963 3375 1032 parvuli
3426 978 3552 1016 vero
3582 962 3652 1014 ah

2065 1053 2181 1123 ipso
2208 1061 2329 1108 ortu
2352 1070 2452 1108 suo
2480 1056 2529 1109 in
2561 1057 2759 1111 lumine
2786 1057 3087 1122 constituti,
3110 1068 3471 1125 expertosque
3499 1064 3653 1110 tene-

2064 1143 2306 1209 brarum,
2334 1147 2456 1215 quia
2490 1156 2718 1209 tantum,
2756 1160 2813 1202 ut
2844 1156 2900 1202 tu
2929 1149 3011 1202 vis
3032 1189 3047 1213 ,
3082 1147 3323 1202 innovuti
3355 1157 3511 1212 sunt,
3546 1162 3653 1200 non

2063 1249 2244 1291 autem
2273 1239 2512 1292 renovati
2544 1255 2609 1293 ex
2635 1239 2810 1308 aliqua
2844 1248 3113 1294 vetustate
3144 1238 3372 1309 peccati,
3403 1254 3510 1293 non
3541 1238 3655 1292 sint

2064 1341 2132 1380 ex
2184 1328 2381 1396 popnln
2433 1328 2573 1383 Dei?
2623 1330 2753 1395 Quis
2803 1338 2854 1383 te
2895 1328 3323 1385 chriSIianorttm
3371 1329 3510 1383 lerat
3553 1327 3654 1383 ista

2063 1417 2427 1489 loquentem?
2474 1422 2601 1491 quis.
2636 1430 2691 1479 te
2740 1437 2847 1477 non
2892 1423 3222 1488 exltosreat,
3271 1432 3328 1477 et
3378 1431 3652 1492 tamquam

2063 1511 2262 1567 lcthale
2292 1514 2437 1568 virus
2469 1530 2573 1569 non
2604 1512 2832 1586 [Batus.
2865 1530 2968 1568 om.
3003 1512 3143 1586 non]
3178 1513 3353 1585 fugiat-
3376 1511 3493 1569 huic
3519 1513 3656 1570 scri-

2063 1604 2276 1663 bentem
2301 1607 2327 1660 ?

2690 1699 2918 1761 CAPUT
2957 1698 3029 1756 ll.

2216 1787 2348 1846 Item
2377 1793 2431 1846 in
2454 1792 2586 1847 libro
2614 1790 2679 1846 ΙΙ
2700 1793 2924 1865 capitulo
2948 1791 2997 1847 X
3011 1791 3089 1847 Vl
3114 1793 3263 1847 verba
3288 1790 3511 1847 Iuliani.

2144 1903 2165 1937 s
2204 1886 2400 1940 Verum
2429 1887 2757 1942 imbecillum
2791 1897 2893 1941 tuae
2920 1886 3123 1960 [Battus
3153 1884 3337 1958 eteae]
3385 1885 3657 1953 opinionis

2069 1977 2426 2049 patrocinium
2457 1979 2775 2048 multiplicat
2805 1987 3044 2049 peccata,
3070 1994 3175 2033 non
3201 1979 3415 2032 minuit.
3442 1977 3543 2033 llic
3560 1978 3657 2047 igi-

2070 2080 2154 2125 tur
2182 2072 2503 2125 miserorum
2534 2071 2768 2142 pruritus
2794 2080 3055 2140 etsponte
3076 2070 3506 2124 decrescentinm
3533 2070 3658 2124 nul-

2068 2163 2178 2218 lmn
2205 2173 2394 2217 contra
2426 2162 2598 2231 ipsam
2622 2162 2863 2217 veritatis
2892 2163 3153 2216 rationem
3180 2161 3324 2216 valet
3348 2159 3558 2231 pondus
3578 2160 3656 2215 af-

2069 2254 2236 2309 ferre.
2291 2253 2398 2310 Sed
2453 2255 2573 2323 quia
2625 2254 2895 2310 nonnullis
2947 2254 3344 2321 Scripturarum
3392 2254 3559 2319 locis,
3602 2260 3660 2307 et

2071 2347 2303 2411 maxime
2318 2362 2346 2402 a
2357 2348 2547 2416 postoli
2574 2346 2745 2413 Pauli,
2764 2346 3071 2401 conﬁrmari
3093 2353 3342 2401 asserunt
3359 2343 3386 2383 δ
3409 2344 3657 2399 naturale

2072 2448 2374 2509 peccatum,
2405 2448 2511 2494 etc.
2551 2458 2571 2491 ι
2613 2449 2635 2477 ο

2143 2533 2196 2587 1.
2245 2531 2326 2588 Ad
2368 2532 2505 2588 hinc.
2556 2531 2726 2588 Nemo
2779 2532 2911 2587 dicit
2962 2532 3240 2597 naturale,
3281 2531 3371 2586 vel
3409 2538 3656 2585 naturam

2070 2637 2193 2681 esse
2223 2633 2525 2692 peccatum,
2564 2624 2659 2679 sed
2689 2623 2982 2693 originale;
3019 2632 3073 2679 et
3115 2623 3165 2675 id
3197 2622 3250 2677 in
3283 2629 3475 2676 natura
3503 2634 3652 2686 esse,

2072 2712 2238 2769 nond
2293 2728 2443 2769 extra
2494 2725 2780 2779 naturam;
2831 2731 2934 2771 nec
3004 2712 3238 2770 absurde
3290 2724 3512 2778 tamen,
3564 2720 3657 2765 aut

2074 2806 2283 2881 [Belum
2316 2824 2419 2862 om.
2458 2817 2657 2872 tamen,
2685 2806 2799 2879 aut]
2828 2807 3049 2862 abusive
3072 2807 3177 2861 dici
3211 2821 3369 2876 pOSse
3389 2805 3655 2868 naturale.

2073 2915 2182 2956 non
2208 2911 2385 2954 tamen
2414 2911 2655 2953 naturam
2692 2917 2706 2952 :
2737 2915 2857 2953 nam
2886 2899 3141 2967 deceptus
3162 2898 3277 2967 ipse
3297 2898 3503 2967 decipis
3524 2909 3660 2966 quos

2072 3004 2228 3062 potes
2255 2990 2464 3065 [Butam
2493 2990 2618 3044 add.
2655 2991 2718 3044 Et
2748 2988 2987 3061 tamen].
3021 2988 3164 3043 Inter
3192 2989 3450 3058 originale
3482 2997 3536 3041 ct
3565 3002 3660 3038 na-

2074 3084 2248 3139 turale
2274 3092 2358 3139 est
2386 3082 2643 3138 nonnulla
2673 3081 2926 3136 distantia
2954 3098 2969 3145 ;
3019 3090 3073 3136 et
3100 3082 3345 3151 quamvis
3385 3080 3525 3149 quod
3566 3094 3660 3132 na-

375 3172 498 3227 illos
526 3172 772 3241 adoptari
802 3171 1053 3227 videlicet
1080 3211 1097 3239 ,
1146 3181 1203 3227 ut
1241 3172 1372 3227 ﬂant
1402 3174 1454 3227 in
1496 3173 1840 3243 adoptionem
1873 3188 1969 3243 po-
1997 3162 2043 3227 C
2077 3176 2250 3232 turale
2277 3186 2358 3230 est
2386 3176 2557 3245 possit
2578 3184 2631 3230 et
2660 3174 2921 3244 originale
2950 3173 3053 3228 dici
3082 3213 3098 3238 ,
3144 3188 3250 3226 non
3307 3183 3485 3225 tamen
3517 3169 3659 3241 quod

372 3265 532 3336 pultis
575 3264 702 3334 Dei,
736 3265 828 3336 qui
858 3274 984 3320 sunt
1015 3265 1083 3321 de
1129 3266 1366 3321 tem-bris
1393 3269 1600 3322 evocati
1631 3268 1680 3321 in
1715 3267 1841 3322 i?lud
1873 3268 1970 3322 ad-

375 3358 625 3413 mirabile
655 3359 876 3414 lumen:
926 3359 1068 3415 unde
1108 3375 1448 3429 consequens
1486 3371 1571 3415 cst
1615 3370 1672 3415 nt
1700 3361 1803 3415 nisi
1846 3362 1969 3433 quis

374 3451 541 3507 fuerit
557 3451 626 3506 de
650 3450 894 3506 tenebris
911 3461 1175 3507 evocatus
1194 3453 1246 3506 iu
1267 3452 1397 3508 illud
1421 3453 1741 3508 admirabile
1762 3455 1966 3521 lumen,

2076 3269 2431 3339 originarium
2461 3279 2565 3334 est,
2601 3268 2846 3322 naturale
2874 3266 3163 3336 quidquam
3193 3264 3398 3337 [Buluz.
3423 3274 3477 3320 et
3508 3274 3659 3317 natu-

2073 3359 2207 3430 rale]
2237 3360 2381 3430 cogit
2413 3359 2587 3415 fateri.
2643 3360 2713 3414 Et
2755 3361 2938 3429 accipe
2964 3361 3272 3427 exemplum
3308 3375 3321 3411 :
3356 3368 3543 3412 natura
3571 3366 3658 3413 est

2074 3453 2251 3509 Omnis
2282 3454 2467 3518 homo,
2508 3452 2799 3524 cujuslibet
2822 3454 3016 3520 aetatis,
3065 3466 3247 3519 sexus,
3286 3460 3450 3521 atque
3474 3450 3658 3506 condi-

1548 3563 2099 3623 C.\STIGATIONES
2138 3565 2225 3622 ET
2264 3564 2493 3621 NOTAE.

377 3659 592 3733 fingitur
629 3660 1123 3735 et__conformatione
1167 3661 1415 3735 doctrinae
1440 3661 1637 3735 (Epist.
1674 3663 1832 3735 ltili):
1875 3662 1968 3717 Usi

378 3731 593 3800 quinque
626 3731 913 3803 Milevitani
956 3732 1143 3785 Patres
1171 3732 1271 3799 (In
1305 3731 1567 3803 Synodica
1611 3734 1680 3787 ad
1710 3734 1771 3789 S.
1804 3732 1969 3787 Inno-

377 3803 630 3863 centium)
682 3819 694 3853 :
748 3801 967 3867 Pueros,
1018 3803 1285 3871 inquiunt,
1334 3801 1428 3858 etsi
1474 3805 1629 3858 nullis
1670 3806 1974 3859 innooentur

377 3872 674 3929 christiana:
710 3874 893 3943 gratiis
940 3876 1293 3935 sacramentis,
1336 3875 1597 3931 habituros
1633 3878 1788 3931 vitam
1822 3887 1973 3931 teter-

377 3960 499 4015 nam
530 3946 746 4013 nequam
777 3946 1172 4015 pra'sumptione
1194 3950 1526 4000 contendunt.

453 4014 633 4083 Neque
677 4014 919 4068 Julianus
961 4016 1244 4068 abhorruit
1294 4032 1322 4068 a
1357 4033 1486 4071 voce
1517 4020 1963 4088 regenerationis.

377 4101 501 4140 cum
529 4096 715 4153 ageret.
735 4087 804 4140 de
835 4087 1121 4155 baptismo,
1151 4102 1310 4154 quam
1353 4096 1534 4141 tamen
1566 4087 1828 4141 Mercator
1857 4087 1973 4141 vult

379 4172 502 4210 esse
531 4157 674 4223 paris
703 4174 823 4210 cum
852 4166 1205 4210 renovatione
1248 4160 1548 4224 poti-statis.
1601 4158 1690 4215 Sic
1717 4158 1860 4212 enim
1891 4158 1971 4211 lo-

374 4229 566 4294 quitur
589 4226 729 4296 (Lib.
757 4244 785 4279 v
813 4227 916 4291 0p.
949 4225 1168 4298 lmperf.
1193 4244 1311 4295 cap.
1344 4228 1400 4295 9)
1435 4245 1447 4279 :
1480 4227 1590 4282 Nos
1617 4245 1732 4281 vero
1772 4229 1972 4282 renasci

377 4313 553 4349 ontncs
605 4298 909 4368 baptismate
952 4300 1151 4356 debere.
1183 4308 1228 4351 et
1260 4315 1408 4370 opere
1437 4311 1638 4363 nostro,
1665 4311 1712 4352 et
1738 4316 1972 4353 sermone

378 4377 663 4441 testamur;
711 4372 799 4420 sed
834 4385 944 4441 Anon
976 4379 1036 4441 ut
1066 4369 1224 4441 hujus
1255 4369 1601 4435 impertitione
1638 4371 1867 4436 beneﬁcii
1909 4371 1973 4423 de

2080 3660 2413 3720 Mariichzeis.
2443 3658 2531 3728 qui
2561 3658 2756 3711 malam
2784 3667 3092 3713 assererent
3123 3657 3364 3711 hominis
3392 3663 3660 3728 naturam.

2080 3732 2328 3801 Pelagius
2357 3728 2449 3800 (1η
2464 3727 2648 3784 libello
2680 3729 2839 3801 Fidei,
2860 3746 2999 3781 nunt.
3032 3730 3091 3796 7)
3126 3747 3139 3781 :
3172 3731 3374 3801 Absque
3402 3727 3511 3779 sola
3538 3744 3659 3801 pne-

2080 3806 2179 3856 cati
2220 3799 2448 3864 macula,
2493 3816 2609 3871 quae
2633 3799 2885 3853 naturalis
2930 3816 3031 3871 non
3060 3809 3152 3852 est.
3181 3799 3429 3854 Julianus
3458 3804 3475 3865 (
3505 3801 3566 3849 In
3595 3799 3663 3871 li-

2079 3874 2210 3928 bello
2240 3871 2392 3926 Fidei
2421 3870 2556 3944 part.
2585 3886 2640 3934 tt,
2671 3886 2816 3944 num.
2842 3870 2930 3940 10)
2946 3888 2972 3944 _;
3000 3870 3436 3944 Quoniamigitur
3457 3870 3663 3944 priami-

2079 3946 2241 3997 simus
2258 3945 2331 3997 de
2361 3941 2490 3997 bono
2511 3953 2708 3996 natura:
2732 3951 2778 3995 et
2801 3941 3165 4003 benedictione,
3187 3953 3232 3993 et
3255 3943 3449 3992 honore
3473 3941 3661 4009 conju-

2078 4016 2169 4085 gii,
2213 4025 2578 4083 consequenter
2604 4014 2867 4065 renuimus
2906 4013 3139 4064 naturale
3174 4020 3470 4085 peccatum,
3518 4013 3592 4085 rel
3619 4010 3664 4062 si

2073 4080 2176 4154 quo
2202 4086 2308 4138 alio
2338 4080 2581 4138 vocabulo
2602 4096 2943 4151 nuncupatur,
2964 4100 3026 4135 ne
3046 4082 3262 4154 creatori
3296 4080 3405 4133 Deo
3434 4082 3662 4134 omnium

2072 4153 2359 4225 irrogemus
2388 4156 2630 4225 injuriam
2654 4196 2667 4215 ,
2697 4156 2819 4207 dum
2853 4154 3051 4223 aliquid
3093 4153 3154 4206 ab
3180 4153 3416 4225 illorum
3455 4162 3661 4222 peccato

2074 4223 2193 4294 ﬁeri
2214 4223 2446 4296 potuisse
2464 4226 2836 4291 contendimus,
2866 4236 2912 4279 et
2948 4224 3234 4278 testimonia
3266 4223 3656 4293 Scripturarum

2074 4299 2186 4367 ejus
2217 4296 2462 4365 falsitatis
2490 4313 2786 4366 arguamus.

2146 4364 2278 4422 Cum
2308 4364 2799 4422 Juliantts'dixisset
2819 4381 2837 4418 :
2865 4364 3171 4432 Conﬁtearis
3190 4378 3394 4417 necesse
3414 4375 3485 4416 est
3508 4376 3664 4418 nutu-

376 4440 496 4513 jure
524 4438 787 4513 videantur
809 4439 1003 4513 diaboli
1030 4436 1278 4513 ptagtuti;
1302 4457 1476 4495 rerum
1497 4443 1657 4512 utqui
1677 4452 1794 4494 sunt
1816 4457 1969 4510 opera
2000 4455 2047 4513 ι)
2075 4440 2204 4503 rule,
2252 4438 2399 4513 quod
2428 4437 2749 4513 .ll'anichteus
2799 4437 3044 4513 ﬁnxerat.
3078 4436 3166 4490 sed
3194 4447 3247 4488 tu
3280 4436 3485 4488 nomine
3522 4453 3660 4488 com-

382 4508 501 4572 Dei,
535 4509 661 4574 ﬁant
703 4511 919 4578 pignora
948 4510 1075 4573 Dei;
1121 4508 1167 4564 ct
1195 4513 1281 4579 qui
1326 4508 1607 4569 nascuntur
1632 4513 1798 4566 uiliter
1819 4508 1967 4574 ,‘non

383 4589 552 4631 tamen
592 4581 762 4638 noxie.
792 4592 1129 4651 renascantur
1166 4585 1404 4651 pretiose,
1448 4600 1548 4637 non
1576 4594 1742 4637 tamen
1773 4584 1970 4635 mlum-

381 4652 524 4702 niosc
547 4670 563 4707 .-
590 4651 774 4717 quique
798 4649 1049 4715 prodeunt
1078 4667 1141 4704 ex
1168 4649 1266 4706 Dei
1306 4654 1559 4707 institutis
1584 4697 1598 4717 ,
1628 4654 1971 4720 provehantur

382 4721 638 4790 mysteriis
672 4721 795 4787 Dei;
824 4731 870 4775 et
893 4724 983 4791 qui
1010 4720 1230 4788 a/ferunt
1258 4740 1413 4789 opera
1442 4738 1659 4781 naturw.
1688 4724 1822 4777 dona
1852 4741 1970 4793 gra-

382 4793 470 4865 tite
499 4806 896 4865 consequantur,
923 4809 985 4846 ac
1017 4794 1266 4846 Dominus
1287 4811 1430 4865 suus,
1458 4796 1545 4865 qui
1585 4812 1667 4848 eos
1701 4796 1817 4860 fecit
1847 4812 1972 4847 con-

382 4862 555 4985 gendo
602 4862 759 4918 bonos
792 4904 808 4931 ,
870 4863 1027 4935 faciat
1078 4864 1371 4919 innovando
1417 4862 1813 4937 adoptandoque
1863 4883 1970 4919 me-

408 4950 558 4985 tores.

408 4950 558 4986 ιονεε.

461 5014 486 5039 ι
519 5003 636 5059 Non
668 5013 752 5059 est
782 5020 875 5059 uss
895 5046 911 5069 ,
941 5006 1082 5073 quod
1111 5008 1299 5071 sciam,
1328 5008 1543 5074 quando
1571 5007 1667 5060 fuit
1696 5022 1876 5060 sermo
1903 5007 1971 5061 de

385 5074 694 5141 baptismo;
720 5079 813 5129 sed
840 5079 907 5131 de
938 5079 1244 5143 penitentia
1276 5078 1413 5131 dixit
1440 5079 1604 5131 David
1638 5096 1650 5130 :
1692 5077 1792 5131 Cor
1822 5094 1972 5130 mun-

386 5147 513 5219 dum
540 5161 657 5219 orca
701 5146 754 5199 in
780 5163 863 5219 me
880 5146 1031 5219 ‘Deus
1051 5190 1066 5212 ,
1116 5150 1439 5219 etspiritum
1474 5159 1663 5201 rectum
1705 5152 1888 5219 innova
1919 5150 1971 5201 in

386 5215 664 5270 tisceribus
690 5218 815 5271 meis
843 5222 857 5283 ί
873 5215 1018 5271 Psal.
1041 5238 1089 5283 ι,
1116 5215 1236 5286 12).
1255 5220 1397 5273 Dixit
1426 5230 1476 5274 et
1508 5220 1804 5274 Jereinias:
1836 5218 1969 5273 Con-

383 5297 520 5339 verte
545 5302 658 5349 nos,
686 5286 923 5351 Domine,
954 5298 1003 5342 et
1032 5292 1616 5357 convertemur;innova
1636 5292 1743 5346 dies
1773 5302 1976 5345 nostros

384 5357 577 5429 situla
605 5360 859 5426 principio
888 5357 1101 5429 (Thren.
1133 5376 1184 5425 v,
1214 5359 1330 5429 ‘31).

465 5426 492 5465 δ
527 5428 797 5498 Pelagiani
844 5426 965 5483 cum
995 5430 1256 5485 adversus
1285 5426 1584 5487 catholicos
1612 5431 1680 5485 de
1713 5446 1971 5501 propaga-

383 5497 537 5553 tione
567 5497 771 5572 peceali
800 5502 1086 5555 altAdamu
1110 5503 1159 5555 in
1193 5514 1437 5571 posteros
1463 5497 1826 5572 tiiSptttarettl,
1848 5518 1973 5571 pec-

382 5581 574 5624 eattnu
597 5571 725 5624 illud
756 5573 1059 5626 maluerunt
1102 5574 1284 5628 dicere
1320 5571 1563 5628 naturale
1605 5589 1763 5643 quam
1812 5573 1974 5641 origio

385 5643 533 5716 nale,
553 5653 610 5694 ut
641 5651 789 5716 tanta
813 5644 1069 5716 majorem
1096 5644 1333 5700 facerent
1359 5645 1501 5716 apud
1533 5646 1709 5699 minus
1731 5645 1974 5698 eruditos

389 5712 642 5767 homines
662 5714 956 5770 catholicos
989 5715 1269 5780 invidiam,
1294 5712 1494 5785 quanto
1516 5716 1826 5770 viderentur
1849 5732 1975 5783 pro-

387 5786 603 5855 piorem
633 5788 833 5845 habere
852 5829 865 5851 ,
898 5788 1089 5843 saltent
1121 5788 1291 5844 verba
1316 5799 1489 5852 tenus,
1517 5787 1827 5843 alliuitatetu
1849 5802 1971 5842 cum

2077 4520 2271 4563 mutato
2322 4510 2574 4579 originale
2618 4524 2764 4561 vocas
2792 4548 2806 4570 ,
2832 4507 3107 4579 interiisse
3162 4518 3447 4579 peccaturo,
3505 4519 3608 4579 ιιιιι.
3643 4522 3658 4566 ς

2078 4575 2763 4649 responderi;Augustinus
2795 4576 2932 4646 (Lib.
2964 4592 2996 4629 v
3032 4577 3133 4643 0p.
3168 4575 3530 4649 lmperﬂcup.
3561 4576 3617 4645 υ)
3644 4593 3657 4628 ;

2076 4648 2208 4715 Nos,
2241 4653 2439 4720 inquit,
2476 4650 2725 4721 originale
2756 4658 3019 4721 peccatum
3050 4657 3317 4721 propterea
3357 4648 3661 4721 signiﬁcans

2072 4724 2173 4775 tius
2199 4718 2355 4790 quain
2401 4718 2640 4777 naturale
2670 4719 2905 4780 dicimus,
2938 4727 2993 4770 ut
3025 4735 3125 4790 non
3148 4718 3316 4771 divini
3344 4718 3539 4785 operis,
3573 4718 3668 4770 sed

2075 4788 2316 4846 humana:
2342 4793 2555 4865 originis
2577 4791 2920 4865 intelligatur,
2940 4798 3045 4843 etc.
3073 4788 3297 4865 lloc_es_t
3326 4789 3465 4858 quod
3483 4794 3673 4865 vulgo.

2074 4866 2261 4918 dicunt
2292 4865 2344 4917 in
2378 4859 2603 4931 scholis,
2632 4859 2892 4916 macnlun
2944 4865 3146 4929 peicati
3175 4859 3281 4913 dici
3329 4875 3433 4913 non
3463 4860 3663 4913 debere

2074 4933 2264 4989 Adami
2308 4934 2539 5004 poeteris
2572 4934 2904 5004 naturalem,
2954 4932 2998 5004 si
3051 4943 3239 4987 natura
3294 4931 3526 5004 sumitur
3566 4947 3663 4993 pro

2074 5003 2396 5068 substantia,
2423 5021 2541 5073 (pta!
2567 5003 2662 5057 Dei
2685 5019 2817 5072 opus
2841 5011 2952 5065 est;
2985 5003 3106 5056 licet
3136 5018 3262 5073 sere
3280 5003 3350 5057 sit
3377 5003 3658 5067 naturalis,

2074 5078 2120 5129 si
2155 5086 2339 5130 natura
2373 5072 2470 5146 pro
2500 5075 2707 5144 origine
2758 5074 2993 5141 ponitur,
3035 5072 3304 5127 nascendo
3355 5074 3498 5127 enim
3528 5087 3658 5126 con-

2077 5148 2323 5201 trahitur.

2151 5228 2173 5256 ο
2199 5217 2514 5287 Responsio
2535 5215 2812 5287 Augustini
2843 5214 2981 5283 apud
3012 5214 3329 5271 Garuerium
3357 5231 3373 5287 ς
3408 5230 3427 5264 ι
3467 5216 3654 5281 Augu-

2075 5291 2248 5343 stinus
2276 5285 2495 5355 {Quare
2536 5303 2637 5338 non
2674 5286 2848 5356 {uteris
2886 5288 2946 5338 ab
2977 5289 3317 5356 omnipotente
3337 5285 3483 5354 justo
3505 5302 3661 5355 grave

2066 5364 2258 5433 jugum
2283 5375 2435 5433 super
2461 5356 2728 5433 ﬁlios/ida
2752 5374 2780 5409 n
2811 5375 2851 5433 ιι
2871 5358 2953 5412 die
2982 5359 3146 5411 exitus
3174 5358 3433 5433 devenire
3476 5357 3657 5433 matris

2075 5426 2250 5485 eorum
2271 5430 2438 5497 (Eccl.
2462 5445 2551 5492 xt.,
2570 5426 2623 5492 1)
2647 5428 2753 5483 sine
2779 5430 2884 5483 ulla
2905 5433 3095 5498 peccati
3121 5428 3296 5481 merito
3322 5444 3421 5478 non
3441 5430 3666 5497 potuisse

2075 5502 2336 5556 constitui.
2363 5519 2382 5552 ι
2413 5499 2625 5553 Omittit
2651 5509 2708 5552 ut
2734 5515 2891 5567 supra
2924 5502 3188 5555 Balntius.
3222 5498 3377 5552 Eot'r.

2146 5570 2172 5609 δ
2216 5571 2380 5626 Extra
2406 5584 2601 5624 natum.
2638 5571 2711 5624 Ita
2748 5584 2961 5625 veteres
3016 5573 3138 5625 Iihri
3186 5581 3235 5623 et
3266 5569 3431 5623 editio
3462 5567 3664 5623 Gerhe-

2077 5645 2234 5699 ronii.
2260 5643 2553 5699 Garnerins
2581 5643 2819 5710 reposuit
2845 5654 2988 5697 extra
3012 5655 3273 5696 naturam.
3304 5640 3502 5694 Verum
3549 5641 3666 5692 haec

2077 5715 2383 5770 emendatio
2414 5729 2518 5767 non
2544 5722 2662 5767 erat
2688 5714 3014 5780 necessaria,
3054 5731 3175 5769 cum
3220 5727 3417 5769 sensus
3461 5713 3667 5777 alisque

2079 5801 2142 5843 ea
2172 5788 2240 5843 sit
2273 5786 2483 5853 planus.
2516 5785 2715 5840 Bstcz.
