4020 6192
420 312 523 372 156

1630 344 1635 349 ι
1702 306 1894 364 MAR“
1933 304 2371 363 MERCATORlS

3584 304 3693 361 136

416 427 558 498 qttod
586 433 824 482 nascitur
847 441 912 481 ex
940 425 1093 491 vitio,
1123 423 1363 478 vitiatum
1395 430 1479 477 est
1499 463 1515 484 ,
1546 429 1600 475 et
1630 419 1755 475 imle
1784 418 1993 491 lBalus.
2025 424 2070 478 Α
2102 419 2329 484 semina,
2362 420 2460 473 sed
2489 432 2698 473 morum
2725 417 2851 472 vitia
2883 426 3355 488 persequentch
3391 417 3695 491 Tamquam

415 516 558 590 juri]
589 518 797 574 medico
827 527 882 573 et
910 516 1341 582 redintegratore
1384 514 1588 584 indiget
1615 512 1855 567 Christo.

440 664 441 667 η
1032 604 1261 661 CAPUT
1304 605 1387 660 Vl.
1878 605 1884 611 ’

487 699 620 763 Item
647 700 699 751 in
732 697 907 752 eodem
936 698 1070 751 libro
1109 698 1340 766 capitulo
1378 712 1503 751 unt
1530 696 1677 749 verba
1705 695 1928 748 Juliani.

493 809 512 841 ι
548 791 640 844 Ille
667 791 861 857 quippe
895 804 1004 843 non
1033 789 1195 850 dixit;
1242 798 1525 855 peccatum
1580 787 1862 850 transisse,
1905 785 2002 841 sed

417 894 676 946 mortem;
720 894 947 934 mortem
996 880 1177 949 utique
1218 879 1402 948 judicii
1446 879 1645 932 illatam
1693 880 2001 943 severitate,

420 972 880 1043 prazvaricationis
905 971 1182 1035 ultricem;
1218 987 1322 1023 non
1346 985 1629 1040 corporum
1653 970 1878 1033 semina,
1908 969 2004 1023 sed

420 1084 629 1122 morum
655 1066 781 1120 vitia
812 1071 1279 1133 persequentem.)
1309 1071 1334 1099 οι

462 1210 465 1213 .
490 1161 543 1217 1.
573 1160 652 1213 Ad
678 1159 814 1211 haec.
842 1157 1190 1220 Bardissiine,
1222 1166 1313 1208 tuo
1345 1165 1397 1209 te
1427 1154 1659 1223 pugione
1693 1152 1859 1208 feristi
1888 1171 1900 1206 :
1928 1154 2008 1208 vis

419 1253 560 1303 enim
584 1266 688 1303 non
715 1259 1013 1318 peccatum,
1039 1247 1132 1301 sed
1156 1255 1384 1300 mortem
1408 1245 1638 1300 transire
1664 1261 1758 1314 per
1777 1245 2005 1312 semina,

423 1359 580 1409 quam
618 1350 795 1393 tamen
826 1339 907 1393 ais
939 1356 958 1389 ‹
989 1337 1177 1407 judicii
1210 1338 1411 1391 illatam
1464 1337 1769 1400 severitate,
1805 1352 2013 1405 praeva-

428 1433 704 1488 ricationis
728 1430 992 1484 ultricem.
1010 1447 1030 1481 ›
1055 1428 1335 1483 Referatur
1358 1428 1517 1498 igitur
1538 1428 1631 1482 tibi
1653 1428 1721 1482 de
1740 1438 1854 1482 tuo.
1870 1427 2010 1494 Quid

429 1525 532 1593 hoc
576 1525 641 1576 ad
694 1534 962 1592 posteros,
996 1521 1083 1589 qui
1117 1534 1310 1575 euntes
1358 1518 1581 1573 omnino
1626 1518 1821 1573 mortui
1866 1527 2010 1583 sunt,

428 1618 750 1679 moriuntur,
785 1623 947 1683 atque
976 1613 1294 1677 morientur,
1343 1612 1431 1667 illa
1463 1613 1648 1682 utique
1694 1622 1866 1667 morte
1893 1627 2015 1681 qua:

428 1722 523 1776 per
553 1719 743 1758 omnes
775 1703 1017 1757 homines
1048 1701 1375 1771 pertransiit,
1399 1702 1673 1770 ultrixque
1697 1702 2014 1769 praevarica-

2102 511 2292 580 jubcas
2335 511 2512 579 petitis
2556 526 2715 580 quam
2759 509 2955 564 doceas
3000 510 3205 564 nullum
3237 525 3362 566 esse
3392 522 3693 579 mortuum,

2106 618 2278 671 neque
2309 605 2467 670 mori,
2501 619 2600 659 nec
2631 605 2967 669 moriturum,
3004 604 3104 658 nisi
3148 604 3240 673 qui
3274 604 3409 660 Adae
3438 607 3700 676 praevari-

2106 697 2331 771 catiouis
2358 697 2626 750 exstiterit
2665 697 2923 750 imitator.
2956 697 3070 751 Non
3105 698 3305 767 pudeat
3341 708 3503 753 tantze
3540 701 3700 755 vani-

2108 788 2272 840 tatis?
2298 786 2445 840 ltane
2475 788 2651 840 nullus
2684 787 2811 850 fuit,
2842 788 2925 841 vel
2958 796 3041 841 est
3070 787 3304 854 futurus,
3340 790 3422 844 vel
3455 799 3556 855 est,
3586 793 3703 847 sal-

2109 886 2218 932 tem
2260 876 2288 915 ιι
2330 876 2625 930 secundum
2670 878 2910 946 magistri
2945 877 3019 930 tui
3065 877 3263 948 Pelagii
3299 878 3694 945 definitionem,

2108 982 2229 1037 qua:
2251 983 2279 1021 a
2310 976 2360 1021 te
2390 975 2470 1020 tot
2498 966 2651 1021 libris
2678 967 2897 1021 defensa
2927 976 3031 1031 est,
3059 982 3161 1035 qua
3188 967 3347 1022 ambo
3377 968 3696 1036 decernitis,

2116 1079 2135 1111 ι
2169 1074 2327 1129 posse
2376 1059 2649 1114 hominem
2693 1073 2814 1113 esse
2847 1061 2966 1114 sine
3018 1069 3263 1127 peccato,
3309 1070 3362 1117 et
3413 1062 3569 1117 facile
3600 1063 3699 1118 Dei

2113 1152 2362 1206 mandata
2408 1152 2661 1205 servare?
2692 1169 2710 1203 ι
2747 1150 2816 1205 Ut
2847 1166 2975 1220 ergo
3006 1151 3339 1219 dicebamus,
3385 1154 3471 1207 vel
3502 1168 3703 1208 secun-

2111 1243 2238 1297 dum
2259 1258 2357 1295 vos
2383 1244 2546 1311 ipsus,
2570 1241 2748 1294 nullus
2776 1241 2869 1295 fuit
2897 1256 2992 1309 per
3016 1250 3093 1295 tot
3113 1241 3329 1308 sarcula,
3353 1242 3468 1311 qui,
3490 1242 3702 1297 alienus

2116 1334 2276 1401 hujus
2307 1341 2501 1387 vestra:
2545 1331 2864 1385 imitationis
2893 1332 3173 1395 inventus,
3221 1332 3359 1385 hanc
3387 1333 3439 1386 in
3470 1346 3529 1387 se
3566 1333 3704 1388 Adm

2114 1441 2327 1496 pmnam
2350 1441 2455 1479 non
2480 1433 2779 1479 mereretur
2801 1424 3075 1491 excipere,
3100 1439 3259 1493 quam
3285 1424 3420 1479 dicis
3442 1444 3462 1483 ί
3495 1441 3704 1494 praeva-

2115 1517 2392 1570 ricationis
2425 1515 2692 1583 ultricem,
2726 1524 2782 1569 et
2809 1529 2930 1584 quae
2960 1529 3065 1568 non
3092 1515 3330 1578 semina,
3358 1515 3453 1569 sed
3489 1532 3700 1571 morum

2116 1607 2245 1664 vitia
2271 1608 2423 1677 jussa
2468 1616 2553 1662 est
2594 1607 2869 1677 persequi.
2903 1624 2921 1657 ι
2953 1605 3019 1661 Et
3061 1617 3207 1661 certe
3251 1606 3305 1660 hi
3349 1622 3484 1676 quos
3521 1606 3704 1664 dicitis

2124 1719 2143 1753 ‹
2175 1716 2334 1770 posse
2360 1714 2481 1754 esse
2508 1700 2625 1754 sine
2652 1708 2895 1767 peccato,
2926 1707 2983 1753 et
3009 1699 3164 1753 facile
3197 1698 3290 1753 Dei
3314 1700 3562 1754 mandata
3589 1716 3708 1756 ser-

427 1804 611 1863 tionis,
647 1807 705 1853 ut
735 1796 905 1851 dicis?
934 1794 1066 1850 Nam
1094 1794 1220 1849 illud
1254 1795 1398 1849 aliud
1432 1795 1711 1849 ridendum
1743 1804 1847 1865 est,
1874 1794 2013 1865 quod
2048 1797 2094 1856 B
2122 1806 2269 1856 vare,
2296 1809 2313 1842 ι
2347 1804 2470 1844 esse
2497 1789 2615 1843 sine
2646 1789 2791 1843 vitiis
2814 1789 3031 1844 debent.
3058 1790 3394 1845 Postremum
3426 1799 3506 1845 tot
3537 1792 3705 1848 millia

427 1892 526 1957 ais,
551 1903 804 1953 mortem,
827 1904 984 1960 quam
1011 1903 1221 1955 pcenam
1243 1902 1363 1942 esse
1385 1886 1566 1944 disisti
1593 1889 1817 1955 peccati,
1843 1889 2015 1942 solam

440 1984 704 2037 transisse
734 1981 786 2038 in
817 1996 1006 2051 genus,
1038 1981 1240 2051 absque
1266 1981 1359 2036 illo
1384 1981 1525 2050 quod
1552 1980 1709 2049 hujus
1732 1983 1860 2034 tanti
1894 1981 2018 2036 mali

430 2075 641 2129 exstitit
664 2088 847 2127 causa.
873 2072 953 2127 En
981 2073 1229 2141 egregius
1251 2072 1381 2139 justi
1405 2071 1593 2139 judicii
1624 2072 1718 2126 Dei
1740 2072 2013 2137 delensnr,

430 2168 519 2235 qui
544 2181 753 2234 poenam
780 2164 1077 2234 prosatoris
1100 2165 1436 2218 transmittas
1463 2163 1514 2218 iu
1546 2173 1812 2233 posteros,
1840 2177 2014 2234 ptena:
2070 2210 2080 2221 .

433 2257 550 2326 ejus
574 2271 792 2310 causam
823 2271 928 2310 non
964 2254 1262 2310 habentes!

498 2348 554 2406 2.
583 2347 823 2405 Delectat
845 2356 1024 2402 autem
1049 2345 1190 2417 quod
1219 2346 1491 2403 subnectis
1509 2364 1522 2403 :
1543 2366 1564 2401 ι
1589 2346 1705 2402 Νοη
1727 2360 2013 2415 corporum

2125 1882 2404 1937 infantium
2433 1881 2638 1952 absque
2660 1880 2790 1934 vitio
2812 1881 2921 1935 ullo
2938 1881 3231 1937 secundum
3263 1898 3358 1936 vos
3389 1894 3699 1948 nascuntur,

2123 1977 2233 2032 nati
2274 1984 2429 2043 sunt,
2480 1985 2642 2044 atque
2674 1982 2983 2029 nascentur.
3010 1975 3117 2029 Cur
3148 1976 3326 2042 itaque
3353 1976 3453 2030 hac
3483 1975 3701 2047 [Βαιαι.

2126 2068 2282 2140 haec],
2312 2084 2431 2137 quia
2457 2066 2641 2135 judicii
2672 2067 2960 2121 severitate
2982 2067 3125 2121 illata
3151 2076 3234 2122 est
3257 2068 3419 2125 ultrix
3451 2073 3707 2139 prmvari-

2124 2160 2351 2219 cationis
2372 2156 2586 2230 [Baluz.
2610 2172 2714 2211 om.
2735 2155 3214 2229 praevaricationis]
3229 2199 3244 2222 ,
3260 2173 3442 2223 morte
3464 2160 3709 2229 plectun-

2127 2261 2239 2319 tur,
2272 2265 2429 2319 quant
2462 2263 2563 2303 nec
2588 2261 2749 2301 causa
2789 2261 2883 2301 sua
2920 2256 3102 2302 secuta
3144 2256 3247 2317 est,
3279 2264 3398 2321 nec,
3448 2261 3507 2307 ut
3545 2251 3707 2321 dicis,

2125 2344 2338 2400 transiit
2362 2342 2415 2397 in
2442 2354 2765 2411 quemquam
2796 2352 2817 2378 ε
2846 2341 3117 2412 ipsorum?

1572 2554 1579 2561 α
1600 2482 2161 2539 CASTIGATIONES
2203 2482 2292 2537 ET
2333 2480 2552 2540 ΝΟΤᾹΞ.

434 2618 525 2671 tiae
556 2615 867 2683 originalis,
901 2615 1357 2684 quemadmodum
1390 2614 1632 2668 definivit
1662 2615 1720 2671 S.
1755 2615 2015 2683 Thomas,

432 2689 641 2743 duabus
687 2694 904 2754 Oportet
951 2697 1200 2741 constare
1246 2686 1530 2754 partibus,
1563 2702 1666 2739 una
1712 2688 2015 2752 tnateriali,

434 2776 551 2828 qua:
579 2757 1385 2828 concupiscentia:Aetii-unitas;
1418 2757 1584 2810 altera
1617 2758 1867 2828 formali,
1901 2772 2021 2825 qua:

433 2826 719 2883 charitatis
746 2830 1002 2896 privatio.
1050 2826 1197 2881 Illam
1230 2838 1386 2879 vocat
1428 2828 1761 2894 Augustinus
1790 2826 2017 2894 vitium,

439 2901 685 2955 morbum
707 2939 722 2963 ,
754 2900 1070 2964 languorem
1093 2938 1109 2963 ,
1139 2909 1195 2951 et
1220 2898 1415 2951 ntalum
1446 2907 1685 2962 naturae;
1716 2900 1871 2951 istam
1901 2913 2025 2966 pec-

441 2983 620 3024 catum
652 2979 707 3023 et
737 2970 970 3037 culpam.
1000 2970 1168 3037 Culpa
1203 2970 1525 3021 sacramenti
1554 2968 1753 3022 virtute
1796 2970 2021 3033 tollitur,

438 3042 630 3096 vitium
681 3039 1000 3105 relinquitur
1044 3039 1109 3092 ad
1160 3054 1425 3106 agonem:
1477 3040 1581 3093 eisi
1623 3040 1709 3093 vel
1757 3040 2027 3106 peccando

436 3114 670 3176 crescit,
719 3111 803 3165 vel
846 3111 985 3164 bene
1033 3111 1243 3178 agendo
1290 3108 1573 3176 minuitur,
1621 3121 1824 3177 qttanto
1858 3111 2028 3179 magis

437 3193 531 3235 aut
561 3181 819 3250 peccandi
850 3180 1245 3235 consuetudine
1274 3191 1559 3242 creatura,
1591 3188 1684 3234 aut
1716 3180 1859 3234 Deus
1892 3181 2028 3235 bene

439 3253 670 3305 vivendo
701 3252 980 3305 dulcescit.
1030 3250 1495 3317 Quemadmodum
1518 3251 1698 3304 amba:
1738 3262 1917 3317 partes
1946 3252 2031 3315 ju-

441 3323 607 3378 stitize
652 3321 929 3391 originalis
978 3322 1047 3374 ita
1094 3323 1552 3376 connectebantur
1593 3330 1800 3382 mutuo,
1831 3330 1888 3375 ut
1911 3321 2028 3376 fue-

446 3395 558 3447 rint
602 3393 729 3445 olim
758 3394 808 3444 in
841 3394 1045 3444 Adamn
1076 3391 1364 3445 innocente
1387 3436 1401 3458 ,
1435 3391 1733 3459 futuraeque
1762 3403 1943 3446 essent
1977 3394 2029 3446 in

442 3464 675 3533 posteris
706 3461 1086 3533 innocentibus
1117 3461 1337 3515 unicum
1372 3461 1729 3533 beneficium;
1776 3464 1846 3516 ita
1891 3462 2027 3516 utri-

447 3530 615 3601 usque
645 3532 809 3599 partis
836 3530 1076 3585 vacuitas
1095 3572 1111 3596 ,
1142 3541 1198 3584 ut
1225 3533 1438 3585 unicum
1469 3532 1568 3585 fuit
1592 3533 1642 3585 in
1671 3532 1881 3586 Adamn
1907 3548 2030 3602 pec-

445 3614 601 3657 cante
628 3603 917 3664 damnum,
953 3602 1021 3654 ita
1054 3610 1180 3655 sunt
1207 3602 1421 3655 unicum
1451 3604 1502 3658 in
1535 3604 1764 3667 posteris
1793 3605 2025 3670 malum,

444 3674 618 3728 donec
671 3683 1029 3728 renascantur
1079 3673 1131 3726 in
1185 3671 1442 3740 Christo,
1498 3685 1554 3729 et
1604 3673 1728 3729 novi
1782 3674 2029 3730 homines

446 3746 598 3803 ﬁant.
1908 3771 1912 3774 ‘

515 3815 701 3869 Justus
730 3828 858 3883 ergo
884 3828 1005 3868 cum
1039 3824 1289 3884 procreat
1318 3814 1456 3869 tilios
1477 3858 1491 3881 ,
1521 3814 1642 3884 quia
1674 3830 1738 3869 ex
1770 3830 1836 3869 eo
1864 3814 2031 3885 gignit

445 3886 585 3953 quod
621 3885 861 3937 relictum
903 3893 986 3939 est
1014 3886 1081 3939 ad
1123 3901 1348 3954 agonem
1372 3929 1384 3951 ,
1420 3895 1698 3952 peccatum
1741 3901 1861 3940 cum
1898 3887 2031 3940 vitio

446 3955 958 4036 traducitintilium
985 3972 999 4020 ;
1029 3958 1141 4010 suis
1182 3956 1324 4011 enim
1359 3957 1635 4025 principiis
1678 3956 1876 4011 similia
1905 3966 2031 4011 sunt

443 4041 562 4096 qua:
588 4042 656 4080 CX
691 4041 818 4094 IpSlS
844 4037 959 4078 orta
990 4037 1130 4080 ειιιιι.

519 4098 594 4149 Eo
641 4098 912 4166 pertinent
958 4104 1069 4154 tum
1117 4095 1500 4150 similitudines
1529 4094 1724 4165 quibus
1756 4096 2023 4151 interdunt

450 4168 617 4219 utitur
647 4170 1009 4235 Augustinus,
1045 4176 1153 4221 tum
1202 4181 1360 4219 voces
1406 4167 1791 4235 tnetaphorica:
1837 4169 2031 4236 quibus

451 4236 588 4291 hanc
635 4254 746 4289 rem
793 4237 1044 4302 extilicat.
1094 4240 1181 4291 Ait
1224 4237 1364 4290 enini
1410 4237 1585 4289 vitiata
1626 4254 1733 4290 esse
1761 4250 2030 4305 parentum

447 4310 664 4378 semina,
696 4324 860 4378 aegros
890 4309 1011 4361 oriri
1043 4325 1105 4361 ea:
1124 4309 1297 4374 atat-is,
1327 4308 1702 4360 incircumcisos
1729 4324 1790 4361 ea:
1815 4311 2030 4361 circum-

448 4377 569 4431 cisis
590 4414 607 4443 ,
654 4393 716 4429 ea:
757 4377 880 4430 oleis
926 4379 1091 4430 insitis
1123 4380 1368 4431 oleastras
1389 4419 1404 4443 ,
1434 4393 1497 4430 ea:
1517 4379 1676 4447 justis
1706 4388 1991 4446 peccatores
2011 4419 2026 4442 ,

449 4447 570 4517 quia
603 4447 912 4514 generando
947 4448 1244 4501 traducitur
1273 4463 1399 4502 caro
1421 4488 1435 4509 ,
1468 4463 1626 4516 quae,
1657 4464 1852 4517 expers
1894 4450 2027 4503 lrcni

2135 2614 2372 2669 tificibus
2400 2614 2709 2683 opinionem
2732 2655 2747 2681 ,
2780 2614 2933 2682 Quod
2958 2616 3267 2670 consortium
3300 2616 3485 2673 divina:
3515 2629 3714 2676 natura

2129 2687 2194 2738 sit
2221 2686 2415 2759 homini
2446 2684 2681 2759 naturale
2704 2726 2718 2752 ,
2753 2687 3100 2753 pertinaciter
3130 2688 3301 2759 tueri,
3336 2699 3388 2741 ut
3423 2692 3551 2744 lides
3582 2706 3713 2759 pec-

2129 2758 2231 2812 cati
2260 2756 2539 2823 originalis
2569 2758 2655 2809 vix
2691 2771 2797 2809 non
2831 2767 3235 2824 perverteretur
3266 2757 3317 2811 in
3347 2756 3712 2817 commentum

2129 2842 2329 2893 suppar
2357 2826 2704 2892 blasiihemite
2750 2827 2990 2897 Illyrici?
3036 2827 3173 2894 Quid
3216 2829 3535 2892 exillicatius
3581 2848 3712 2886 sen-

2136 2897 2301 2951 tentia
2327 2897 2383 2951 S.
2416 2897 2674 2961 Thomas,
2714 2898 2867 2965 cujus
2914 2897 3188 2952 Summam
3236 2898 3551 2967 Jansenius,
3602 2906 3715 2957 Au-

2134 2968 2402 3032 gustinum
2432 2978 2803 3038 contractum,
2832 2979 2886 3022 et
2916 2978 3062 3021 certa
3098 2971 3444 3038 proportione
3474 2974 3703 3033 rationi.

2137 3038 2237 3092 bus
2279 3037 2610 3091 naturalibus
2641 3038 2911 3106 alligatum
2946 3040 3142 3093 vocat?

2059 3142 2103 3205 c
2259 3108 2866 3205 Favete:sesein
2890 3110 3026 3205 “lf‘lf!
3051 3109 3719 3205 93'."°"'.‘.'I‘f‘.1‘"8"5"'

2138 3193 2236 3232 nus
2262 3196 2274 3230 :
2308 3177 2373 3231 In
2405 3195 2464 3233 eo
2508 3180 2711 3248 quidem
2755 3180 2889 3241 loco,
2936 3181 3024 3234 ulti
3055 3183 3246 3235 dictum
3276 3192 3346 3236 est
3375 3199 3393 3237 :
3423 3182 3527 3237 Per
3552 3177 3720 3241 unum

2132 3250 2388 3303 hominem
2420 3260 2682 3322 peccatum
2712 3252 2924 3322 intrarit
2943 3252 2995 3303 in
3028 3256 3296 3317 mundum,
3329 3264 3375 3305 et
3406 3270 3497 3322 per
3527 3272 3718 3321 pecca-

2132 3331 2239 3373 tum
2264 3337 2421 3382 mors,
2450 3333 2498 3374 et
2522 3321 2595 3375 ita
2623 3322 2677 3373 in
2706 3337 2877 3374 omnes
2906 3320 3136 3375 homines
3178 3320 3721 3393 pertransiit;iutrum

2130 3404 2415 3461 peccatum,
2448 3409 2513 3445 an
2545 3406 2702 3453 mors,
2745 3409 2809 3445 an
2841 3402 3112 3460 utrum/ue
3151 3411 3240 3460 per
3277 3410 3453 3448 omnes
3484 3398 3719 3451 homines

2130 3463 2469 3537 pertransisse
2507 3461 2703 3537 dictum
2746 3463 2833 3527 sit,
2866 3463 3067 3515 videtur
3095 3465 3406 3537 ambiguum.
3445 3467 3552 3521 Sed
3590 3469 3718 3537 quid

2132 3534 2317 3585 horum
2362 3534 2448 3597 sit,
2494 3548 2577 3585 res
2624 3533 2740 3594 ipsa
2780 3536 2895 3604 jam
2927 3544 3101 3600 aperte
3131 3533 3488 3592 demonstrat:
3522 3533 3640 3591 nam
3672 3539 3723 3593 si

2132 3616 2395 3677 peccatum
2422 3619 2530 3677 non
2553 3606 2933 3677 perlt'ansisset,
2962 3620 3065 3656 non
3095 3606 3257 3657 omnis
3283 3605 3435 3659 homo
3464 3624 3579 3660 cum
3604 3608 3721 3677 lege

2132 3675 2347 3742 peccati,
2376 3689 2490 3739 qua:
2516 3676 2567 3725 in
2612 3674 2847 3728 membris
2877 3686 2968 3740 est,
3002 3686 3326 3741 nasceretur;
3356 3678 3399 3730 si
3441 3695 3579 3732 mors
3618 3674 3724 3734 non

2134 3745 2510 3810 pertransisset,
2542 3760 2643 3796 non
2671 3760 2841 3797 omnes
2888 3744 3135 3811 homines,
3171 3758 3415 3811 quantum
3456 3749 3524 3801 ad
3568 3751 3726 3808 istam

2132 3816 2475 3868 conditionem
2531 3813 2823 3886 mortalium
2873 3817 3117 3883 pertinet,
3171 3827 3508 3872 morerentur.
3563 3820 3719 3886 Quod

2132 3894 2303 3938 autem
2349 3886 2472 3938 dicit
2517 3884 2815 3949 Apostolus,
2864 3888 2915 3937 in
2943 3903 3045 3956 quo
3074 3902 3245 3943 omnes
3280 3884 3632 3955 peccaverunt,
3666 3892 3726 3946 in

2132 3971 2233 4028 quo
2260 3955 2600 4028 intelligitur?
2628 3955 2723 4008 nisi
2750 3955 2936 4021 Adam,
2980 3959 3031 4008 in
3060 3974 3159 4025 quo
3197 3974 3281 4011 eos
3324 3962 3447 4012 dicit
3491 3971 3536 4012 et
3562 3963 3721 4028 mori,

2132 4027 2254 4097 quia
2283 4044 2382 4080 non
2407 4039 2513 4078 erat
2531 4027 2732 4097 justum
2760 4028 2868 4078 sine
2894 4029 3106 4079 crimine
3128 4030 3348 4081 transire
3377 4027 3717 4097 supplicium.

2136 4096 2537 4171 Quocumquegte’
2562 4107 2746 4157 vertas,
2782 4098 3391 4171 nullormodocatholicte
3434 4096 3557 4170 ﬁdei
3599 4103 3726 4171 {un-

2134 4168 2372 4241 danienta
2402 4168 2679 4241 subvertes,
2712 4170 2993 4241 pf'tcsertim
3020 4169 3141 4235 quia
3172 4180 3220 4221 et
3250 4182 3304 4222 tu
3334 4168 3443 4241 ipse
3488 4173 3578 4225 tibi
3600 4168 3725 4225 ad,-

2132 4238 2370 4300 versaris,
2400 4239 2485 4306 qui
2532 4254 2668 4289 nunc
2706 4237 2865 4298 diris,
2900 4255 2996 4290 non
3025 4250 3288 4309 peccatum
3321 4237 3587 4305 transisse,
3627 4245 3723 4297 sed

2135 4321 2364 4367 mortem,
2416 4323 2532 4360 cum
2577 4309 2811 4373 superius
2862 4310 3083 4369 dixeris,
3116 4311 3419 4371 Apostolum
3466 4316 3581 4365 ideo
3618 4330 3726 4371 non

2133 4379 2264 4431 duos
2296 4379 2546 4440 homines,
2584 4379 2671 4431 sed
2703 4395 2858 4430 unum
2903 4380 3208 4445 inculcasse,
3249 4393 3301 4433 ut
3329 4383 3526 4436 doceret
3549 4385 3727 4437 imita-

2134 4450 2272 4522 tione
2311 4450 2719 4522 transissenton
2763 4451 3084 4517 generatione
3132 4468 3415 4522 peccatum.
3463 4454 3600 4520 Quid
3645 4464 3726 4508 est

446 4516 675 4590 justitia:
718 4517 993 4584 originalis
1023 4520 1253 4590 animam
1301 4519 1500 4586 excipit
1539 4532 1813 4572 carentem
1856 4519 2024 4572 altera
2057 4523 2105 4581 Ι)
2133 4519 2268 4586 quod
2318 4535 2453 4572 nunc
2501 4520 2652 4586 dicis,
2701 4516 2802 4572 non
2847 4529 3108 4589 peccatum
3132 4516 3401 4590 transisse,
3451 4516 3539 4578 sed
3579 4541 3723 4581 mor-

446 4588 676 4656 justitia:
708 4599 857 4659 parte
878 4631 891 4653 ,
910 4603 1043 4659 quae
1073 4587 1305 4659 charitas
1325 4629 1341 4646 .
1372 4590 1543 4644 donec
1572 4605 1690 4645 eam
1723 4605 1817 4659 per
1846 4606 2027 4645 sacra-

455 4669 692 4711 mentum
726 4656 925 4710 Christi
958 4656 1196 4725 recipiat,

522 4730 724 4782 Anetor
767 4727 983 4796 quidam
1030 4732 1252 4783 nmltum
1295 4729 1495 4784 laboris
1537 4729 1720 4783 hacin
1754 4738 1905 4798 parte
1937 4744 2031 4797 po-

450 4802 591 4861 suit,
625 4813 677 4854 et
707 4800 789 4852 vix
828 4813 1002 4851 tamen
1049 4799 1213 4856 hilum
1258 4800 1515 4867 profecit,
1562 4811 1844 4868 propterea
1886 4800 2030 4869 quod

450 4872 637 4925 tualuit
677 4870 877 4938 aliquid
921 4869 1133 4932 dicere,
1183 4886 1289 4937 quo
1335 4871 1646 4924 dOI‘lOllbtlS
1691 4871 2031 4925 scholasticis

449 4944 886 5002 contradiceiet,
940 4956 1097 5009 quam
1152 4940 1462 4994 Consentire
1510 4941 1710 4995 sanctis
1758 4941 2030 5010 magistris

449 5014 747 5081 Augustino
777 5020 841 5081 et,
861 5012 1082 5064 'l‘hmna:
1103 5052 1118 5075 ,
1151 5012 1218 5065 de
1251 5025 1403 5077 paeto
1437 5012 1599 5063 Deum
1634 5014 1772 5066 inter
1802 5021 1858 5065 et
1885 5012 2027 5065 Ada-

451 5096 593 5133 mnm
628 5083 778 5134 inito.
812 5080 987 5145 Quare
1015 5092 1232 5136 ceactus
1262 5092 1345 5134 est
1375 5082 1438 5134 ad
1471 5082 1731 5136 absurdus
1763 5083 2025 5147 quasdam

444 5154 787 5227 conjeCturas
820 5152 1002 5206 venire
1023 5193 1038 5216 ,
1071 5152 1135 5227 de
1160 5161 1401 5227 corrupto
1428 5163 1694 5227 parentum
1720 5156 1931 5227 semine,
1966 5156 2031 5208 (le

443 5220 619 5273 vitiata
652 5238 739 5289 per
768 5234 1029 5291 peccatum
1060 5222 1242 5274 Adumi
1268 5224 1505 5289 temperie
1525 5264 1538 5283 ,
1571 5224 1632 5273 de
1660 5225 1862 5276 occulta
1891 5220 2030 5276 mor-

449 5291 668 5365 bosaque
696 5292 944 5365 qu_alitate
970 5309 1002 5365 ᾳ
1026 5295 1275 5365 serpentis
1315 5292 1480 5345 halitu
1510 5294 1733 5346 immissa
1758 5335 1772 5356 ,
1803 5295 2030 5365 aliisque

447 5361 712 5416 similibus
745 5361 1033 5429 figmentis,
1067 5378 1187 5431 qme
1218 5380 1310 5432 per
1340 5378 1601 5416 summam
1645 5365 1893 5432 injuriam
1920 5361 2031 5420 Au-

444 5433 660 5500 gustino
689 5434 1038 5501 aflinguntur.

520 5503 625 5557 Sed
656 5504 781 5572 quid
812 5520 946 5569 opus
989 5503 1166 5557 fuerat
1208 5504 1559 5573 quzrstioncm
1585 5544 1600 5567 ,
1642 5519 1760 5557 cum
1793 5506 2026 5574 primum

446 5585 783 5637 nasceretur,
820 5575 978 5642 paulo
1007 5576 1222 5645 quidem
1255 5575 1623 5630 obscuriore")
1647 5618 1662 5641 ,
1709 5578 1801 5629 sed
1844 5577 2031 5629 tinctu-

440 5657 568 5697 rum
615 5656 800 5713 postea
848 5646 1030 5700 labore
1081 5648 1441 5712 Ecclesiatque
1470 5664 1632 5701 sensu
1665 5646 2025 5708 illustratatn,

440 5713 861 5787 iternmoffusis
904 5716 1115 5771 nebulis
1167 5718 1218 5769 iu
1268 5719 1522 5787 pristinas
1570 5733 1826 5772 remeare
1877 5730 2028 5771 tene-

439 5785 606 5843 bras?
633 5786 716 5844 Au
745 5787 878 5842 tanti
905 5801 1018 5842 erat
1050 5785 1352 5843 damnatam
1383 5804 1410 5843 a
1442 5790 1610 5847 tribus
1638 5790 1861 5845 summis
1896 5805 2027 5857 pun—

2132 4591 2269 4642 tem?
2289 4609 2307 4642 ο
2344 4590 2494 4645 Εοιτ.

2208 4662 2231 4697 δ
2264 4660 2539 4716 Notandus
2567 4662 2616 4715 in
2644 4660 2834 4729 primis
2860 4661 3009 4715 locus
3031 4705 3044 4727 ,
3074 4678 3138 4717 ex
3167 4678 3273 4727 quo
3304 4672 3513 4717 constat
3538 4667 3722 4722 multis

2138 4729 2289 4783 libris
2317 4747 2344 4783 a
2376 4730 2590 4784 .luliano
2619 4734 2894 4786 defensam
2943 4732 3108 4786 fuisse
3156 4734 3350 4802 Pelagii
3395 4744 3718 4791 sententiam

2134 4802 2204 4853 de
2247 4802 2601 4869 impeccantia
2633 4803 2886 4866 hominis,
2918 4813 2971 4856 et
3017 4804 3220 4859 viribus
3259 4816 3466 4859 natura:
3505 4806 3569 4859 ad
3596 4819 3720 4860 ser-

2134 4873 2304 4946 vanda
2327 4872 2431 4946 Dei,
2455 4883 2741 4941 pra-cepta.
2772 4874 2976 4940 Quibus
3007 4886 3183 4928 autem
3213 4875 3281 4929 de
3311 4876 3462 4929 libris
3485 4877 3727 4946 loquitur

2137 4940 2437 4996 Mercator?
2460 4940 2643 5015 neque
2672 4947 2813 5015 enim
2852 4947 2952 4997 hoc
2977 4956 3350 5009 argumentum
3376 4958 3464 4999 aut
3494 4940 3723 5015 in'prio-

2137 5026 2214 5076 re,
2242 5023 2334 5066 aut
2366 5015 2415 5065 in
2451 5014 2745 5082 posteriore
2787 5014 2984 5068 .luliani
3016 5016 3191 5081 Opere
3235 5018 3493 5070 adversus
3529 5014 3586 5071 S.
3613 5020 3730 5072 Au-

2135 5086 2405 5149 gustinum
2459 5095 2741 5138 tractatum
2794 5095 2893 5137 est.
2929 5092 3007 5139 An
3050 5086 3263 5143 Juliano
3296 5087 3574 5140 tribuenda
3610 5099 3735 5151 est,

2135 5163 2355 5207 auctore
2404 5154 2720 5219 Mercatore,
2762 5156 2991 5223 epistola
3044 5157 3108 5209 ad
3169 5157 3607 5211 Demetriadem?
3639 5159 3729 5214 An

2138 5224 2271 5277 liber
2297 5224 2364 5279 de
2398 5224 2626 5285 Natura,
2661 5236 2715 5278 et
2763 5226 2885 5279 libri
2928 5236 3039 5281 tres
3083 5227 3151 5281 de
3200 5227 3392 5281 Libero
3437 5230 3679 5283 Arbitrio
3710 5272 3727 5294 ,

2136 5294 2345 5365 aliaque
2383 5295 2644 5362 ejusmodi
2676 5295 2874 5364 Opera,
2922 5313 3042 5365 quin
3074 5298 3266 5359 Pelagii
3307 5312 3493 5360 sensu,
3540 5301 3731 5355 verbis

2137 5362 2335 5439 Juliani
2360 5369 2656 5433 composita
2678 5362 2828 5420 sint?
2860 5362 3284 5423 'An'tribueodus
3312 5384 3543 5437 quoque,
3580 5372 3729 5439 quod

2134 5435 2351 5488 aliunde
2377 5439 2621 5503 augurati
2651 5452 2838 5492 smnus
2860 5479 2873 5502 ,
2910 5439 3049 5492 liber
3095 5435 3622 5503 Ratiocinatitnum‘,
3670 5442 3728 5494 in

2134 5506 2328 5571 quibus
2360 5509 2588 5574 Qilatslit)
2620 5518 2846 5577 utraque
2874 5511 3130 5573 agitatur,
3154 5519 3209 5562 ct
3239 5510 3532 5564 secundum
3569 5511 3735 5564 Pola-

2133 5577 2466 5714 gii)ipentem
2492 5578 2744 5632 delinitur
2768 5578 2930 5649 (Vide
2960 5580 3165 5634 dissert.
3200 5583 3256 5646 1,
3286 5581 3339 5633 in
3370 5583 3537 5650 elogio
3565 5580 3736 5634 Petu-

2133 5662 2203 5713 gn

2170 5662 2203 5697 Η

2170 5665 2181 5696 1

2132 5665 2597 5790 ἔἷιέ-ῐρηεηιιμιαηι
2643 5718 2864 5790 lapsum.
2910 5718 2986 5772 ita
3032 5728 3245 5773 veteres
3288 5719 3410 5775 libri
3457 5730 3511 5775 et
3556 5720 3730 5773 editio

2129 5786 2476 5846 Gei'bcronii.
2509 5790 2616 5849 Sed
2640 5786 2935 5848 Garnerius
2963 5792 3199 5855 reposuit
3218 5791 3484 5852 ipsorum.
3517 5790 3725 5853 Batus.
