4020 6192
219 388 324 445 145

1082 378 1288 435 LIBER
1324 372 1897 463 SUBNOTATlONUM
1924 338 2005 433 lN
2047 375 2275 432 VERBA
2316 374 2603 432 .lULlANl.

3375 375 3477 431 146

288 501 344 558 1.
374 499 460 555 Ad
491 499 627 553 hinc.
655 496 715 553 Si
744 494 1015 566 iudicialis
1046 503 1128 550 est
1152 497 1253 550 ista
1285 509 1429 549 mors
1453 493 1661 567 [Baluz.
1693 511 1797 550 om.
1832 501 1876 558 Α
1908 495 2189 549 verborum
2237 492 2582 562 Crepitaculis
2629 491 2795 563 magis
2842 506 3001 560 quam
3045 491 3172 546 ullis
3214 489 3487 547 declama-

219 590 385 663 mors]
418 606 520 661 qua
564 588 858 643 mulctatus
910 586 1079 642 Adam
1131 595 1236 651 est,
1265 594 1319 639 et
1376 585 1489 654 ipsa
1551 594 1634 639 est
1683 602 1800 655 qua:

216 684 435 739 transiit
477 693 529 737 et
560 680 752 736 transit
806 679 860 733 in
915 688 1182 749 posteros,
1219 693 1344 745 non,
1376 689 1433 733 ut
1482 679 1583 741 ais,
1615 694 1800 733 omnes

217 777 468 839 omnino,
490 771 584 825 sed
607 773 675 823 ad
706 770 854 823 solos
875 769 1209 832 imitatores;
1240 783 1359 835 quae
1387 767 1471 821 vel
1497 767 1671 837 qualis
1693 768 1801 821 erit

219 866 307 920 illa
339 866 449 918 alia
478 877 597 933 qua:
625 863 862 916 animam
888 879 915 912 a
949 875 1180 930 corpore
1210 860 1465 928 separat?
1497 859 1594 914 llic
1622 869 1801 914 arcta-

221 969 305 1012 tus
339 975 356 1009 :
393 975 415 1008 s
446 955 742 1018 Naturalis,
772 954 1006 1022 inquies,
1040 952 1163 1022 quia
1193 950 1359 1006 Adam
1392 952 1505 1005 sive
1527 958 1796 1020 peccaret,

218 1050 338 1103 sive
352 1063 461 1100 non
476 1052 1003 1113 peccaret,mortuus
1026 1043 1231 1097 fuisset.
1258 1061 1277 1094 ι
1300 1041 1379 1096 En
1401 1051 1625 1096 stemma
1650 1040 1799 1095 Chri-

214 1143 455 1196 stiannm
473 1142 489 1194 ι
513 1150 537 1173 ει
554 1154 618 1193 eu
640 1137 1007 1193 ecclesiastica
1024 1135 1239 1206 antiqua
1255 1124 1501 1188 traditio!
1527 1133 1631 1188 Sed
1650 1135 1798 1188 vides

214 1248 433 1299 netnpe,
467 1230 737 1299 quomodo
764 1237 819 1283 te
847 1228 1043 1297 ipsum,
1080 1227 1133 1281 in
1173 1226 1331 1281 dictis
1361 1225 1467 1281 tuis
1495 1226 1799 1280 contrarius

214 1323 427 1397 (Batus.
454 1320 763 1392 contrariis]
796 1320 912 1387 tibi,
945 1329 1214 1389 tamquam
1240 1319 1423 1388 vipera
1453 1319 1646 1386 lauies,
1674 1333 1799 1375 cum

1911 587 2145 642 tionibus
2175 585 2409 640 studium
2442 586 2599 639 inane
2625 584 2905 653 dependis.

1976 676 2026 730 2.
2061 675 2264 731 Vellem
2296 686 2471 728 autem
2506 685 2556 728 te
2587 676 2823 743 pressius
2849 676 3201 744 interrogare,
3226 672 3293 728 de
3318 688 3469 727 mor-

1908 778 1958 822 te
2012 764 2422 835 cujusqucmodi
2477 764 2601 833 quid
2655 756 2889 827 sentias,
2940 766 3028 835 qui
3086 780 3271 819 earum
3322 779 3480 818 unam

1906 858 2200 927 quamlibet
2230 857 2420 912 saltem
2452 857 2683 911 transire
2715 856 3005 925 permittis.
3034 856 3203 912 Velim
3235 872 3366 925 ergo
3398 856 3478 910 di-

1907 965 1999 1006 cas
2030 951 2157 1005 mihi
2189 951 2313 1021 quid
2342 953 2411 1004 sit
2439 964 2606 1012 mors,
2626 965 2747 1018 quae
2772 958 2861 1003 tuo
2880 948 3084 1017 judicio
3111 950 3319 1004 transit.
3345 950 3484 1005 Sub-

1903 1045 2100 1099 stantia
2153 1054 2236 1100 est
2288 1044 2373 1099 vel
2432 1052 2653 1108 natura,
2695 1058 2763 1096 an
2816 1057 2905 1098 res
2960 1041 3139 1111 aliqua
3193 1042 3483 1097 accidens?

1901 1137 1929 1177 δ
1958 1140 2298 1195 Meminimus
2327 1140 2471 1194 enim
2515 1151 2757 1210 tempore
2800 1155 2906 1209 quo
2952 1153 3195 1209 prtesens
3250 1138 3302 1191 in
3342 1137 3478 1191 urbe

1903 1229 2092 1295 Roma,
2125 1244 2246 1285 cum
2276 1240 2298 1268 ο
2330 1229 2663 1299 principibus
2706 1228 2863 1299 hujus
2891 1228 3248 1285 amentissimi
3271 1226 3475 1282 erroris

1904 1324 2004 1387 tui,
2032 1323 2084 1377 in
2134 1322 2406 1377 nonnullis
2454 1322 2881 1393 simplicioribus
2913 1316 3211 1376 Ecclesium
3244 1318 3475 1374 ventila-

1388 1494 1927 1554 CASTIGATIONES
1968 1498 2054 1552 ET
2093 1468 2323 1556 uorax.

210 1636 465 1707 gustinn_s
495 1650 510 1686 ε
543 1631 944 1707 Hoc‘loqtteris,
971 1630 1108 1707 quod
1136 1628 1389 1707 objecta-nt
1408 1628 1782 1707 diceresiarcltag

210 1698 379 1760 ἰαιγο
408 1703 627 1772 Pelagio
668 1702 723 1755 in
761 1698 1042 1770 episcttpali
1079 1700 1282 1770 judicio
1319 1698 1618 1772 Palaestino,
1641 1700 1782 1769 quod

211 1782 280 1832 ita
307 1777 478 1844 factus
510 1769 664 1843 fuerit
684 1773 871 1835 Adam,
894 1781 958 1844 _i_tt
982 1769 1091 1824 sive,
1114 1778 1367 1844 peccaret,
1402 1769 1504 1824 sive
1529 1785 1630 1821 non
1664 1786 1782 1835 pec-

211 1840 370 1906 caret.
401 1840 684 1898 moriturus
704 1852 854 1895 esset.
884 1840 1030 1894 lianc
1051 1842 1188 1894 enim
1218 1851 1453 1901 mortem,
1484 1856 1581 1907 qua
1610 1856 1782 1893 omnes

214 1919 485 1974 morimur.
518 1916 583 1967 de
604 1930 705 1979 qua
731 1914 923 1965 dictum
966 1920 1039 1964 est
1070 1926 1089 1963 :
1117 1912 1162 1963 Α
1208 1910 1419 1964 muliere
1465 1911 1669 1963 initium
1698 1911 1781 1978 fa-

214 2000 347 2040 ctum
394 1994 470 2038 est
520 1984 734 2053 peccati,
764 1992 810 2035 et
857 1980 1261 2053 prapterillam
1309 1980 1557 2053 morimur
1585 1979 1777 2053 (AEcAcli.

1890 1631 1981 1684 nio
2010 1631 2154 1696 quod
2194 1646 2262 1686 ex
2287 1632 2394 1686 alio
2419 1630 2597 1699 Opere
2639 1631 2771 1684 satis
2809 1639 3190 1700 perspexerat;
3223 1631 3370 1685 visus
3398 1638 3483 1691 est

1885 1709 2061 1771 tamen
2094 1717 2158 1755 eo
2179 1702 2459 1764 inclinare,
2481 1713 2539 1755 ut
2564 1702 2725 1756 alicui
2765 1703 2941 1769 potius
2965 1712 3296 1757 sectatorum
3320 1717 3481 1771 quam

1888 1769 2108 1837 ipsimet
2135 1770 2391 1827 leesdo
2422 1772 2805 1826 tribuerentur.

1958 1840 2013 1894 lii
2044 1841 2181 1895 hanc
2203 1858 2301 1910 ego
2321 1843 2675 1912 posteriorem
2704 1842 3026 1895 sententiam
3047 1857 3153 1895 non
3184 1842 3476 1896 admodum

1889 1911 2088 1966 invitus
2112 1913 2279 1976 abeo;
2311 1911 2405 1966 Sed
2435 1912 2578 1965 addo
2608 1918 2870 1980 praeterea
2902 1912 3176 1978 conjicere
3213 1928 3299 1965 me
3322 1928 3350 1964 a
3386 1913 3481 1966 Ju-

1893 1981 2039 2034 liano
2068 1984 2322 2049 scriptas.
2364 1982 2499 2037 Nam
2532 1993 2587 2036 et
2614 1986 2731 2050 ipse
2784 1993 3019 2038 sectator
3058 1982 3299 2037 Cnelestii
3347 1983 3477 2049 fuit,

368 2031 490 2122 3‘3),
520 2031 627 2105 non
652 2031 817 2107 vis'ex
838 2031 1043 2124 precciuo
1070 2051 1121 2104 in
1153 2067 1339 2124 omnes
1358 2051 1537 2124 fecisse
1559 2031 1785 2124 origina-
1820 2031 1860 2089 Β
1891 2051 2104 2124 qualem
2140 2031 2353 2124 volebat
2381 2031 2659 2124 auctorem
2692 2031 3061 2121 Augustinus;
3086 2062 3141 2106 et
3172 2031 3479 2108 Siculoruni

217 2130 326 2181 ﬁter
354 2119 659 2188 transitum,
690 2140 751 2176 ne
780 2119 979 2191 cogaris
1010 2122 1162 2191 fateri
1186 2119 1339 2173 simul
1365 2121 1521 2172 etiam
1553 2121 1785 2191 origina-

216 2199 329 2251 litcr
354 2195 605 2250 transisse
635 2202 896 2259 peccatum
922 2207 941 2245 :
968 2190 1125 2263 sentis
1150 2191 1334 2263 quippe
1364 2205 1515 2258 quam
1544 2190 1777 2259 iniquum

215 2272 277 2322 sit
303 2270 414 2320 sine
437 2266 621 2319 merito
638 2258 642 2259 ί
659 2266 901 2317 transisse
933 2258 1260 2332 supplicium}
1277 2258 1653 2332 Verumtamen
1681 2270 1786 2332 tam

214 2338 525 2392 catholicum
567 2345 662 2397 est,
693 2335 831 2401 quod
871 2329 1166 2403 expugnare
1203 2330 1425 2403 conaris,
1452 2340 1506 2383 ut
1546 2329 1641 2383 hoc
1671 2330 1783 2403 ille,

213 2410 315 2469 cui,
339 2409 477 2461 sicut
524 2404 656 2463 dixi,
687 2403 939 2472 objectum
967 2400 1061 2467 est,
1092 2403 1187 2454 nisi
1216 2400 1530 2472 damnasset,
1559 2401 1784 2471 profecto

212 2497 273 2532 α
291 2482 382 2530 illo
403 2476 612 2548 judicio
633 2470 907 2527 damnatus
935 2470 1327 2548 exiisset.__blors
1349 2488 1467 2548 ergo
1494 2483 1539 2525 et
1571 2473 1665 2524 ista
1687 2488 1787 2539 qua

212 2543 421 2615 spiritus
439 2564 471 2598 a
496 2561 710 2615 corpore
728 2554 1030 2614 separatur;
1056 2553 1103 2596 et
1130 2543 1222 2615 illa
1243 2557 1359 2615 quas
1387 2544 1577 2596 dicitur
1605 2558 1787 2596 secun-

211 2613 301 2679 da,
327 2635 435 2687 qua
459 2613 665 2687 spiritus
691 2613 808 2667 cum
834 2629 1045 2680 corpore
1064 2613 1396 2687 cruciabitur,
1424 2621 1672 2687 quantum
1686 2622 1775 2687 Δαι.

212 2684 349 2743 tinet
366 2688 439 2739 ad
469 2684 706 2738 meritum
744 2686 944 2756 generis
972 2684 1204 2749 humani,
1240 2689 1292 2737 in
1340 2684 1787 2756 attines‘honiines

212 2759 509 2830 pertransiit
544 2772 563 2808 :
592 2759 679 2809 sed
705 2753 871 2830 gratia
903 2755 1013 2830 Dei,
1051 2771 1140 2821 per
1169 2771 1285 2809 eum
1314 2754 1401 2820 qui
1429 2753 1561 2830 venit
1593 2761 1651 2805 ut
1680 2769 1790 2830 mo-

211 2824 393 2883 riendo
426 2843 647 2897 regnum
676 2824 853 2879 mortis
884 2827 1106 2894 auferret
1136 2841 1196 2878 ea
1236 2824 1603 2878 resurrectione
1638 2824 1788 2897 cujus

214 2903 267 2952 in
292 2901 385 2952 illo
414 2896 674 2965 prtecessit
707 2898 1013 2967 exemplum.
1046 2905 1254 2949 mortem
1272 2910 1485 2965 regnare
1512 2910 1616 2948 non
1641 2896 1785 2967 sinit.

216 2969 332 3023 Hoc
354 2964 490 3021 tenet
522 2968 776 3020 catholica
804 2964 952 3032 fides,
977 2967 1076 3019 lioc
1110 2976 1276 3037 tenent
1291 2967 1497 3037 judices
1526 2981 1668 3037 quos_
1687 2964 1788 3018 Pe-

218 3041 390 3107 lagius
422 3038 739 3107 formidavit,
770 3040 864 3091 hoc
884 3054 987 3091 non
1010 3048 1174 3093 tenent
1204 3034 1428 3092 literetici
1467 3052 1595 3106 quos
1635 3034 1791 3088 Pela-

218 3112 329 3179 gius
358 3109 653 3162 seminavit.
680 3147 693 3160 .
717 3148 729 3161 .
763 3107 826 3160 Et
854 3108 899 3160 si
922 3117 974 3161 tu
999 3107 1184 3161 oblitus
1207 3124 1257 3161 es
1281 3110 1631 3189 gravejugum
1653 3107 1791 3174 quod

219 3190 467 3247 aggraeat
490 3188 776 3247 nascentes,
807 3194 901 3231 nos
929 3187 978 3232 te
1000 3188 1165 3231 tamen
1190 3195 1297 3231 non
1339 3178 1630 3230 desistimus
1651 3192 1793 3230 com-

226 3242 445 3302 monere.
472 3287 487 3301 .
511 3289 526 3301 .
550 3288 564 3301 .
585 3288 598 3301 .
632 3245 854 3301 Frustra
901 3260 1037 3301 recta
1085 3248 1234 3301 verba
1281 3256 1536 3317 torquere,
1559 3256 1606 3299 et
1647 3249 1791 3301 clara

226 3322 499 3374 obscurare
539 3320 742 3371 conaris
773 3335 790 3372 :
817 3320 869 3371 in
916 3335 975 3371 eo
1020 3327 1349 3389 peccaverunt
1398 3334 1570 3371 omnes
1608 3318 1660 3370 in
1691 3336 1792 3382 quo

224 3395 517 3443 moriuntur
548 3405 720 3442 omnes
744 3406 762 3442 :
788 3390 897 3454 ipse
941 3388 1027 3443 est
1046 3388 1235 3461 Adam.
1256 3389 1317 3461 in
1358 3404 1465 3461 quo
1496 3389 1542 3461 si
1578 3391 1793 3461 parvuli
1818 3400 1865 3461 ρ

225 3478 324 3514 non
354 3462 675 3523 mariuntur,
701 3461 925 3528 profecto
954 3475 1045 3512 nec
1067 3460 1118 3511 in
1142 3457 1347 3513 Christo
1370 3458 1793 3525 viviﬁcabuntur;

224 3536 307 3584 sed
331 3532 581 3600 quoniam
604 3531 736 3582 sicut
760 3531 813 3583 in
836 3530 1003 3583 Adam
1028 3544 1201 3600 omnes
1229 3530 1543 3600 moriuntur,
1569 3531 1641 3582 ita
1670 3540 1717 3582 et
1740 3531 1793 3583 in

221 3597 422 3656 Christo
455 3616 634 3654 omnes
664 3600 1053 3664 viviﬁcabuntur
1085 3600 1127 3670 (I
1154 3598 1273 3653 Cor.
1312 3615 1404 3664 xv,
1437 3597 1549 3665 22),
1574 3600 1689 3653 ideo
1711 3601 1797 3668 qui

218 3675 394 3725 colunt
448 3672 560 3724 hwc
602 3670 751 3721 verba
798 3681 1101 3738 pervertere,
1146 3671 1276 3738 ipsi,
1324 3671 1398 3724 eis
1451 3670 1792 3736 manentibus,

216 3752 536 3796 evertuntur.
568 3760 587 3792 ι
610 3742 769 3795 Ent'l'.

288 3824 315 3850 ³
357 3813 596 3880 Idipsum
633 3811 889 3878 prolixius
918 3826 947 3864 a
981 3812 1269 3866 Mercatore
1309 3819 1494 3877 postea
1527 3818 1799 3876 repetetur

218 3883 374 3953 (Cap.
394 3881 453 3945 ‘2,
484 3898 628 3936 num.
652 3882 731 3950 6).
768 3880 912 3934 Dixit
940 3896 1067 3936 vero
1094 3897 1188 3953 per
1217 3882 1445 3953 ironiam
1468 3895 1536 3953 ea
1553 3896 1679 3953 quae
1700 3895 1795 3935 ex-

220 3949 522 4035 plicemus,
574 3964 634 4021 ut
663 3952 977 4033 .castigaret
1022 3952 1340 4033 insolentem
1389 3949 1795 4035 Pelagianorum

214 4020 554 4095 ﬁdentiam,
583 4020 676 4089 qui
698 4037 828 4095 cum
849 4022 943 4075 toti
969 4031 1150 4095 essent
1175 4021 1228 4095 in
1253 4036 1391 4076 novo
1414 4020 1659 4095 dogmate
1680 4037 1801 4095 per-

218 4091 525 4158 iusdendo,
553 4107 616 4148 se
659 4092 789 4145 nihil
822 4100 1002 4147 tamen
1034 4093 1295 4145 doctrinm
1338 4091 1551 4145 tradere
1600 4094 1797 4147 menti-

217 4175 427 4227 rentur,
453 4165 557 4217 nisi
588 4162 729 4231 quod
758 4178 785 4214 a
812 4162 1104 4231 majoribus
1131 4162 1461 4229 accepissent
1481 4178 1497 4226 ;
1521 4162 1684 4216 immo
1709 4178 1799 4217 ca-

219 4238 434 4287 tholiete
490 4232 616 4287 fidei
668 4232 1073 4297 defensoribus,
1123 4248 1218 4301 per
1268 4233 1656 4288 intolerabilem
1704 4250 1796 4289 ca-

218 4305 487 4359 lumniam
513 4345 528 4367 ,
563 4304 854 4357 novitatem
885 4303 1119 4372 obiicere
1148 4317 1253 4355 non
1289 4302 1690 4359 erubescerent.

280 4374 361 4429 Ita
393 4375 648 4443 Pelagius
681 4373 818 4442 (Lib.
843 4374 905 4428 de
926 4373 1051 4429 Nat.
1086 4382 1132 4428 et
1162 4372 1308 4426 (ἔται.
1337 4389 1451 4441 cap.
1477 4373 1537 4429 6!
1564 4384 1612 4428 et
1636 4372 1797 4443 seqq.)

222 4460 370 4498 suam
402 4445 471 4498 de
496 4443 851 4513 impeccantia
883 4444 1191 4511 Opinionem
1220 4453 1498 4511 acceptam
1532 4445 1803 4500 referebat

219 4514 525 4576 Lactantio,
558 4515 784 4579 llilario,
830 4516 1148 4581 Ambrosio,
1180 4514 1589 4586 Clirysostomo,
1648 4516 1799 4586 Sixto

220 4586 679 4653 pseudomartyri,
716 4585 1076 4655 Hieronymo,
1134 4593 1187 4639 et
1218 4585 1434 4652 ipsiniet
1478 4585 1797 4654 Augusuno.

224 4658 287 4707 Its
316 4657 618 4711 lecstius
647 4655 741 4724 (1η
780 4654 955 4709 libello
984 4654 1137 4709 Fidei
1170 4672 1317 4725 quem
1349 4655 1459 4709 sedi
1506 4656 1801 4722 apostolica:

221 4728 420 4792 obtulit)
451 4742 517 4779 ea
548 4742 668 4792 qua:
689 4726 757 4780 de
782 4726 1163 4795 prophetarum
1185 4736 1242 4780 et
1265 4726 1630 4792 apostolorum
1655 4726 1798 4781 fume

222 4775 580 4865 attigisset;
601 4775 1162 4864 zé..i.'..i'.}.’..’gii.'i..“ig
1189 4775 1691 4865 bidtitii‘jtuic’i}.
1709 4775 1797 4849 'er
1831 4775 1872 4833 υ

222 4866 358 4919 ferre
380 4864 449 4937 se
478 4867 734 4931 iactabat.
772 4866 843 4918 Ita
867 4866 1109 4921 Julianus
1137 4866 1271 4929 (Lib.
1304 4882 1324 4919 1
1371 4866 1524 4935 Oper.
1573 4864 1794 4937 imperf.

223 4954 329 5007 cap.
355 4935 451 5005 59)
483 4938 777 4989 novitatem
810 4938 1167 5007 exprobrabat
1195 4938 1540 5007 Augusuiio:
1577 4935 1698 4989 Non
1724 4935 1796 4990 est

223 5008 323 5059 hec
352 5009 488 5073 fidus
526 5009 651 5075 (qua
681 5006 919 5060 creditur
945 5015 1218 5074 peccatum
1241 5006 1546 5074 originale),
1577 5009 1801 5075 antiqui-

224 5088 298 5128 tss
334 5078 532 5129 tradita
570 5086 723 5145 atque
748 5077 987 5145 fundata,
1020 5077 1117 5147 nisi
1145 5077 1199 5129 in
1237 5076 1468 5147 conciliis
1506 5078 1793 5147 malignan-

225 5150 361 5209 tiiim,
384 5148 647 5209 inspirata
671 5165 703 5200 a
739 5148 967 5218 diabolo,
994 5146 1197 5218 prolata
1241 5164 1270 5199 a
1324 5146 1630 5218 Alanicfneo,
1662 5147 1798 5201 cele«

225 5224 355 5269 brato
384 5236 417 5271 α
456 5218 744 5280 Marciane,
782 5217 993 5278 Fausto,
1025 5217 1314 5287 Adimanto,
1356 5217 1689 5287 omnibusque
1718 5235 1796 5270 eo-

226 5303 329 5338 rum
358 5289 692 5353 satellitibus,
716 5298 763 5340 et
795 5305 928 5340 nunc
964 5305 996 5339 a
1038 5300 1085 5341 te
1107 5291 1159 5339 in
1202 5285 1382 5351 Italia,
1421 5285 1559 5356 quod
1582 5285 1805 5358 graviter

227 5360 488 5424 gemimus,
516 5366 770 5409 eriictata.

287 5428 311 5465 δ
348 5429 662 5482 Occasione
695 5427 851 5497 hujus
880 5426 979 5480 loci
1015 5442 1119 5480 non
1158 5428 1265 5480 erit
1302 5429 1661 5496 importunum
1695 5428 1796 5480 ali-

228 5500 334 5565 quid
365 5500 643 5552 disserere
667 5498 736 5552 de
761 5506 980 5552 auctore
1006 5497 1122 5550 libri
1156 5497 1534 5550 Definitionum
1568 5514 1661 5552 seu
1692 5497 1797 5551 Ra-

229 5572 654 5633 ttocinationum,
682 5569 875 5637 quibus
896 5568 1189 5635 respondet
1217 5570 1548 5636 Augustinus
1577 5570 1626 5622 in
1656 5568 1795 5621 libro

230 5640 281 5690 de
305 5638 645 5694 Perfectione
680 5639 927 5707 jiistitim.
964 5638 1230 5691 Diibitavit
1259 5640 1548 5705 aliquando
1576 5651 1793 5695 siinctiis

228 5707 403 5763 40ctor
434 5728 501 5763 :iii
531 5710 976 5765 ratiocinationes
1004 5711 1110 5763 ilbe
1137 5710 1370 5763 C(elesui
1404 5708 1596 5771 forent,
1616 5726 1680 5762 aii
1712 5711 1791 5761 al-

230 5787 377 5835 terius
396 5796 460 5835 es
496 5782 694 5837 eadem
722 5780 951 5836 factione
985 5798 996 5833 :
1024 5780 1283 5834 fatebatur
1303 5778 1518 5849 quidem
1547 5779 1785 5834 tiiiicdici

228 5863 333 5905 sese
356 5852 623 5921 lecstii,
661 5867 757 5909 nec
791 5851 1013 5923 putabat
1035 5852 1324 5907 abhorrere
1364 5852 1430 5906 ab
1460 5850 1601 5906 illius
1640 5851 1786 5921 iuge-

1891 2121 2118 2192 ainicus,
2145 2137 2279 2189 quos
2311 2123 2450 2176 inter
2476 2123 2723 2192 vulgatus
2756 2134 2872 2177 erat
2906 2124 3073 2186 liber;
3107 2133 3160 2175 et
3189 2123 3256 2174 ab
3298 2125 3479 2192 Augu-

1890 2190 2035 2261 siino
2057 2192 2142 2245 vel
2170 2194 2418 2259 cognitus
2451 2208 2555 2246 non
2585 2191 2709 2257 fuit,
2737 2193 2822 2247 vel
2851 2192 3027 2261 potius
3060 2194 3326 2246 nominari
3370 2190 3475 2247 non

1890 2260 2098 2331 debuit,
2123 2263 2246 2330 quia
2282 2265 2510 2317 necdum
2543 2278 2604 2316 se
2634 2264 2812 2331 palam
2854 2260 3198 2330 prodiderat;
3231 2273 3284 2317 et
3312 2265 3479 2317 ratio-

1889 2329 2215 2403 cinationem
2262 2349 2366 2402 qua
2394 2333 2463 2388 de
2496 2329 2692 2402 agitur,
2727 2349 2831 2388 non
2858 2329 3172 2388 absimilem
3210 2334 3327 2388 aliis
3357 2350 3478 2403 qua:

1894 2401 2033 2455 libro
2058 2401 2423 2469 continentur,
2451 2401 2701 2467 instituit;
2734 2413 2787 2456 et
2814 2419 2843 2457 a
2867 2407 3168 2457 Mercatore
3197 2420 3301 2457 non
3326 2401 3475 2469 raro,

1890 2471 2201 2539 frequenter
2227 2474 2296 2529 ab
2328 2475 2622 2541 Augustino
2662 2486 2944 2528 accusatus
2974 2485 3077 2539 eSt,
3110 2474 3249 2542 quod
3282 2475 3333 2527 in
3369 2486 3477 2529 tra-

1890 2542 2104 2612 ctandis
2130 2546 2529 2612 quaestionibus
2549 2544 2829 2599 dialectica
2855 2544 3109 2599 methodo
3135 2546 3208 2598 uti
3240 2554 3471 2599 amaret.

1893 2611 2031 2668 Usus
2061 2611 2375 2681 est’autem,
2399 2631 2568 2684 eaque
2598 2616 2754 2682 plane
2782 2623 2988 2679 exacta,
3022 2625 3208 2668 auctor
3238 2615 3356 2668 libri
3374 2615 3477 2671 De-

1891 2683 2199 2738 finitionuin
2231 2702 2243 2736 :
2286 2701 2411 2739 nam
2456 2683 2629 2753 primo
2659 2684 2907 2754 proponit
2934 2700 3037 2754 qua
3068 2684 3135 2738 de
3164 2698 3221 2738 re
3248 2687 3476 2753 quaestio

1892 2764 2150 2826 vertatur,
2168 2771 2236 2807 an
2257 2754 2408 2808 homo
2438 2756 2598 2826 possit
2620 2772 2727 2808 esse
2748 2756 2858 2808 sine
2873 2766 3079 2825 peccato
3100 2772 3115 2819 ;
3144 2755 3474 2826 deindesex-

1892 2824 2067 2879 decim
2092 2824 2589 2881 ratiocinationibus
2612 2836 2820 2893 partem
2845 2824 3202 2880 affirmantem
3219 2825 3474 2891 conficit;

1892 2904 2077 2977 postea
2108 2897 2438 2977 teetimoniis
2472 2897 2767 2977 Scriptura:
2794 2898 3079 2977 confirmat
3121 2898 3476 2977 quae-ratione

1891 2968 2230 3032 Confecerat;
2260 2968 2492 3037 denique
2518 2964 2910 3021 catholicorum
2952 2964 3349 3033 objectionibus
3382 2982 3472 3021 re-
3510 3012 3511 3019 η

1892 3037 2144 3108 spondet,
2174 3047 2227 3091 et
2255 3039 2406 3105 quasi
2447 3053 2545 3108 pro
2571 3038 2827 3092 coroiiide
2860 3038 3145 3108 nonnullas
3173 3037 3472 3108 quiestiuii-

1892 3107 2039 3161 culas
2067 3106 2599 3175 propoiiendas‘suis,
2635 3119 2691 3161 ut
2715 3108 2811 3168 ait,
2841 3106 3165 3160 adversariis
3194 3107 3432 3173 exponit.

1964 3178 2347 3245 Conjecturam
2378 3188 2576 3247 augent
2598 3178 2706 3232 duo
2737 3195 2749 3229 :
2781 3177 3034 3240 alterum,
3057 3176 3200 3245 quod
3232 3177 3360 3232 totis
3393 3179 3474 3233 liis

1892 3248 2163 3302 sexdecim
2194 3250 2713 3317 ratiocinationibus,
2741 3249 2907 3301 immo
2929 3255 2984 3301 et
3009 3248 3306 3317 subiunctis
3327 3247 3474 3302 Scri-

1895 3325 2067 3386 ptura:
2091 3320 2434 3385 testimoniis,
2465 3321 2514 3373 id
2540 3316 2709 3373 unum
2736 3318 2986 3383 efficitur,
3030 3316 3288 3370 hominem
3324 3335 3472 3384 posse

1897 3405 2004 3442 esse
2022 3390 2129 3442 sine
2162 3400 2385 3458 peccato.
2413 3394 2480 3444 At
2510 3392 2645 3444 hanc
2675 3392 2842 3458 ipsam
2884 3388 3079 3457 Pelagii
3108 3388 3470 3443 definitionem

1896 3458 2049 3515 libris
2076 3461 2234 3515 editis
2262 3476 2293 3514 ει
2319 3460 2532 3515 Juliano
2558 3460 2832 3515 defensam
2878 3459 3043 3513 fuisse
3082 3461 3299 3512 trod-dit
3337 3461 3474 3513 Mer-

1897 3543 2046 3584 calor
2090 3529 2219 3601 (Cap
2254 3536 2285 3584 6
2315 3532 2456 3585 illius
2495 3531 2650 3601 Oper.
2679 3548 2819 3585 num.
2850 3527 2907 3599 2)
2940 3547 2954 3584 :
2987 3528 3282 3584 Secundum
3309 3532 3475 3601 magi-

1897 3601 1990 3652 stri
2017 3602 2091 3654 tui
2114 3600 2319 3671 Pelagii
2348 3600 2719 3670 deﬁnitionem,
2749 3616 2864 3669 quia
2893 3617 2923 3651 tt
2953 3611 2998 3654 te
3026 3608 3098 3653 tot
3128 3601 3268 3653 libris
3295 3600 3475 3671 defen-

1897 3686 1955 3723 sa
1980 3681 2077 3731 est,
2106 3689 2206 3741 qua
2231 3670 2382 3724 ambo
2412 3673 2681 3742 decernitis
2724 3686 2871 3742 posse
2912 3670 3165 3724 hominem
3212 3686 3319 3724 esse
3357 3672 3470 3726 sine

1899 3751 2128 3807 peccato,
2165 3750 2210 3794 et
2239 3743 2388 3810 facile
2414 3741 2506 3795 Dei
2532 3741 2777 3794 mandata
2802 3755 3021 3794 servare.

1969 3812 2235 3875 Alterum,
2262 3813 2400 3878 quod
2432 3813 2575 3866 nulla
2620 3810 2737 3867 fere
2776 3810 2847 3864 sit
2886 3810 3027 3864 inter
3054 3810 3323 3866 sexdecim
3354 3811 3472 3866 illas

1900 3880 2341 3935 ratiocinationes
2385 3897 2542 3951 quam
2573 3898 2683 3936 non
2710 3897 2743 3936 a
2783 3879 2995 3951 Jitliano
3050 3880 3239 3935 factam
3274 3880 3473 3936 referat

1901 3952 2248 4019 Augustinus,
2293 3949 2494 4006 nullum
2532 3953 2899 4007 testimonium
2931 3949 3222 4019 Scriptiiite
3248 3965 3353 4016 quo
3380 3952 3474 4005 .lii-

1900 4020 2074 4074 lianus
2104 4037 2211 4075 nun
2245 4021 2406 4077 fuerit
2432 4023 2553 4077 aliis
2580 4026 2631 4077 in
2656 4023 2788 4077 locis
2818 4021 3037 4075 abusus.
3062 4019 3196 4085 Quid
3220 4021 3359 4088 quod
3388 4036 3471 4074 ra-

1903 4092 2198 4153 tiocinatio,
2231 4093 2299 4145 de
2326 4107 2432 4161 qua
2464 4110 2605 4148 nunc
2637 4093 2901 4149 Mercator
2929 4094 3058 4160 agit.
3089 4103 3175 4144 est
3199 4099 3384 4159 quarta
3418 4092 3471 4144 iii

1900 4161 2040 4215 libro
2076 4163 2472 4229 Definitionum,
2503 4163 2607 4219 hoc
2627 4170 2832 4218 tantum
2856 4161 3190 4225 discrimine,
3221 4161 3359 4225 quod
3390 4162 3474 4215 liic
3516 4206 3521 4215 ,

1902 4232 2092 4303 fusius,
2124 4235 2452 4290 contractius
2479 4235 2548 4290 ibi
2583 4234 2917 4303 proponitur.
2941 4231 3028 4285 Sic
3057 4231 3199 4285 enim
3232 4246 3295 4284 se
3315 4232 3475 4285 habet

1903 4302 2112 4373 (Lib.de
2133 4303 2465 4371 PerfJustit.
2481 4302 2769 4359 ratiocinat.
2784 4302 2839 4371 4)
2859 4321 2869 4354 :
2894 4304 3233 4366 Quaerendum
3255 4310 3327 4354 est
3347 4303 3471 4369 quid

1901 4383 1973 4427 est
1999 4386 2279 4445 peccatum,
2297 4386 2463 4443 actus,
2478 4392 2545 4429 an
2565 4392 2664 4429 res.
2684 4374 2744 4431 Si
2763 4391 2841 4445 res
2861 4383 2954 4438 est,
2971 4387 3171 4445 necesse
3196 4382 3270 4425 est
3296 4383 3351 4425 ut
3379 4390 3476 4425 au-

1901 4454 2089 4497 ctorem
2110 4448 2312 4508 habeat,
2340 4458 2385 4497 et
2408 4448 2449 4499 si
2469 4457 2726 4499 auctorem
2755 4444 2940 4497 habere
2965 4444 3178 4505 dicitur,
3197 4446 3319 4513 jam
3344 4446 3476 4496 alter

1903 4525 2089 4581 prteter
2108 4515 2275 4569 Deum
2302 4517 2373 4569 rei
2398 4517 2621 4586 alicujus
2646 4526 2824 4569 auctor
2844 4514 3016 4567 induci
3044 4515 3292 4568 videbitur
3314 4531 3333 4566 :
3361 4524 3412 4567 at
3431 4516 3475 4567 si

1901 4586 1995 4638 hoc
2022 4586 2124 4638 dici
2146 4587 2357 4656 impium
2383 4597 2476 4647 est,
2505 4586 2735 4655 conﬁteri
2765 4602 2963 4638 necesse
2986 4595 3059 4637 est
3089 4593 3346 4649 peccatum
3368 4601 3472 4636 om-
3524 4634 3528 4639 .

1901 4672 1963 4709 ne
1991 4665 2160 4709 actum
2182 4674 2309 4721 esse,
2345 4674 2446 4710 non
2468 4674 2608 4723 rem;
2629 4658 2672 4710 si
2694 4659 2848 4727 igitur
2877 4665 3023 4727 actus
3052 4666 3146 4717 est,
3173 4656 3325 4707 immo
3350 4659 3474 4727 quia

1901 4743 2012 4779 rere
2043 4737 2188 4780 actus
2218 4738 2311 4787 est,
2352 4729 2501 4781 vitari
2530 4724 2727 4791 potest:
2760 4726 2949 4782 Affinis
2976 4740 3188 4791 quoque
3223 4736 3304 4777 est
3330 4724 3475 4780 dcci-
3524 4776 3527 4779 ,

1903 4743 2012 4779 rere
2043 4742 2188 4780 actus
2218 4742 2311 4787 est,
2352 4742 2501 4781 vitari
2530 4742 2716 4791 potesl.
2760 4742 2949 4782 Allhtls
2976 4742 3188 4844 qllutllte
3223 4742 3304 4777 εει
3330 4742 3474 4780 deei-

1903 4812 2002 4849 iiitn
2033 4808 2271 4864 quartae:
2306 4798 2651 4862 Quaerendum
2677 4808 2771 4862 est,
2800 4801 2844 4849 si
2883 4808 3067 4850 natura
3132 4795 3313 4847 ominis
3342 4795 3474 4847 bona

1899 4876 1993 4928 est,
2019 4870 2154 4935 quod
2179 4866 2351 4921 nullus
2389 4883 2576 4935 negare
2618 4869 2715 4921 nisi
2763 4868 2999 4919 Marcion
3026 4875 3114 4935 aut
3156 4864 3474 4918 Manicfiteus

1901 4933 2125 5002 audebit,
2165 4940 2418 5004 quomodo
2455 4933 2613 5006 igitur
2650 4938 2781 4990 bona
2814 4946 2907 5001 est,
2942 4937 2983 4988 si
3010 4933 3200 4986 malum
3225 4934 3272 5006 ei
3302 4950 3475 4988 cavere

1900 5016 2105 5060 nonest
2147 5008 2426 5073 possibile?
2451 5005 2595 5061 omne
2644 5011 2780 5061 enim
2828 5014 3091 5077 peccatum
3127 5005 3323 5057 malum
3366 5022 3475 5059 esse

1898 5079 2009 5147 quis
2040 5077 2234 5131 dubitat
2255 5079 2280 5131 ?

1974 5152 2354 5205 Animadverte
2386 5147 2488 5202 hoc
2532 5148 2583 5200 in
2617 5147 2740 5202 loco
2780 5145 3099 5199 Marcionem
3146 5161 3264 5199 cum
3306 5145 3472 5199 Mani-

1904 5218 2055 5271 chaee
2080 5218 2255 5285 iungi,
2287 5219 2427 5287 quod
2464 5220 2647 5272 soleta
2678 5217 2910 5281 .liiliaiiii,
2936 5227 2991 5271 iit
3017 5228 3226 5287 cuiistat
3269 5228 3375 5269 tum
3408 5232 3472 5270 ex

1904 5288 2181 5353 superiore
2225 5286 2373 5350 nota,
2407 5300 2515 5341 tum
2550 5305 2613 5341 ex
2656 5288 2765 5341 alio
2798 5289 2933 5349 loco,
2986 5288 3070 5341 ubi
3118 5286 3472 5354 Augustinum

1901 5358 2192 5412 lituretieus
2225 5360 2290 5410 ita
2322 5359 2609 5427 compellat
2654 5358 2794 5426 (Lib.
2829 5373 2883 5410 ιιι
2920 5357 3073 5427 Uper.
3108 5355 3324 5425 Imperi.
3354 5375 3470 5422 cap.

1900 5426 1991 5497 ὃὸ)
2026 5446 2038 5478 :
2073 5430 2196 5491 Quis
2220 5441 2270 5480 tu
2295 5446 2365 5489 es,
2391 5431 2477 5491 qui
2512 5429 2788 5481 Marcionis
2813 5439 2936 5481 atstu
2959 5426 3234 5480 Concitatus
3262 5430 3311 5479 in
3339 5431 3479 5479 exci-

1899 5500 2040 5550 dium
2060 5501 2315 5559 a'quitatis
2332 5503 2584 5568 irrumpas
2599 5498 2622 5551 1’
2638 5500 2723 5564 qui
2745 5501 2835 5551 sub
2857 5513 3123 5568 censuram
3143 5498 3333 5565 lingua:
3351 5508 3473 5556 tum.

1897 5571 2147 5637 mysteriis
2177 5571 2345 5623 adltuc
2374 5565 2777 5621 Manicftteorum
2808 5567 3035 5632 lubrica',
3068 5565 3159 5618 Det
3201 5579 3305 5617 tam
3325 5568 3472 5633 judi-

1894 5642 1976 5692 cia
1998 5655 2155 5711 quam
2190 5651 2442 5711 prafcepia
2483 5638 2797 5709 compellas?
2823 5649 2928 5692 etc.
2948 5638 3028 5711 _Et
3060 5639 3171 5690 haec
3201 5638 3475 5704 conjectu-

1899 5726 1969 5763 rae
1998 5705 2337 5764 confirmatio
2355 5705 2445 5764 ἐει
2475 5726 2579 5764 non
2596 5705 3017 5763 contemnenda.

1970 5791 1989 5818 ο
2033 5780 2393 5837 Gerberouius
2422 5780 2771 5849 participibus.
2836 5777 3119 5834 Catum.
