4020 6192
492 326 589 380 ibi

1780 332 1972 387 MAR"
2012 332 2450 388 MERCATORIS

3649 337 3758 397 {5!

483 438 627 492 enim
659 440 886 507 pretium
918 440 1303 510 redemptionis
1330 444 1638 511 importune
1665 459 1761 513 pro
1783 444 1952 499 libero
1980 444 2061 497 ol-
2088 451 2138 506 Α
2235 445 2289 498 4.
2323 456 2349 483 ιι
2380 447 2462 499 An
2490 445 2630 500 forte
2657 445 2803 502 dicas
2850 455 3071 516 propter
3111 460 3333 517 regnum
3365 447 3625 502 caelorum
3646 488 3661 511 ,
3693 461 3747 505 et

485 534 609 583 I‘ert.
645 531 722 584 Ex
755 546 856 599 qua
886 532 1050 586 etiam
1082 534 1399 599 renovandi,
1434 550 1552 598 seu,
1586 544 1643 589 ut
1671 546 1725 588 tu
1757 536 1867 599 vis,
1898 535 2062 588 inno-

484 621 644 673 vandi
686 632 812 676 sunt
856 630 1124 677 vetustate
1153 623 1206 677 hi
1231 663 1247 689 ,
1292 639 1431 692 quos
1466 639 1589 681 esse
1616 626 1749 681 dicis
1776 626 2061 695 imaginem

485 713 598 775 ltoi,
631 714 673 763 si
706 713 1069 781 progenitoris
1098 716 1229 770 Δάαι
1260 732 1366 770 non
1397 728 1542 784 sunt,
1575 728 1633 772 ut
1663 727 1849 788 putas,
1882 726 2063 773 vetere

476 804 688 871 peccati
722 805 963 860 {inditam
995 809 1232 875 turpati?

551 892 607 945 ‘2.
650 893 756 949 Sed
790 905 843 951 te
871 896 939 952 de
969 896 1237 966 baptismo
1281 901 1625 970 parvulorum
1656 902 1721 956 ad
1764 902 1865 956 hoc
1895 903 2063 972 magis

473 987 742 1052 :trctabo,
789 998 851 1042 ut
897 1001 947 1043 te
991 994 1309 1047 convincam
1350 994 1753 1049 deﬁnitionibus
1783 996 1888 1049 tuis
1933 994 2059 1047 illud

471 1079 657 1147 magis
686 1082 909 1146 sentire,
932 1085 1076 1151 quod
1102 1100 1167 1138 eo
1196 1101 1330 1155 opus
1360 1102 1465 1139 non
1498 1086 1748 1151 habeant,
1775 1088 1869 1141 sed
1896 1090 2062 1141 verbo

474 1179 529 1223 te
580 1180 806 1235 tantum,
850 1188 1069 1244 propter
1116 1177 1412 1231 eludendos
1458 1180 1751 1246 simplices,
1804 1179 2060 1248 baptizari

478 1270 731 1329 oportere
758 1279 1005 1333 censere,
1051 1282 1113 1322 re
1141 1265 1344 1339 [Baluz.
1381 1269 1563 1339 rebus]
1593 1285 1727 1323 vero
1758 1284 1853 1338 per
1878 1270 2062 1337 dispu-

478 1359 739 1404 tationum
786 1357 1081 1409 sententias
1123 1358 1411 1428 denegare.
1446 1359 1544 1425 Qui
1590 1360 1735 1414 enim
1765 1362 2059 1415 secundum

479 1451 531 1494 te
579 1453 773 1498 statum
824 1445 1023 1503 habent
1080 1453 1372 1505 nativitatis
1426 1454 1865 1521 immaculatum,
1919 1456 2061 1509 unde

477 1535 769 1589 mandandi
799 1550 943 1605 sunt,
978 1557 1099 1598 cum
1131 1544 1411 1597 lavantur?
1437 1556 1490 1599 et
1519 1559 1641 1599 cum
1670 1545 1845 1611 nullo,
1873 1556 1931 1600 ut
1953 1547 2057 1610 vis,

474 1627 698 1696 originis
728 1646 838 1683 siue
868 1645 1019 1686 reatu
1050 1644 1339 1689 nascantur
1365 1636 1609 1707 obnoxii,
1632 1637 1776 1692 unde
1801 1639 2059 1692 liberandi

474 1731 616 1780 sunt.
645 1732 701 1774 ut
722 1738 849 1778 vere
878 1734 931 1779 et
961 1728 1176 1796 proprie
1205 1726 1452 1783 Christus
1482 1730 1552 1784 sit
1581 1730 1662 1785 eis
1690 1730 1851 1785 etiam
1879 1729 2056 1795 Jesus,

2167 539 2218 589 in
2252 537 2389 591 tilias
2416 537 2793 605 adoptionem?
2822 537 2849 577 δ
2880 554 2983 593 cur
3016 538 3162 593 enim
3194 539 3313 591 talis
3344 548 3537 601 status,
3569 548 3741 593 tanta-

2164 644 2270 699 que
2299 639 2484 697 postea
2512 630 2722 685 actibus
2750 630 2986 699 propriis
3032 632 3157 685 vitae
3195 631 3456 685 sanctitas
3484 629 3749 700 acquisita

2164 732 2394 777 servata:
2417 732 2642 787 naturae,
2667 738 2773 777 non
2795 738 2892 778 eos
2913 723 3122 793 [Balus.
3150 723 3275 776 add.
3303 722 3408 793 vel]
3432 724 3495 777 ad
3520 738 3752 794 regnum

2166 811 2292 865 illud
2339 812 2678 877 admitteret,
2725 813 2806 867 vcl
2854 814 2904 866 in
2954 813 3093 867 lilios
3130 814 3448 881 adaptaret?
3476 814 3578 869 Sed
3612 826 3751 867 tam-

2165 918 2328 972 quam
2357 904 2423 956 ab
2449 903 2645 955 mdituo
2675 903 2909 971 quodam
2935 914 2990 957 et
3018 904 3257 972 pervigili
3284 905 3512 969 praesule
3539 905 3753 959 irruen-

2164 1002 2242 1045 tes
2272 992 2493 1045 audiant
2520 990 2729 1063 [Bolus.
2760 994 2883 1046 add.
2910 990 3095 1064 item]:
3122 993 3240 1047 Nisi
3265 995 3379 1064 quis
3406 1005 3613 1048 renatus
3636 999 3753 1064 {uc-

2162 1085 2229 1136 rit
2259 1100 2321 1136 ex
2348 1100 2483 1153 aqua
2512 1096 2557 1137 et
2598 1084 2826 1153 Spiritu,
2860 1101 2959 1137 non
3002 1095 3163 1153 potest
3206 1087 3399 1140 intrare
3439 1086 3491 1138 in
3530 1102 3748 1156 regnum

2164 1174 2261 1230 Dei
2293 1176 2468 1244 (Joan.
2496 1193 2576 1236 ιιι.
2605 1177 2682 1247 6).

2232 1267 2286 1323 5.
2330 1267 2434 1323 Sed
2466 1266 2673 1338 [Boium
2709 1267 2796 1340 Et]
2832 1268 3107 1323 videamus
3137 1269 3394 1337 baptisma
3427 1270 3622 1340 ipsum,
3653 1286 3751 1324 cu-

2156 1358 2245 1427 jus
2274 1358 2487 1412 virtutis
2536 1358 2635 1424 sit,
2667 1374 2866 1429 quotve
2910 1369 2965 1414 et
3007 1368 3232 1429 quantas
3271 1360 3463 1416 habeat
3507 1362 3650 1415 vires
3690 1372 3747 1416 et

2160 1449 2442 1505 ell‘ectuum
2470 1464 2683 1509 causas.
2732 1450 2869 1505 Dicit
2920 1450 2989 1505 de
3036 1451 3130 1505 illo
3174 1451 3370 1505 Paulus
3413 1450 3740 1520 apostolus:

2164 1540 2263 1603 Qui
2304 1557 2397 1593 nos
2441 1541 2676 1606 redemit,
2705 1542 2871 1595 salvos
2901 1542 3023 1609 [ecit
3052 1559 3142 1609 per
3171 1542 3426 1595 lavacrum
3467 1557 3744 1613 regenera-

2160 1631 2314 1684 tionis
2356 1638 2405 1683 et
2446 1633 2784 1687 renovationis
2812 1631 2940 1703 (Tit.
2978 1649 3055 1697 tu,
3087 1633 3164 1703 5).
3196 1633 3339 1703 Ergo
3376 1642 3433 1688 et
3477 1636 3651 1698 salus,
3686 1645 3743 1688 et

2162 1721 2487 1792 redemptio,
2519 1731 2575 1778 et
2602 1728 2886 1807 renovatio
2916 1735 3021 1781 est.
3048 1725 3275 1781 Nullane
3299 1741 3430 1796 ergo
3461 1742 3614 1797 pinna
3636 1728 3744 1780 erit

473 1812 613 1877 quod
660 1812 712 1865 in
760 1813 1006 1869 Latinum
1038 1806 1307 1886 eloquium
1339 1821 1588 1875 Salvator
1616 1821 1971 1889 exprimitur?
2000 1832 2054 1877 et

2158 1830 2262 1868 non
2295 1814 2578 1882 baptizatis
2622 1806 2900 1882 parvulis,
2951 1830 3059 1870 non
3109 1815 3311 1871 habere
3340 1818 3567 1871 salutent
3592 1859 3607 1883 ,
3648 1833 3743 1871 re-

473 1902 562 1968 qui
595 1904 801 1957 nullum
848 1909 1209 1973 generationis
1253 1926 1363 1966 sua:
1410 1912 1598 1966 vitium
1637 1912 1879 1978 trahunt,
1912 1914 2055 1970 unde

473 2000 823 2065 regenerandi
844 2001 868 2053 τ

543 2090 595 2142 5.
639 2090 951 2159 Postremo,
1002 2093 1486 2153 innumerabilibus
1534 2100 1749 2155 interim
1798 2102 2051 2167 omissis,

473 2179 603 2233 illud
632 2182 917 2237 adversum
951 2194 1003 2239 te
1032 2186 1314 2241 dicendum
1345 2198 1460 2256 est,
1492 2190 1536 2244 si
1567 2193 1708 2244 hunc
1733 2203 1960 2258 statum,
1994 2203 2055 2247 ut

472 2271 636 2338 dicis,
670 2274 993 2328 innocentiae
1034 2286 1090 2330 et
1134 2280 1419 2345 puritatis,
1461 2295 1620 2349 quem
1654 2282 1822 2335 Adam
1871 2283 2055 2337 habuit

471 2373 597 2416 ante
623 2375 927 2431 peccatum,
950 2369 1162 2435 parvuli
1200 2370 1249 2422 in
1280 2372 1378 2421 suo
1406 2382 1526 2426 ortu
1548 2373 1724 2426 sortiti
1746 2382 1891 2438 sttnt,
1918 2389 2053 2442 quos

470 2452 637 2519 nulla,
670 2465 723 2507 ut
758 2464 813 2509 tu
861 2458 1127 2525 decernis,
1160 2460 1403 2527 ejusdem
1438 2462 1795 2530 progenitoris
1823 2463 2050 2529 aspersit

469 2546 695 2609 macula,
720 2549 967 2617 contagio
996 2551 1138 2603 ntilla
1164 2551 1410 2616 foedavit;
1442 2554 1485 2605 si
1517 2563 1822 2607 crescentes
1843 2553 2045 2624 [Baluz.

469 2646 525 2689 nt
556 2638 800 2709 credens]
832 2655 952 2693 cum
988 2641 1159 2696 libero
1191 2642 1479 2698 voluntatis
1508 2645 1731 2699 arbitrio
1751 2686 1765 2710 ,
1797 2646 1937 2715 quod
1967 2656 2047 2701 est

470 2727 524 2781 itt
555 2738 744 2783 natura
777 2746 945 2799 usque
975 2732 1039 2785 ad
1072 2733 1314 2786 ultimum
1346 2734 1465 2788 vita:
1495 2737 1717 2799 exitum,
1756 2753 2042 2806 numquam

469 2819 537 2868 ab
567 2818 815 2884 ingenitis
857 2820 939 2873 vel
971 2822 1269 2887 congenitis
1315 2823 1413 2876 sibi
1448 2825 1601 2878 bonis
1644 2836 1770 2879 sunt
1815 2827 2042 2897 delap~i,

468 2906 595 2973 quid
627 2912 703 2959 eis
736 2909 831 2960 luit
859 2910 1058 2963 Christi
1093 2912 1352 2979 baptisma
1388 2918 1791 2970 necessarium?

2156 1913 2543 1981 demptionem,
2570 1914 2996 1973 renovationent,
3026 1928 3133 1967 non
3167 1923 3437 1982 postremo
3463 1915 3657 1966 intrare
3681 1914 3743 1966 in

2156 2031 2369 2087 regnum
2399 2014 2641 2068 caelorum
2679 2010 2859 2082 (Joan.
2896 2028 2977 2078 nt,
3009 2012 3088 2082 6),
3120 2027 3225 2066 non
3261 2012 3373 2066 erui
3404 2012 3466 2067 de
3498 2021 3743 2081 potestate

2157 2114 2499 2178 tenebrarum,
2528 2122 2575 2167 et
2607 2112 2877 2183 transferri
2905 2114 2958 2165 in
2987 2129 3199 2183 regnum
3230 2113 3326 2180 ﬁlii
3356 2112 3619 2165 charitatis
3640 2111 3742 2165 Dei

2155 2213 2292 2283 (Col.
2327 2229 2368 2278 ι,
2398 2211 2509 2284 l5),
2544 2228 2650 2269 non
2674 2212 2985 2265 manducare
3013 2226 3217 2264 carnem
3246 2210 3477 2274 Domini,
3500 2219 3546 2264 et
3569 2210 3743 2264 bibere

2154 2314 2453 2384 sanguinem
2497 2315 2612 2384 ejus
2655 2311 2847 2383 (Ioan.
2881 2327 2954 2376 Vl,
2986 2310 3123 2382 54)?
3152 2311 3229 2364 De
3259 2326 3363 2380 quo
3391 2321 3741 2365 sacramento

2156 2428 2256 2467 vos
2278 2412 2569 2466 Salvatoris
2588 2419 2673 2465 est
2696 2429 2709 2463 :
2736 2409 2855 2465 Nisi
2880 2411 3299 2465 manducareritis
3320 2427 3520 2462 carnem
3544 2427 3739 2474 meam,

2084 2534 2093 2543 ι
2157 2521 2203 2566 et
2233 2510 2459 2564 biberitis
2488 2510 2792 2579 sanguinem
2838 2524 3031 2572 meum,
3061 2526 3163 2561 non
3196 2507 3438 2562 habebitis
3482 2510 3633 2562 vitam
3681 2511 3738 2563 in

2154 2613 2525 2682 nobismetipsis
2554 2610 2733 2681 (Joan.
2767 2627 2850 2676 vt,
2883 2611 3007 2681 54);
3039 2610 3183 2679 quod
3215 2620 3363 2665 certe
3393 2612 3597 2681 absque
3628 2612 3741 2667 ulla

2154 2714 2599 2784 tergiversatione
2629 2714 2744 2767 sine
2768 2712 3037 2780 baptismo
3065 2712 3247 2767 nullus
3275 2723 3519 2781 usurpat,
3540 2727 3638 2767 nec
3676 2711 3737 2766 lit

2153 2817 2296 2870 illius
2328 2814 2596 2883 particeps
2625 2813 2972 2868 sacramenti.

2222 2918 2277 2970 6.
2320 2925 2342 2953 ο
2376 2916 2453 2967 Αιι
2506 2915 2693 2982 jubes,
2727 2924 2782 2966 ut
2813 2913 2979 2978 soles,
3010 2914 3171 2969 etiam
3206 2914 3291 2967 hic
3330 2914 3737 2985 tergiversando

1644 3030 2096 3085 CASTIGATIUN
2108 3029 2188 3083 ES
2228 3029 2314 3083 ET
2354 3028 2581 3084 NOTAE.

468 3115 531 3167 tis
561 3131 664 3169 esse
692 3126 917 3192 peccato.
951 3115 1140 3170 Omitto
1162 3136 1556 3173 commemorare
1582 3138 1693 3188 qua?
1717 3124 1853 3175 mala
1880 3124 1931 3175 in
1951 3122 2049 3175 hac
2077 3125 2120 3185 C
2152 3136 2256 3186 ιζηο
2281 3122 2563 3176 cmlnrnrn.
2599 3120 2955 3192 dixeruntque
2980 3119 3325 3192 banlizandOS
3350 3121 3580 3175 ῐηΐειηῑθδ
3606 3138 3736 3192 pro-

468 3203 579 3250 tpsa
611 3188 909 3259 transitoria
936 3192 1036 3241 vita
1078 3206 1206 3258 pene
1231 3206 1401 3244 omnes
1431 3193 1700 3258 patiantur
1729 3196 1974 3259 infantes,
2004 3205 2050 3246 et

467 3261 723 3335 quomodo
752 3258 1033 3335 implicetur
1044 3262 1193 3335 quod
1216 3262 1406 3325 dictum
1434 3272 1504 3313 est
1538 3278 1555 3315 :
1578 3262 1741 3316 Grave
1753 3258 1938 3335 jugum
1960 3258 2047 3316 stt-

469 3343 556 3393 per
581 3327 719 3394 ﬁlios
749 3327 914 3380 Adam
944 3346 973 3379 a
1000 3327 1082 3381 die
1113 3331 1276 3382 exitus
1293 3348 1470 3384 eorum
1494 3335 1555 3385 de
1580 3327 1952 3387 ventre'ntatris
1967 3350 2053 3385 eo-

469 3412 601 3470 rum,
640 3413 810 3470 usque
847 3401 898 3470 in
951 3402 1084 3452 diem
1140 3401 1413 3470 sepultum
1465 3404 1517 3454 in
1565 3414 1778 3456 matrem
1825 3408 2051 3456 omnium

471 3465 669 3544 (βιοτὴ
699 3468 796 3544 tv):
838 3469 965 3534 Qua:
986 3476 1156 3537 utique
1184 3465 1321 3523 mala
1348 3473 1439 3525 sub
1457 3475 1604 3541 justo
1636 3482 1683 3526 et
1710 3479 2055 3544 omnipotente

469 3537 581 3610 Deo
621 3554 719 3589 non
772 3539 1126 3609 irrogarentur
1164 3544 1272 3605 eius
1319 3537 1555 3609 imagini,
1585 3546 1766 3610 quibus
1804 3537 1951 3596 malis
1998 3548 2052 3599 in

468 3608 650 3660 t'irtute
696 3608 912 3683 emercari
937 3611 1190 3683 infantilis
1218 3624 1341 3665 tetas
1374 3608 1472 3665 nOn
1503 3608 1661 3683 potest
1680 3615 1802 3675 dici,
1835 3617 1881 3668 si
1907 3615 2052 3668 nulla

468 3693 532 3729 ex
555 3680 847 3747 parentibus
871 3680 1009 3732 mala
1032 3684 1209 3733 merita
1230 3680 1574 3736 traherentur.
1597 3684 1721 3737 [hec
1742 3695 1911 3738 autem
1937 3702 2050 3737 ma-

470 3747 523 3797 la
550 3751 916 3825 parvulorum,
931 3767 1032 3803 non
1058 3769 1116 3803 ea
1140 3752 1484 3825 qmeltabere
1522 3765 1775 3825 negantur
1810 3772 1842 3807 α
1893 3757 2050 3819 vobis,

470 3822 559 3895 sed
588 3835 701 3895 qua:
724 3822 917 3895 perpeti
940 3838 1216 3895 cernuntur
1228 3824 1289 3875 ab
1312 3824 1545 3879 omnibus
1571 3822 1739 3888 nobis,
1767 3836 1821 3879 tu
1842 3836 2054 3895 prteter-

471 3890 625 3963 mittis
649 3892 875 3954 omnino,
907 3908 1000 3944 nec
1033 3893 1280 3963 respicis;
1330 3900 1629 3959 exspatiaris
1659 3898 1752 3959 ibi,
1778 3890 1853 3949 vir
1893 3899 2052 3948 diser-

472 3959 791 4035 tissimus,_et
816 3977 1014 4016 exerces
1034 3959 1292 4031 ingenium
1309 3981 1371 4016 ac
1394 3965 1621 4035 linguam
1653 3978 1794 4019 tuam
1821 3968 1873 4019 in
1900 3969 2051 4019 laude

472 4039 690 4083 naturtr.
719 4031 925 4084 Natura
954 4036 1051 4085 ista
1078 4036 1130 4086 in
1157 4042 1325 4086 tantas
1354 4047 1402 4088 et
1432 4031 1532 4087 tam
1561 4039 1857 4103 manifestas
1893 4040 2053 4089 colla-

472 4117 565 4168 psa
595 4104 849 4165 miserias,
903 4105 1227 4165 salvatorem,
1288 4106 1630 4169 liberatorem,
1676 4110 2048 4170 mundatorem,

471 4172 842 4237 redemptorem
881 4174 1141 4228 Christum
1172 4174 1316 4227 habet
1344 4178 1709 4237 necessarium,
1749 4193 1851 4230 non
1882 4176 2052 4229 Julia-

473 4256 613 4313 num,
641 4258 739 4293 non
766 4242 1076 4306 Calestium,
1104 4262 1201 4297 non
1224 4245 1493 4313 Pelagium
1525 4249 1859 4301 laudatorem.
1890 4250 2051 4311 Quam

473 4312 677 4385 quidem
704 4315 885 4366 redimi
917 4332 1016 4367 non
1043 4318 1276 4385 fatereris
1313 4312 1365 4368 in
1398 4316 1645 4381 parvulis,
1679 4320 1774 4371 nisi
1800 4320 1921 4385 quia
1959 4318 2055 4371 hoc

477 4382 737 4456 Caelestius
774 4385 915 4449 apud
953 4382 1314 4456 Carthaginem
1354 4382 1921 4456 gestis-teretesiosticis,
1963 4407 2054 4441 ora

475 4450 768 4527 Christiana
795 4469 895 4505 non
914 4450 1188 4527 sustineri},
1217 4450 1383 4524 fassas
1413 4470 1505 4511 est.
1535 4457 1806 4522 Caeterum,
1829 4450 1953 4527 rogo
1982 4471 2048 4523 te,

474 4524 737 4596 quomodo
755 4535 912 4592 potest
940 4526 1156 4594 intelligi
1180 4532 1276 4596 ista
1306 4531 1603 4596 redemptio,
1629 4532 1729 4582 nisi
1759 4548 1789 4581 a
1815 4524 1952 4581 malo
1973 4546 2053 4580 re-

476 4594 696 4667 dimente
722 4595 818 4667 illo
840 4597 927 4665 qui
955 4596 1165 4648 redemit
1205 4595 1371 4652 Israel
1409 4594 1733 4651 ab‘omnibus
1772 4601 2052 4667 iniquitati-

476 4665 567 4741 bus
590 4666 735 4741 ejus‘?
767 4666 849 4717 ubi
878 4667 1013 4741 enim
1032 4668 1317 4741 redemptio
1344 4682 1511 4729 sonat,
1534 4672 1837 4741 intelligitur
1859 4665 1909 4723 et
1940 4688 2053 4737 pre-

474 4733 645 4812 tium.‘
668 4733 735 4812 Et
758 4736 893 4812 quod
916 4748 992 4812 est
1016 4736 1133 4812 hoc,
1160 4739 1539 4812 nisipretiosus
1569 4733 1779 4811 saugitis
1804 4733 2055 4812 Agni'im-

477 4806 721 4881 maculati
748 4805 878 4881 Jcsug
904 4806 1133 4861 Christi?
1161 4807 1234 4859 De
1257 4807 1352 4881 hoc
1382 4820 1549 4881 autem
1585 4805 1768 4877 pretio,
1796 4805 1955 4881 quare
1984 4815 2049 4873 si,

476 4878 669 4948 fusum,
712 4880 835 4944 quid
864 4879 1119 4946 interroya
1139 4895 1233 4930 nus
1259 4880 1462 4931 alium?
1491 4878 1815 4948 Redemptor
1840 4883 1947 4948 ipse
1970 4899 2053 4935 re—

476 4947 744 5013 spondeat,
772 4950 904 5001 dicat
929 4951 1036 5018 ipse
1051 4960 1303 5020 mercator
1328 4966 1345 5003 :
1378 4950 1476 5002 "lC
1500 4962 1592 5017 est,
1626 4947 1817 5018 inquit,
1847 4947 2052 5020 sanguis

477 5034 618 5069 naeus
638 5020 725 5084 qui
756 5035 849 5084 pro
868 5017 1044 5071 multis
1067 5017 1356 5083 elfundetur
1380 5026 1429 5073 in
1451 5017 1796 5073 remissionem
1823 5017 2054 5086 peccato-

476 5103 615 5138 rum.
648 5089 854 5156 Pergite
878 5088 1066 5149 adhuc,
1092 5094 1302 5160 pergite,
1335 5103 1379 5145 et
1408 5095 1539 5144 sicut
1563 5094 1731 5145 dicitis
1756 5110 1774 5146 .'
1803 5094 1854 5146 in
1880 5108 2056 5146 sacra—

479 5166 647 5210 mento
678 5159 940 5211 salvatoris
959 5160 1303 5230 baptizantur,
1334 5165 1420 5213 sed
1447 5178 1550 5215 non
1581 5162 1879 5227 salvantur;
1909 5164 2050 5215 redi-

476 5239 706 5293 muntur,
729 5232 815 5281 sed
838 5246 937 5281 non
968 5231 1246 5283 liberantur
1267 5249 1284 5292 ;
1306 5234 1559 5298 lavantur,
1583 5236 1673 5287 sed
1702 5250 1802 5287 non
1832 5234 2056 5287 abluun-

479 5308 596 5372 tur;
629 5302 984 5352 exorcizontur
1008 5310 1057 5353 et
1087 5303 1441 5371 exsttﬂlantur,
1471 5309 1560 5357 sed
1592 5322 1622 5357 a
1664 5316 1909 5372 potestate
1940 5307 2053 5356 dia-

478 5368 577 5421 bolt
607 5380 1019 5443 nonreruantur;
1049 5374 1121 5425 sic
1158 5368 1311 5425 etiam
1348 5375 1501 5427 dicite
1531 5392 1548 5427 :
1587 5368 1819 5443 funditur
1862 5393 1953 5443 pro
1984 5377 2085 5428 eis'

477 5443 687 5517 sanguis
710 5442 763 5494 in
788 5444 1132 5517 remissionem
1159 5455 1499 5517 peccatorum,
1526 5442 1616 5499 sed
1644 5450 1838 5501 nullius
1865 5447 2055 5517 peccati

476 5516 773 5564 remissione
794 5515 1121 5567 mundantur.
1153 5514 1202 5567 Μ
1212 5520 1289 5567 ira
1312 5528 1555 5581 suntqua:
1577 5518 1765 5578 dicitis,
1790 5514 1919 5569 notia
1939 5526 2057 5569 sunt

479 5599 595 5653 qua:
625 5583 809 5644 dicitis,
841 5583 994 5659 falsa
1017 5597 1133 5637 sunt
1176 5602 1299 5653 qua:
1349 5587 1520 5639 dicitis
1552 5604 1569 5640 :
1601 5589 1731 5639 mira
1769 5602 2049 5659 stupemus,

482 5671 610 5707 nova
639 5670 889 5720 caremus,
922 5656 1054 5723 {also
1079 5659 1439 5709 convincimus.
1480 5678 1498 5709 ι
1578 5659 1734 5713 Εῐιιτ.

554 5736 580 5764 ⁸
622 5724 742 5779 Fuit
792 5726 920 5799 illud
982 5727 1277 5795 Pelagiana:
1329 5730 1577 5797 nequitia:
1611 5730 1883 5799 ellngium.
1939 5730 2056 5781 liis‘

487 5803 758 5858 tinxerunt
788 5798 1032 5853 ltwmines
1075 5803 1226 5853 matre
1258 5800 1377 5854 tidei
1428 5804 1585 5856 vitam
1621 5798 1873 5856 :ctcrnaut
1909 5816 1936 5853 a
1970 5819 2053 5855 rc-

2162 3204 2276 3256 pter
2302 3208 2523 3257 regnum
2566 3192 2825 3244 caelorum
2855 3190 3279 3257 adipiscendum,
3310 3205 3417 3244 non
3458 3194 3581 3245 item
3608 3190 3733 3260 pro-

2158 3276 2272 3330 p'er
2306 3262 2602 3314 habendam
2634 3271 2888 3313 a-ternam
2917 3262 3114 3322 vitam,
3141 3261 3339 3328 quippe
3384 3277 3543 3330 quam
3580 3262 3732 3319 habi-

2157 3334 2260 3383 turi
2312 3341 2524 3391 essent,
2573 3331 2818 3399 quamvis
2872 3342 3216 3383 morerentur
3277 3331 3394 3384 sine
3440 3332 3730 3399 baptismo.

2154 3404 2576 3465 Cltristnscnim,
2594 3402 2924 3468 inquiebant,
2941 3416 3060 3453 cunt
3078 3402 3237 3453 ferret
3251 3401 3420 3468 legem
3442 3404 3718 3470 baptismi,

2156 3489 2259 3525 non
2312 3473 2432 3524 vita:
2482 3480 2719 3533 auertite,
2754 3471 2845 3523 sed
2894 3472 3042 3536 regni
3095 3472 3183 3523 Ι)ρί
3217 3473 3541 3526 mentionem
3579 3474 3729 3528 fecit.

2156 3542 2378 3596 Dicebat
2424 3544 2613 3595 cnim:
2652 3541 2766 3593 Nisi
2806 3543 2921 3610 quis
2964 3554 3172 3593 renatus
3213 3542 3367 3609 fuerit
3416 3558 3476 3594 ea:
3522 3558 3655 3609 aqua
3681 3557 3730 3597 et

2156 3616 2353 3684 Spiri'u
2376 3623 2575 3684 sancto,
2596 3628 2693 3663 non
2713 3620 2872 3684 potest
2895 3613 3106 3684 introire
3122 3615 3175 3684 in
3200 3628 3407 3684 regnum
3421 3611 3518 3664 Dei
3543 3613 3727 3682 (Joan.

2155 3682 2237 3745 nt,
2269 3682 2345 3753 5).
2374 3682 2440 3738 Ut
2466 3684 2600 3734 hanc
2629 3682 3018 3734 cavillationem
3040 3682 3157 3753 lalsi
3190 3682 3525 3736 revincerent
3553 3687 3727 3737 sancti

2156 3754 2341 3807 Patres
2362 3795 2374 3816 ,
2416 3754 2775 3805 adhilnterunt
2803 3753 2962 3805 verba
2993 3752 3189 3803 Christi
3236 3753 3555 3818 imponentis
3590 3770 3731 3819 pra:-

2155 3838 2365 3892 ceptnm
2389 3824 2457 3875 de
2480 3839 2577 3876 suo
2608 3836 2831 3886 corpore
2858 3821 3232 3892 manducando
3257 3833 3310 3875 et
3338 3822 3568 3876 bibendo
3598 3839 3730 3877 san-

2154 3889 2337 3962 gnine.
2361 3895 2447 3947 ubi
2478 3894 2717 3945 meminit
2739 3894 2859 3943 vitae
2889 3909 2902 3944 :
2930 3889 3048 3945 Nisi
3070 3894 3493 3946 manducaveritis
3521 3908 3728 3947 carnem

2158 3962 2285 4017 Filii
2316 3964 2555 4025 hominis,
2584 3973 2628 4015 et
2657 3963 2878 4034 inperitis
2909 3965 3021 4034 ejus
3046 3964 3368 4034 sanguinem,
3396 3978 3497 4015 non
3518 3964 3728 4016 habebi-

2155 4047 2217 4086 ιρι
2240 4037 2391 4087 vitam
2417 4036 2467 4086 in
2496 4035 2631 4086 t‘obis
2659 4032 2843 4099 (Joan.
2876 4031 2943 4095 vt,
2971 4031 3084 4100 54).
3112 4033 3221 4086 lloc
3246 4047 3374 4087 vero
3397 4042 3727 4101 praeceptum

2155 4106 2504 4159 ostenderunt
2533 4120 2630 4157 nec
2674 4106 2878 4170 imple-ri
2913 4117 3069 4169 posse
3096 4104 3194 4155 nisi
3220 4117 3249 4155 a
3285 4104 3588 4170 baptizatis,
3619 4119 3726 4159 nec

2155 4178 2220 4228 ad
2256 4176 2401 4229 solos
2449 4175 2659 4227 adultos
2705 4175 2999 4242 pertinere;
3033 4183 3190 4240 atque
3238 4173 3309 4225 ita
3350 4177 3727 4230 conclusi-runt

2158 4250 2426 4299 neminem
2473 4258 2634 4313 posse
2664 4256 2917 4296 mternam
2949 4255 3107 4295 Vlldln
3149 4243 3344 4297 habere
3374 4245 3490 4298 sine
3520 4246 3726 4313 baptis-

2157 4332 2246 4370 mo
2268 4357 2282 4377 ,
2307 4324 2367 4368 ut
2396 4332 2515 4368 mox
2558 4317 2799 4367 dicturus
2828 4324 2910 4367 est
2938 4314 3220 4367 Mercator.
3254 4314 3434 4368 Posset
3461 4330 3593 4367 vero
3619 4316 3725 4369 mi-

2159 4387 2265 4440 rari
2288 4387 2551 4455 quispiam
2573 4400 2670 4438 cur
2696 4386 2747 4437 itt
2788 4401 2847 4438 re
2871 4394 2977 4436 tam
3003 4384 3278 4455 facilitam
3311 4385 3701 4455 laborioserver

2157 4454 2329 4511 satum
2361 4459 2433 4511 sit
2454 4457 2603 4519 olim,
2623 4470 2742 4509 cum
2770 4470 2837 4509 ex
2859 4470 2975 4524 cap.
2998 4470 3101 4506 xxv
3123 4454 3308 4507 Matth.
3327 4463 3436 4507 tota
3457 4455 3520 4507 lis
3540 4454 3727 4512 dirimi

2159 4537 2359 4591 posset,
2389 4528 2601 4580 Christo
2643 4541 2861 4594 regnum
2888 4525 3149 4579 caelorum
3187 4535 3243 4578 ct
3266 4525 3432 4577 vitam
3469 4536 3727 4579 atternam

2158 4597 2386 4651 habente
2417 4613 2515 4667 pro
2547 4597 2761 4651 codem.
2792 4598 2921 4649 Cutn
2956 4598 3097 4667 enim
3121 4595 3344 4648 dixisset
3364 4610 3502 4648 vers.
3548 4595 3616 4667 §i
3639 4597 3726 4649 his

2153 4672 2304 4733 quia
2332 4664 2534 4721 destris
2586 4667 2702 4733 ejus
2749 4676 2947 4719 erunt:
2994 4664 3197 4729 Venite,
3250 4666 3494 4717 benedicti
3548 4664 3729 4719 Patris

2154 4740 2271 4802 mei,
2302 4739 2552 4800 possidete
2598 4746 2847 4806 paratum
2870 4736 3029 4806 vobis,
3056 4752 3265 4806 regnum
3300 4752 3332 4787 a
3360 4736 3727 4806 constitutione

2154 4811 2354 4873 utuudi,
2381 4820 2433 4861 et
2457 4805 2679 4861 verle
2713 4807 2796 4859 his
2822 4808 2911 4872 qui
2937 4822 2965 4859 a
2992 4805 3224 4858 sinistris
3248 4816 3406 4859 erant
3428 4823 3438 4857 :
3473 4805 3728 4858 Discedite

2150 4896 2183 4930 a
2213 4895 2310 4941 me,
2342 4880 2622 4938 maledicti,
2656 4880 2707 4929 in
2756 4879 2922 4947 ignem
2966 4888 3211 4947 trternum
3233 4917 3244 4936 ,
3277 4877 3363 4944 qui
3409 4886 3618 4941 paratus
3649 4884 3727 4927 est

2154 4950 2354 5002 diabolo
2381 4961 2427 5002 et
2457 4949 2649 5018 angelis
2675 4946 2809 5018 ejus,
2857 4948 2955 4999 sub
3003 4946 3159 4998 liuent
3208 4957 3489 5018 utrumque
3519 4947 3728 4998 dictum

2152 5021 2446 5085 colligens:
2480 5015 2543 5071 Et
2568 5015 2732 5079 ibuni,
2759 5018 3019 5082 inquit,hi
3050 5019 3099 5067 in
3123 5015 3433 5084 supplicium
3457 5028 3729 5082 wternum,

2143 5091 2275 5159 justi
2296 5101 2461 5141 autem
2492 5093 2543 5140 in
2572 5091 2724 5141 vitam
2746 5097 3009 5140 a'tcrnam.

2225 5158 2251 5197 δ
2292 5160 2637 5213 Perturbatus
2686 5160 2784 5211 hoc
2829 5160 2878 5211 in
2929 5159 3047 5211 loco
3079 5158 3287 5211 videtur
3328 5157 3462 5210 ordo
3510 5170 3729 5220 vocum,

2158 5230 2271 5283 istm
2296 5246 2437 5283 enim
2461 5242 2670 5283 serrata!
2698 5240 2917 5293 uaturw,
2951 5238 3109 5297 prout
3138 5229 3486 5288 collocantur,
3520 5228 3729 5279 nullum

2157 5302 2357 5354 faciunt
2375 5302 2708 5353 tolerabilem
2732 5316 2978 5361 sensum;
3007 5300 3344 5352 facientvero
3361 5297 3729 5359 commodum,

2155 5376 2196 5425 si
2228 5376 2574 5425 restituantur
2605 5372 2706 5425 hoc
2734 5372 2891 5423 tnodo
2926 5389 2936 5423 :
2970 5368 3073 5423 Cur
3103 5372 3233 5422 enim
3264 5370 3379 5421 talis
3418 5379 3581 5421 status
3609 5382 3730 5419 sero

2156 5454 2287 5495 vota:
2314 5454 2542 5503 notarat.
2593 5453 2831 5509 tantaque
2877 5450 3055 5509 postea
3101 5442 3299 5491 actibus
3347 5439 3568 5508 propriis
3599 5437 3736 5487 vitas

2157 5516 2397 5567 sanctitas
2427 5514 2675 5578 acquisita
2695 5553 2709 5574 ,
2741 5530 2839 5564 non
2867 5529 2949 5564 eos
2980 5514 3046 5562 ad
3076 5527 3290 5581 regnum
3325 5511 3458 5561 illud
3487 5510 3729 5561 admitte-

2156 5597 2253 5647 ret,
2276 5584 2352 5637 vel
2381 5586 2433 5637 in
2461 5587 2595 5653 ﬁlios
2618 5583 2926 5647 adOptaret?

2233 5665 2254 5692 ο
2294 5657 2435 5709 Idem
2461 5647 2837 5724 argumentum
2868 5652 3109 5706 tractavit
3140 5650 3467 5717 Augustinus
3495 5647 3631 5714 (Lib.
3663 5650 3739 5724 de

2159 5725 2311 5779 Pecc.
2343 5722 2669 5791 Meritfrap.
2704 5723 2846 5792 ‘20):
2879 5724 3174 5788 Attferatur,
3210 5724 3399 5790 inquit,
3423 5724 3536 5790 jam
3576 5722 3725 5772 dubi-

2159 5800 2303 5862 tutio,
2339 5797 2608 5851 Dominum
2638 5799 2943 5859 audiamus,
2979 5809 3079 5845 non
3121 5793 3431 5857 suspiciones
3473 5796 3722 5849 coniectu-
