4020 6192
214 330 310 387 155

1075 329 1278 385 LIBER
1316 328 1903 387 SUBNOTATIONUM
1941 332 2005 388 ΙΝ
2048 332 2273 390 VERBA
2310 333 2596 392 JULlANl.

3376 338 3482 394 154

213 446 401 511 dicere,
437 443 578 501 hanc
606 444 674 501 de
700 458 865 502 carne
904 454 960 503 et
986 448 1247 516 sanguine
1277 448 1485 502 Domini
1520 448 1784 502 sumendo
1815 456 1860 511 Α
1887 451 2129 521 exigam,
2149 463 2202 506 et
2237 451 2256 490 ί
2286 452 2542 521 parvuli?
2573 453 2750 519 Dices,
2777 454 2973 518 etiam;
3006 452 3101 508 sed
3129 451 3277 519 audi,
3299 452 3483 508 dicam

212 552 311 591 nou
349 549 481 590 esse
509 536 835 591 sententiam
871 538 1204 606 generalem,
1236 541 1331 593 sed
1371 540 1691 608 specialem,
1721 539 1790 593 ad

212 643 295 682 eos
319 627 582 682 videlicet
621 626 818 696 quibus
847 629 1205 697 praesentibus
1258 638 1386 685 tunc
1431 630 1788 699 loquebatur?

214 718 466 782 Audiam,
485 716 729 780 audiant,
746 718 792 770 si
822 717 889 771 ad
923 718 1024 773 hoc
1055 719 1370 786 prosilieris,
1393 720 1709 787 Christiani,
1735 730 1792 777 et

216 810 296 862 tibi
338 807 588 863 referant
626 807 730 862 hoc
760 819 918 878 pacto
952 809 1285 864 Dominicam
1317 824 1526 866 cmnam
1546 853 1561 876 ,
1605 811 1659 865 in
1690 826 1794 881 qua

215 916 321 955 cum
363 902 501 955 solis
537 908 746 953 tantum
792 900 1053 969 apostolis
1083 910 1111 937 κ
1140 910 1475 966 constratus,
1506 902 1576 956 de
1605 903 1795 957 eodem

167 1040 170 1043 λ
213 1009 433 1061 corpore
458 1009 556 1049 suo
576 1003 631 1048 et
650 994 914 1063 sanguine
942 1002 1281 1050 sacramenta
1306 995 1644 1053 observanda
1666 1010 1797 1050 con-

212 1085 380 1139 debat.
414 1082 553 1153 Ipsis
580 1084 711 1138 solis
734 1099 856 1139 esse
879 1084 1211 1147 mandatum,
1233 1093 1289 1139 et
1309 1084 1375 1139 ad
1401 1085 1607 1140 nullum
1630 1087 1795 1140 alium

211 1179 287 1246 qui
316 1177 403 1231 vel
439 1186 567 1230 tunc
598 1176 650 1230 in
684 1177 774 1229 illa
820 1191 971 1231 caena
1016 1192 1125 1231 non
1156 1178 1429 1242 interfuit,
1473 1179 1560 1233 vel
1591 1179 1657 1232 ad
1696 1194 1795 1233 nos

212 1282 391 1322 omnes
424 1277 676 1335 posteros
704 1268 975 1336 pertinere
1014 1268 1363 1335 pronuntias?
1406 1268 1640 1324 Videsne
1677 1269 1797 1337 qui-

210 1362 298 1415 bus
326 1362 578 1430 laqueis,
609 1360 803 1430 quibus
833 1362 1093 1430 angustiis
1127 1362 1443 1429 suffeceris,
1474 1378 1595 1418 cum
1629 1378 1795 1433 negas

209 1452 425 1520 originis
458 1452 756 1516 vinculum,
787 1452 855 1507 de
895 1468 1005 1522 quo
1043 1469 1204 1509 omne
1241 1469 1459 1524 prorsus
1485 1471 1656 1525 genus
1696 1457 1795 1511 hu-

210 1555 420 1594 manum
446 1581 465 1607 ,
492 1555 708 1595 omnem
745 1550 989 1607 aetatem,
1019 1543 1121 1597 nisi
1151 1557 1250 1612 per
1280 1544 1394 1599 haec
1421 1555 1791 1614 sacramenta,

208 1632 253 1685 in
278 1633 482 1701 quibus
513 1633 791 1687 lavacrum
824 1632 973 1701 prius
1004 1642 1086 1688 est
1111 1635 1536 1702 regenerationis
1557 1646 1612 1691 et
1634 1653 1788 1692 reno-

208 1724 455 1790 vationis,
487 1723 737 1779 Christus
764 1724 1089 1789 absolverit,
1120 1740 1374 1796 magnum
1416 1743 1539 1785 esse
1567 1729 1790 1796 malum,

210 1829 450 1884 magnam
483 1829 723 1883 poenam,
753 1824 809 1869 et
842 1816 1202 1872 inevitabilem
1230 1817 1669 1875 damnationem?

270 1909 321 1961 7.
362 1907 578 1973 Quibus
607 1908 852 1973 collectis
882 1917 1067 1963 contra
1096 1920 1298 1964 tantam
1327 1922 1381 1966 et
1419 1921 1526 1966 tam
1569 1912 1793 1967 manife-

212 2011 332 2055 stam
365 2001 753 2070 impiissimam
784 2001 1060 2057 audaciam
1085 2012 1252 2069 tuam,
1285 2014 1495 2061 constat
1522 2016 1572 2061 te
1601 2008 1791 2075 magis,

214 2089 237 2129 ι
258 2103 446 2158 utpote
474 2106 762 2162 sequacem
785 2093 1046 2156 Caelestii,
1071 2094 1163 2164 qui
1192 2094 1455 2159 deﬁnivit,
1484 2114 1503 2147 ι
1539 2096 1793 2163 infantes,

214 2185 358 2237 etiam
388 2198 501 2237 non
536 2185 834 2253 baptizatos
855 2226 872 2248 ,
913 2184 1110 2240 habere
1136 2187 1301 2241 vitam
1326 2196 1607 2254 aeternam,
1648 2207 1666 2241 ι
1700 2205 1797 2244 ne-

214 2292 327 2343 gare
376 2277 638 2345 parvulos
683 2277 939 2346 baptizari
980 2277 1209 2345 debere;
1243 2279 1372 2347 sed,
1416 2288 1473 2335 ut
1510 2280 1620 2349 jam
1646 2281 1794 2346 dixi,

216 2381 235 2403 τ
264 2378 476 2421 tantum
507 2368 688 2422 verbis
717 2369 966 2435 illudere,
996 2384 1162 2425 sensu
1192 2385 1324 2426 vero
1351 2384 1594 2449 apertam
1618 2370 1646 2409 ἀ
1671 2387 1795 2427 cum

212 2461 430 2529 paganis
456 2470 517 2516 et
544 2459 743 2516 Judzeis
773 2462 1103 2531 impietatem
1132 2472 1345 2519 tenere.

270 2552 325 2605 8.
368 2550 531 2617 Quod
560 2561 619 2606 ut
650 2552 769 2606 luce
804 2553 1004 2607 clarius
1038 2554 1363 2622 probemus,
1394 2555 1529 2611 audi
1554 2565 1578 2592 ο
1600 2555 1797 2626 quibus

210 2656 234 2692 a
262 2642 580 2695 nominibus
610 2657 732 2697 cum
765 2644 942 2697 causis
982 2646 1246 2714 propriis,
1291 2661 1411 2716 quae
1453 2647 1700 2704 Christus
1740 2648 1794 2703 in
1832 2686 1839 2692 -

210 2738 312 2788 suis
359 2734 648 2790 beneﬁciis
681 2739 920 2792 humano
944 2742 1127 2807 generi
1156 2740 1406 2807 contulit,
1434 2742 1683 2810 parvulos
1714 2742 1796 2797 fa-

211 2827 312 2879 rias
342 2828 596 2891 alienos,
642 2828 924 2899 ipsumque
972 2832 1253 2886 Dominum
1295 2833 1568 2888 Christum
1613 2834 1795 2890 Jesum

212 2917 406 2973 borum
436 2920 569 2973 nihil
596 2921 680 2975 his
704 2921 929 2988 debere,
959 2924 1201 2993 nihilque
1229 2925 1571 2993 praestitisse.

272 3014 331 3063 9.
366 3010 612 3081 Nempe,
658 3012 741 3067 vis
776 3029 884 3067 non
928 3015 1034 3079 vis,
1068 3017 1369 3071 vivificator
1398 3025 1482 3072 est
1510 3017 1795 3075 Christus:

212 3098 289 3154 hic
320 3104 697 3173 interrogabo,
732 3113 784 3158 et
813 3105 1039 3171 aninue,
1077 3116 1134 3161 et
1160 3106 1440 3176 corporis?
1468 3109 1569 3172 Tu,
1602 3110 1799 3165 invitus

1897 542 2014 606 tibi,
2044 558 2155 611 quo
2183 544 2343 599 modo
2371 545 2491 608 iste,
2522 554 2576 599 et
2605 554 2665 599 ut
2692 545 2764 599 ita
2792 543 3002 608 dicam,
3032 559 3135 614 qua
3164 555 3282 598 arte
3312 544 3485 598 viv3lio

1895 635 2016 689 cet?
2047 635 2184 689 Deus
2210 647 2401 702 autem,
2436 639 2607 706 inquit
2632 652 2809 706 praeco
2835 638 2949 705 ejus
2977 648 3030 692 et
3061 637 3169 692 Vas
3199 637 3484 709 electionis

1896 726 2093 782 Paulus
2117 728 2419 796 apostolus,
2446 729 2534 796 qui
2558 729 2697 782 dives
2719 739 2793 782 est
2815 730 2868 782 in
2894 726 3248 782 misericordia
3274 736 3491 797 propter

1896 821 2113 873 multam
2158 819 2492 882 charitatem,
2523 836 2625 887 qua
2662 819 2838 872 dilexit
2867 836 2959 872 nos
2986 820 3040 871 in
3080 817 3305 881 Christo,
3334 819 3486 888 cujus

1894 914 2064 980 gratia
2087 911 2216 964 salvi
2236 911 2361 979 {acti
2379 927 2553 963 sumus
2578 909 2795 980 (Ephes.
2820 924 2879 973 tt,
2908 908 2987 977 4).
3018 908 3155 974 Quid
3184 921 3323 961 nunc
3352 920 3482 960 cen-

1895 1004 2018 1057 ses?
2047 1002 2458 1057 connumeravit
2483 1011 2537 1056 et
2558 999 2995 1067 connuncupavit
3020 1007 3074 1053 et
3102 999 3372 1065 parvulos.
3400 996 3481 1050 An

1898 1095 2027 1150 foris
2057 1105 2183 1150 sunt
2206 1094 2274 1149 ab
2302 1096 2401 1150 ista
2432 1094 2778 1148 miseratione
2799 1102 2853 1147 et
2878 1091 3189 1153 dilectione,
3220 1088 3344 1157 quia
3376 1102 3483 1140 non

1896 1197 2022 1242 sunt
2051 1186 2249 1241 mortui
2286 1186 2554 1256 peccatis,
2599 1192 2655 1239 et
2691 1190 3008 1253 exspectant
3053 1192 3105 1234 te
3134 1178 3486 1232 vanissimum

1892 1278 2207 1349 janitorem,
2231 1286 2288 1331 ut
2316 1286 2447 1333 tunc
2475 1289 2573 1331 eos
2591 1275 2845 1330 admittas
2866 1273 2932 1327 ad
2963 1268 3385 1326 misericordiam
3406 1268 3486 1322 vi-

1895 1370 2210 1436 vificandos,
2239 1371 2454 1440 quando
2499 1383 2530 1422 a
2562 1366 2872 1422 miserando
2901 1362 3197 1418 cessaverit
3239 1370 3486 1429 peccato-

1895 1477 2002 1523 res.
2035 1471 2091 1516 ut
2119 1475 2214 1516 eos
2244 1462 2404 1516 aliter
2431 1475 2594 1530 quam
2625 1460 2760 1513 alios
2792 1455 3071 1511 vivilicet?

1968 1554 2035 1608 10
2089 1552 2194 1608 Sed
2223 1560 2563 1607 transeamus
2584 1551 2709 1604 hinc
2737 1549 2918 1603 studio
2944 1543 3223 1601 brevitatis
3251 1543 3316 1596 ad
3339 1541 3485 1596 aliud

1894 1646 2243 1709 vocabulum,
2281 1644 2424 1715 quod
2470 1645 2698 1699 salvator
2725 1650 2827 1697 est.
2861 1642 2939 1697 De
2982 1639 3191 1711 [Βαιυπ.
3225 1637 3365 1697 (ιιιοά
3394 1635 3486 1708 de}

1896 1739 2171 1795 Salvatore
2201 1740 2252 1792 in
2289 1737 2578 1804 Evangelia
2620 1734 2692 1789 ita
2736 1736 2997 1803 scriptum
3036 1742 3119 1786 est
3150 1747 3163 1783 :
3199 1729 3369 1783 Natus
3410 1738 3494 1782 est

1758 1850 1761 1857 ’
1822 1831 1870 1889 Β
1893 1829 2031 1883 vobis
2061 1829 2213 1881 hodie
2262 1827 2506 1885 Salvator
2545 1828 2601 1880 in
2648 1826 2849 1880 civitate
2879 1824 3044 1878 David
3090 1821 3240 1891 (Luc.
3274 1837 3334 1887 tt,
3369 1821 3482 1891 ll).

1899 1920 2053 1977 Unde
2084 1931 2137 1975 et
2160 1920 2352 1974 Graeco
2381 1919 2624 1988 eloquio,
2648 1918 2805 1972 Jesus
2838 1915 3078 1986 proprie,
3111 1924 3165 1969 et
3194 1913 3331 1982 apud
3361 1912 3488 1985 [Ba-

1897 2012 2001 2067 ιη.
2033 2009 2123 2082 ad]
2155 2010 2472 2065 Zacchieum
2507 2028 2521 2065 :
2554 2010 2712 2064 Salus
2759 2008 2916 2062 hodie
2961 2006 3138 2060 domui
3184 2004 3304 2058 huic
3347 2007 3488 2074 facta

1897 2112 1970 2155 est
1990 2143 2002 2161 ,
2046 2102 2286 2168 quoniam
2317 2108 2364 2152 et
2409 2100 2507 2152 iste
2547 2100 2687 2165 ﬁlius
2715 2108 2791 2153 cst
2831 2097 3052 2151 Abrahw
3081 2096 3232 2167 (Luc.
3262 2110 3374 2157 xtx,
3404 2093 3482 2162 9).

1901 2192 2028 2245 Item
2059 2209 2071 2244 :
2113 2190 2261 2246 Venit
2294 2188 2464 2243 Filius
2495 2189 2717 2241 hominis
2758 2203 2988 2257 qnwrere
3029 2196 3077 2239 et
3122 2189 3325 2238 salvere
3350 2184 3488 2252 quod

1898 2285 2151 2356 perierat,
2174 2292 2199 2330 ε
2231 2283 2408 2352 inquit
2452 2280 2651 2351 (lbid.,
2696 2278 2819 2349 l0).
2849 2278 2930 2333 Tu
2979 2279 3098 2331 sine
3138 2276 3334 2341 dubio,
3365 2275 3487 2344 quia

1901 2376 2251 2447 parvulorum
2282 2389 2468 2446 greges
2496 2388 2601 2427 non
2632 2372 2861 2442 periisse
2881 2370 3220 2440 pronuntias,
3253 2383 3356 2422 non
3391 2367 3489 2421 sal.

1899 2475 2111 2532 vantur,
2148 2481 2252 2520 non
2282 2465 2635 2534 requiruntur
2667 2481 2680 2517 :
2712 2463 2814 2516 ltoc
2843 2462 2990 2527 audi,
3022 2469 3077 2516 et
3121 2460 3189 2513 de
3217 2474 3317 2513 ove
3362 2473 3487 2528 per—

1875 2532 2038 2623 .dita,
2081 2558 2294 2627 quaesita
2320 2532 2381 2611 et
2413 2557 2644 2621 inventa,
2682 2555 2785 2608 hoc
2828 2562 2883 2607 et
2913 2551 2942 2588 ιι
2967 2552 3038 2606 de
3081 2550 3359 2619 dragmate
3402 2550 3487 2604 vel

1904 2650 2179 2719 manipulo
2200 2648 2288 2716 qui
2312 2647 2546 2717 perierat
2568 2644 2725 2718 (Luc.
2753 2643 2867 2714 xv).
2897 2644 3029 2698 ltetn
3053 2641 3328 2710 apostolus
3355 2640 3489 2693 Pau-

1903 2741 2029 2796 lus:
2070 2741 2086 2778 ί
2128 2739 2403 2793 Humana:
2430 2753 2616 2801 sermo,
2665 2746 2712 2790 et
2754 2736 2894 2789 omni
2943 2733 3242 2801 acceptione
3281 2732 3489 2800 dignus,

1899 2835 2023 2905 quia
2050 2832 2282 2887 Christus
2308 2829 2465 2884 Iesus
2490 2830 2627 2883 venit
2654 2829 2707 2881 in
2733 2827 2979 2880 mundum
2998 2824 3163 2878 salvos
3186 2822 3352 2891 facere
3379 2836 3491 2888 pecu

1902 2934 2121 2989 calores,
2150 2938 2364 2993 quorum
2403 2921 2595 2990 primus
2631 2934 2746 2972 sum
2774 2935 2863 2988 ego
2894 2916 2936 2987 (I
2962 2915 3098 2969 Tim.
3126 2930 3167 2977 ι,
3186 2912 3301 2982 15).
3332 2911 3492 2979 Hinc,

1904 3026 1960 3071 tu
1989 3016 2195 3088 [Baluz.
2227 3030 2331 3068 om.
2358 3011 2437 3083 tu]
2467 3014 2719 3081 egregius
2742 3009 3019 3078 magister,
3046 3005 3272 3060 antolire
3302 3018 3494 3072 parvu~

1904 3107 2079 3162 lorum
2109 3115 2385 3169 catervas,
2414 3116 2473 3157 ut
2511 3102 2577 3156 ad
2620 3102 2764 3155 hunc
2806 3114 2915 3155 non
2960 3107 3186 3153 currant
3226 3096 3318 3166 qui
3358 3095 3493 3147 venit

213 3191 352 3256 licet,
392 3195 461 3246 ita
495 3193 770 3248 fateberis.
802 3194 1061 3262 Repetam
1094 3195 1595 3267 interrogationem,
1616 3198 1805 3254 totius—
1831 3208 1876 3270 ο
1906 3197 2106 3253 salvare
2131 3197 2269 3267 quod
2297 3196 2516 3265 perierat
2558 3193 2712 3265 (Luc.
2742 3207 2852 3255 xtx,
2884 3188 2973 3260 9);
3004 3190 3094 3258 qui
3113 3205 3216 3241 non
3246 3187 3379 3240 venit
3405 3201 3493 3239 vo-

214 3299 273 3337 oe
318 3287 549 3340 omnino
590 3286 817 3341 intotis?
862 3286 1269 3357 Respondebis,
1318 3290 1502 3344 totius.
1554 3291 1803 3347 Pressius

1911 3308 2028 3345 care
2040 3294 2236 3363 justas,
2260 3289 2347 3343 sed
2370 3295 2662 3360 peccatores
2683 3286 2732 3340 in
2760 3280 3104 3357 paenitentiam
3128 3280 3277 3352 (Luc.
3303 3294 3356 3344 v,
3379 3278 3493 3346 '52);

1389 3427 1937 3485 CASTIGATIONES
1978 3425 2066 3481 ET
2105 3423 2334 3481 NOTAE.

217 3558 399 3608 resque
426 3543 750 3597 mortalium.
801 3541 1082 3597 Dominum
1108 3542 1404 3604 audiamus,
1439 3544 1671 3613 inquam,
1706 3560 1809 3597 non

218 3615 422 3679 quidem
453 3615 553 3666 hoc
583 3614 647 3667 de
691 3624 1017 3668 sacramento
1068 3612 1265 3666 lavacri
1312 3615 1581 3679 dicentem,
1628 3614 1718 3667 sed
1746 3614 1809 3666 de

218 3694 542 3736 sacramento
564 3696 755 3737 sancta!
776 3700 960 3739 mensa:
980 3701 1109 3747 sure,
1140 3701 1239 3751 quo
1257 3700 1403 3737 nemo
1435 3693 1531 3738 rite
1557 3685 1654 3737 nisi
1683 3688 1812 3753 bap-

219 3756 406 3807 tizatus
426 3755 630 3808 accedit
652 3771 672 3808 :
701 3754 825 3809 Nisi
866 3756 1291 3809 manducaveritis
1320 3771 1527 3808 carnem
1554 3770 1738 3818 meam,
1761 3761 1811 3807 et

220 3824 446 3897 biberitis
487 3826 786 3897 sanguinem
813 3842 1000 3897 meum,
1034 3843 1137 3880 non
1165 3824 1405 3880 habebitis
1437 3827 1592 3879 vitam
1638 3825 1693 3878 in
1717 3841 1808 3878 v0.

222 3896 317 3954 bis,
350 3905 460 3949 etc.
494 3896 676 3958 (Joan.
709 3912 781 3961 v1,
807 3896 875 3949 54
901 3900 941 3964 ).

290 3974 317 4000 ⁸
364 3965 537 4020 liabet
567 3966 790 4020 conlitus
814 3967 1080 4031 Baluzius,
1097 3967 1344 4021 constitua
1363 3964 1811 4032 Gallandiumqui

224 4035 403 4107 subdit
436 4054 450 4089 :
491 4054 508 4086 ι
547 4038 863 4107 ῌεηιιυευιη
891 4038 1035 4092 hunc
1066 4040 1240 4092 locum
1275 4039 1514 4107 praeterit
1537 4036 1809 4091 Baluzius.

224 4104 365 4175 Lege
392 4122 517 4160 cum
547 4106 880 4162 Gerberonio
907 4118 1237 4162 contestatus.
1277 4104 1300 4161 ἰ
1336 4109 1493 4163 Εωτ.

293 4176 320 4215 δ
362 4177 636 4232 Hercator
695 4178 1005 4233 Caelestium
1075 4178 1205 4232 facit
1254 4192 1526 4233 auctorem
1592 4176 1812 4231 nefandi

223 4246 513 4318 dOgmatis,
543 4248 689 4317 quod
712 4248 958 4318 infantes,
990 4249 1188 4318 etiamsi
1217 4266 1319 4302 non
1348 4250 1687 4316 baptizentur,
1712 4253 1814 4299 tha-

226 4316 373 4372 beant
402 4316 833 4372 eitam'wtcrna‘m
855 4319 993 4382 (Lib.
1020 4321 1084 4373 de
1109 4317 1250 4374 ϐεδε.
1285 4318 1499 4374 Palmst.
1533 4335 1649 4387 cap.
1688 4318 1810 4385 11).

226 4389 293 4441 Et
320 4404 449 4443 vero
474 4388 723 4458 Pelagius
750 4390 902 4459 (Lib.
937 4391 999 4444 de
1032 4389 1183 4445 Pecc.
1217 4388 1365 4461 Orig.
1395 4406 1512 4461 cap.
1537 4387 1815 4461 l‘2)Dios—-

228 4461 335 4527 poli
362 4470 560 4527 aperte
593 4466 824 4529 negavit.
865 4462 913 4514 id
948 4477 1198 4523 umquam
1231 4476 1259 4514 a
1290 4459 1350 4515 se
1381 4460 1619 4521 dictum;
1653 4459 1815 4511 immo

228 4532 289 4582 ad
322 4528 756 4585 satisfactionem
790 4532 979 4602 synodi
1026 4531 1230 4602 addidit
1259 4545 1318 4585 se
1360 4528 1814 4602 attathematiaare

228 4602 314 4666 qui
342 4603 426 4655 sic
454 4600 1122 4670 tenerentaut'aliquaudo
1145 4603 1458 4654 tenuissent.
1488 4600 1815 4670 Augustinus

233 4682 406 4725 tamen
434 4673 696 4735 ostendit,
730 4668 938 4727 nullam
962 4672 1124 4725 fuisse
1154 4671 1426 4740 Pelagium
1454 4670 1594 4723 inter
1613 4678 1668 4722 et
1693 4668 1818 4723 Cm-

232 4741 443 4795 lestium
479 4742 530 4794 in
561 4741 659 4795 hac
692 4754 843 4808 parte
868 4742 1246 4801 differentiam.
1270 4742 1370 4793 nisi
1395 4741 1533 4809 quod
1562 4740 1650 4792 ille
1675 4755 1818 4809 aper-

231 4814 342 4877 tior,
366 4815 467 4867 iste
490 4813 740 4865 occultior
769 4814 902 4882 fuit;
926 4812 1014 4865 ille
1035 4813 1366 4883 pertinacior,
1386 4814 1478 4883 iste
1501 4811 1817 4883 mendacior;

230 4884 303 4933 ecl
346 4895 490 4936 certe
538 4884 627 4935 ille
676 4883 905 4947 liberior,
930 4881 1270 4936 iste'astutior
1306 4897 1324 4935 :
1366 4881 1454 4934 ille
1483 4883 1615 4933 enim
1645 4896 1737 4932 nec
1763 4882 1816 4932 in

234 4952 468 5007 Ecclesia
493 4950 885 5024 Carthaginensi
901 4955 1146 5019 damnare
1170 4953 1323 5006 voluit
1349 4953 1484 5024 quod
1506 4953 1559 5003 in
1582 4950 1818 5003 Romana

232 5036 405 5091 postea
432 5040 488 5077 se
537 5023 704 5078 tenere
742 5029 1006 5095 confessus
1046 5033 1153 5095 est,
1183 5034 1228 5076 et
1264 5023 1454 5095 corrigi
1486 5031 1722 5095 paratum
1749 5036 1819 5095 _se

232 5090 334 5147 esse
371 5096 658 5163 professus,
686 5096 728 5148 si
757 5096 804 5147 ei
834 5090 1097 5165 tamquam
1134 5093 1328 5165 homini
1376 5090 1517 5145 error
1561 5090 1819 5157 obrepsit;

234 5166 320 5218 iste
344 5173 525 5218 autem
547 5176 594 5218 et
634 5166 771 5218 illud
814 5167 999 5236 dogma
1029 5164 1306 5225 damnavit,
1326 5174 1596 5236 tamquam
1618 5171 1824 5213 contra-

232 5236 359 5286 rius
386 5236 617 5298 veritati,
646 5253 708 5289 ne
730 5236 838 5300 ipse
867 5232 901 5289 ά
930 5236 1195 5301 judicibus
1233 5232 1499 5287 catholicis
1542 5239 1793 5284 damnare

237 5315 334 5367 ευ,
361 5316 415 5359 et
437 5307 492 5357 id
520 5306 621 5359 sibi
643 5309 1019 5377 defendendum
1048 5318 1219 5374 postea
1246 5304 1543 5370 reservavit,
1569 5312 1657 5355 aut
1679 5318 1820 5354 nteit--

238 5378 435 5428 (sciter
451 5377 728 5439 damnans,
751 5386 841 5431 aut
862 5378 1052 5429 callide
1078 5378 1434 5444 interpretans.

309 5457 331 5485 ε
380 5446 613 5501 Tantum
642 5448 807 5501 verbis
836 5446 1089 5502 inludere.
1125 5443 1299 5499 Edidit
1327 5443 1690 5499 Gerberonius
1719 5450 1829 5493 tan-

240 5526 343 5569 tum
389 5518 560 5573 urbis
598 5520 901 5578 includere,
942 5518 1037 5571 sed
1084 5515 1366 5586 legendum
1415 5524 1598 5569 monet
1628 5520 1825 5565 tantam

240 5590 399 5662 seritis
430 5588 713 5641 includere.
739 5588 1018 5643 GALLAND-
1164 5658 1174 5662 _
1237 5658 1247 5662 _
1294 5657 1305 5662 _
1425 5657 1435 5662 _
1788 5652 1820 5662 ..

303 5658 330 5698 δ
375 5662 529 5715 lianc
556 5662 832 5723 nimirum,
864 5661 1005 5728 quod
1051 5658 1249 5711 Christi
1294 5657 1561 5724 baptismo
1614 5652 1821 5728 parvuli

243 5745 341 5783 non
369 5743 592 5801 egeant.
622 5733 832 5804 Dictum
865 5725 993 5783 vero
1021 5730 1221 5784 Marius
1250 5729 1439 5804 prohat
1467 5725 1819 5804 argumentis,

246 5800 467 5868 quorum
498 5804 604 5858 vim
634 5803 911 5859 declinare
941 5818 1098 5856 ncntu
1120 5809 1305 5870 queat,
1331 5800 1429 5853 nisi
1454 5800 1542 5869 qui
1567 5807 1655 5850 aut
1677 5800 1822 5851 omni

1912 3540 2212 3609 Scriptura:
2254 3554 2428 3613 sacra:
2468 3538 2842 3613 auctoritatem
2873 3534 3151 3613 detrahat,
3183 3540 3241 3613 ut
3271 3530 3495 3613 pagani;

1911 3624 2002 3665 aut
2032 3606 2380 3680 Evangelium
2436 3610 2745 3678 scriptaque
2799 3606 3091 3680 apostolica
3140 3606 3497 3680 rejicia‘t,-ut

1909 3683 2101 3738 Judaei.
2130 3670 2209 3735 ΕΞ
2226 3696 2359 3736 vero
2388 3670 2620 3746 sumpsit
2650 3670 2678 3730 ὁ
2728 3670 3039 3732 nominibus
3072 3673 3270 3746 quibus
3294 3670 3495 3725 Christi

1910 3751 2263 3808 beneficentia
2292 3751 2346 3805 in
2375 3744 2620 3804 homines
2648 3749 3018 3818 significatur;
3062 3745 3155 3818 sed
3184 3744 3254 3818 ita
3284 3750 3341 3793 ut
3369 3754 3498 3818 ron-

1911 3831 2019 3878 stet
2062 3837 2147 3893 ea_
2176 3821 2240 3893 ad
2272 3820 2525 3889 parvulos
2553 3835 2659 3873 non
2699 3811 3002 3893 pertinere.
3034 3814 3116 3867 sin
3164 3813 3346 3893 minus
3370 3811 3498 3893 bap.

1911 3895 2072 3948 tismo
2093 3879 2290 3946 Christi
2310 3899 2526 3958 egeant,
2552 3903 2659 3958 quo
2677 3879 2962 3958 abluantur
2985 3901 3013 3958 a
3037 3884 3248 3958 peccati
3268 3879 3496 3958 macula.

1987 3973 2011 4001 °
2040 3962 2304 4017 Recenset
2327 3949 2595 4015 blercaior
2621 3959 2853 4028 plurima
2871 3952 3076 4028 Christi
3103 3949 3498 4028 n_omina,1]ui-

1912 4033 2015 4088 bus
2044 4032 2397 4088 beneﬁcentia
2422 4019 2691 4101 ipsiusin
2710 4026 2958 4101 homines
2980 4022 3334 4101 significatur.
3363 4019 3499 4101 sunt

1915 4114 2097 4158 autem
2138 4104 2228 4157 illa
2258 4094 2484 4158 omnino
2512 4099 2855 4173 vigintiduo,
2886 4096 3207 4173 vivilicator,
3240 4094 3500 4173 salvator,

1914 4174 2268 4235 illuminator,
2304 4162 2968 4245 redemptor,_-_liberato_r,
2999 4162 3283 4245 mediator,
3314 4162 3496 4245 propi-

1914 4246 2094 4309 tiator,
2128 4244 2400 4307 medicus,
2429 4239 2845 4303 reconciliator,
2879 4239 3250 4309 circumcisor,
3284 4243 3501 4309 misert-

1912 4328 2039 4370 cors
2069 4302 2165 4369 seu
2192 4302 2501 4375 misera'tor,
2542 4316 2793 4371 testator,
2825 4302 3499 4375 consolator,_advoc_atus,

1916 4369 2222 4453 adoptator,
2253 4369 2625 4451 regenerator.
2653 4369 2979 4453 iustificaus,
3009 4369 3397 4453 translatorde
3415 4379 3501 4453 te-

1914 4440 2100 4509 nebris
2141 4440 2483 4523 ad'regvnum,
2516 4440 2803 4523 mandatur
2849 4445 3256 4523 seu_expiator,
3286 4440 3499 4518 delator

1917 4524 2278 4593 chirographi,
2300 4516 2449 4587 'vita,
2472 4516 2733 4593 reficiens
2774 4534 2868 4572 sett
2902 4516 3148 4593 relevans
3180 4532 3193 4566 :
3220 4526 3345 4593 qua}
3389 4516 3501 4593 sitia

1920 4576 2394 4663 gula—feslimoniis
2425 4576 2493 4646 ex
2540 4591 2818 4663 Scriptura
2856 4587 3077 4663 prolatis
3106 4576 3501 4663 expue-atri?!)-

1921 4652 2032 4718 ἴδω
2062 4679 2223 4733 porro
2267 4664 2460 4733 dignus
2503 4670 2588 4716 est
2616 4652 2701 4714 hic
2743 4652 3035 4733 locus;_vix
3068 4657 3211 4710 enim
3245 4652 3502 4733 illustrior

1919 4728 2137 4789 alius-in
2172 4734 2308 4787 hanc
2326 4728 2444 4805 rem
2477 4728 2945 4805 inveniaturapud
2986 4729 3203 4805 Patres,
3234 4736 3354 4775 cum
3388 4732 3494 4805 una

1920 4805 2240 4871 colligantur
2266 4818 2295 4857 a
2339 4804 2635 4857 Mercatore
2663 4795 2851 4855 omnia
2871 4812 2990 4868 qua:
3018 4796 3085 4849 ab
3111 4795 3228 4846 aliis
3255 4795 3487 4859 sparsim

1922 4879 2054 4929 tradi
2084 4876 2278 4929 solent.
2897 4916 2915 4927 ,

1996 4944 2016 4982 ί
2058 4943 2350 5000 Garnerius
2379 4942 2536 4996 habet
2569 4942 2621 4994 in
2650 4938 2889 5003 margine
2916 4933 3165 5012 parvulis.
3202 4931 3365 5012 EDIT._

1993 5024 2018 5062 Β
2059 5016 2353 5070 Carnerius
2380 5013 2539 5067 habet
2564 5011 2618 5065 in
2650 5011 2927 5080 margine:
2958 5006 3202 5073 Corrige,
3225 5006 3392 5070 inquis
3423 5006 3499 5050 tu.

1923 5087 2074 5141 EDIT.

1992 5136 2041 5192 ί
2060 5152 2213 5227 [ιθῧῖι
2243 5153 2509 5227 Mercator
2534 5150 2772 5227 δράγμα,
2791 5164 2908 5227 _non
2949 5148 3087 5227 item.
3108 5148 3276 5227 nt‘est
3379 5136 3502 5227 In]:

1923 5227 2062 5296 gatis
2090 5215 2390 5301 codicibus,
2418 5215 2676 5301 δραγιξήιξξ
2696 5220 2840 5301 undae
2868 5228 2922 5273 et
2948 5215 3500 5301 manipuluui_verllit:

1926 5279 2249 5366 quamquam
2300 5279 2460 5348 altius
2489 5279 2745 5363 quiddam
2792 5290 2928 5344 forte
2956 5279 3503 5366 reconditiusquelln:

1931 5350 2045 5421 {ere
2073 5350 2377 5432 sitspicatus
2404 5350 2521 5428 est;
2540 5373 2829 5435 propterea
2850 5358 2992 5435 quod
3036 5359 3087 5410 in
3120 5350 3501 5435 minutioribus

1928 5438 2057 5492 olim
2097 5431 2412 5503 quihusdam
2441 5434 2673 5489 monetis
2700 5431 2990 5505 fasciculus
3020 5431 3218 5505 segetis
3249 5437 3355 5505 seu.
3387 5432 3503 5505 ina-

1929 5488 2715 5583 lv-vittttlu'sefliugehatur;_quod
2744 5501 2966 5583 memini
2995 5488 3499 5583 me'aliquatt‘dolc;

1926 5562 2054 5639 Rere
2077 5577 2215 5646 apud
2250 5562 2465 5630 veteres
2494 5562 2570 5629 rei
2591 5562 2917 5627 'monetariae
2961 5562 3504 5646 scriptomszvcrum

1929 5651 2047 5702 hsec
2093 5640 2339 5701 subtilior
2363 5647 2529 5700 videri
2561 5652 2736 5714 putest
2778 5658 2935 5714 quam
2957 5640 3136 5714 verior
3174 5640 3503 5714 conjecutra.

2006 5716 2020 5754 ί
2059 5718 2156 5772 Gr.
2207 5717 2224 5770 l
2270 5717 2410 5771 Tim.
2443 5732 2481 5783 ι,
2516 5706 2611 5786 i3,
2640 5706 2849 5777 πιστόξν
2900 5712 3067 5780 ﬁdelis
3092 5749 3107 5772 ,
3139 5722 3235 5763 seu
3267 5717 3425 5757 verus
3450 5706 3515 5757 el

1926 5798 2128 5845 certus.
2152 5787 2424 5844 Cauno.
