4014 6188
261 342 367 398 157

1151 334 1352 391 LIBER
1392 333 1979 392 SUBNOTATIONUM
2018 335 2083 392 IN
2127 334 2354 391 VERBA
2392 335 2675 392 JlJLIAM.

3432 335 3538 393 158

257 458 401 528 quod
431 457 487 510 in
520 456 612 511 illa
640 454 837 510 debeat
861 454 1162 518 emendari,
1193 454 1275 507 vel
1306 452 1529 523 corrigi,
1566 453 1670 509 nisi
1701 452 1842 522 quod
1874 460 1921 514 Α
1953 453 2051 507 hos
2078 454 2299 523 laqueos
2321 453 2529 507 evites?
2550 451 2805 519 Videsne,
2826 448 3319 519 impudentissime,
3342 450 3542 506 hostia

256 551 489 604 forsitan
516 564 741 617 pravum
772 547 890 599 est?

320 641 413 695 2t.
460 639 613 705 Quod
632 637 941 707 justiﬁetus
969 637 1049 691 vel
1073 636 1400 707 iustiﬁcetur
1427 644 1532 703 est,
1556 634 1686 690 audi
1710 649 1843 704 apo-

254 734 457 785 stolum
489 730 717 786 Paulum
765 747 777 781 :
825 728 973 783 Sicut
1007 738 1082 782 est
1116 729 1300 781 ueritas
1341 728 1398 780 in
1434 726 1561 780 Jestt
1593 727 1846 795 deponere

252 839 336 875 ros
377 822 671 874 secundum
697 820 967 887 pristinam
1009 819 1444 871 conversationem
1483 828 1702 871 veterem
1747 818 1847 869 ho-

252 913 473 975 minem,
513 912 599 979 qui
636 911 979 981 corrumpitur
1014 909 1294 962 secundum
1332 909 1587 962 desideria
1632 909 1842 962 erroris.

252 1003 598 1056 Rersovamini
625 1011 797 1055 autem
830 1017 1033 1055 sensum
1058 999 1265 1073 [Balnea
1303 996 1474 1068 sensu]
1512 1000 1697 1052 mentis
1730 1015 1843 1052 ees-

252 1106 360 1153 tne,
392 1105 443 1146 et
482 1093 679 1144 induite
712 1108 898 1144 novum
927 1106 1043 1143 eum
1072 1089 1280 1159 [Datim
1308 1087 1615 1157 hominem],
1644 1088 1732 1156 qui
1758 1104 1842 1140 se-

254 1185 478 1236 cundum
514 1183 682 1241 Deum
711 1194 911 1235 creatus
940 1190 1011 1234 est
1045 1182 1097 1234 in
1118 1181 1350 1252 justitia,
1382 1191 1426 1231 et
1457 1180 1727 1232 sanctitate
1756 1195 1839 1232 ve-

250 1279 418 1330 ritatis
438 1275 661 1345 (Ephes.
681 1274 887 1345 tv,23).
916 1275 974 1327 lli
997 1290 1135 1343 quos
1159 1282 1423 1328 vetustate
1452 1273 1594 1325 nulla
1620 1272 1842 1343 indutos

250 1385 373 1423 esse
420 1371 768 1437 pronuntias,
810 1367 941 1438 quid
990 1368 1209 1434 lcient,
1241 1367 1283 1420 si
1336 1376 1392 1420 te
1436 1365 1693 1419 audient?
1732 1380 1838 1417 non

249 1463 521 1519 accedent
551 1463 615 1516 ad
647 1470 1051 1528 renovatorem,
1087 1474 1193 1513 non
1224 1473 1294 1513 eo
1329 1458 1643 1523 induentur,
1675 1457 1839 1525 depo-

248 1558 349 1608 sita
381 1563 681 1617 vetustate,
713 1563 770 1608 ut
801 1561 1140 1608 renoventur
1170 1551 1361 1620 spiritu
1392 1546 1587 1603 mentis
1612 1563 1745 1603 sum.

316 1634 416 1698 22.
457 1645 614 1711 Quod
658 1644 726 1699 de
766 1642 1005 1699 tenebris
1037 1641 1439 1696 transferuntur
1476 1640 1542 1693 ad
1583 1653 1835 1709 regnum,

249 1742 338 1807 qui
369 1740 579 1793 luerim
610 1738 891 1807 baptismi,
921 1736 1044 1791 audi
1067 1734 1369 1805 apostolum
1395 1733 1622 1787 Paulum
1658 1749 1670 1785 :
1705 1729 1839 1785 Gra—

1949 545 2108 615 hujus
2129 545 2442 615 sanguinem
2464 544 2867 599 mundum-inm
2888 557 3015 597 esse
3034 552 3404 613 peccatorum,
3434 558 3524 597 re-

1946 628 2316 705 demptionem
2362 652 2580 706 quoque
2615 636 2683 689 ab
2712 636 2856 689 omni
2889 635 3201 704 iniquitate,
3247 649 3346 703 per
3370 649 3533 702 quem

1946 730 2049 783 sibi
2074 738 2409 797 prmpararet
2430 730 2687 798 populum
2712 729 3089 782 simulatorem
3114 727 3378 781 bonorum
3402 741 3531 793 ope-

1945 819 2100 873 runt?
2130 818 2199 873 Et
2236 830 2293 872 tu
2339 819 2519 873 fronte
2555 820 2754 881 terrea,
2784 829 2839 872 et
2867 820 3036 872 corde
3070 832 3258 879 saxeo.
3305 832 3535 886 separes

1946 908 2204 975 parvulos
2232 922 2262 958 a
2295 908 2497 976 popqu
2529 908 2647 972 Dei,
2681 908 2772 975 qui
2811 908 3062 974 expiatus
3088 920 3143 960 et
3184 907 3524 977 redemptus,

1944 1007 2023 1051 tot
2055 1009 2109 1051 ct
2141 998 2339 1051 talibus
2370 998 2575 1051 divinis
2606 996 2841 1067 pra'miis
2871 997 3092 1065 gaudet.

2011 1089 2103 1144 25.
2144 1090 2297 1157 Quod
2337 1089 2551 1145 deletor
2597 1089 2945 1160 chirographi
2988 1087 3195 1161 [Batus.
3240 1086 3369 1159 est],
3400 1089 3529 1143 audi

1942 1184 2248 1251 apostolum
2295 1183 2520 1236 Paulum
2571 1199 2584 1236 :
2619 1182 2686 1235 Et
2731 1199 2818 1236 vos
2846 1198 2961 1234 cum
3006 1182 3178 1234 essetis
3208 1183 3395 1233 mortui
3439 1182 3529 1233 de-

1944 1276 2095 1337 lictis,
2130 1287 2176 1328 et
2220 1278 2470 1345 prteputio
2505 1277 2673 1330 carnis
2717 1285 2913 1339 vestrm,
2961 1274 3224 1339 viui/icavit
3255 1288 3372 1325 cum
3411 1271 3525 1330 illo,

1941 1366 2122 1419 delens
2150 1367 2286 1434 quod
2325 1369 2590 1420 adversum
2617 1383 2704 1419 vos
2732 1371 2859 1433 erat,
2894 1364 3291 1432 chirographum
3328 1364 3381 1414 in
3408 1378 3522 1414 sen-

1942 1457 2110 1510 tentiis
2133 1459 2367 1515 decretis.
2387 1459 2525 1529 quod
2548 1466 2655 1510 erat
2676 1456 2990 1509 contrarium
3014 1455 3173 1517 vobis,
3193 1452 3373 1506 tollens
3395 1453 3531 1505 illud

1941 1549 2005 1601 de
2032 1549 2220 1611 medio,
2254 1550 2412 1618 inﬂixit
2439 1549 2597 1613 cruci,
2629 1564 2818 1602 exuens
2867 1564 2919 1600 se
2944 1562 3175 1610 carnem,
3206 1546 3523 1615 principatus

1941 1649 1989 1695 et
2014 1648 2288 1711 potestates
2315 1640 2543 1693 traduxit
2574 1639 2882 1707 ﬁducialiter
2907 1634 3231 1699 triumphans
3263 1649 3344 1687 eos
3371 1635 3427 1685 in
3450 1650 3528 1686 se-

1940 1732 2154 1799 metipso
2176 1731 2307 1799 (Coi.
2332 1747 2390 1795 Il,
2414 1729 2519 1799 14).
2539 1730 2679 1798 Quid
2705 1730 2791 1781 hic
2808 1736 3043 1792 astrues,
3063 1726 3257 1779 doctor
3271 1723 3533 1793 egregie?

250 1834 372 1896 tias,
407 1834 608 1902 inquit,
652 1841 855 1902 agentes
906 1829 1012 1883 Deo
1051 1839 1097 1883 et
1140 1827 1319 1893 Patri,
1367 1828 1453 1896 qui
1489 1828 1698 1880 idoneos
1744 1842 1839 1878 nos
1870 1829 1913 1886 Β
1941 1816 2086 1876 delet
2117 1821 2171 1874 in
2199 1820 2465 1889 baptismo
2494 1823 2658 1873 etiam
2683 1815 3103 1887 chirographum
3141 1814 3526 1883 parvulorum?

254 1927 369 1993 fecit
396 1927 453 1977 in
482 1932 632 1992 parte
676 1923 827 1977 sortis
866 1933 1057 1976 sancite
1081 1920 1286 1992 [Belum
1317 1918 1632 1989 sanctorum]
1671 1920 1730 1971 in
1756 1920 1838 1971 lu-

253 2018 409 2082 mine,
442 2017 532 2083 qui
554 2016 742 2083 eripuit
768 2030 859 2067 nos
881 2019 945 2068 de
971 2021 1217 2083 potestate
1238 2011 1577 2077 tenebrarum,
1604 2018 1652 2064 et
1673 2019 1843 2062 trans-

255 2107 366 2158 talit
411 2109 465 2160 in
502 2124 718 2177 regnum
745 2102 878 2160 Filii
912 2106 1176 2160 charitatis
1210 2121 1335 2168 suta,
1364 2105 1420 2158 in
1459 2122 1563 2174 quo
1599 2102 1843 2161 habemus

252 2198 678 2268 redemptionem,
700 2198 1049 2253 remissionem
1073 2207 1396 2265 peccatorum
1420 2193 1641 2266 (Coloss.
1664 2209 1700 2259 t,
1730 2192 1840 2263 i5).

252 2287 431 2357 Rogo,
452 2302 565 2357 quo
590 2304 713 2353 ore,
739 2300 847 2357 qua
871 2291 1047 2357 potius
1074 2286 1405 2357 impudentia
1438 2289 1540 2339 ista
1568 2286 1658 2340 tibi
1685 2285 1844 2338 aliter

249 2381 363 2432 visa
402 2390 537 2433 sunt
566 2377 983 2443 consideranda,
1018 2395 1085 2433 ne
1126 2387 1290 2433 tanta:
1336 2376 1470 2431 lucis
1515 2377 1748 2431 veritate
1788 2384 1844 2430 et

250 2471 485 2524 rationis
514 2471 840 2525 Christiana:
878 2472 1118 2541 pondere
1146 2470 1509 2538 pretnererisl
1549 2467 1844 2537 Separabis

248 2563 424 2630 igitur
450 2564 619 2617 etiam
660 2562 728 2615 ab
762 2564 865 2617 hoc
903 2562 1143 2631 (rapitqu
1179 2562 1460 2629 parvulos,
1496 2575 1565 2615 ne
1601 2560 1844 2613 insontes

246 2654 559 2707 secundum
595 2662 669 2720 te,
698 2660 755 2708 et
783 2654 873 2723 qni
905 2654 957 2708 in
991 2653 1113 2708 luce
1139 2664 1267 2708 sunt
1294 2653 1486 2706 merito
1517 2652 1842 2706 innocentia.-

245 2744 563 2809 constituti,
592 2744 805 2799 extrahi
848 2744 1135 2799 vidcantur
1166 2744 1235 2799 de
1283 2753 1548 2814 potestate
1596 2745 1845 2797 tenebra-

246 2854 395 2893 rum.
430 2848 461 2893 ἢ
486 2839 627 2903 Sed,
655 2838 1042 2893 vecordissime
1064 2837 1399 2901 mortalium,
1424 2852 1533 2891 non
1562 2836 1720 2890 aliter
1743 2849 1844 2889 nec

248 2930 407 2992 prius
438 2929 842 2983 transferuntur
873 2929 927 2982 in
965 2943 1190 2998 regnum
1223 2927 1341 2982 Filii
1393 2926 1675 2981 charitatis
1724 2926 1842 2991 Dei,

247 3021 353 3074 nisi
388 3021 541 3089 prius
570 3022 798 3076 extracti
838 3019 1039 3075 fuerint
1070 3020 1138 3075 de
1176 3028 1443 3088 potestate
1476 3018 1839 3083 tenebrarum,

248 3120 307 3163 et
326 3111 435 3165 nisi
460 3112 757 3167 habuerint
782 3113 1237 3181 redemptionem,
1266 3112 1605 3167 remissionis
1632 3111 1845 3165 scilicet

1947 1915 2031 1969 An
2059 1914 2267 1967 nullum
2300 1913 2564 1967 habentes
2597 1909 3044 1981 chirographum,
3087 1923 3189 1962 nec
3222 1907 3525 1975 proprium,

1947 2021 2046 2059 nec
2073 2017 2379 2073 paternum,
2404 2006 2468 2059 ad
2499 2005 2638 2059 hanc
2669 2004 2945 2073 largitoris
2972 2003 3202 2073 gratiam
3235 2016 3345 2053 non
3369 2014 3529 2054 curas

1944 2099 2262 2154 admittere?
2290 2097 2526 2152 Audiant
2562 2098 2647 2151 hic
2674 2097 2800 2166 quid
2832 2095 3039 2150 sentias
3083 2093 3337 2149 catholici
3366 2090 3523 2146 Chri-

1944 2192 2129 2255 stiani,
2152 2204 2204 2245 et
2233 2205 2393 2258 quem
2426 2199 2483 2243 te
2506 2203 2630 2243 esse
2658 2187 2966 2257 intelligere
2993 2185 3250 2251 debeant,
3279 2185 3529 2253 ipsorum

1946 2282 2198 2349 permitto
2220 2278 2450 2346 judicio.

2014 2371 2103 2427 26.
2145 2372 2295 2440 Quod
2319 2374 2427 2426 vita
2461 2379 2542 2425 est
2564 2366 2834 2432 Christus,
2862 2368 2986 2422 andi
3018 2365 3280 2422 Joannem
3308 2369 3526 2436 aposto-

1946 2464 2058 2517 lum
2086 2482 2099 2516 ε
2136 2463 2203 2517 Et
2237 2464 2332 2515 hoc
2355 2462 2696 2517 testimonium
2729 2469 2803 2513 est
2835 2476 2846 2510 :
2881 2470 2902 2497 ε
2934 2460 3057 2528 quia
3092 2459 3245 2511 vitam
3285 2469 3529 2510 (sternam

1944 2554 2084 2608 dedit
2107 2554 2255 2607 nobis
2276 2552 2437 2615 Deus,
2452 2560 2497 2603 et
2522 2551 2635 2604 hac
2655 2550 2761 2602 vita
2777 2551 2829 2601 in
2845 2547 2983 2601 Filio
3008 2549 3119 2617 ejus
3140 2558 3229 2601 est.
3255 2548 3359 2614 Qui
3378 2546 3530 2599 habet

1951 2644 2165 2711 Filium,
2191 2643 2343 2697 habet
2365 2643 2554 2706 vitam;
2582 2643 2670 2712 qui
2699 2656 2800 2693 non
2830 2640 2980 2693 habet
3007 2638 3224 2703 Filium,
3255 2655 3354 2691 non
3379 2638 3529 2692 habet

1943 2738 2098 2791 vitam
2126 2735 2165 2806 (Ι
2193 2736 2351 2791 Joan.
2383 2750 2436 2803 v,
2482 2732 2595 2801 11),
2634 2733 2724 2787 sed
2742 2731 3003 2804 judicium
3039 2728 3138 2784 Dei
3167 2739 3336 2783 manet
3373 2747 3534 2799 super

1942 2845 2056 2881 eum
2095 2825 2277 2895 (Joan.
2318 2841 2398 2889 tu,
2443 2823 2556 2892 56).
2600 2823 2703 2877 Eia
2746 2824 3019 2892 pracepsl
3052 2821 3283 2875 admitte
3322 2829 3381 2874 ιη
3412 2822 3534 2876 sine

1944 2919 2214 2989 baptismo
2253 2916 2515 2989 parvulus
2553 2920 2694 2970 hanc
2732 2914 2930 2969 habeat
2965 2914 3153 2967 vitam.
3187 2910 3430 2979 "resisti,
3474 2922 3533 2966 ut

1942 3013 2131 3079 credo,
2173 3012 2278 3077 hic,
2311 3020 2366 3065 et
2403 3012 2454 3064 in
2485 3008 2679 3064 eodem
2724 3008 2840 3062 luto
2883 3006 3141 3061 hzerendo
3178 3003 3206 3043 ά
3246 3021 3528 3060 versuram

1944 3106 2130 3160 solvis.
2180 3105 2236 3160 Si
2288 3104 2451 3171 igitur
2496 3117 2605 3157 non
2656 3099 2823 3155 habet
2866 3099 2985 3153 sine
3030 3098 3135 3153 hoc
3180 3108 3535 3153 sacramento

252 3212 630 3269 peccatorum.
657 3202 725 3258 Et
746 3213 869 3257 nota
902 3204 1007 3271 hic,
1039 3204 1500 3272 redemptionem,
1526 3217 1683 3271 quam
1713 3212 1767 3257 et
1789 3214 1841 3256 tu
1872 3192 1917 3255 C
1948 3200 2136 3265 vitam,
2179 3197 2445 3268 judicium
2478 3195 2572 3250 Dei
2618 3203 2799 3248 manet
2830 3204 2995 3262 super
3022 3206 3168 3245 eum.
3202 3191 3353 3247 Unde
3394 3190 3535 3245 hoc?

250 3294 404 3347 dices
434 3303 489 3348 et
517 3295 809 3363 concedes,
845 3295 941 3349 sed
972 3295 1159 3350 nescio
1196 3309 1356 3366 quam
1387 3297 1674 3351 conﬁctam
1704 3312 1717 3351 :
1746 3293 1841 3350 sed

256 3382 465 3453 [,Batus.
499 3386 575 3458 et]
603 3389 856 3451 alteram,
889 3403 1049 3457 quam
1083 3388 1376 3457 Apostolus
1410 3403 1516 3443 non
1552 3387 1688 3443 dicit
1720 3402 1844 3443 esse.

259 3481 507 3547 principe
527 3479 671 3541 loco,
697 3480 799 3533 nisi
832 3489 1175 3550 peccaturum
1210 3479 1610 3534 remissionem.

318 3574 417 3627 2‘5.
457 3572 618 3639 Quod
666 3574 955 3627 mundator
997 3588 1092 3627 seu
1120 3574 1365 3641 expiator
1390 3583 1495 3639 est,
1529 3570 1654 3626 audi
1699 3571 1842 3640 Bap-

251 3665 434 3717 tistatn
460 3663 724 3718 Joannem
758 3683 770 3716 :
803 3662 934 3719 Ecce
960 3664 1135 3734 Agnus
1165 3663 1283 3729 Dei,
1305 3680 1417 3717 ecce
1440 3665 1530 3735 qui
1559 3662 1693 3717 tollit
1719 3680 1842 3730 pec-

249 3768 368 3812 cata
398 3760 584 3811 mundi
617 3756 796 3830 (loeti.
829 3774 871 3822 ι,
907 3758 1027 3827 ω).
1072 3758 1209 3826 Quid
1258 3757 1367 3824 hic,
1417 3773 1627 3829 qumso,
1660 3762 1843 3825 Agnus

250 3850 356 3903 iste
402 3849 695 3917 signiﬁcat,
731 3851 833 3904 nisi
872 3850 1151 3904 victimam
1193 3864 1293 3918 pro
1323 3849 1581 3919 peccatis,
1623 3848 1711 3917 qui
1745 3862 1844 3915 pro

251 3944 364 3996 suis
398 3953 575 4006 certe,
608 3957 745 4012 quos
773 3943 951 4013 expiat
980 3957 1102 3998 cum
1130 3941 1341 3996 oblatus
1365 3951 1447 3997 est
1472 3952 1525 3995 et
1548 3939 1576 3978 ιι
1603 3939 1843 4010 quotidie

254 4035 309 4089 in
350 4036 469 4088 suis
516 4037 878 4089 sacramentis
916 4035 1166 4099 otTertur,
1205 4034 1578 4089 remissionem
1620 4042 1843 4101 praestat

252 4127 660 4194 pmteritorum
690 4136 748 4180 et
781 4125 1128 4192 prazsentium
1165 4124 1544 4193 peccatorum?

318 4217 413 4272 2i.
454 4218 699 4272 Juhesue
745 4219 907 4288 igitur
957 4226 1013 4270 ut
1065 4217 1293 4285 parvuli,
1328 4216 1545 4269 obnoxii
1589 4214 1643 4268 in
1694 4215 1843 4269 nullo

250 4323 516 4379 peccato,
544 4311 681 4363 hanc
707 4311 810 4363 sibi
833 4309 1013 4363 dicant
1041 4306 1271 4362 hostiam
1298 4307 1518 4361 minime
1547 4307 1839 4374 profuisse,

250 4420 374 4472 qua
426 4414 641 4457 tantum
688 4417 790 4472 pro
835 4404 1104 4472 peccatis,
1158 4401 1243 4454 vel
1292 4414 1390 4469 pro
1440 4400 1838 4469 peccatoribus,

251 4504 487 4548 mactata
518 4492 905 4563 cognoscitur?
928 4495 1057 4561 quin
1090 4489 1280 4544 audire
1306 4491 1473 4544 debes
1504 4489 1631 4559 quid
1664 4504 1841 4559 prazco

252 4588 414 4656 hujus
451 4561 687 4641 victimae
715 4586 769 4639 in
805 4584 1265 4651 consequentibus
1300 4583 1544 4649 epi~tolae
1583 4582 1845 4651 praedicet
1870 4561 1922 4624 Ῑ)

250 4679 290 4747 (1
310 4677 476 4731 locu.
510 4679 613 4746 t,7)
635 4676 730 4729 :Et
751 4676 962 4746 sanguis
981 4674 1013 4729 J
1021 4692 1104 4728 esu
1126 4673 1253 4727 Filii
1279 4674 1371 4727 Dei
1384 4675 1643 4727 mundavit
1664 4689 1756 4727 nos
1777 4674 1840 4726 ab

248 4772 387 4824 onini
415 4772 626 4823 delicto.
676 4768 805 4823 Item
835 4766 1041 4841 [Baluz.
1083 4765 1251 4837 idem]
1286 4766 1480 4819 Paulus
1514 4783 1526 4817 :
1563 4765 1665 4831 Qui
1700 4765 1841 4818 dedit

251 4866 580 4931 semetipsum
608 4877 701 4931 pro
730 4860 898 4925 nobis,
926 4869 983 4913 ut
1009 4875 1101 4912 nos
1135 4857 1198 4910 ab
1230 4858 1366 4910 onmi
1409 4856 1677 4927 iniquitate
1702 4857 1839 4909 redi-

250 4968 428 5023 meret,
460 4968 510 5008 et
538 4954 810 5009 mundare!
831 4954 930 5008 sibi
950 4953 1199 5024 populum
1218 4950 1567 5005 emnlatorem
1589 4950 1839 5003 bonorum

248 5067 461 5120 operum
492 5046 622 5119 (Tit.
662 5064 699 5113 ι,
728 5044 844 5117 24).
889 5045 1005 5112 Quo
1034 5052 1089 5098 te
1129 5042 1355 5098 vertes?
1391 5042 1509 5109 Quo
1549 5041 1748 5110 lugics,
1781 5052 1838 5095 ut

1944 3293 2060 3347 Non
2090 3307 2298 3360 quaero,
2335 3289 2630 3358 legentium
2664 3285 2949 3357 prudentia
2984 3284 3273 3354 intelligat.

2014 3382 2106 3436 36.
2146 3381 2299 3450 Quod
2328 3382 2581 3436 reﬁciens
2602 3390 2658 3434 et
2694 3378 2945 3433 relevans
2978 3377 3235 3431 Dominus
3265 3377 3321 3429 in
3355 3375 3532 3429 Evan-

1943 3477 2088 3547 gelio
2116 3494 2131 3532 :
2166 3474 2349 3528 Venite
2375 3474 2443 3525 ad
2472 3488 2572 3537 me,
2603 3488 2778 3525 omnes
2800 3471 2890 3540 qui
2928 3470 3175 3523 laboratis
3205 3478 3293 3522 aut
3324 3468 3531 3541 [BalnL

1944 3567 2013 3640 et]
2058 3567 2254 3621 onerati
2284 3566 2424 3629 estis,
2473 3575 2522 3619 et
2569 3580 2661 3637 ego
2705 3578 2792 3616 vos
2830 3562 3058 3628 reficiam
3096 3575 3116 3614 :
3147 3558 3308 3613 tollite
3344 3561 3534 3630 jugum

1944 3676 2112 3715 meum
2134 3675 2287 3727 super
2316 3674 2423 3725 uos,
2452 3665 2498 3711 et
2525 3657 2706 3710 discite
2734 3671 2766 3706 a
2793 3671 2872 3707 me
2896 3654 3016 3722 quia
3046 3654 3185 3706 mitis
3208 3669 3322 3707 sum
3358 3661 3405 3705 et
3436 3654 3535 3705 hu-

1945 3752 2081 3804 milis
2125 3751 2298 3816 corde,
2350 3759 2399 3803 et
2443 3749 2707 3801 invenietis
2753 3747 2977 3816 requiem
3019 3744 3291 3798 animabus
3332 3744 3531 3796 vestris.

1944 3843 2137 3913 Iugum
2154 3843 2285 3895 enim
2308 3855 2473 3893 meum
2492 3855 2646 3892 suave
2663 3848 2756 3901 est,
2772 3848 2818 3889 et
2830 3852 2957 3889 onus
2976 3850 3143 3888 meum
3160 3845 3183 3872 ο
3198 3835 3305 3887 leve
3321 3834 3527 3905 [_Balnz.

1945 3934 2073 3990 add.
2105 3931 2202 4004 est]
2234 3930 2449 4002 (Matth.
2482 3945 2559 3995 tu,
2596 3926 2708 3997 28).
2753 3925 3026 3993 Numquid
3066 3935 3121 3980 et
3162 3925 3246 3980 hic
3288 3925 3392 3979 erit
3423 3923 3530 3976 nlla

1945 4029 2231 4092 dubitatio,
2257 4025 2465 4095 nullum
2485 4022 2549 4077 ad
2574 4023 2723 4076 illum
2742 4019 3192 4075 concionatorem
3213 4026 3528 4085 properare,

1946 4122 2048 4178 nisi
2088 4119 2179 4191 qui
2222 4125 2477 4172 oneratus
2516 4116 2695 4185 aliqua
2727 4113 2965 4176 sarcina,
2999 4111 3187 4165 labore
3222 4107 3531 4166 coniicitur,

1945 4231 2048 4285 qua
2079 4214 2345 4283 deposita,
2383 4210 2536 4265 tollat
2576 4207 2903 4274 levejugum
2941 4204 3058 4274 ejus
3094 4217 3255 4272 super
3296 4215 3355 4255 se
3384 4198 3535 4252 mitis

1945 4316 2005 4362 et
2031 4305 2251 4359 humilis
2279 4301 2479 4358 corde?
2504 4301 2571 4355 Et
2589 4300 2714 4369 quid
2738 4306 2823 4353 est
2842 4295 3015 4359 aliud,
3040 4295 3168 4362 nisi,
3194 4303 3251 4348 ut
3273 4292 3530 4353 diximus,

1946 4397 2162 4455 sarcina
2188 4393 2576 4467 peccatorum?
2604 4408 2723 4463 qua:
2753 4391 2905 4459 quia,
2953 4399 3008 4443 nt
3040 4398 3092 4442 te
3120 4387 3374 4447 delectat,
3407 4396 3533 4453 par-

1946 4492 2086 4547 vulis
2135 4488 2281 4545 nulla
2317 4495 2423 4549 est,
2466 4500 2572 4538 non
2622 4482 2843 4537 audiant
2890 4480 3039 4535 hunc
3086 4478 3535 4533 concionatorem

1950 4586 2130 4654 (quem
2163 4581 2336 4636 (ἕτκοί
2361 4576 2726 4632 EcclesiaSten
2754 4568 3114 4642 nuncupant),
3143 4580 3197 4625 et
3225 4566 3537 4634 intelligere
3582 4556 3583 4559 “

1946 4690 2055 4729 non
2083 4681 2297 4738 curent,
2326 4670 2397 4724 de
2425 4666 2669 4721 tollendo
2699 4665 2817 4718 miti
2845 4673 2900 4717 et
2927 4663 3033 4719 levi
3065 4662 3197 4731 jngo
3228 4658 3367 4729 ejus,
3403 4656 3534 4725 quia

1947 4766 2152 4821 nultum
2202 4763 2347 4831 quod
2395 4761 2734 4828 deponerent
2778 4768 2917 4811 unus
2967 4754 3229 4808 habuere.
3280 4748 3530 4805 Barecine

1941 4856 2280 4912 Christianos
2328 4851 2517 4906 audire
2570 4865 2677 4904 non
2729 4847 2883 4903 nefas
2926 4845 3043 4901 est?
3086 4857 3294 4913 vosque
3346 4839 3528 4895 adhuc

1945 4948 2053 5019 pati
2086 4945 2291 5014 garrire
2329 4958 2397 4998 ex
2435 4940 2759 5013 negligentia
2788 4936 3156 5001 sacerdotum,
3193 4949 3300 4989 non
3332 4931 3528 4987 ultima

1943 5051 2103 5110 penna
2129 5036 2247 5092 est?

1425 5221 1976 5282 CASTIGATIONES
2018 5220 2105 5275 ET
2144 5217 2372 5273 NOTAE.

316 5386 343 5413 ⁸
381 5376 651 5443 lntegrnm
681 5373 784 5427 hoc
816 5378 1151 5443 segmentum
1188 5381 1365 5443 usque
1390 5366 1461 5443 ad
1483 5380 1671 5443 vocent
1700 5373 1842 5443 tene-

248 5450 460 5501 tur-inn
498 5434 774 5499 Exciderat
813 5443 868 5497 in
882 5434 1145 5497 'editione
1174 5434 1422 5495 Gafnerii
1454 5455 1468 5491 :
1499 5434 1839 5490 restituimus

250 5536 308 5575 ex
342 5518 585 5572 Baluzio.
615 5516 769 5571 Eutr.

319 5591 347 5628 ιι
396 5588 534 5642 Nota
581 5583 941 5654 antiquissimi
989 5581 1269 5649 scriptoris
1324 5577 1699 5654 testimonium
1739 5590 1840 5654 pro

253 5660 527 5715 sacriﬁcio
551 5646 733 5711 missae
762 5656 1063 5724 propitianti
1080 5646 1133 5706 io
1157 5668 1252 5724 pro
1282 5650 1515 5724 peccatis
1537 5646 1836 5724 praeteritis

252 5742 304 5783 et
322 5728 710 5800 pratentibus.
743 5718 877 5800 Qua:
896 5725 1195 5800 veritasita
1221 5718 1320 5775 fuit
1349 5718 1677 5800 iqeonlesso
1710 5726 1834 5771 tunc

255 5791 514 5867 temporis
536 5842 550 5866 ,
582 5808 642 5852 ut
679 5791 861 5853 nullus
890 5794 1004 5852 fere
1036 5794 1193 5864 huius
1236 5791 1418 5848 επιτυῆ
1449 5792 1681 5858 scriptor
1723 5802 1835 5841 non

1947 5360 2136 5414 iecerit
2166 5358 2331 5426 ipsius
2354 5357 2708 5411 mentionem.

2021 5441 2043 5467 ι’
2074 5431 2140 5483 Et
2162 5420 2261 5483 ista
2286 5443 2497 5497 quoque
2536 5441 2707 5494 usque
2743 5423 2811 5497 ad
2863 5424 2975 5497 ejus
3012 5421 3431 5497 est_excidcrant
3473 5420 3531 5473 in

1944 5499 2184 5556 editione
2212 5492 2475 5564 Garnerii,
2507 5508 2567 5551 nt
2587 5492 2769 5551 monet
2794 5493 3060 5547 Baluzius.
3091 5492 3241 5564 Eutr.

2015 5567 2042 5608 ἀ
2076 5571 2130 5624 id
2154 5578 2242 5627 est
2261 5570 2418 5624 fenus
2441 5561 2625 5636 auges,
2657 5566 2856 5620 malum
2884 5564 3031 5636 malo
3050 5563 3223 5636 addis.
3257 5561 3451 5615 ΒΑωι.

2006 5651 2040 5685 ιο
2071 5642 2167 5696 llic
2211 5650 2265 5695 et
2310 5640 2466 5708 paulo
2504 5633 2643 5695 intra
2677 5640 2823 5708 ponit
2855 5636 2968 5693 lene
2998 5633 3278 5697 Bolusius,
3310 5637 3539 5684 secutis

1940 5713 2180 5769 codicem
2210 5711 2410 5768 Bellov.
2441 5710 2597 5765 Em.
