4020 6192
383 303 491 363 159
1654 303 1845 362 MAR"
1885 306 1967 363 ME

2076 305 2324 364 ATORIS
2606 302 2607 305 “
3547 304 3657 361 16ῦ

977 418 1201 475 CAPUT
1240 417 1332 472 IX.

387 516 700 573 Retractatio
726 516 1017 586 quastionia
1047 516 1110 568 de
1137 525 1301 567 morte
1327 529 1416 583 per
1442 520 1708 584 peccatum
1734 514 1966 583 ingressa

996 586 1049 638 in
1076 586 1347 639 mundum.

462 702 512 753 1.
558 699 753 763 Habes,
782 707 844 754 ut
872 700 1060 763 credo,
1100 700 1241 767 quod
1273 710 1325 754 te
1354 706 1537 769 tangat
1579 707 1634 751 et
1683 696 1919 752 stimulet
1950 713 1963 749 :

390 791 484 845 sed
529 792 571 845 si
618 799 671 845 te
700 792 893 846 iterum
925 792 1281 846 commoveris
1304 834 1319 858 ,
1353 792 1467 845 scio
1508 790 1649 857 quod
1673 831 1687 855 ,
1727 789 1965 844 donante

388 883 519 945 Deo,
551 882 777 938 ulterius
797 924 813 950 ,
859 893 915 937 ut
944 898 1053 938 nou
1084 892 1136 938 te
1166 898 1529 950 commoveas,
1572 884 1771 937 arctius
1800 881 1965 935 colli-

383 974 621 1040 gaberis.

1992 424 2074 482 A'
2138 423 2195 477 2.
2238 422 2426 477 Adhuc
2454 430 2632 476 tamen
2666 420 2967 477 necessaria
3003 423 3438 479 consideratione
3467 424 3532 478 ad
3560 440 3657 478 su-

2071 513 2282 581 periora
2312 521 2340 550 ι
2367 511 2603 576 veniam,
2644 514 2883 581 pressius
2910 514 3202 582 explorans
3232 515 3359 585 quid
3393 515 3463 569 de
3491 531 3649 584 pinna

2072 620 2233 673 quam
2261 606 2663 674 progenitorum
2691 608 3062 674 praevaricatio
3093 606 3281 659 divino
3307 606 3507 675 judicio
3538 624 3651 662 me-

2070 696 2181 748 ruit
2226 694 2459 759 sentias;
2490 706 2545 748 et
2573 696 2636 747 ad
2668 696 2804 749 hanc
2857 705 2908 749 te
2955 697 3309 765 quaestionem
3342 697 3609 752 reducens
3630 739 3647 758 .

2073 785 2383 855 patefaciam
2435 788 2625 839 iterum
2672 794 2821 839 tuum
2874 787 3208 842 barathrum.
3259 790 3372 855 Qua
3415 788 3643 860 [Baluz.

2069 875 2497 947 qttte]enodata,
2520 891 2639 931 cum
2673 876 2858 932 fauces
2886 888 3003 932 tuas
3032 872 3331 933 div'iuarum
3357 881 3651 934 auctoritas

2070 968 2330 1039 presserit
2356 967 2751 1037 Scripturarum
2771 1010 2787 1035 ,
2832 971 2973 1025 scies
3018 980 3069 1026 te
3097 969 3124 1009 ι’
3149 972 3437 1040 gentilibus
3469 983 3521 1026 et
3548 974 3648 1029 Ju-

1546 1082 2092 1144 CASTIGATIONES
2134 1082 2223 1137 ET
2259 1082 2484 1138 ΝΟΤτΕ.

457 1187 484 1215 ι
523 1178 755 1233 Teutam.
786 1182 911 1235 Haec
935 1190 1017 1236 est
1038 1182 1197 1235 lectio
1226 1180 1347 1234 libri
1374 1180 1797 1235 Bellovaceusis.
1824 1178 1959 1232 Car-

386 1253 565 1302 nerius
591 1252 756 1304 edidit
786 1254 1003 1313 veniam,
1035 1252 1401 1307 Cerberonius
1431 1262 1478 1305 te
1504 1251 1716 1304 ducam.
1742 1248 1885 1316 Quid
1910 1249 1955 1302 si

387 1321 628 1385 legamus
655 1322 879 1374 tendam.
930 1323 1130 1378 Bacuz.

456 1390 483 1427 ι)
524 1390 753 1454 ldipsinn
795 1394 940 1461 prius
979 1393 1190 1445 .Iuliano
1218 1391 1643 1461 exprobraverat
1675 1389 1958 1461 Mercator

387 1460 539 1532 (Cap.
575 1463 627 1523 8,
662 1459 808 1515 num.
836 1462 867 1515 6
891 1465 932 1527 ),
963 1478 1027 1516 eo
1077 1477 1235 1516 sensu
1265 1477 1426 1528 quem
1457 1459 1833 1532 explicuimus.
1865 1459 1960 1513 Est

389 1531 522 1584 vero
552 1532 693 1585 inter
720 1547 953 1596 nuperos
992 1534 1232 1586 historiae
1274 1531 1575 1598 Pelagianae
1620 1531 1915 1596 scriptores
1940 1571 1956 1595 ,

389 1602 480 1671 qui
508 1613 735 1656 conatus
763 1603 834 1655 sit
868 1612 1099 1667 quatuor
1144 1603 1518 1671 Pelagianismi
1562 1610 1733 1654 status
1760 1599 1956 1655 distin-

387 1687 576 1740 guere.
607 1688 835 1739 quorum
866 1676 1002 1727 alter
1031 1674 1185 1728 alteri
1217 1674 1290 1727 ita
1319 1672 1678 1736 successerit,
1708 1681 1768 1724 ut
1800 1686 1956 1724 mon-

388 1753 564 1794 strum
594 1742 749 1805 illud,
780 1744 947 1796 instar
980 1742 1214 1797 fabulosi
1239 1743 1485 1803 Protbei.
1518 1742 1748 1807 primum
1776 1740 1955 1794 etluiio

388 1813 543 1864 cismi
574 1812 798 1866 formam
829 1813 1084 1880 induerit,
1118 1813 1311 1867 deinde
1337 1811 1807 1873 semietbnicismi,
1844 1821 1955 1863 tum

391 1882 651 1937 Judaismi
682 1925 697 1950 ,
752 1884 985 1952 denique
1032 1884 1577 1939 semicliristianismi.
1629 1882 1685 1935 In
1737 1882 1955 1948 primo,

391 1952 570 2035 inquit
592 1995 608 2017 ,
640 1955 782 2007 nulla
802 1956 1034 2045 'ouiuino
1065 1954 1199 2045 facta
1244 1962 1329 2045 est
1364 1958 1554 2045 gratim1
1580 1954 1775 2045 divitia:
1804 1965 1951 2045 menv
1995 1987 2041 2045 Β

393 2024 502 2087 ιίο;
539 2025 589 2076 in
617 2024 852 2078 secundo
884 2026 1016 2080 facta
1063 2034 1148 2078 est
1174 2025 1429 2093 quidem,
1463 2024 1555 2076 sed
1589 2022 1807 2093 gratim,
1841 2036 1961 2089 qua:

391 2107 421 2145 a
448 2102 636 2146 natura
661 2110 763 2147 non
788 2094 1060 2155 differret;
1092 2097 1142 2147 in
1168 2090 1327 2148 tertio
1349 2093 1413 2145 ad
1439 2090 1687 2146 naturam
1710 2090 1963 2158 adjuncta

390 2174 475 2215 est
497 2163 759 2218 doctrina:
786 2166 1021 2233 legisque
1048 2165 1252 2233 gratia;
1287 2165 1339 2216 in
1368 2173 1569 2229 quarto
1591 2162 1822 2233 admissa
1848 2162 1968 2233 qui-

392 2234 514 2286 dem
541 2244 619 2286 est
646 2250 767 2287 vera
794 2230 883 2289 Dei
908 2230 1099 2299 gratia,
1131 2235 1225 2289 sed
1248 2249 1364 2302 quae
1395 2234 1529 2287 foret
1567 2233 1721 2287 liberi
1746 2230 1958 2302 arbitrii

391 2304 734 2369 pedissequa,
770 2321 874 2358 non
905 2306 1031 2359 item
1058 2306 1194 2367 dux,
1224 2301 1279 2357 ut
1306 2318 1400 2371 par
1425 2312 1560 2357 erat.
1593 2303 1726 2357 Tres
1755 2301 1966 2368 priores

393 2380 564 2425 status
593 2376 703 2427 vult
732 2385 919 2430 auctor
951 2381 1049 2429 iste
1075 2376 1415 2443 prarce~sisse
1442 2375 1842 2427 damnationem
1866 2372 1967 2423 bte-

398 2446 535 2497 resis
560 2460 590 2498 a
621 2444 840 2498 Zosimo
867 2446 1093 2509 factam;
1126 2455 1377 2514 quartum
1408 2444 1755 2514 damnatione
1784 2454 1969 2508 poste-

393 2514 593 2585 riorem
627 2532 639 2567 :
676 2517 793 2568 illos
822 2532 848 2566 a
874 2517 1087 2585 Pelagio
1114 2511 1470 2579 escogitatos,
1502 2515 1647 2585 hunc
1674 2528 1701 2564 a
1727 2511 1962 2585 Jttiiano.

394 2583 630 2638 Primum
659 2585 710 2638 in
740 2587 869 2653 ipsis
899 2582 1275 2653 Pelagianismi
1302 2584 1641 2638 incunabulis
1670 2582 1965 2653 exstitisse,

396 2655 449 2707 id
479 2666 582 2720 est,
629 2667 913 2723 antequam
956 2656 1143 2709 ﬁdeles
1192 2655 1459 2708 attollenti
1490 2662 1650 2721 caput
1676 2654 1845 2705 errori
1873 2652 1968 2705 ob-

395 2726 683 2789 sisterent;
717 2725 1033 2788 secundum,
1065 2724 1279 2793 quando
1307 2726 1536 2792 primum
1571 2723 1834 2784 bmretici,
1864 2723 1963 2793 ob-

395 2795 712 2849 sistentibus
744 2795 1006 2858 fidelibus,
1037 2792 1212 2849 conati
1242 2804 1365 2848 sunt
1395 2795 1539 2851 inani
1567 2794 1748 2863 specie
1776 2792 1969 2845 verbo-

396 2880 514 2935 rum
540 2867 713 2928 fucum
745 2865 958 2931 facere;
990 2867 1228 2931 tertium,
1258 2878 1373 2935 post
1399 2864 1906 2920 condemnationem
1936 2878 1968 2916 a

396 2933 453 2988 S.
491 2933 820 2989 Innocentio.

468 3003 689 3070 Verum,
726 3017 780 3058 ut
811 3005 941 3059 nihil
966 3005 1206 3074 estquod
1237 3007 1527 3075 ingeniosis
1554 3005 1670 3059 istis
1698 3003 1967 3073 figmentis

398 3074 608 3139 placeat
648 3078 814 3142 magis
856 3078 1121 3130 mentibus
1167 3080 1245 3131 sui
1294 3077 1728 3131 admiratricibus
1759 3117 1774 3136 ,
1832 3076 1962 3127 nihil

395 3145 537 3218 quod
569 3146 815 3199 blandius
843 3147 1090 3201 aduletur
1115 3150 1379 3216 superbis.
1417 3149 1546 3202 nihil
1578 3146 1720 3218 quod
1754 3146 1966 3199 facilius

396 3214 590 3269 illudat
637 3221 714 3269 sui
763 3220 1094 3273 amatoribus
1136 3238 1148 3270 :
1186 3214 1274 3271 ita
1323 3220 1454 3273 nihil
1492 3214 1966 3272 bac'distiuctione

397 3289 569 3353 potuit
594 3297 683 3340 aut
712 3289 897 3340 vanius
920 3288 1021 3342 dici
1043 3329 1058 3351 ,
1093 3297 1185 3342 attt
1213 3289 1451 3343 historia:
1477 3289 1819 3357 pugnantius.

2063 1173 2373 1249 proliugerct
2405 1183 2622 1249 propter
2655 1176 2997 1249 imminentes
3042 1177 3246 1235 Gothos
3294 1179 3463 1249 (Vide
3493 1192 3643 1235 notas

2060 1245 2130 1318 ad
2151 1246 2352 1318 Comm.
2400 1254 2466 1318 et
2498 1247 2657 1298 Merc.
2699 1248 2882 1314 ubique
2923 1249 3184 1318 passim);
3226 1245 3647 1305 adolescentiam

2061 1316 2114 1369 in
2144 1314 2326 1387 Sicilia
2354 1355 2370 1387 .
2421 1316 2506 1370 tibi
2541 1332 2636 1383 per
2664 1318 2801 1371 duos
2825 1314 2997 1372 annos
3025 1329 3081 1374 et
3110 1314 3340 1386 amplius
3384 1325 3647 1387 magister

2060 1395 2114 1461 et
2144 1385 2436 1461 discipulus
2463 1388 2859 1461 versatiisunt;
2910 1389 3148 1461 adultam
3192 1385 3405 1444 aetatem
3449 1385 3643 1461 partim

2062 1455 2116 1509 iit
2141 1455 2394 1521 Oriente,
2443 1458 2634 1529 partim
2669 1458 2720 1511 in
2754 1457 2930 1513 Africa
2973 1458 3207 1529 alibiqtte
3234 1455 3496 1515 terrarum
3528 1504 3541 1525 ,
3575 1464 3640 1516 ad

2062 1541 2232 1599 usque
2288 1526 2877 1599 temporai‘lnnocentii
2928 1526 3243 1599 Zosimique
3308 1547 3646 1586 summorum

2061 1598 2420 1671 pontiﬁcum;
2468 1596 2728 1665 reliquam
2769 1614 2835 1653 ex
2867 1614 2935 1654 eo
2964 1596 3205 1669 tempore
3252 1616 3360 1671 quo
3388 1601 3637 1656 Julianus

2059 1666 2354 1737 deplorata:
2380 1683 2557 1722 causae
2590 1670 2941 1733 patrocinium
2981 1666 3244 1737 suscepit.

2135 1736 2228 1809 His
2249 1736 2328 1809 ita
2359 1739 2707 1804 censtitutis,
2754 1755 2937 1806 quaero
2985 1742 3215 1807 primum
3262 1757 3367 1809 qua
3421 1743 3651 1799 notione

2062 1806 2441 1881 ettinicismum
2461 1808 2706 1881 scriptor
2734 1809 2823 1865 ille
2852 1850 2891 1881 ,ν
2918 1806 3130 1880 quicum
3180 1806 3467 1866 res'modo
3509 1821 3598 1867 est
3627 1857 3646 1881 ,

2059 1878 2780 1950 quave‘semietbnicisinum
2805 1919 2820 1944 ,
2866 1878 3309 1950 Judaismumque
3335 1926 3349 1942 .
3393 1891 3448 1935 et
3476 1878 3647 1936 senti;

2064 1947 2524 2020 christianismum
2553 1948 2784 2004 delinire
2812 1953 2941 2006 velit
2967 1968 2985 2016 ;
3026 1968 3095 2005 an
3121 1947 3242 2020 quae
3279 1953 3474 2007 tradita
3503 1964 3585 2008 est
3616 1970 3649 2008 τι

2069 2017 2350 2091 Patribus?
2381 2034 2446 2091 an
2474 2034 2593 2087 quae
2636 2020 2702 2072 ad
2740 2022 3022 2076 arbitrium
3055 2017 3216 2077 licia?
3249 2023 3304 2077 Si
3335 2040 3452 2091 qua:
3480 2037 3507 2076 a
3539 2024 3650 2078 Pa-

2070 2087 2238 2161 tribus
2278 2088 2472 2161 tradita
2503 2098 2583 2161 est
2603 2131 2619 2154 ,
2662 2094 2903 2145 vanescit
2936 2103 3170 2161 quatuor
3194 2087 3428 2147 statuunt
3458 2094 3652 2147 distiu-

2066 2160 2215 2231 ctio:
2248 2160 2510 2228 siquidem
2542 2160 2726 2231 Patres
2755 2160 3134 2217 ethnicismum
3185 2163 3445 2216 deliniuut
3495 2166 3646 2231 igno-

2067 2228 2276 2301 ratione
2301 2272 2317 2295 ,
2367 2240 2475 2282 tum
2504 2232 2619 2285 veri
2661 2230 2752 2284 Dei
2781 2272 2798 2292 ,
2843 2248 2964 2301 quae
2993 2234 3332 2289 sanctissima
3364 2228 3604 2290 Trinitas
3628 2276 3649 2299 .

2069 2305 2179 2350 tum
2213 2299 2601 2373 Incarnationis
2630 2299 2917 2373 Dominicis.
2940 2348 2953 2370 ,
2995 2319 3096 2373 qua
3137 2304 3405 2358 mediator
3445 2306 3650 2358 missus

2068 2378 2186 2444 esi;
2240 2370 2756 2444 SBIilielliniClSIiillm
2802 2370 3138 2441 ignoratione
3167 2373 3364 2429 Christi
3392 2418 3407 2438 ,
3454 2375 3545 2444 qui
3577 2376 3653 2429 sit

2068 2438 2400 2514 substantive
2450 2438 2841 2514 Deus-ﬂuuiof
2884 2444 3219 2499 Judaismum
3273 2438 3485 2514 partim'
3516 2446 3651 2500 odio

2067 2505 2286 2581 Christi.
2318 2525 2475 2577 quem
2505 2511 2674 2565 Judaei
2702 2514 2845 2568 cruci
2876 2514 3169 2570 aflixisseut
3190 2559 3205 2581 ,
3241 2505 3431 2579 partim
3463 2517 3651 2569 studio

2069 2576 2419 2655 Mosaicorum
2454 2583 2695 2655 rituum,
2728 2599 2862 2649 quos
2895 2576 3207 2641 retinendos
3230 2576 3511 2655 juberent;
3560 2602 3654 2641 se-

2070 2650 2615 2723 micliristiauismum
2646 2653 2878 2723 denique
2924 2672 3044 2711 cum
3088 2650 3367 2711 Judaisnio
3415 2650 3649 2711 confun-

2069 2721 2221 2797 dunt.
2255 2722 2411 2797 Aiqui
2442 2722 2755 2797 Pelagianos
2783 2721 3112 2794 Augustinus
3146 2743 3436 2794 numquam
3469 2728 3651 2797 arguit

2069 2789 2333 2864 ejusmodi
2358 2792 2561 2864 erroris
2577 2789 2846 2849 adversus
2868 2789 3184 2852 catholicam
3213 2789 3392 2864 fidem,
3415 2797 3496 2851 vel
3520 2789 3651 2853 san-

2069 2861 2326 2935 ciissiiuae
2353 2863 2647 2925 Trinitatis.
2682 2866 2764 2918 vel
2796 2867 3087 2923 Dominictr.
3116 2861 3529 2935 lncarnatiouis,
3560 2868 3653 2923 vis

2070 2928 2437 3007 Monsaicoruiu
2458 2935 2655 2986 rituum
2690 2937 3096 3007 antiquationis.

2142 2999 2249 3053 Sed
2279 3000 2603 3056 dellniautur
2646 3020 2777 3061 sane
2806 2999 2837 3067 ,’
2870 3010 2972 3062 etii
3020 3024 3050 3062 a
3098 3012 3313 3063 nemine
3343 3010 3556 3063 Patrum
3591 3009 3649 3063 id

2071 3069 2268 3143 factum
2297 3074 2405 3135 sit,
2443 3084 2675 3139 quatuor
2700 3077 2772 3129 illi
2803 3087 2972 3131 status
2996 3120 3009 3142 ,
3042 3080 3130 3135 vel
3162 3080 3489 3134 inliciatione
3510 3121 3523 3143 ,
3558 3080 3650 3134 vel

2069 3141 2410 3213 confessione
2435 3144 2621 3211 gratia:
2643 3145 2861 3213 divina,
2892 3141 3076 3213 umero
3102 3149 3295 3204 iterum
3323 3151 3390 3203 ab
3419 3141 3519 3204 hoc
3545 3152 3651 3202 lto-

2072 3211 2232 3289 utine,
2268 3228 2431 3281 quam
2462 3216 2550 3289 Dei
2581 3219 2806 3284 gratiam
2838 3211 3058 3289 intelligi
3090 3222 3237 3275 velit.
3265 3223 3342 3274 An
3365 3235 3634 3274 summam

2072 3281 2403 3354 illam,rqu:e
2428 3286 2533 3338 vita
2564 3281 2762 3340 aiterna
2794 3289 2844 3342 in
2877 3281 3040 3354 regno
3075 3290 3207 3343 Dei?
3239 3291 3374 3344 hanc
3407 3290 3654 3344 fateban-

470 3356 521 3428 ld
548 3372 676 3428 vero
701 3370 758 3410 ut
784 3348 1169 3425 demonstrem,
1199 3359 1435 3428 quinque
1456 3348 1652 3421 statuo,
1674 3371 1818 3426 quae,
1845 3371 1965 3411 meo
1994 3348 2039 3411 C
2072 3363 2158 3428 tur
2181 3348 2450 3422 Pelagiani
2471 3355 2578 3428 jam
2606 3357 2727 3412 inde
2746 3374 2773 3411 a
2802 3348 2986 3421 primis
3008 3361 3192 3415 initiis.
3217 3362 3297 3415 An
3323 3362 3651 3428 singularem

396 3426 612 3499 quidem
639 3427 841 3495 judicio
866 3468 881 3490 ,
908 3437 1064 3499 certa
1105 3430 1314 3484 ratiOue
1351 3426 1662 3499 temporum
1689 3437 1960 3499 constant.

398 3495 634 3549 Primum
662 3541 676 3563 ,
728 3498 1007 3564 scripsisse
1051 3500 1318 3569 Pelagium
1367 3495 1651 3561 epistolam
1698 3498 1958 3564 Paulino,

397 3580 527 3618 ann;
555 3569 660 3623 405
685 3611 698 3629 ,
733 3579 784 3621 et
831 3569 1149 3624 Demetriadi
1196 3586 1323 3623 ann.
1362 3572 1467 3625 H5
1492 3612 1507 3636 ,
1546 3569 1963 3624 commentarios

398 3636 450 3688 iu
485 3637 746 3703 Epistolas
774 3639 919 3692 Pauli
946 3654 1071 3695 aun.
1099 3641 1222 3704 405,
1245 3640 1433 3695 saltem
1459 3650 1584 3694 ante
1608 3640 1963 3691 vastationem

398 3704 557 3761 Urbis
596 3724 624 3760 a
665 3709 853 3763 Godiis
878 3753 894 3776 ,
943 3726 1059 3780 quae
1090 3712 1314 3780 contigit.
1350 3726 1477 3764 anu.
1506 3712 1612 3767 4ιο
1633 3753 1647 3773 ,
1678 3710 1869 3763 librum
1892 3710 1966 3764 de

401 3786 589 3849 natura
621 3790 744 3833 ante
777 3795 904 3834 ann.
936 3778 1035 3836 Mi
1076 3781 1095 3849 (
1119 3778 1331 3835 Dissért.
1360 3782 1425 3834 de
1451 3785 1630 3849 primis
1659 3788 1797 3834 auct.
1831 3790 1961 3846 etc.,

397 3862 518 3919 φρ.
548 3848 628 3917 4).
660 3849 967 3905 Secundum
988 3893 1001 3913 ,
1039 3848 1105 3906 de
1131 3850 1386 3907 leeslio
1430 3848 1669 3907 habitum
1703 3850 1962 3919 judicium

398 3917 722 3992 Carthagine
747 3921 814 3974 ab
845 3921 1064 3992 Aurelio
1095 3937 1221 3976 anu.
1246 3922 1373 3986 4ιὲ,
1397 3923 1464 3977 de
1486 3917 1963 3992 Pelagio'Diospoli

398 4002 529 4063 ann.
575 3989 679 4043 415
701 4033 716 4055 ,
752 4006 938 4046 mense
968 3991 1284 4056 Decembri;
1334 3995 1403 4048 de
1430 3989 1658 4063 utroque
1684 3992 1872 4045 Roma:
1898 3992 1967 4044 ab

400 4057 714 4131 innocentia
742 4076 869 4117 ann.
898 4064 1003 4115 M7
1028 4104 1043 4125 .
1089 4079 1275 4117 mense
1301 4057 1602 4129 Januario;
1646 4064 1714 4118 de
1741 4072 1967 4131 utroque

401 4129 594 4200 iterum
632 4130 812 4185 Romae
844 4147 871 4185 a
905 4131 1119 4187 Zosimo
1145 4149 1272 4187 ann.
1302 4134 1406 4187 418
1427 4178 1441 4200 ,
1484 4148 1719 4188 mensem
1751 4129 1966 4184 circiter

399 4196 594 4275 Maium
621 4201 858 4270 (Dissert.
886 4204 947 4255 dc
965 4204 1144 4274 sgnod.
1170 4205 1223 4256 in
1246 4221 1399 4258 causa
1426 4196 1708 4275 Pelagiana
1729 4202 1964 4275 coactis).

402 4269 665 4343 :fertium.
697 4269 1048 4339 Augustinum
1079 4275 1208 4328 nihil
1248 4277 1534 4343 scripsisse
1554 4269 1836 4328 'adversus
1867 4272 1970 4327 Pe-

402 4337 642 4415 iagianos
668 4337 803 4415 ante
822 4357 947 4397 ann.
976 4346 1082 4399 412
1108 4387 1122 4409 ,
1151 4345 1247 4399 sed
1281 4337 1427 4415 prius
1458 4354 1663 4400 tantum
1695 4343 1967 4415 sermoni-

402 4408 501 4484 bus
524 4419 575 4461 et
599 4412 1044 4484 collomttiouibus
1069 4416 1263 4480 egisse,
1281 4408 1451 4484 'prout
1471 4416 1684 4471 occasio
1705 4429 1763 4468 se
1783 4414 1966 4479 dabat,

401 4479 495 4551 sed
525 4482 687 4532 tacito
718 4483 956 4545 nomine;
988 4499 1053 4537 eo
1084 4479 1322 4551 tempore
1344 4488 1547 4541 dixisse
1570 4499 1871 4540 sermonem
1904 4484 1970 4539 15

401 4548 469 4602 de
500 4552 678 4624 verbis
693 4554 985 4624 _Apo5toli;
1012 4554 1075 4606 atl
1108 4548 1361 4610 llilarium
1398 4558 1681 4624 scripsisse
1711 4570 1837 4607 ann.
1862 4556 1969 4609 415

399 4621 622 4695 3111411
653 4622 893 4695 (Dissert.
939 4627 1002 4677 de
1036 4626 1241 4695 scriptis
1281 4621 1612 4695 defensorum
1649 4626 1791 4692 ﬁdei.
1834 4634 1966 4690 etc.,

404 4707 522 4766 cap.
550 4692 627 4766 2.).
652 4694 950 4766 Quartum,
1004 4710 1032 4747 a
1064 4694 1322 4766 leestio
1350 4692 1688 4766 Carthagine
1727 4695 1963 4766 oblatum

400 4760 1024 4838 attrelionlibellumsum
1056 4764 1173 4838 fidei
1207 4781 1330 4838 aliti.
1365 4766 1471 4824 4|“).
1498 4760 1754 4838 (August.
1786 4764 1878 4838 lib.
1908 4765 1972 4819 de

403 4831 581 4905 Gratia
610 4832 733 4887 C/tr.
761 4847 810 4888 et
841 4836 929 4889 lib.
958 4838 1019 4887 de
1050 4834 1197 4887 Pccc.
1241 4835 1414 4905 Orig.;
1450 4831 1664 4903 episth
1683 4834 1881 4888 Zosimi
1906 4838 1973 4888 nd

401 4903 592 4972 Afric.)
618 4921 634 4967 ;
676 4906 905 4960 similem
935 4906 1152 4959 Zosimo
1176 4903 1356 4959 datum
1392 4910 1572 4960 Romae
1601 4923 1727 4959 ann.
1757 4905 1886 4968 417.
1919 4919 1971 4960 et

400 4987 521 5047 eum
555 4976 740 5047 iisdem
776 4978 883 5031 fere
913 4978 1090 5030 verbis
1118 4978 1447 5040 con~titisse,
1479 4981 1676 5047 quibus
1704 4976 1972 5029 confessio
2000 4984 2015 4995 ‘

401 5043 565 5116 missa
598 5045 870 5116 ai’elagio
899 5050 960 5099 ad
990 5047 1376 5111 innocentium,
1403 5062 1455 5101 et
1484 5043 1598 5116 post
1624 5050 1741 5115 ejus
1769 5047 1970 5101 obitum

404 5113 608 5187 reddiia
638 5113 871 5187 Zosimo,
902 5127 958 5170 et
979 5120 1065 5171 vix
1094 5134 1196 5171 nou
1219 5113 1543 5187 approbata;
1578 5113 1707 5171 niliil
1738 5118 1788 5169 in
1814 5117 1973 5185 bujus

406 5183 492 5235 vel
525 5184 665 5236 illius
696 5186 874 5257 libello
903 5183 1304 5251 reprehensum
1330 5191 1397 5241 ab
1438 5190 1736 5253 Augustino
1766 5227 1780 5250 ,
1826 5183 1968 5257 quod

403 5263 676 5320 spectaret
712 5257 781 5327 ad
809 5256 1120 5312 Trinitatem
1161 5269 1320 5327 atque
1359 5259 1824 5321 liiczirnationetu;
1872 5258 1967 5310 sed

410 5331 616 5376 tantum
647 5326 786 5394 qttod
828 5331 1155 5395 pertineret,
1193 5326 1301 5383 tum
1338 5330 1404 5383 ad
1442 5339 1717 5395 peccatum
1749 5327 1968 5395 originis

406 5405 591 5468 aperte
619 5411 646 5447 a
678 5396 929 5452 Coalesdo
961 5409 1231 5468 negatum,
1276 5408 1384 5451 tmn
1412 5400 1476 5451 ad
1507 5403 1755 5463 gratiam,
1799 5400 1970 5451 ambi-

404 5466 730 5539 guisvcrbis
758 5483 786 5520 a
820 5466 1431 5539 Pelagio—explicatam;
1484 5471 1751 5523 laudatum
1802 5484 1929 5522 vero
1951 5510 1966 5532 ,

405 5537 543 5601 quod
575 5534 857 5608 Ccelestius
886 5534 1053 5594 lassus
1097 5534 1239 5595 esset
1274 5542 1622 5608 parvolorum
1667 5539 1969 5604 redempto-

405 5620 538 5679 rem.
590 5607 839 5671 Quintum
870 5611 1101 5679 denique
1128 5654 1143 5671 .
1189 5612 1508 5666 incunabula
1558 5610 1778 5663 lizcre~is
1824 5609 1977 5663 Pela-

400 5678 622 5752 giattml
648 5681 689 5731 si
722 5695 837 5745 qua!
862 5678 1046 5737 aetates
1067 5682 1324 5752 distingui
1355 5684 1595 5751 debent)
1623 5722 1636 5740 .
1671 5696 1764 5735 seu
1797 5682 1975 5748 potius

404 5746 684 5805 infantiam
714 5752 983 5809 exstitisse
1008 5754 1211 5823 Itoma',
1242 5746 1551 5825 priusquam
1577 5746 1825 5823 Pelagius
1853 5751 1976 5806 inde

2068 3424 2331 3489 alteram,
2366 3439 2467 3492 qua
2496 3425 2654 3480 datus
2690 3440 2769 3482 est
2804 3429 3108 3484 hominibus
3151 3424 3460 3492 redemptor
3485 3431 3650 3486 Chri-

2067 3504 2211 3555 stus;
2244 3494 2546 3549 latebantnr
2567 3507 2619 3550 et
2644 3498 2820 3560 istam,
2847 3502 2931 3555 vel
2955 3511 3077 3554 ante
3099 3502 3449 3555 vastationem
3476 3503 3650 3554 urbis.

2065 3563 2149 3616 An
2185 3580 2286 3628 qua
2316 3564 2570 3641 baptizati
2610 3568 2663 3641 in
2695 3569 2832 3641 lilios
2863 3570 2956 3625 Dei
2997 3571 3361 3641 adoptantur?
3392 3583 3440 3625 et
3476 3572 3653 3638 ipsam

2066 3649 2284 3756 quoque
2311 3633 2486 3690 fassus
2511 3647 2593 3691 est
2622 3640 2866 3701 Pelagius
2914 3643 3069 3710 longe
3109 3633 3233 3696 ante
3268 3657 3429 3712 quam
3478 3633 3654 3696 Roma

2108 3706 2391 3756 iscederet.
2441 3712 2520 3756 An
2549 3723 2651 3756 nua
2684 3710 2931 3756 iuvamur
2957 3713 3020 3756 ad
3060 3712 3144 3756 nia
3181 3714 3446 3756 agendum
3492 3727 3654 3756 rere-

2108 3706 2414 3781 iscederet._
2440 3712 2520 3781 An
2549 3723 2651 3773 qua
2678 3710 2931 3777 juvamur
2956 3706 3031 3766 ad
3060 3712 3144 3776 pie
3181 3706 3447 3781 agendum
3492 3727 3654 3765 reve-

2070 3774 2273 3850 latione
2306 3778 2582 3831 Veritatis?
2601 3790 2661 3850 at
2679 3774 2936 3850 Pelagius
2963 3774 3657 3837 meiniiiit‘illuminationis

2068 3845 2262 3897 divina:
2290 3857 2413 3901 ante
2433 3864 2560 3901 ann.
2586 3848 2712 3914 404,
2740 3845 2859 3906 Cum
2884 3855 3143 3908 scriberet
3168 3854 3231 3907 ad
3256 3853 3312 3907 S.
3342 3853 3654 3909 Paulinum.

2069 3914 2151 3968 Αιδ
2180 3932 2293 3994 qlia
2309 3919 2555 3994 voluntas
2581 3922 2757 3989 agitur
2777 3938 2804 3975 a
2831 3922 3031 3994 Spiritu
3061 3934 3268 3983 sancto.
3295 3933 3659 3994 praeparatur-

2069 3999 2175 4063 que
2203 4002 2231 4039 a
2264 3988 2491 4063 Domino
2517 4030 2553 4063 ,_
2576 3988 2636 4043 ut
2670 3988 3059 4063 sancte'agat?
3106 3988 3307 4049 Fateor
3333 3988 3657 4054 Pelagianos

2072 4056 2374 4129 liujusmoili
2420 4061 2607 4129 gratia:
2657 4056 3030 4119 necessitatem
3077 4066 3317 4119 noluisse
3358 4063 3659 4129 confiteri,

2069 4128 2164 4203 ευρ
2186 4142 2303 4203 eam
2327 4128 2686 4203 contendisse,
2720 4136 2762 4187 si
2792 4135 3205 4203 quandordetur,
3242 4137 3321 4189 vel
3348 4151 3414 4188 ex
3440 4128 3658 4188 meritis

2070 4210 2100 4247 a
2136 4196 2244 4319 Det;
2271 4198 2426 4268 dari,
2484 4202 2567 4255 vel
2624 4205 2691 4257 ad
2749 4196 2959 4260 facilius
2996 4196 3201 4260 tantum
3244 4204 3657 4275 promptiusque

2070 4280 2223 4319 agent
2247 4284 2355 4319 um.

2069 4280 2355 4335 agendum.

2142 4339 2213 4391 At
2240 4355 2425 4395 rursus
2449 4344 2813 4398 adversarium
2852 4344 3145 4416 interrogo,
3174 4361 3282 4415 quo
3314 4345 3527 4400 tandem
3552 4359 3658 4397 au-

2070 4418 2221 4486 ctore
2256 4422 2438 4486 putet,
2469 4420 2523 4465 et
2547 4428 2652 4486 quo
2691 4417 2921 4486 primum
2955 4424 3199 4486 tempore
3227 4416 3545 4485 Pelagianos
3574 4417 3659 4469 ita

2070 4481 2309 4556 sensisse
2335 4481 2403 4556 de
2432 4484 2621 4551 gratia.
2660 4481 2704 4538 Α
2731 4484 2975 4552 Juliano,
3005 4481 3211 4556 inquit,
3241 4481 3533 4553 excogitata
3566 4497 3658 4539 εει

2071 4554 2338 4606 sententia
2379 4555 2496 4607 haec
2538 4564 2660 4617 post
2696 4554 3197 4612 condemnationem
3233 4572 3260 4615 ιι
3291 4556 3507 4609 Zosimo
3532 4596 3547 4617 ,
3596 4557 3659 4608 id

2071 4631 2175 4693 est,
2207 4636 2332 4675 ann.
2364 4622 2493 4678 418.
2526 4624 2633 4679 Sed
2658 4625 2848 4693 quibus
2876 4627 2926 4680 id
2958 4628 3123 4693 dicit,
3156 4638 3211 4681 et
3234 4642 3334 4693 qua
3363 4625 3613 4680 conliden

2076 4690 2170 4767 iia,
2203 4694 2523 4767 cum_tradat
2548 4690 2873 4767 Augustinus
2905 4697 3034 4767 (non
3064 4690 3267 4752 tantum
3294 4697 3523 4763 DiOSpOli
3546 4696 3663 4767 rob-

2071 4760 2278 4829 jectuni
2310 4764 2568 4833 Pelagio)
2613 4760 2924 4819 Caelestium'
2968 4770 3250 4828 scripsisse
3280 4768 3368 4820 Dei
3417 4760 3657 4834 gratiam

2075 4834 2367 4886 secundum
2400 4835 2585 4906 merita
2619 4846 2798 4889 nostra
2829 4838 2941 4889 dari
2980 4836 3125 4906 (Lib.
3156 4838 3221 4891 de
3252 4836 3389 4890 (ἔδει.
3428 4836 3652 4890 Ραιαιδι.

2076 4918 2193 4976 cap.
2222 4906 2315 4968 2);
2363 4904 2454 4958 sed
2480 4906 2639 4959 etiam
2670 4906 2799 4959 illud
2830 4904 3003 4973 ipsum
3032 4909 3299 4976 objectum
3333 4908 3492 4960 fuisse
3522 4906 3657 4959 Cre-

2076 4972 2258 5045 iestio,
2290 4992 2409 5028 cum
2451 4976 2769 5045 Carthagine
2809 4972 3037 5045 primum
3084 4972 3429 5033 accusaretur
3453 4992 3481 5026 a
3517 4976 3666 5029 Pan-

2076 5042 2186 5096 lino
2210 5045 2456 5107 diacono,
2491 5056 2546 5099 et
2568 5042 2967 5102 damnationem
2994 5065 3021 5099 a
3046 5045 3264 5102 Zosiino
3289 5046 3661 5114 Diospolitaua

2074 5114 2554 5188 sylitidllSAtlllObllS
2585 5117 2737 5175 annis
2765 5129 2818 5173 et
2844 5119 3106 5184 antplius,
3138 5121 3377 5188 quinque
3414 5118 3540 5170 totis
3568 5117 3664 5183 ju-

2074 5186 2270 5237 dicium
2296 5184 2719 5255 Carthagiuense
2763 5190 3149 5244 antecesserit?

2146 5255 2285 5328 Quid
2313 5257 2452 5328 quod
2484 5262 2814 5327 Augustinus
2844 5259 3059 5328 (Serm.
3096 5260 3160 5314 15
3187 5258 3250 5311 de
3284 5257 3432 5311 Verb.
3468 5258 3658 5325 Apost.

2074 5341 2189 5392 cap.
2218 5327 2271 5389 1,
2305 5327 2366 5380 11
2400 5336 2447 5380 et
2476 5329 2579 5399 12)
2616 5332 2776 5383 tacito
2802 5327 3020 5383 nomine
3050 5331 3365 5399 Pelagianos
3392 5329 3663 5397 arguebat.

2074 5404 2198 5450 ante
2244 5411 2371 5450 ann.
2433 5399 2532 5452 112
2558 5440 2572 5462 ,
2615 5416 2721 5467 quo
2753 5402 2978 5467 primum
3008 5402 3169 5467 co'pit
3213 5400 3473 5453 adversus
3508 5404 3666 5465 ipsus

2077 5467 2389 5540 nominatim
2422 5473 2660 5524 scribere
2684 5512 2699 5534 ,
2744 5471 2885 5540 quod
2925 5486 3043 5524 cum
3077 5471 3245 5539 gratia
3278 5470 3370 5522 Dei
3413 5470 3667 5540 dicerent
3746 5504 3749 5507 -

2074 5535 2284 5610 facilius
2313 5538 2363 5591 id
2394 5540 2533 5593 el'lici
2564 5556 2722 5608 posse
2742 5535 2926 5610 [quod
2957 5535 3101 5593 siue'
3127 5544 3241 5605 ipsa
3274 5550 3451 5593 tamen
3481 5580 3495 5597 .
3528 5537 3665 5610 licet

2082 5606 2373 5679 difﬁcilius,
2402 5606 2644 5675 praestari
2673 5606 2881 5679 posset;
2911 5610 3055 5679 atqui
3082 5622 3206 5663 tunc
3230 5611 3486 5678 temporis
3511 5608 3670 5671 nulla

2081 5676 2308 5743 Aurelii,
2337 5681 2480 5734 nulla
2507 5676 2820 5745 Innocentii,
2842 5676 3206 5734 nulla'Zosimi
3232 5676 3497 5736 seutetttia
3517 5694 3672 5750 pra»
3758 5716 3763 5723 ι

2082 5760 2355 5817 cesserat,
2387 5752 2528 5809 nulla
2555 5752 2751 5809 Juliaui
2780 5754 2979 5809 mentio
3010 5753 3334 5806 habebatur.
