4020 6192
403 293 505 348 167

1695 295 1886 351 MAR"
1923 293 2362 350 MEBCATOilIS

400 412 506 465 tua.
555 410 882 481 moriamur]
909 453 924 477 ,
967 427 1088 466 cum
1126 411 1345 466 evidens
1376 411 1618 480 Apostnli
1652 426 1750 466 nos
1786 411 1977 465 doceat
2002 417 2053 471 Α
2081 422 2284 464 nostra-
2317 412 2518 466 liabcre
2565 421 2771 466 certum
2821 410 3044 484 (Batus.
3091 415 3250 470 iidem
3297 426 3654 473 nostram.....

400 516 581 558 sermo
609 502 836 557 dicentis
881 518 895 554 :
947 500 1306 570 Unusquisque
1336 501 1388 556 in
1426 517 1518 555 suo
1547 502 1748 555 ordine.
1782 501 1847 555 Et
1875 504 1978 556 ite-

397 607 513 646 rum
547 610 560 646 :
593 592 780 646 Omnes
814 592 1016 660 quidem
1042 607 1396 662 resurgemus,
1425 590 1528 646 sed
1550 608 1653 645 non
1684 608 1856 646 omnes
1881 593 1979 646 int-

398 683 732 735 mutabimut’.

465 776 522 829 9.
564 775 825 842 Repetat,
862 787 1078 844 quasso,
1107 789 1139 830 e
1167 775 1414 843 proximo
1439 774 1610 830 lector
1635 774 1840 846 [Batus.
1861 773 1978 830 Re-

393 873 536 933 petat
551 880 761 934 quoque
783 867 1028 936 proxime
1049 867 1237 938 lector]
1259 868 1536 936 superiora
1557 877 1740 922 contra
1760 877 1813 923 te
1832 869 1974 924 dicta

391 967 619 1022 nostra,
677 958 763 1012 ubi
817 958 1049 1012 diximus
1108 969 1415 1028 prosatores
1478 968 1693 1014 nostros
1748 969 1973 1029 utraque

391 1062 565 1104 morte
588 1065 708 1106 esse
741 1051 1047 1115 mulctatos,
1077 1060 1134 1106 et
1161 1051 1342 1107 videat
1364 1051 1491 1121 quid
1521 1053 1782 1107 senserim
1813 1066 1971 1120 super

390 1141 494 1195 isto
521 1142 760 1207 capitulo
779 1182 794 1205 ,
829 1151 1056 1210 tuasque
1086 1140 1261 1208 lapide
1291 1140 1383 1196 illo
1417 1140 1683 1210 angulari,
1719 1139 1812 1195 tibi
1841 1155 1972 1194 sane

388 1229 443 1282 in
470 1229 819 1284 offensionem
847 1241 899 1284 et
925 1239 1132 1297 petram
1162 1229 1368 1302 [Boium
1398 1231 1697 1286 oilensione
1722 1241 1778 1285 et
1798 1229 1974 1302 petra]

388 1320 626 1374 scandali
655 1323 846 1387 posito,
879 1319 1064 1375 fauces
1092 1321 1365 1375 obtrudat.

461 1411 547 1465 lo.
587 1411 774 1465 Adhuc
803 1422 976 1465 tamen
1001 1411 1123 1464 audi
1146 1411 1290 1480 quod
1319 1421 1371 1466 te
1399 1412 1452 1466 in
1481 1412 1738 1481 majorem
1766 1413 1967 1470 rabiem

386 1512 573 1557 contra
619 1518 716 1557 nos
764 1513 816 1558 et
846 1502 940 1556 Dci
983 1502 1278 1557 Ecclesium
1323 1505 1563 1559 cuncitet
1610 1522 1623 1558 :
1673 1503 1792 1560 Sive
1833 1507 1971 1560 enim

386 1605 549 1648 mente
570 1595 860 1648 accedimus
881 1634 896 1657 ,
932 1592 1076 1658 Deo;
1105 1594 1206 1648 sive
1229 1594 1384 1648 sobrii
1415 1612 1615 1660 sumus,
1645 1596 1804 1650 vobis.
1833 1595 1968 1650 Cha-

386 1688 510 1740 ritas
534 1687 666 1741 enim
691 1687 880 1741 Christi
909 1686 1122 1758 [Belum
1155 1686 1281 1742 add.
1310 1685 1494 1757 inquit]
1525 1697 1668 1759 urget
1690 1704 1801 1752 nos,
1820 1689 1968 1760 judi-

2078 499 2336 571 rmptum]
2379 501 2448 556 de
2483 503 2690 558 duabus
2715 503 3020 569 mortibus,
3063 506 3134 561 de
3163 506 3362 576 quibus
3387 509 3654 577 superiori

2078 590 2200 647 loco
2217 633 2234 657 ,
2262 602 2321 647 ut
2353 593 2622 661 potuimus
2643 635 2658 659 ,
2683 594 2916 649 diximus
2947 614 2960 647 :
2990 612 3151 652 unam
3171 640 3189 667 ,
3215 614 3333 664 quae
3358 601 3654 656 secundum

2076 684 2308 740 animam
2336 692 2440 748 est,
2467 685 2736 740 Christum
2765 703 2870 741 non
2897 687 3170 755 habuisse,
3205 690 3233 729 ι’
3264 693 3402 761 quod
3434 710 3658 748 oramus

2077 783 2133 826 ut
2163 788 2228 827 ne
2257 774 2542 843 quisquam
2569 775 2978 832 dementissime
3012 780 3156 834 dicat
3182 789 3237 836 et
3261 784 3496 850 sentiat,
3523 787 3652 854 quia

2075 879 2179 919 non
2209 865 2280 919 ita
2307 875 2465 921 natus
2489 875 2610 933 est,
2633 877 2694 921 ut
2719 868 2898 924 ceteri
2923 885 3110 924 omnes
3141 871 3384 928 homines
3409 915 3424 936 ,
3450 875 3519 930 de
3555 891 3652 932 vo-

2073 955 2278 1024 luptate
2302 957 2507 1011 carnali
2533 998 2548 1022 ,
2576 957 2673 1012 sed
2713 973 2852 1013 nova
2882 959 2934 1014 in
2969 975 3036 1015 eo
3062 964 3340 1030 generatio
3365 979 3431 1020 ex
3459 966 3648 1020 imma-

2072 1046 2244 1102 culata
2291 1057 2418 1102 ante
2464 1056 2675 1116 partum
2722 1056 2778 1102 et.
2820 1059 2939 1117 post
2985 1060 3195 1118 partum
3241 1055 3445 1121 virgine
3478 1065 3501 1093 ι
3528 1057 3647 1111 sine

2073 1135 2296 1192 libidine
2321 1137 2496 1193 al'l'uit.
2525 1137 2768 1204 intende,
2797 1139 2982 1195 lector.
3016 1141 3170 1194 Illam
3192 1153 3372 1202 autem
3396 1147 3643 1216 alteram,

2073 1224 2126 1280 id
2161 1240 2244 1280 cst
2268 1268 2284 1292 ,
2331 1228 2527 1282 animae
2557 1243 2586 1286 a
2616 1243 2847 1298 corpore
2883 1232 3274 1300 separationem
3296 1271 3312 1296 ,
3346 1237 3646 1292 voluntarie

2069 1319 2311 1388 suscepit
2339 1319 2664 1383 indebitam;
2718 1319 2808 1390 qui
2852 1320 2895 1374 si
2939 1324 3144 1378 scelere
3181 1323 3484 1380 Judaiorum
3535 1345 3643 1383 non

2071 1407 2260 1464 fuisset
2300 1409 2507 1464 occisus
2528 1450 2545 1476 ,
2591 1411 2766 1478 potuit
2791 1412 2905 1466 ﬁeri
2937 1423 2993 1465 ut
3025 1425 3300 1470 senectute
3341 1417 3642 1490 longaevus,

2069 1497 2192 1567 quia
2223 1497 2326 1554 hoc
2351 1499 2426 1554 illi
2453 1501 2623 1555 semel
2652 1502 2949 1570 placuerat,
2972 1512 3165 1571 Sponte
3193 1508 3508 1576 susciperet.
3543 1527 3644 1578 pro

2069 1589 2243 1653 nobis,
2268 1588 2322 1644 id
2347 1598 2454 1656 est,
2486 1604 2585 1659 pro
2616 1602 2800 1648 nostro
2822 1592 2964 1662 quod
2989 1596 3356 1650 contraximus
3385 1599 3437 1652 in
3467 1601 3640 1656 Adam

2070 1680 2286 1745 fenore,
2317 1690 2372 1736 et
2406 1682 2605 1737 nostris
2632 1684 2861 1754 propriis
2885 1699 3005 1754 quas
3029 1685 3336 1751 addidimus
3355 1729 3369 1752 .
3405 1690 3642 1748 indebita

385 1786 556 1832 cantes
582 1779 700 1844 hoc,
731 1779 972 1847 quoniam
995 1778 1041 1830 si
1068 1794 1202 1831 unus
1229 1794 1322 1849 pro
1351 1781 1583 1832 omnibus
1608 1788 1838 1832 mortuus
1865 1790 1962 1848 est,
1997 1776 2041 1835 Β
2070 1781 2389 1827 ῐιὶοΐεΐειυΐο
2439 1773 2771 1842 Quamquam
2814 1776 2983 1844 magis
3022 1777 3261 1832 omnium
3290 1777 3358 1834 de
3385 1779 3476 1834 illo
3504 1799 3642 1849 prte-

385 1886 502 1940 ergo
531 1886 698 1923 omnes
733 1869 916 1922 mortui
948 1877 1068 1922 sunt
1091 1909 1106 1933 ,
1146 1879 1192 1922 et
1235 1886 1328 1940 pro
1369 1868 1600 1922 omnibus
1633 1880 1862 1924 mortuus
1891 1881 1965 1924 est

385 1961 638 2020 Christus,
662 1968 717 2011 ut
741 1969 788 2012 et
813 1960 901 2024 qui
930 1958 1119 2024 vivunt,
1136 1961 1248 2029 jam
1270 1975 1372 2012 non
1399 1958 1496 2037 sibi
1522 1959 1720 2022 vivant,
1749 1957 1838 2011 sed
1883 1958 1964 2013 illi

386 2052 468 2118 qui
491 2067 584 2119 pro
607 2052 731 2121 ipsis
761 2061 989 2104 mortuus
1015 2061 1088 2104 est
1125 2061 1171 2103 et
1211 2051 1488 2104 resurrexit
1517 2051 1584 2121 (ll
1611 2050 1732 2105 Cor.
1760 2066 1814 2116 v,
1847 2053 1961 2121 15).

386 2153 440 2196 ιιι
467 2154 513 2196 et
539 2145 766 2198 vivorum
785 2149 832 2196 et
853 2153 1168 2196 mortuorum
1196 2141 1486 2196 dominetur
1533 2142 1710 2212 (Rom.
1741 2159 1854 2209 xnv,
1883 2145 1960 2211 9).

355 2295 364 2302 ,
389 2235 713 2290 Obmutesce
737 2273 751 2298 ,
784 2233 964 2288 nullus
992 2274 1008 2298 ,
1039 2233 1136 2288 nisi
1166 2249 1260 2303 per
1285 2233 1454 2289 Adam
1478 2275 1493 2299 ,
1532 2235 1626 2290 sed
1657 2237 1960 2304 pmnslitcr,

387 2335 631 2378 inortuus
657 2332 762 2392 est,
794 2339 967 2391 neque
998 2326 1292 2390 moriturus
1343 2332 1452 2391 est;
1505 2325 1698 2391 nullus,
1735 2325 1837 2381 nisi
1870 2342 1963 2396 per

386 2416 654 2470 Christum
684 2423 948 2485 resurget,
973 2415 1068 2470 sed
1094 2413 1230 2468 alius
1259 2413 1326 2468 ad
1357 2414 1707 2484 regnandum,
1733 2415 1870 2470 alius
1895 2417 1961 2470 ad

386 2521 570 2576 pmnas
600 2516 832 2560 aeternas
862 2505 1086 2560 luendas
1119 2522 1132 2556 :
1171 2503 1527 2574 Unusquisque
1551 2544 1566 2568 ,
1612 2513 1670 2558 ut
1706 2505 1782 2558 ait
1816 2504 1963 2560 Scri—

387 2611 539 2668 ptura
573 2597 615 2669 (1
639 2595 760 2653 Cor.
793 2612 883 2660 xv,
913 2594 1030 2664 25),
1055 2595 1110 2648 in
1140 2595 1319 2648 ordine
1346 2610 1470 2659 suo,
1499 2603 1527 2630 ι
1551 2593 1870 2660 dummodo,
1906 2606 1963 2649 ut

387 2706 533 2760 suipe
557 2689 823 2753 diximus,
851 2695 906 2741 et
935 2685 1028 2739 tibi
1060 2698 1180 2738 cum
1209 2685 1468 2752 Apostolo
1500 2685 1875 2750 reclamamus,
1907 2697 1964 2743 nt

387 2784 562 2836 nullus
581 2779 803 2834 omnino
833 2778 1110 2834 hominum
1138 2778 1189 2830 in
1214 2777 1360 2831 omni
1386 2791 1608 2847 prorsus
1636 2789 1795 2834 uitale
1827 2794 1958 2848 pra:-

388 2882 470 2927 ter
495 2871 661 2925 Adam
692 2878 935 2922 mortuus
956 2909 970 2929 ,
1001 2866 1175 2922 nullus
1196 2865 1465 2921 redivivus
1493 2867 1543 2920 in
1567 2882 1728 2923 carne
1753 2867 1964 2924 iuturus

389 2962 460 3016 sit
486 2970 683 3030 praeter
704 2958 999 3012 Christum.

465 3052 551 3106 ll.
595 3049 728 3104 Illud
757 3063 968 3119 quoque
998 3049 1307 3106 memineris
1337 3062 1436 3104 nos
1461 3061 1662 3117 tenere,
1695 3061 1750 3106 et
1774 3053 1825 3107 in
1859 3053 1962 3108 tida

2066 1865 2210 1934 sagis
2238 1864 2643 1934 prOphetarum,
2675 1872 2732 1919 et
2756 1864 3034 1922 inferenda
3053 1867 3102 1921 ei
3133 1881 3294 1925 cruce
3335 1873 3638 1938 parricidali

2063 1956 2370 2011 Judaeorum
2411 1956 2615 2021 furore,
2652 1956 2969 2025 complenda
2995 1957 3180 2026 fuisse,
3205 1958 3638 2020 Christianorum

2063 2047 2242 2101 nullus
2262 2046 2481 2100 omnino
2508 2045 2699 2100 debeat
2725 2046 2990 2102 dubitare.

2136 2136 2223 2190 ‘12.
2262 2136 2417 2192 Nunc
2445 2137 2461 2189 i
2490 2135 2708 2208 [Balus.
2742 2153 2844 2190 om.
2878 2136 2924 2206 ἰ]
2961 2139 3014 2191 in
3051 2138 3240 2192 malam
3271 2154 3485 2195 crucem
3514 2158 3638 2197 cum

2063 2226 2162 2280 ista
2186 2226 2472 2281 verborum
2497 2234 2710 2282 tuorum
2743 2227 3155 2296 magniﬁcentia,
3188 2230 3437 2300 fugitive;
3477 2249 3639 2289 nemo

2064 2328 2117 2372 te
2160 2317 2433 2372 rabiosum
2463 2316 2612 2371 audit
2652 2316 2957 2382 latrantem,
2997 2333 3154 2372 nemo
3182 2319 3250 2373 ab
3279 2321 3514 2376 Ecclesia
3549 2338 3639 2377 se-

2060 2409 2240 2478 quitur
2259 2407 2472 2462 devium
2485 2445 2498 2470 ,
2525 2423 2681 2462 nemo
2705 2417 2810 2461 tam
2837 2407 3025 2462 insano
3042 2410 3326 2465 consentit.
3346 2412 3452 2466 Nos
3471 2427 3638 2481 super

2061 2500 2424 2562 mortalitate,
2475 2513 2594 2567 qua:
2636 2511 2700 2551 ex
2744 2486 3142 2566 progenitOrum
3195 2505 3638 2570 praivaricatione

2061 2606 2218 2662 pruna
2247 2593 2477 2645 humano
2501 2591 2688 2662 generi
2713 2591 2833 2644 data
2864 2601 2966 2658 est,
2990 2602 3043 2646 et
3075 2593 3127 2646 in
3156 2606 3398 2650 naturam
3425 2611 3520 2664 per
3543 2612 3634 2651 se-

2061 2687 2200 2740 mina
2226 2683 2511 2752 percurrit,
2541 2695 2592 2737 ct
2623 2683 2676 2736 in
2710 2684 2867 2738 linem
2892 2699 3059 2754 usque
3087 2700 3310 2742 cursura
3337 2700 3438 2754 cst,
3467 2689 3637 2746 donec

2059 2776 2254 2832 divina:
2301 2774 2446 2830 illius
2487 2775 2628 2828 tuba:
2670 2773 2921 2842 clangore
2964 2774 3172 2830 dicatur
3211 2792 3230 2830 :
3275 2778 3523 2846 Absorpta
3561 2792 3638 2832 est

2059 2883 2197 2921 mors
2220 2867 2275 2918 in
2303 2865 2546 2929 victoria;
2583 2863 2670 2916 ubi
2696 2873 2788 2929 est,
2819 2881 2974 2932 mors,
3007 2869 3214 2919 aculeus
3236 2869 3391 2921 tuus?
3427 2869 3513 2921 ubi
3538 2880 3634 2926 est.

2059 2974 2218 3024 mors,
2245 2957 2500 3010 contentio
2531 2965 2615 3007 tua
2649 2954 2793 3024 (Ose.
2817 2971 2932 3019 xm,
2957 2953 3047 3025 14)
3065 2957 3090 3009 l
3131 2971 3252 3011 cum
3274 2958 3518 3014 universa
3543 2962 3636 3013 Dei

2064 3050 2326 3112 Ecclesia,
2349 3046 2378 3084 ἀ
2405 3062 2526 3102 cum
2553 3047 2791 3116 patribus
2819 3047 3040 3116 nostris,
3065 3047 3358 3108 illustribus
3382 3050 3640 3105 Ecclesia:

1549 3165 2000 3226 CASTIGATION
2009 3169 2088 3225 ES
2125 3166 2211 3222 ΕΤ
2247 3161 2479 3220 ΝΟΤᾸΕ.

459 3260 842 3331 Ῥετιιιὼειιπ
883 3265 1008 3312 sunt
1049 3255 1395 3331 confusaeque
1441 3272 1604 3314 voces
1641 3259 1798 3331 hujus
1836 3276 1958 3316 sen-
1985 3268 2028 3326 (ζ
2060 3275 2216 3331 quant
2257 3255 2494 3331 Christus
2530 3254 2736 3331 concipi
2775 3253 3186 3331 ttoluit,__fecisse
3227 3253 3282 3307 in
3319 3271 3498 3326 genere
3537 3257 3640 3310 hu-

390 3333 595 3387 tentiiu.
620 3330 847 3384 Rcstitui
878 3337 1102 3398 possunt
1124 3330 1177 3381 in
1208 3330 1346 3382 hunc
1370 3331 1584 3382 modum
1610 3347 1623 3382 :
1647 3329 1957 3398 Dummodo,

393 3411 446 3456 ut
491 3418 625 3469 stripe
655 3397 900 3464 diximus,
942 3409 987 3452 et
1038 3397 1125 3450 tibi
1165 3414 1282 3450 cum
1331 3398 1575 3466 Apostolo
1603 3401 1958 3458 reclamamus.

393 3472 566 3525 nullus
606 3472 810 3523 omnino
837 3469 1122 3533 hominum,
1156 3469 1208 3520 in
1237 3469 1373 3520 omni
1409 3484 1616 3538 prorsus
1655 3479 1821 3534 astate,
1864 3471 1964 3523 nisi

393 3545 445 3594 iu
491 3541 652 3594 Adam
683 3551 944 3611 mortuus;
990 3539 1164 3591 nullus
1209 3539 1460 3592 redivivus
1484 3539 1540 3591 in
1580 3554 1732 3595 carne
1756 3545 1964 3611 futurus

393 3613 480 3678 sit,
508 3613 604 3664 nisi
631 3625 718 3678 per
744 3608 1023 3664 Christum.

464 3675 697 3734 j'AiItr’ra
743 3680 1010 3732 calumnia
1052 3675 1483 3748 Pelagianorum,
1512 3679 1664 3748 quasi
1710 3677 1963 3736 catholici

397 3766 496 3820 pro
525 3749 836 3820 defensione
871 3747 1388 3820 peccati__originalis
1434 3747 1745 3818 injuriosam
1771 3765 1964 3816 qnam-

397 3818 518 3875 dam
549 3818 930 3886 blasphemiam
977 3820 1026 3871 in
1055 3818 1332 3873 Christum
1374 3832 1705 3884 evomerent;
1735 3835 1968 3889 cumque

399 3893 641 3947 dicerent
685 3889 940 3943 nascendi
991 3889 1310 3944 necessitate
1353 3892 1608 3957 pollutum
1639 3891 1800 3944 fuisse
1841 3906 1968 3957 pec-

397 3969 519 4032 c_ato
545 3959 848 4032 (Videqute
891 3959 1029 4012 dicta
1073 3971 1192 4032 sunt
1223 3969 1329 4012 tum
1374 3960 1428 4012 in
1473 3961 1606 4032 notis
1647 3961 1712 4014 ad
1737 3959 1968 4032 libellum

401 4027 611 4086 Fidei'a
635 4027 848 4084 Iuliano
896 4029 1256 4099 conscrip'um,
1289 4038 1395 4081 tum
1431 4029 1499 4082 ad
1539 4038 1775 4100 excerpta
1805 4029 1970 4084 Theo-

398 4104 556 4157 doril.

611 4169 881 4225 all'ercnda
905 4182 1065 4222 causa
1096 4181 1196 4222 cur
1220 4164 1464 4221 Christus
1497 4167 1704 4236 peccati
1733 4168 1971 4237 origina-

403 4241 469 4295 lis
500 4258 661 4309 purus
703 4243 880 4306 luerit,
925 4237 1210 4309 Mercatori
1247 4241 1597 4309 consentiunt
1641 4238 1971 4307 antiquiores

407 4308 610 4391 [μιῆς.
636 4325 770 4391 quos
810 4311 949 4363 inter
987 4321 1173 4391 auctor
1205 4308 1459 4362 librorum
1512 4308 1969 4391 llypognosticon,

405 4379 542 4431 libro
594 4379 803 4448 primo;
854 4393 990 4448 unus
1035 4380 1193 4431 nitido
1243 4395 1339 4448 pro
1377 4379 1585 4432 cunctis
1643 4380 1970 4447 Augustinus

405 4449 540 4520 (Lib.
569 4446 604 4520 v'
629 4449 826 4500 advers.
857 4446 969 4500 Jul.
995 4464 1128 4520 cap.
1165 4446 1258 4516 liii
1285 4466 1298 4500 :
1324 4449 1457 4513 Quid
1488 4457 1560 4503 est
1587 4446 1747 4520 quod
1770 4449 1970 4503 laboras

407 4518 603 4589 magnis
662 4518 1190 4589 argumentationibus
1243 4520 1518 4589 pervenire
1563 4519 1630 4570 ad
1697 4520 1970 4585 impietatis

403 4587 694 4654 abruptum,
736 4601 788 4639 ut
832 4587 1016 4642 Christi
1046 4604 1185 4649 caro,
1215 4587 1336 4657 quia
1363 4590 1425 4641 de
1470 4588 1640 4642 Maria
1683 4600 1831 4641 ttatus
1870 4601 1965 4652 est,

405 4662 554 4732 cujus
575 4659 784 4728 virginis
804 4673 943 4721 caro,
975 4657 1105 4732 sicut
1125 4667 1417 4732 cancrorum
1444 4659 1689 4718 omnium.
1712 4674 1777 4732 ea:
1807 4661 1968 4732 Adam

405 4728 569 4798 fuerat
596 4738 899 4799 propagata,
943 4728 1071 4780 nihil
1101 4728 1249 4799 distet
1278 4745 1311 4779 a
1349 4729 1738 4799 carnepe'ccati,
1786 4741 1833 4780 et
1861 4731 1968 4781 sine

408 4797 518 4854 ulla
540 4797 861 4851 distinctione
890 4799 1162 4864 Apostolus
1193 4797 1379 4850 dixisse
1404 4797 1643 4851 credatur
1667 4815 1783 4852 eum
1812 4800 1970 4866 fuisse

407 4873 616 4924 missum
644 4874 695 4921 in
722 4869 1055 4923 similitudine
1075 4875 1244 4919 carnis
1277 4869 1468 4934 peccati
1491 4872 1603 4937 (aut
1627 4870 1822 4921 nullam
1852 4885 1972 4921 car-

409 4959 529 4995 nem
577 4955 694 4995 e-se
726 4939 962 5006 peccati;
1014 4950 1102 4990 aut
1141 4938 1185 4991 si
1225 4939 1293 4990 sit
1337 4940 1456 4991 auia
1487 4938 1608 4991 inde
1651 4942 1816 5002 venit,
1847 4939 1969 4992 inde

407 5011 566 5064 etiim
605 5025 726 5062 csse
771 5009 966 5062 Christi
1011 5007 1287 5061 contendit
1329 5007 1664 5076 hmrcticus);
1695 5011 1849 5060 immo
1880 5026 1968 5066 po-

406 5083 505 5134 tius
535 5081 691 5132 instas
714 5090 767 5130 ut
794 5080 934 5131 nulla
958 5079 1019 5131 sit
1042 5093 1161 5130 caro
1192 5082 1400 5145 pcccati,
1431 5094 1494 5129 ne
1521 5080 1614 5131 hoc
1651 5080 1717 5132 sit
1747 5090 1792 5130 et
1823 5077 1973 5131 Chri-

407 5154 490 5204 sti.
529 5151 664 5213 Quid
685 5149 1091 5234 estnergo'c'arnis
1118 5149 1313 5234 peccati
1341 5147 1714 5228 similitudo,_si
1736 5150 1878 5201 nulla
1901 5159 1974 5199 est

409 5238 527 5274 caro
558 5219 789 5290 peccati?
813 5219 919 5290 sed
939 5220 1068 5272 hanc
1097 5219 1426 5287 apostolicam
1446 5220 1743 5290 sententiam
1759 5235 1842 5290 Ante
1873 5234 1974 5269 non

407 5287 720 5342 intellexisse
759 5287 958 5355 dixisti,
999 5304 1086 5340 nec
1126 5304 1238 5341 eum
1281 5301 1448 5340 tamen
1495 5287 1792 5354 expasuisti,
1833 5297 1889 5340 ut
1929 5300 1975 5340 te

409 5362 615 5413 doctore
657 5375 938 5426 nossemus,
964 5359 1100 5423 quod
1125 5358 1298 5428 aliqua
1350 5373 1425 5410 res
1457 5359 1611 5424 pas-sit
1655 5374 1763 5410 esse
1793 5357 1976 5410 similis

405 5431 453 5483 ei
481 5433 552 5484 rei
578 5445 690 5499 qua:
710 5445 811 5499 non
843 5438 933 5483 est.
965 5430 1115 5492 Quod
1143 5432 1183 5480 si
1211 5428 1454 5479 dementis
1479 5436 1550 5480 est
1573 5428 1759 5488 dicere,
1793 5437 1841 5499 et
1868 5429 1977 5499 sine

409 5502 565 5553 dubio
591 5496 712 5552 curo
753 5498 942 5553 Christi
981 5515 1082 5551 non
1126 5507 1198 5551 est
1242 5513 1360 5550 caro
1393 5499 1603 5560 peccati,
1650 5500 1739 5549 sed
1790 5496 1974 5550 similis

409 5572 552 5624 carni
582 5572 807 5640 peccati;
835 5569 958 5640 quid
986 5578 1136 5621 restat
1168 5580 1234 5640 _ut
1263 5569 1632 5637 intelligamus,
1665 5567 1762 5619 nisi
1788 5583 1848 5621 ea
1887 5584 1976 5620 ea:-

410 5637 591 5705 cepta,'
626 5638 825 5692 attinent
866 5639 1114 5709 reliquam
1159 5637 1437 5709 humanam
1475 5653 1678 5690 carnem
1711 5653 1815 5709 esse
1858 5653 1975 5704 ρίτ-

409 5713 552 5767 cati?
592 5709 656 5764 Et
712 5711 828 5764 hinc
881 5707 1092 5780 apparet
1148 5708 1294 5763 illam
1347 5707 1832 5778 concupiscentiam,
1889 5724 1978 5776 per

2063 3322 2214 3384 inuno
2245 3329 2575 3395 propaginem
2613 3324 2758 3387 ntali,
2795 3326 2917 3395 quia
2946 3322 3130 3377 Maria:
3166 3322 3375 3391 corpus,
3405 3331 3641 3395 quamvis:

2063 3401 2181 3453 inde
2209 3398 2417 3460 venerit,
2452 3405 2618 3446 tamen
2649 3409 2762 3448 eam
2800 3409 2900 3447 non
2940 3395 3144 3464 trajecit
3181 3395 3233 3446 in
3261 3411 3465 3462 corpus,
3495 3400 3644 3464 quod

2065 3486 2165 3523 non
2203 3469 2323 3522 inde
2363 3467 2610 3534 conci-pit,
2640 3475 2746 3536 etc.
2798 3464 2866 3518 Et
2891 3463 3048 3536 paulo
3091 3475 3210 3532 post
3243 3480 3256 3516 :
3289 3465 3419 3518 Caro
3461 3463 3668 3536 itaque~

2063 3539 2252 3594 Christi
2295 3537 2656 3590 mortalitatem
2698 3534 2764 3586 de
2809 3534 3118 3588 mortalitate
3171 3536 3362 3605 matris_
3401 3534 3645 3605 corporis

2063 3609 2250 3674 traxit,
2289 3608 2410 3677 quia
2450 3621 2636 3677 corpus
2671 3607 2786 3677 ejus
2826 3605 3041 3677 mat-tale
3068 3605 3278 3677 invenit.
3325 3603 3641 3677 Contegium

2064 3696 2182 3734 vero
2220 3673 2723 3749 peccatioriQinalis
2760 3689 2862 3749 non
2905 3676 3077 3749 tranat,
3112 3674 3230 3741 quia
3259 3673 3644 3749 concumtientis

2065 3744 2659 3818 cancu'piscentiam’non
2689 3744 2913 3818 invenit;
2952 3745 2996 3796 si
3036 3756 3203 3818 autem
3230 3760 3322 3797 nec
3347 3747 3646 3800 mortalita-

2066 3832 2187 3884 tem,
2220 3815 2307 3872 sed
2345 3818 2506 3870 solam
2547 3815 2885 3868 substantiam
2912 3815 3093 3868 carnis
3123 3815 3186 3868 de
3213 3824 3372 3868 matre
3395 3819 3620 3880 summis

2065 3899 2159 3952 set,
2187 3905 2286 3942 non
2314 3886 2479 3940 solum
2513 3899 2633 3938 caro
2658 3885 2768 3952 ejus
2795 3899 2912 3937 caro
2947 3885 3163 3950 peccati,
3192 3887 3280 3938 sed
3307 3901 3404 3939 nec
3448 3887 3646 3940 simili-

2065 3963 2187 4013 tudo
2219 3957 2385 4010 carnis
2413 3956 2604 4020 peccati
2634 3969 2741 4024 esse
2767 3957 3029 4024 pozuissct.

2137 4025 2165 4066 ά
2191 4029 2290 4094 Qui
2337 4026 2604 4080 lulianum
2647 4023 3067 4091 Ctelestiumqne
3107 4034 3494 4090 pracesserunt
3532 4026 3642 4079 ilo-

2066 4109 2268 4162 ctores,
2311 4097 2510 4165 quique
2551 4097 2621 4148 ab
2652 4094 2888 4165 Ecclesia
2929 4103 3212 4162 parentum
3254 4106 3307 4147 et
3347 4098 3644 4164 magistro-

2067 4184 2184 4223 rum
2228 4164 2349 4221 hdei
2390 4167 2507 4219 loco
2556 4164 2723 4218 habiti
2759 4171 2906 4225 sunt,
2947 4166 3180 4217 unanimi
3220 4179 3486 4220 consensu
3531 4168 3644 4220 da-

2067 4248 2316 4298 cuerunt,
2347 4247 2575 4290 mortem
2602 4235 2848 4304 corporis
2876 4245 3096 4303 peccato
3123 4233 3309 4290 Adami
3341 4238 3644 4304 ingressam

2069 4309 2121 4362 in
2150 4307 2424 4369 mundum,
2455 4313 2510 4358 et
2537 4308 2588 4359 in
2618 4318 2785 4374 genus
2834 4303 3124 4359 humanum
3146 4303 3468 4369 tra'ttsivisse
3511 4320 3644 4360 cum

2068 4387 2219 4433 reatu
2256 4387 2352 4432 :ut
2391 4385 2608 4446 propter
2631 4373 3042 4442 inseparabilem
3077 4373 3146 4446 de
3169 4389 3329 4428 causa
3361 4376 3548 4446 mortis
3582 4388 3648 4430 et.

2065 4449 2294 4504 traduce
2318 4444 2522 4515 peccati
2564 4447 2945 4515 quaestionem,
2975 4445 3140 4515 accipi
3180 4446 3375 4500 debeat
3414 4446 3464 4498 in
3497 4444 3649 4502 hanc

2069 4529 2275 4586 partem
2297 4513 2499 4571 dictum
2521 4513 2649 4569 illud
2683 4513 2949 4569 Vincentii
2973 4514 3265 4568 Lirinensis
3288 4516 3337 4566 in
3376 4515 3648 4586 (ΞΟ-πιτυο-

2072 4583 2304 4642 nitorin:
2341 4587 2467 4653 Quis
2519 4596 2637 4638 ante
2683 4586 3033 4654 prodigiosum
3082 4586 3389 4654 discipulum
3434 4583 3649 4654 Pelagii

2074 4659 2387 4722 (Imlestium,
2414 4665 2560 4709 reatu
2588 4657 3016 4725 praevaricationis
3038 4656 3163 4707 Adta
3186 4672 3332 4706 omne
3364 4669 3516 4725 genus
3543 4659 3650 4706 hu-

2075 4744 2282 4780 manum
2319 4729 2516 4794 negavit
2541 4723 2838 4778 astrictum?
2876 4725 3234 4794 'l‘raditionem
3268 4741 3393 4777 vero
3418 4723 3650 4778 Patruus

2074 4813 2104 4851 ιι
2139 4793 2470 4866 temporibus
2495 4795 2859 4862 apostolorum
2884 4793 3251 4866 ad_.lulianunt
3279 4807 3446 4863 usque
3474 4797 3649 4866 estti-

2078 4869 2206 4922 hcre
2232 4863 2411 4934 opera:
2452 4869 2680 4934 pretium
2725 4875 2828 4924 est,
2857 4875 2911 4916 ut
2939 4863 3252 4934 Tliciidtirtts
3276 4879 3393 4915 cum
3423 4879 3518 4916 sun
3546 4865 3650 4934 ili-

2075 4931 2282 5004 scipulo
2307 4931 2520 4990 Juliano
2555 4934 2924 5004 convincatur.
2955 4931 3149 4985 Paulus
3179 4934 3506 4999 Apostolus:
3537 4931 3651 4985 Per

2075 5003 2234 5061 unum
2262 5008 2515 5059 hominem
2542 5014 2799 5071 peccatum
2827 5007 2880 5056 in
2897 5003 3034 5055 hunc
3054 5005 3300 5055 mundum
3333 5003 3564 5062 intravit,
3593 5015 3652 5056 et

2079 5093 2167 5144 per
2185 5085 2446 5146 peccatum
2472 5092 2626 5134 mors,
2663 5085 2711 5128 et
2737 5075 2810 5125 ita
2838 5075 2890 5125 in
2911 5088 3082 5125 cautes
3107 5073 3335 5146 homines
3358 5089 3489 5146 mors
3519 5089 3652 5146 p_er-

2076 5140 2294 5212 trau'siit,
2321 5147 2372 5198 in
2395 5161 2493 5213 quo
2523 5160 2694 5198 omnes
2724 5155 3054 5202 peccaverunt
3095 5143 3267 5212 (liam.
3295 5157 3346 5206 ν,
3392 5140 3498 5211 12).
3533 5143 3601 5194 Et
3632 5161 3649 5196 :

2079 5217 2138 5270 Si
2156 5226 2325 5269 autem
2347 5213 2578 5268 Christus
2599 5218 2649 5264 in
2667 5213 2801 5266 vobis
2824 5221 2918 5278 est,
2948 5228 3132 5278 corpus
3153 5214 3352 5280 quidem
3386 5226 3652 5268 mortuum

2076 5296 2148 5338 est
2167 5293 2374 5356 propter
2402 5297 2681 5356 peccatum,
2728 5283 2940 5346 spiritus
2959 5298 3086 5356 vero
3125 5283 3238 5356 vivit
3266 5295 3471 5356 propter
3479 5284 3653 5356 justi—

2075 5353 2405 5425 ﬁcationem;
2433 5354 2567 5422 quod
2609 5354 2654 5425 si
2679 5356 2886 5422 spiritus
2921 5353 3031 5422 ejus
3056 5354 3143 5425 qui
3180 5353 3439 5425 suscitavit
3464 5353 3654 5425 Iesum

2076 5419 2108 5479 ιι
2137 5426 2352 5478 mortuis
2379 5419 2571 5476 habitat
2606 5424 2656 5474 in
2687 5419 2843 5488 vobis,
2877 5419 2959 5491 qui
3005 5419 3262 5491 suscitavit
3289 5419 3464 5472 Iesum
3493 5420 3654 5474 Chri-

2078 5508 2210 5550 stum
2246 5512 2277 5548 a
2314 5493 2523 5546 mortuis
2564 5493 2835 5560 virificubit
2873 5490 2919 5543 et
2959 5490 3197 5543 mortalia
3237 5500 3452 5554 corpora
3480 5501 3655 5560 vestra

2079 5576 2287 5636 propter
2329 5559 2695 5636 inhabitantem
2744 5564 2980 5636 spiritum
3028 5563 3157 5636 ejus
3190 5563 3241 5612 in
3277 5562 3413 5613 vobis
3455 5559 3654 5630 (Ibid.,

2079 5631 2198 5702 vttl',
2232 5637 2320 5700 ll,
2351 5633 2461 5702 1‘2).
2489 5634 2550 5686 Et
2581 5650 2593 5685 :
2631 5631 2880 5697 Quoniam
2909 5647 2995 5697 per
3020 5631 3275 5683 hominem
3303 5646 3456 5692 mors,
3485 5641 3530 5682 ct
3559 5648 3656 5697 per

2084 5708 2336 5761 hominem
2383 5706 2684 5759 resurrectio
2721 5713 3075 5766 mortuorum;
3113 5711 3158 5756 et
3205 5706 3335 5754 sicut
3381 5702 3432 5753 in
3482 5703 3656 5760 Adam
