3996 6186
461 316 562 372 179

962 312 1154 369 MAR"
1190 306 1633 370 MERCATOBIS
1672 308 2236 372 TRANSLATIONES
2275 316 2635 376 VARIORUM
2672 316 3193 378 OPUSCULORUM.

3514 324 3714 382 ⁷180

468 434 774 500 Orontlum,
799 438 849 485 et
872 442 1118 494 czeteros,
1147 428 1238 498 qui
1260 425 1365 481 sibi
1386 434 1647 494 usurpant
1676 425 2036 494 episcopalem
2066 445 2112 499 Α
2144 429 2231 485 hic
2272 431 2587 495 celebratur,
2627 432 2755 486 dum
2797 432 3134 487 elaboramus
3172 448 3362 488 eruere
3400 436 3718 493 sordidissi-

467 521 780 592 dignitatem
801 564 815 589 ,
848 527 903 573 et
930 519 1310 573 creberrimam
1349 515 1645 570 sditionem
1686 517 1829 585 apud
1864 517 2041 586 piissi-

473 629 617 669 mum
647 621 703 669 et
731 610 1235 681 praedicatissimnm
1259 608 1638 679 imperatorem
1672 608 1894 676 faciunt,
1918 624 2043 664 nos-

471 719 577 772 que
616 701 909 757 concidunt
950 701 1321 770 frequentibus
1369 699 1862 765 lamentationibus,
1906 710 2042 753 tam-

471 809 627 863 quam
666 793 998 862 temporibus
1023 792 1345 847 orthodoxis
1373 791 1439 845 de
1467 791 1759 845 Occidente
1788 791 2036 860 projecli.

471 889 541 941 At
570 887 676 941 huc
702 901 874 955 usque
904 885 1102 955 scripta
1138 884 1205 938 de
1245 884 1328 938 his
1367 899 1397 938 a
1438 894 1526 937 tua
1556 882 1904 939 veneratione
1933 899 2039 937 non

469 981 844 1047 suscepimus:
877 993 997 1048 quae
1040 979 1086 1031 si
1126 977 1404 1043 haberem,
1445 988 1659 1045 possem
1691 974 1771 1029 eis
1810 988 2038 1042 respon-

470 1070 620 1136 dere,
658 1069 950 1139 daremque
989 1066 1429 1138 compendiosum
1469 1080 1791 1133 responsum
1821 1065 2040 1119 vocibus

470 1179 679 1218 eorum.
713 1170 740 1200 α
766 1162 919 1217 Nunc
946 1162 1090 1218 enim
1120 1161 1189 1215 ab
1232 1160 1452 1215 incertis
1486 1158 1645 1213 dictis
1680 1172 1895 1221 eorum,
1931 1170 2038 1211 non

471 1252 631 1307 habet
654 1253 775 1322 quis
801 1253 869 1307 ad
891 1252 1033 1322 quod
1055 1266 1113 1307 se
1138 1258 1414 1306 convertat
1440 1266 1457 1307 :
1485 1249 1603 1303 aliis
1634 1248 1916 1303 haereticos
1945 1261 2039 1302 eos

470 1342 807 1411 vocantibus,
838 1350 895 1396 et
922 1343 1042 1397 ideo
1071 1342 1141 1397 de
1167 1340 1604 1396 Occidentalibus
1639 1339 1881 1409 partibus
1916 1352 2040 1407 pro-

466 1434 637 1503 iactos
670 1449 791 1490 esse
828 1434 1133 1490 dicentibus
1162 1451 1174 1488 :
1209 1434 1339 1502 ipsis
1378 1448 1505 1488 vero
1527 1432 1864 1501 iurantibus,
1892 1430 2040 1485 calu-

471 1528 670 1581 mniam
698 1542 759 1583 se
788 1527 1132 1595 sustinuisse,
1165 1536 1216 1581 et
1262 1525 1557 1595 periculum
1604 1538 1702 1593 pro
1739 1521 2039 1577 orthodoxa

471 1617 575 1671 fide
614 1631 680 1672 ex
719 1616 1064 1686 subroptione
1105 1629 1415 1686 perpessos.
1445 1616 1682 1682 Quorum
1714 1624 1892 1669 utrum
1921 1628 2040 1667 cer-

467 1717 581 1761 tum
608 1708 699 1773 sit,
727 1708 881 1763 nobis
909 1709 1093 1779 gravis
1122 1718 1204 1763 est
1231 1707 1529 1777 ignorantia
1555 1724 1567 1759 :
1600 1721 1721 1761 nam
1751 1705 2038 1760 condolero

2145 534 2286 573 mam
2334 521 2657 589 impietatem
2704 523 2949 590 pessima:
2996 523 3265 591 Opinionis
3295 525 3611 593 Apollinaris
3652 538 3718 583 et

2144 612 2255 665 Arii
2286 611 2354 667 de
2384 613 2622 668 Ecclesia
2653 613 2749 668 Dei
2780 630 2795 665 :
2821 623 2844 651 ε
2874 613 3058 668 nescio
3084 617 3225 669 enim
3255 617 3711 684 quemadmodum

2142 703 2356 772 quidam
2384 704 2449 759 de
2472 705 2869 770 ecclesiasticis,
2887 706 3174 774 quamdam
3200 710 3713 778 contemperationis

2143 794 2427 864 imaginem
2463 812 2531 850 ex
2558 795 2758 851 deitate
2792 806 2846 851 et
2876 795 3208 852 humanitate
3233 797 3500 867 Unigeniti
3523 803 3716 856 conci-

2141 887 2367 954 pientes,
2401 896 2663 955 aegrotent
2688 886 3003 952 aegritudine
3034 887 3406 955 przedictorum
3431 891 3717 946 haeretico-

2142 994 2293 1031 rum:
2318 978 2443 1031 dum
2467 989 2518 1031 et
2537 978 2777 1046 corporis
2803 978 3077 1046 passiones
3099 978 3299 1033 audent
3322 978 3713 1049 superfundere

2141 1070 2327 1125 deitati
2359 1070 2620 1140 Unigeniti
2639 1114 2653 1139 ,
2682 1079 2737 1125 et
2765 1070 3247 1125 immutabiiitatem
3273 1071 3489 1126 deitatis
3511 1074 3576 1127 ad
3604 1090 3709 1128 na-

2142 1172 2313 1217 turam
2361 1163 2601 1231 corporis
2640 1161 2918 1217 transiisse
2954 1162 3291 1232 confingunt,
3333 1174 3387 1217 et
3426 1172 3711 1236 utramque

2142 1262 2381 1306 naturam
2411 1252 2561 1322 (quae
2584 1267 2676 1322 per
2704 1252 3136 1321 coniunctionem
3157 1267 3417 1308 summam
3444 1263 3501 1310 et
3524 1255 3714 1310 incon-

2140 1342 2310 1397 fusam
2338 1340 2365 1380 δ
2394 1344 2444 1396 in
2473 1359 2575 1397 una
2606 1358 2834 1412 persona
2860 1342 3127 1411 Unigeniti
3153 1343 3440 1415 adoratur)
3463 1354 3712 1402 c0ntem-

2140 1434 2434 1505 perationis
2467 1434 2827 1488 mutabilitate
2853 1433 3206 1489 confundunt.

2210 1524 2265 1577 4.
2304 1525 2466 1589 Cmci,
2496 1526 2585 1595 qui
2616 1540 2716 1580 nec
2737 1534 3043 1580 sanctorum
3062 1526 3274 1581 illorum
3294 1528 3508 1582 Patrum
3535 1544 3713 1598 expo—

2140 1615 2390 1671 sitionem
2438 1615 2825 1680 meminerunt,
2875 1632 2973 1671 nec
3002 1617 3183 1671 vident
3220 1628 3404 1685 aperte
3448 1620 3710 1676 adversus

2139 1720 2235 1761 eos
2255 1707 2614 1763 reciamantes
2637 1723 2652 1760 :
2678 1706 2941 1761 Credimus
2973 1706 3026 1760 in
3052 1724 3207 1760 unum
3235 1707 3507 1763 Dominum
3526 1708 3710 1764 Iesum

468 1800 567 1864 eis,
599 1799 644 1853 si
670 1814 801 1854 vere
825 1799 1064 1854 itaretici
1092 1807 1237 1867 sunt,
1261 1800 1465 1852 crimen
1494 1811 1571 1851 eSI
1596 1814 1610 1862 ;
1639 1808 1693 1851 et
1716 1799 1903 1851 iterum
1928 1809 2033 1849 non
2070 1809 2114 1869 Β
2141 1799 2395 1854 Christum
2424 1798 2591 1868 ﬁlium
2622 1797 2719 1852 Dei
2751 1799 3073 1851 incarnatum
3102 1814 3165 1851 ea:
3210 1798 3408 1863 Spiritu
3443 1808 3617 1853 sancto
3656 1812 3713 1855 et

468 1888 775 1955 condoiere,
820 1888 863 1943 si
901 1889 1219 1943 calumniam
1260 1890 1559 1955 sustinent,
1608 1888 1795 1941 durum
1837 1898 1891 1942 et
1938 1887 2035 1939 im-

469 1981 610 2048 pium
644 1988 746 2035 est.

536 2073 592 2125 2.
648 2073 905 2143 Dignetur
952 2074 1114 2144 igitur
1162 2072 1530 2127 amantissima
1576 2070 1668 2125 Dei
1723 2071 1895 2122 anima
1948 2080 2034 2123 tua

470 2167 764 2220 informare
810 2182 928 2231 nos,
970 2167 1062 2236 qni
1109 2166 1174 2221 ad
1224 2176 1509 2236 utrumque
1556 2173 1885 2220 momentum
1934 2165 2035 2219 huc

470 2272 639 2328 usque
669 2257 974 2325 dividimur,
1009 2258 1060 2313 id
1105 2266 1208 2321 est,
1248 2270 1300 2313 et
1336 2258 1402 2311 ad
1429 2258 1608 2311 odium
1639 2265 1693 2311 et
1717 2255 1782 2310 ad
1814 2257 2036 2311 misera-

468 2347 670 2404 tionem
701 2364 915 2414 eorum;
942 2350 1125 2404 doceri
1153 2357 1331 2403 autem
1362 2348 1630 2413 volumus,
1662 2361 1818 2415 quam
1848 2347 1916 2400 de
1948 2346 2030 2400 his
2109 2376 2121 2389 ~

468 2440 791 2496 sententiam
832 2450 1133 2496 teneamus.
1184 2439 1211 2478 δ
1254 2439 1557 2494 Differimus
1610 2438 1751 2492 enim
1810 2436 2027 2491 eosdem

470 2533 614 2587 viros
648 2546 742 2602 per
770 2532 886 2587 dies
916 2532 1152 2601 singulos
1180 2531 1600 2595 dissimulantes,
1631 2542 1728 2596 ape
1753 2537 1807 2582 et
1835 2542 2031 2596 exspe-

469 2625 700 2679 ctatione
725 2624 1069 2679 beatitudinis
1093 2634 1216 2678 tuae.

538 2715 590 2767 5.
634 2715 749 2769 Non
787 2724 868 2770 est
897 2715 1070 2781 enim,
1112 2729 1146 2769 0
1192 2713 1680 2780 venerandissime,
1712 2713 1849 2767 sicut
1890 2711 2033 2767 nosti

471 2820 556 2859 res
580 2804 701 2861 vilis
732 2806 990 2861 discussio
1020 2806 1120 2874 pias
1143 2814 1303 2860 sectze
1330 2823 1344 2858 :
1372 2820 1471 2860 nec
1496 2820 1655 2872 parva
1680 2813 1761 2859 est
1785 2805 2032 2873 probatio

469 2913 675 2964 eorum,
699 2898 785 2967 qui
810 2898 911 2952 hoc
931 2907 1114 2968 agunt.
1141 2897 1337 2953 Multus
1360 2899 1502 2953 enim
1522 2897 1680 2953 etiam
1708 2897 1859 2953 nobis
1882 2897 2033 2951 labor

2145 1892 2318 1947 Maria
2347 1894 2556 1964 virgine.
2591 1900 2615 1929 ο
2646 1890 2768 1944 Haec
2794 1891 2935 1944 enim
2963 1906 3094 1952 vox,
3128 1891 3179 1942 in
3212 1889 3505 1954 Dominum,
3536 1894 3713 1961 signi-

2145 1986 2269 2038 ficat
2298 1995 2572 2052 utramque
2603 1990 2874 2047 naturam;
2913 1983 3109 2036 etenim
3139 1981 3385 2035 Christus
3413 1992 3493 2059 est
3518 1983 3715 2037 deitati

2144 2075 2313 2129 Patris
2356 2075 2596 2145 ὄμούσιος
2622 2089 2638 2128 :
2665 2073 2969 2128 humanitas
2995 2088 3122 2127 vero
3154 2074 3536 2141 posterioribus
3565 2082 3711 2129 tem-

2141 2166 2362 2236 poribus
2392 2176 2511 2219 nata
2551 2181 2618 2219 ex
2651 2173 2833 2219 sancta
2865 2164 3099 2234 Virgine,
3132 2174 3349 2234 propter
3376 2166 3715 2235 conjunctio—

2143 2274 2264 2315 nem
2290 2259 2501 2313 deitatis
2527 2259 2595 2313 ab
2623 2258 2829 2327 angelis
2856 2265 2912 2313 et
2936 2258 3239 2312 hominibus
3266 2258 3422 2313 simul
3452 2261 3667 2314 colitur.

2201 2350 2256 2404 5.
2288 2348 2421 2402 Eum
2450 2362 2599 2419 ergo,
2630 2347 2720 2413 qui
2748 2346 2833 2402 hic
2857 2355 3074 2416 propter
3097 2356 3359 2403 sectarum
3388 2349 3714 2416 pravitatem

2132 2448 2213 2495 tot
2245 2440 2512 2494 laboribus
2554 2440 2823 2509 fatigatur,
2850 2440 3126 2493 considera
3150 2480 3165 2504 ,
3202 2439 3328 2507 quid
3365 2440 3551 2495 iterum
3592 2443 3711 2509 pati

2134 2545 2356 2587 necesse
2372 2541 2472 2595 eSt,
2489 2530 2532 2585 si
2551 2530 2819 2600 negotium
2838 2530 3211 2598 pradictorum
3227 2530 3459 2584 virorum
3478 2532 3711 2599 nesciat,

2137 2624 2425 2692 timeatque
2450 2622 2626 2687 nimis,
2660 2636 2728 2675 ne
2757 2620 3173 2675 additamentum
3204 2620 3572 2675 hmreticorum
3603 2636 3715 2688 per

2136 2713 2489 2782 ignorantiam
2520 2711 2607 2765 hic
2647 2709 2852 2779 positus
2887 2709 3067 2765 faciat.
3097 2709 3249 2765 Unde
3278 2725 3430 2779 rogo,
3460 2720 3517 2763 ut
3545 2711 3711 2765 undi-

2138 2818 2243 2871 que
2276 2802 2579 2857 studiosum
2608 2802 2679 2857 sit
2704 2808 2905 2856 sanctae
2942 2801 3135 2855 anima:
3176 2808 3300 2867 tuae,
3332 2800 3533 2854 donare
3562 2802 3712 2854 noti-

2136 2895 2264 2949 tiam
2296 2894 2671 2962 prtedictorutn
2702 2893 2943 2949 virorum
2969 2909 2983 2946 :
3014 2891 3243 2947 maxime
3268 2905 3387 2945 cum
3412 2891 3712 2947 litterarum

1615 3031 2155 3091 CASTIGATIONES
2194 3030 2281 3086 ET
2323 3029 2548 3085 NOT‘E.

471 3164 625 3220 «tosio
662 3164 898 3237 oblatum
940 3166 1374 3236 publicatnmque
1408 3166 1901 3237 Constantinopoli,
1933 3167 2036 3222 Ne-
2062 3167 2107 3231 C
2137 3177 2473 3236 corruperat,
2496 3175 2549 3219 et
2569 3167 2716 3235 quasi
2740 3166 2939 3221 lasciuo
2960 3183 3110 3221 vanae
3129 3165 3426 3220 sanctitatis
3447 3165 3717 3231 iiiuserat;

470 3237 664 3308 storius
686 3236 934 3305 ignorare
956 3241 1215 3306 potuisset
1234 3240 1635 3308 Pelagianorum
1657 3236 1913 3297 cauSautl
1930 3240 2037 3295 Aut

470 3306 595 3373 quid
627 3308 833 3371 fuisset,
859 3323 956 3362 cur
998 3310 1180 3372 procul
1215 3309 1282 3361 ab
1312 3306 1441 3362 urbe
1471 3310 1636 3365 Roma
1666 3311 1906 3363 notitiam
1938 3326 2035 3364 ex-

472 3385 916 3449 peteret,_quam
964 3376 1172 3449 idoneis
1217 3379 1587 3432 instrumentis
1634 3381 2033 3449 comprobatam

470 3447 609 3513 apud
636 3460 697 3502 se
722 3446 941 3502 haberet
964 3447 987 3499 ?

540 3515 667 3570 inde
694 3524 872 3569 autem
903 3513 1169 3584 conjicere
1201 3517 1329 3571 licet
1357 3531 1600 3582 causam,
1643 3533 1740 3572 cur
1774 3519 2037 3573 Mercator

469 3585 953 3657 Commonitorium
1001 3587 1298 3657 scripserit,
1323 3598 1400 3657 _ut
1434 3589 1685 3642 nimirum
1721 3598 1776 3643 et
1807 3592 2034 3657 impera-

474 3667 640 3727 torem
670 3655 891 3727 doceret
918 3656 997 3727 de
1014 3657 1225 3724 negotio
1251 3655 1447 3711 Juliani
1489 3667 1544 3712 et
1583 3658 1853 3720 Ccelestii,
1884 3655 2035 3727 quod

471 3725 699 3793 relatum
723 3726 937 3779 volebat
959 3725 1254 3790 Nestorius;
1282 3728 1601 3782 etomnibus
1620 3725 2036 3793 demonstraret,

471 3788 631 3859 qndm
662 3795 879 3850 funesto
919 3797 1089 3850 errori
1132 3788 1379 3851 inimicus
1420 3798 1697 3853 catholicae
1727 3798 1850 3853 lidei
1880 3788 2035 3867 opem

476 3874 769 3930 praestaret.

546 3935 765 3989 Reddita
805 3943 889 3989 est
925 3950 1019 4003 per
1060 3936 1328 3991 Valerium
1370 3936 1776 4002 cubicularium,
1818 3937 1951 3994 sicut
1986 3946 2039 3994 et

474 4005 642 4073 prima
691 4020 795 4077 per?
834 4005 1373 4077 Antiochutn,rviros
1418 4022 1486 4062 ex
1534 4009 1653 4063 aula
1700 4018 2034 4077 praestantes,

474 4091 699 4141 quorum
732 4076 890 4147 fidem
922 4087 975 4131 et
1000 4076 1275 4147 Nestorius
1302 4079 1540 4144 pecuniis
1565 4076 1855 4147 pauperum
1886 4079 2040 4133 rede-

476 4155 664 4213 merat,
699 4158 749 4199 et
775 4146 1044 4213 Pelagiani
1074 4146 1185 4199 suis
1214 4147 1417 4200 artibus
1455 4146 1821 4216 corruperant.
1852 4150 2039 4201 Antio-

474 4216 607 4269 chus
657 4224 833 4269 autem
888 4219 1009 4282 ille,
1057 4232 1213 4283 quem
1263 4218 1435 4269 virum
1492 4217 1755 4271 illustrem
1806 4220 2039 4286 appellat

475 4286 813 4356 Cm-iestinus,
849 4287 986 4340 hunc
1018 4288 1189 4354 ipsum
1237 4302 1357 4340 eSsc
1394 4289 1641 4353 coniicio,
1668 4288 1757 4356 qui
1780 4304 1903 4341 ann.
1935 4288 2040 4343 450

476 4354 851 4426 Ρτωΐθειιιτωη
886 4359 1144 4423 praetorii,
1169 4368 1531 4426 consequente
1558 4354 1892 4413 consulatum
1917 4373 2036 4412 cum

478 4424 642 4497 Basso
670 4426 866 4497 gessit.
909 4426 1153 4497 Conjicio
1195 4424 1393 4495 pariter
1431 4428 1732 4490 Valerium,
1778 4430 1865 4497 qui
1915 4438 2039 4485 tunc

475 4492 830 4547 cubicularius
851 4505 985 4559 erat,
1003 4492 1121 4550 cum
1147 4492 1351 4550 litteras
1375 4497 1602 4551 Nestorii
1625 4492 1877 4564 deferret,
1902 4514 2035 4553 con-

476 4564 703 4635 sulatum
732 4565 961 4631 gessisse
1002 4580 1127 4635 cum
1160 4566 1318 4622 Aetio
1362 4584 1486 4620 ann.
1533 4568 1657 4622 432.
1703 4568 2031 4635 Conjiciendi

476 4635 610 4705 ratio
640 4634 751 4705 haec
794 4643 897 4697 est,
935 4635 1075 4702 quod
1117 4634 1215 4689 hac
1258 4645 1574 4702 tempestate
1614 4634 1852 4705 oportuit
1897 4640 2035 4693 inter

475 4703 830 4758 Theodosium
882 4705 1341 4771 ConStantinopoli
1380 4703 1722 4770 existenteiu,
1774 4723 1821 4761 et
1858 4709 2031 4763 Placi-

474 4772 614 4826 diam
644 4774 993 4829 Valentiniani
1023 4774 1162 4827 tertii
1189 4780 1274 4828 vix
1296 4775 1551 4832 decennis
1586 4790 1805 4832 matrem
1829 4780 2035 4833 Raven-

477 4854 1014 4915 nzecommorantem,
1038 4845 1255 4897 consilia
1283 4850 1686 4914 communicari,
1706 4866 1809 4903 non
1838 4850 2035 4915 scripto

475 4923 675 4969 tantum
698 4956 713 4981 ,
744 4914 840 4971 sed
872 4916 1101 4968 maxime
1132 4929 1224 4979 per
1258 4914 1495 4971 illustres
1530 4923 1673 4970 viros
1715 4914 2032 4973 arcanorum

473 4987 739 5049 conscios,
788 4995 843 5039 et
888 4999 1063 5054 rerum
1106 4984 1460 5053 gerendarum
1519 4988 1737 5054 peritos,
1788 4990 2035 5044 Barbaris

477 5054 848 5109 miserabiliter
901 5053 1194 5107 Romanum
1244 5053 1530 5121 imperium
1573 5058 2028 5113 dilacerantibus:

477 5124 840 5197 [tetulit-anei
870 5132 925 5178 et
964 5122 1122 5177 Gothi
1147 5123 1386 5197 _Galiias,
1426 5127 1706 5195 Hispanias
1754 5130 1787 5179 Υ
1813 5128 2035 5197 sigothi,

476 5189 698 5265 Vandali
729 5194 962 5265 Africam
1002 5194 1420 5265 populabantur;
1458 5189 1721 5265 dubiaque
1750 5189 2034 5251 erat'Aetii

477 5262 983 5333 utriusquemiiitiaa
1014 5264 1253 5330 magistri
1284 5264 1437 5329 fides,
1468 5262 1649 5333 aperta
1680 5268 1903 5322 Comitis
1932 5268 2035 5321 Bo-

478 5330 933 5408 nifac_ii_’defectio,
958 5344 1207 5408 suspecta
1236 5330 1525 5390 multorum
1559 5348 1833 5404 potentum
1859 5340 1925 5392 de
1954 5349 2036 5408 ty-

477 5402 697 5472 rannide
720 5404 1061 5472 cogitantium
1103 5408 1363 5458 voluntas.

544 5470 727 5541 Neque
767 5470 956 5527 mirum
992 5472 1159 5527 vitleri
1201 5472 1381 5537 debet,
1422 5476 1465 5529 si
1508 5474 1606 5528 viri
1653 5485 1757 5531 tam
1802 5477 2034 5531 illustres

477 5556 624 5613 suam
654 5558 868 5613 Operam
897 5544 1350 5598 commodaverint
1370 5545 1631 5609 Nestorio,
1661 5547 1711 5601 in
1734 5548 2035 5601 deferendis

478 5611 702 5675 litteris,
719 5628 1129 5685 sermonumque
1167 5616 1622 5683 quaterninnibus,
1647 5627 1700 5671 et
1730 5618 2037 5685 Pelagiano-

480 5684 850 5755 rumquereiis
885 5701 896 5734 :
931 5683 1081 5738 vafer
1102 5685 1243 5738 enim
1272 5685 1693 5751 iiie.h:ereticus,
1728 5683 2033 5755 priusquam

479 5753 727 5821 proderet
762 5756 813 5808 in
853 5765 1093 5821 apertum
1134 5754 1483 5823 impietatem,
1525 5753 1795 5824 potentum
1828 5753 2033 5812 animos

2137 3248 2195 3293 ut
2210 3252 2431 3307 quorum
2454 3238 2631 3290 favore
2648 3239 3012 3292 auctoritatem
3030 3237 3255 3291 docendi
3272 3252 3390 3290 cum
3412 3238 3538 3290 sedc
3555 3252 3718 3290 acce-

2136 3318 2311 3377 perat,
2343 3307 2653 3361 eorumdem
2684 3309 2916 3375 potentia
2956 3319 3259 3377 sanctorum
3302 3307 3715 3360 adversantium

2137 3376 2236 3431 sibi
2265 3387 2485 3431 conatus
2514 3379 2841 3444 opprimeret
2870 3394 2883 3429 :
2916 3378 3037 3430 aula
3057 3418 3071 3440 ,
3119 3386 3178 3431 ut
3219 3376 3306 3440 fit,
3335 3378 3565 3444 eiigente
3606 3392 3715 3429 co-

2134 3451 2335 3516 gnitam
2383 3448 2709 3515 impietatem
2749 3448 3035 3503 defendere
3064 3451 3239 3516 potius
3268 3462 3425 3515 quant
3462 3461 3615 3501 suum
3652 3446 3714 3499 in

2137 3517 2385 3585 eligendo
2407 3532 2650 3571 errorem
2677 3518 2850 3571 fateri.

2210 3596 2236 3623 ι
2280 3588 2477 3653 Dignus
2521 3596 2704 3640 notatu
2752 3587 2921 3648 locus,
2969 3600 3090 3638 cum
3123 3600 3265 3652 srepe
3307 3601 3498 3653 magno
3536 3587 3716 3654 possit

2137 3671 2257 3712 esse
2284 3658 2635 3719 documento;
2666 3656 2953 3723 siquidem,
2982 3665 3039 3707 ut
3071 3658 3228 3709 tradit
3260 3658 3519 3709 Mercator
3546 3656 3715 3723 (Sub.

2138 3738 2244 3781 not.
2277 3744 2395 3793 cap.
2434 3728 2488 3793 6,
2521 3743 2661 3778 num.
2695 3728 2778 3795 5),
2826 3728 3063 3779 omnium
3108 3726 3411 3787 haeresium,
3458 3726 3715 3780 omnibus

2140 3797 2493 3865 temporibus,
2543 3797 2896 3865 omnibusque
2943 3797 3095 3863 locis,
3148 3812 3281 3850 unus
3328 3804 3410 3850 est
3456 3796 3717 3864 idemque

2137 3868 2375 3921 Spiritus.

2169 3882 2545 3991 p'bmgditionis
2590 3936 2816 4005 vulgata:
2868 3944 3043 3990 textus
3095 3935 3352 3999 habebat,
3403 3936 3710 4005 defecimus,

2139 4008 2358 4061 omnino
2398 4007 2674 4061 mendose.
2692 4004 3014 4073 ’Appositum
3057 4016 3139 4059 est
3177 4006 3227 4058 in
3255 4004 3493 4071 margine
3523 4004 3714 4058 conci-

2141 4077 2334 4130 li0rum
2378 4077 2627 4131 editionis
2654 4076 2973 4137 Labbeanze,
3003 4076 3304 4137 detinemus,
3334 4092 3504 4143 neque
3528 4074 3714 4127 adhuc

2140 4155 2307 4201 recte.
2337 4146 2556 4200 Ditl‘erre
2584 4160 2745 4215 porro
2771 4146 2989 4199 verbum
3024 4154 3141 4209 est,
3169 4154 3224 4215 et
3246 4145 3714 4199 accommodatum

2141 4216 2281 4281 loco,
2309 4226 2364 4270 et
2392 4213 2628 4270 melioris
2658 4215 2954 4270 Latinitatis
2982 4213 3283 4268 auctoribus
3312 4215 3609 4284 probatum.

2214 4297 2238 4325 ε
2281 4286 2482 4355 Egebat
2519 4286 2891 4339 emendatione
2934 4293 3127 4349 textus,
3165 4299 3297 4355 ﬁcum
3344 4285 3548 4337 nullum
3594 4286 3716 4337 lere

2141 4354 2353 4411 sensum
2385 4366 2653 4423 pateretur
2678 4354 2841 4408 editio
2869 4356 3081 4421 vulgata
3110 4372 3121 4406 :
3156 4354 3345 4407 Nescio
3372 4358 3499 4406 enim
3528 4369 3717 4421 quem-

2140 4427 2415 4479 admodum
2452 4426 2653 4495 quidem
2691 4426 2754 4477 de
2788 4424 3138 4495 ecclesiasticis
3167 4423 3718 4495 quantdantfontenas

2142 4497 2417 4565 perationis
2461 4492 2729 4565 imaginem
2774 4496 2956 4547 deitate
2996 4502 3041 4546 et
3082 4492 3396 4546 humanitate
3448 4492 3720 4565 Unigeniti

2139 4562 2436 4637 accipientes
2471 4562 2719 4635 a’gr'otant
2752 4564 3049 4634 aegritudine
3094 4565 3452 4632 pradictorum
3496 4562 3713 4615 ha’reti-

2137 4653 2331 4701 corum,
2362 4646 2464 4690 etc.

2211 4705 2238 4743 ἀ
2276 4707 2548 4760 Notandus
2576 4705 2859 4774 diligenter
2887 4703 2972 4758 hic
2997 4704 3158 4774 etiam
3179 4703 3347 4769 locus,
3370 4710 3425 4757 et
3444 4717 3718 4755 annume-

2142 4777 2341 4830 randus
2384 4777 2625 4843 reliquis,
2668 4773 2802 4843 quos
2831 4778 2881 4828 in
2914 4774 3055 4827 notis
3084 4773 3148 4827 ad
3178 4776 3465 4827 secundum
3495 4787 3717 4843 sermo-

2145 4861 2263 4899 nem
2315 4848 2543 4900 Nestorii
2589 4846 3091 4899 attulimuszsimui
3143 4844 3286 4897 enim
3336 4842 3603 4906 ostendit,
3654 4855 3716 4896 et

2144 4917 2394 4979 hominis,
2424 4917 2674 4985 perplexa
2704 4931 2890 4968 vocum
2920 4914 3306 4968 catholicarum
3334 4914 3708 4985 ambiguitate,

2141 4995 2197 5038 ut
2223 4988 2397 5040 solent
2423 4982 2680 5050 iimrctici,
2711 5000 2946 5039 errorem
2976 5000 3128 5037 suum
3161 4985 3385 5053 tegentis
3418 4982 3707 5035 subdolam

2142 5058 2533 5125 malignamque
2568 5067 2798 5109 mentem
2824 5071 2838 5108 :
2866 5066 2920 5109 et
2957 5056 3209 5125 admonet
3233 5053 3519 5125 catholicas
3544 5066 3710 5104 men-

2143 5136 2242 5192 tes,
2270 5123 2470 5179 temere
2495 5125 2816 5179 credendum
2841 5141 2941 5178 non
2965 5138 3085 5176 esse
3108 5124 3284 5177 verbis
3304 5123 3707 5192 bsereticormn,

2140 5189 2239 5249 sed
2274 5196 2339 5249 ad
2377 5207 2579 5249 certam
2629 5194 2981 5248 confessionis
3026 5193 3338 5253 formulam.
3386 5205 3543 5260 quam
3592 5189 3708 5245 Ec-

2139 5265 2299 5318 clesia
2345 5277 2633 5333 proponat,
2676 5266 2837 5319 fidem
2885 5265 3117 5332 ipsorum
3159 5262 3451 5316 examinari
3482 5270 3535 5315 et
3559 5261 3707 5330 exigi

2138 5337 2359 5391 debere.

2214 5415 2237 5440 ·
2278 5406 2487 5459 Nullum
2511 5420 2724 5457 sensum
2748 5404 3058 5458 admittebat
3080 5404 3177 5456 ista
3202 5400 3453 5467 periodus
3474 5401 3709 5469 vulgatae

2139 5475 2423 5529 editionis:
2458 5473 2587 5528 Haec
2630 5476 2761 5528 enim
2799 5490 2897 5527 vva:
2939 5477 2992 5526 in
3030 5475 3229 5525 nomine
3266 5471 3401 5539 quod
3442 5472 3709 5540 sigmﬁcat

2142 5557 2404 5614 utramque
2433 5556 2692 5608 naturam,
2722 5545 2777 5597 id
2816 5554 2918 5612 est,
2950 5542 3179 5597 Christus
3206 5551 3277 5614 est
3317 5543 3493 5594 deitati
3526 5540 3710 5614 Patris

2141 5612 2401 5685 ὁμούσίος.
2453 5614 2759 5685 Humanitas
2807 5630 2926 5667 vero
2971 5612 3329 5683 posterioribus
3386 5612 3711 5685 temporibus

2139 5682 2258 5738 nata
2285 5696 2355 5739 est
2377 5703 2438 5739 ea:
2463 5697 2639 5739 sancta
2665 5684 2893 5753 Virgine.
2920 5682 3032 5753 qua:
3059 5691 3262 5753 propter
3287 5682 3711 5749 conjunctionem

2139 5758 2339 5811 deitatis
2368 5757 2429 5810 ab
2459 5757 2652 5818 anqelis
2685 5767 2730 5809 et
2760 5751 3043 5807 hominibus
3073 5751 3225 5805 simul
3251 5753 3452 5806 colitur.
