3996 6186
433 351 535 403 195

432 557 623 611 festam
652 556 806 609 nobis
828 566 1061 610 nostram
1091 558 1267 612 fecere
1290 558 1683 629 sententiam),
1714 568 1742 596 ι
1775 559 2007 629 pruden-

432 648 576 702 tibus
603 646 810 700 scilicet
843 646 1082 713 ejusdem
1113 646 1138 684 δ
1168 647 1482 702 orthodoxae
1498 648 1876 718 professionis:
1901 651 2008 705 for-

430 738 566 790 sitan
601 736 743 789 enim
776 736 905 791 utile
931 736 1133 806 aliquid
1172 738 1428 793 Ecclesiis
1472 748 1636 795 recte
1663 739 1787 797 fidei
1818 755 2008 810 prove.

431 827 557 891 niet,
594 826 823 881 Domino
847 838 1192 896 cooperante.

922 349 1114 407 MAR"
1155 348 1598 406 MERCATORIS
1636 349 2210 408 TBANSLATIONES
2247 351 2611 409 VARiORUM
2648 348 3179 407 OPUSCULORUM.

428 465 678 533 sidentis,
707 472 761 520 et
780 467 848 520 ab
880 464 1276 532 Alexandrino,
1310 465 1490 521 multis
1518 466 1797 537 rescriptis
1825 468 2000 523 mani-
2026 482 2080 540 Α

3586 341 3699 403 18]

2181 482 2205 509 ⁸
2232 471 2456 527 Omnem
2487 470 2872 525 fraternitatem
2897 470 3213 523 salutamus.

2183 563 2249 616 Et
2267 562 2372 616 alia
2408 579 2566 615 manu
2598 579 2610 614 :
2643 561 2931 616 incolumis
2957 568 3011 613 et
3039 558 3163 613 forti
3192 559 3405 621 animo,
3437 567 3491 611 et
3521 560 3699 626 pluri-

2113 668 2259 707 mum
2284 667 2446 708 orans
2471 667 2568 722 pro
2606 652 2784 718 nobis,
2817 650 3038 705 doneris
3072 651 3254 714 nobis,
3285 649 3695 720 religiosissime
3754 728 3757 729 ν

2113 742 2294 798 frater.

1582 920 2127 978 CASTIGATIONES
2164 922 2250 976 ET
2290 921 2518 977 NOTAE.

430 1043 540 1085 tum
570 1043 779 1104 tempus
807 1050 821 1098 ;
867 1031 1297 1104 quandoquidem
1323 1046 1432 1104 nec
1456 1032 1695 1104 Joannes
1722 1032 2005 1089 Calestini

431 1106 638 1158 litteras
667 1103 733 1157 ad
759 1118 817 1156 se
843 1104 994 1157 datas
1018 1144 1033 1168 ,
1078 1114 1134 1158 et
1178 1117 1273 1170 per
1318 1103 1690 1157 Possidonium
1719 1104 2002 1159 diaconum

432 1173 801 1227 Alexandriam
831 1176 1058 1243 primum
1085 1174 1290 1227 delatas
1316 1213 1330 1237 ,
1362 1183 1415 1226 et
1444 1172 1568 1227 hinc
1597 1174 1793 1229 deinde
1816 1176 2006 1228 Antio-

428 1244 602 1297 eniam
646 1260 764 1297 cum
813 1245 1034 1312 epistula
1060 1243 1243 1313 Cyrilli
1286 1243 1475 1296 missas
1516 1243 1760 1311 accipere
1806 1246 2002 1313 potuit,

431 1313 529 1365 nisi
561 1322 679 1373 post
709 1324 819 1366 tres
844 1315 1032 1367 saltem
1059 1324 1149 1366 aut
1179 1322 1408 1381 quatuor
1432 1327 1664 1367 menses.

500 1392 526 1419 ι
556 1383 609 1437 id
641 1392 741 1445 est,
772 1383 1026 1438 studiosis
1054 1398 1147 1437 seu
1177 1384 1385 1451 peritis,
1420 1382 1599 1449 phrasi
1630 1382 1822 1437 usitata
1860 1384 2003 1451 apud

429 1464 675 1508 auctores
705 1454 848 1508 illius
886 1455 1141 1523 temporis
1174 1470 1187 1505 :
1238 1453 1381 1507 unde
1406 1452 1490 1523 _S.
1536 1454 1875 1507 Innocentius
1906 1456 2007 1507 im-

431 1523 717 1587 prudentes
746 1525 879 1578 dixit
908 1521 1010 1592 pro
1037 1524 1300 1590 imperitis
1334 1541 1345 1575 :
1399 1521 1543 1575 Tunc
1586 1525 1720 1577 enim
1747 1563 1762 1586 ,
1812 1524 2001 1591 inquit,

430 1594 609 1647 melius
639 1596 749 1649 htec
784 1594 1022 1662 exempla
1051 1602 1313 1665 ponuntur
1338 1633 1353 1658 ,
1389 1594 1593 1662 quando
1621 1610 1735 1645 cum
1762 1594 1825 1647 iis
1844 1634 1857 1657 ,
1882 1610 2007 1662 quos

1926 1826 2102 1928 Π.

2108 1036 2293 1089 horum
2318 1044 2513 1087 constat
2541 1035 2881 1101 imprudentes
2909 1050 3035 1097 esse,
3069 1043 3367 1087 tractamus.

2177 1105 2205 1143 ι’
2237 1106 2349 1159 Hoc
2372 1105 2589 1157 nomine
2617 1106 2850 1170 appellat
2872 1105 3223 1171 impietatem,
3248 1118 3365 1173 quas
3387 1105 3694 1174 negatbea-

2112 1185 2217 1229 tam
2254 1176 2518 1243 Virginem
2543 1189 2663 1228 esse
2693 1174 2996 1241 Deiparam.

2182 1257 2204 1284 ε
2239 1242 2451 1298 Fratres
2484 1254 2637 1298 vocat
2662 1245 2941 1311 episcOpos
2962 1289 2976 1311 ,
3020 1243 3258 1311 aliosque
3286 1242 3525 1297 CteleSIii
3566 1242 3691 1298 fau-

2109 1323 2275 1378 tores,
2306 1314 2399 1382 qui
2428 1314 2559 1367 nihil
2589 1329 2693 1367 non
2723 1314 3080 1367 moliebantur
3105 1313 3595 1381 Constantinopoli,
3632 1322 3693 1369 ut

2110 1385 2342 1438 Orientis
2374 1384 2553 1437 favore
2576 1384 2831 1438 adversus
2857 1384 3163 1438 Occidentis
3190 1383 3450 1449 judicium
3478 1398 3538 1438 se
3568 1393 3693 1438 tne-

2110 1464 2315 1508 reutur.
2362 1452 2540 1522 Pergit
2578 1466 2758 1507 autem
2802 1452 3077 1508 Nestorius
3130 1455 3383 1509 miserum
3435 1453 3689 1509 exsulem

2115 1524 2289 1578 adhuc
2320 1524 2570 1578 nonnulla
2595 1538 2689 1592 spe
2712 1524 2983 1591 decipere.

3404 1711 3671 1722 A_————-

2127 1718 2543 1725 —_—_.____._.
2556 1720 2943 1727 ___.,,___,___W__f_,
2974 1720 2987 1724 _
3006 1720 3015 1723 ,
3028 1717 3327 1723 ῆμ
3340 1716 3393 1721 μ--

1436 2029 1984 2112 NESTORII
2024 2019 2050 2058 δ
2082 2030 2773 2114 TRACTATUS

1162 2190 1476 2250 CONTRA
1528 2189 1906 2250 [UERESIM
1949 2188 2271 2251 PELAGII
2317 2188 2461 2250 SEU
2506 2187 2937 2252 COELESTII.

626 2485 648 2511 ο
690 2474 1058 2529 ΡΒᾸΞΡΛΤΙΟ
1098 2475 1287 2530 MAR"
1327 2475 1792 2532 MERCATORIS.

501 2568 547 2620 l.
596 2564 794 2618 Contra
836 2566 1035 2633 Pelagii
1076 2575 1129 2619 et
1169 2565 1405 2620 leestii
1438 2580 1655 2634 pravam
1687 2578 1741 2622 et
1783 2566 2000 2635 impiam

2030 2477 2472 2539 Bdefmitionem
2517 2476 2544 2515 ἀ
2592 2479 2839 2549 quamvis
2894 2488 3043 2534 recte
3091 2481 3316 2535 sentiret
3363 2488 3418 2533 et
3470 2479 3697 2537 doceret

2109 2568 2412 2636 Nestorius,
2452 2570 2722 2625 lulianum
2750 2579 2930 2625 tamen
2985 2586 3053 2625 ex
3102 2572 3360 2641 episcopo
3377 2570 3692 2637 Eclanensi,

1581 2717 2129 2775 CASTIGATIONES
2170 2721 2255 2775 ET
2294 2722 2520 2777 NOTAE.

502 2863 529 2892 ι
573 2853 649 2907 De
693 2853 810 2916 ipso
854 2850 1115 2919 prolixius
1163 2849 1411 2921 dicemus
1456 2852 1509 2905 in
1569 2851 1805 2907 secanda
1853 2861 2007 2921 parte

430 2927 661 2992 Operum
698 2921 1007 2992 Mercatoris
1044 2920 1281 2992 :_sufticit
1311 2923 1794 2989 imprazsentiarum
1815 2965 1830 2990 ,
1855 2920 2004 2992 quod

432 2990 594 3049 habet
615 2992 939 3062 ,Vincentins
970 2990 1265 3045 Lirinensis
1298 2992 1350 3047 in
1382 2992 1805 3047 Commonitorio
1848 2991 2005 3062 (Cap.

433 3065 552 3133 16):
582 3061 649 3117 Ut
678 3062 767 3133 uni
791 3061 970 3133 Itazresi
993 3077 1097 3114 sure
1120 3062 1327 3133 aditum?
1346 3067 1679 3133 patefaceret.
1708 3061 2007 3116 cunctarum

432 3131 688 3188 licereseon
719 3131 1065 3196 blasphemias
1112 3131 1479 3186 insectabatur.
1523 3132 1576 3185 ld
1608 3133 1749 3186 enim
1784 3134 1909 3186 facit
1941 3132 2007 3187 ad

432 3202 836 3270 intelligendum
858 3242 871 3262 ,
901 3216 1006 3267 quo
1027 3203 1250 3256 consilio
1280 3202 1587 3269 versipellis
1614 3203 1921 3268 haereticus,
1956 3211 2011 3257 et

432 3276 449 3329 i
476 3272 1199 3341 iPelagianosinveheretur,
1217 3272 1406 3326 licetiu
1432 3274 1721 3326 amicitiam
1739 3284 2006 3340 receptos;

435 3355 493 3402 et
526 3359 627 3412 qua
663 3350 841 3396 mente
882 3342 1155 3412 impulerit
1184 3342 1546 3397 Theodosium
1593 3344 1969 3409 imperatorem
1990 3385 2005 3408 ,

435 3415 501 3469 ad
514 3411 845 3467 sanctionem
862 3411 1120 3464 adversus
1138 3426 1325 3465 omnes
1344 3412 1649 3479 hazreticos,
1665 3413 2012 3480 impnrasque

439 3498 718 3554 personas,
733 3480 996 3554 edendam
1026 3480 1178 3552 (Cod.
1201 3481 1397 3535 Tlteod.
1428 3484 1527 3554 leg.
1544 3482 1614 3537 65
1634 3484 1698 3535 de
1721 3481 1943 3548 Ureret,
1965 3491 2010 3535 et

439 3555 502 3607 de
530 3552 777 3606 Lenonib.
808 3551 895 3604 lib.
920 3550 1005 3618 ιι).

508 3622 926 3688 Animadverte,
973 3623 1167 3685 lector,
1221 3622 1264 3674 si
1322 3621 1531 3677 animus
1571 3623 1665 3675 tibi
1714 3620 1873 3676 fuerit
1914 3621 2013 3675 has

438 3693 580 3761 leges
630 3694 955 3755 consulere,
988 3693 1129 3744 inter
1175 3694 1495 3752 haereticos,
1540 3694 1627 3759 qui
1679 3706 1777 3745 suo
1818 3694 2009 3761 singuli

443 3762 784 3831 appellantur
806 3762 1043 3823 nomine,
1074 3762 1246 3815 notari
1275 3762 1572 3830 praesertim
1597 3762 2015 3830 Apollinaristas

440 3844 494 3887 et
524 3832 853 3888 Mauichtcos
894 3849 906 3884 :
940 3831 1088 3912 sileri
1131 3833 1351 3912 omnino
1385 3832 1452 3912 de
1493 3831 1826 3912 Pelagianis,
1851 3847 2013 3912 _quos

444 3917 624 3958 tamen
656 3911 973 3971 oportuerat
1000 3903 1268 3971 pra'cipue
1307 3904 1569 3957 nominari
1601 3903 1653 3955 in
1694 3903 1971 3957 sanctione
1996 3943 2011 3966 ,

439 3989 560 4042 qua:
611 3981 792 4027 vetera
831 3980 1029 4026 statuta
1083 3983 1397 4036 renovaret,
1441 3974 1639 4040 quippe
1685 3974 1811 4040 qui,
1851 3981 1904 4026 et
1946 3973 2013 4026 ab

441 4043 618 4097 Attico
670 4043 912 4097 damnati
967 4042 1217 4101 fuerant.
1267 4052 1317 4096 et
1373 4044 1687 4097 auctoritate
1746 4043 2010 4108 imperiali

2108 2852 2368 2928 Legimus.
2398 2872 2548 2923 quam
2579 2856 2700 2909 bene
2733 2865 2899 2909 teneas
2920 2866 3184 2928 peccatum
3206 2859 3490 2928 originale;
3515 2860 3693 2925 quali-

2110 2932 2189 2977 ter-
2216 2926 2377 2991 ipsam
2404 2935 2640 2978 naturam
2668 2928 2854 2980 asseris
2880 2926 3177 2980 debitricem
3203 2970 3218 2993 ,
3264 2926 3313 2980 et
3349 2945 3462 2980 cum
3505 2932 3696 2983 merito

2110 2994 2331 3065 debitum
2353 2996 2581 3060 reddere,
2605 2997 2691 3065 qui
2713 2996 2967 3049 descendit
2985 2999 3048 3049 de
3076 3013 3255 3065 genere
3276 2998 3540 3065 debitoris,
3574 3011 3693 3053 etc.

2185 3064 2381 3119 Verum
2426 3066 2540 3119 hare
2586 3064 2819 3134 suspicio
2867 3081 2972 3119 non
3021 3064 3152 3120 lei'is
3180 3076 3386 3121 tantum
3430 3078 3543 3129 est,
3591 3070 3697 3122 sed

2111 3134 2271 3188 etiam
2300 3150 2432 3188 vana
2486 3151 2500 3188 :
2535 3151 2655 3187 nam
2680 3143 2895 3189 sanctus
2936 3136 3170 3201 pontifex
3212 3137 3442 3191 Nestorii
3472 3152 3701 3193 sensum

2110 3202 2179 3258 de
2221 3213 2441 3272 peccato
2480 3206 2725 3271 originali
2774 3221 2835 3260 re
2877 3205 2996 3273 ipsa
3045 3210 3293 3270 cognovit
3340 3222 3407 3261 ex
3454 3208 3705 3262 secundo

2112 3289 2360 3345 sermone
2394 3319 2407 3341 ,
2459 3275 2614 3341 cujus
2662 3276 2868 3345 initium
2922 3285 3051 3329 est:
3101 3276 3448 3330 Contumelias
3484 3277 3703 3345 quidem

2112 3342 2483 3409 haereticorum,
2502 3355 2609 3399 etc.
2632 3344 2804 3399 Verba
2829 3346 2993 3407 enim,
3020 3360 3140 3412 quae
3158 3347 3417 3410 adhibuit,
3446 3342 3509 3399 ei
3539 3362 3699 3400 num.

2115 3413 2182 3465 15
2210 3414 2536 3481 desumpsit,
2572 3416 2659 3467 ubi
2695 3414 2973 3468 Nestorius
2998 3415 3071 3468 ita
3111 3416 3387 3483 loquitur:
3426 3415 3493 3470 Ut
3523 3426 3706 3470 osten-

2113 3483 2265 3536 datur
2296 3486 2575 3556 benignitas
2596 3486 2763 3555 justa,
2800 3501 2903 3537 non
2932 3486 3038 3556 sine
3070 3487 3481 3556 judiciopassim
3509 3495 3558 3539 et
3605 3496 3703 3539 ut-

2114 3568 2323 3621 cumque
2356 3552 2546 3607 donata
2587 3552 2607 3607 ἐ
2643 3564 2909 3625 propterea
2937 3552 3169 3625 Christus
3203 3552 3429 3608 deb'entis
3470 3556 3705 3622 suscepit

2114 3638 2382 3693 personam
2414 3634 2643 3685 naturas,
2670 3635 2715 3677 et
2740 3640 2827 3690 per
2857 3640 2966 3676 eam
2996 3624 3219 3677 dEbitum
3248 3633 3507 3691 tamquam
3547 3625 3700 3693 ﬁlius

2114 3692 2239 3745 Ade:
2256 3695 2487 3757 exsolvit,
2519 3694 2776 3762 oportebat
2796 3695 2929 3764 enim
2945 3693 3163 3746 debitum
3187 3695 3408 3747 tuentem
3427 3710 3489 3748 ex
3510 3692 3705 3764 genere

2116 3764 2299 3815 deduci
2325 3764 2459 3834 ejus,
2488 3766 2573 3833 qui
2596 3764 2648 3815 id
2676 3763 2952 3833 aliquando
2974 3773 3318 3834 contraxerat,
3345 3773 3451 3819 etc.

2190 3843 2211 3871 ε
2242 3833 2495 3899 Quamvis
2525 3834 2837 3887 brevissima
2868 3833 2960 3896 sit,
2986 3836 3153 3886 multa
3181 3833 3563 3898 nihilominus,
3596 3834 3697 3887 vel

2115 3902 2275 3957 dubia
2303 3904 2604 3967 confirmat,
2634 3904 2718 3957 vel
2748 3904 2978 3957 obscura
3010 3902 3273 3963 illustrat,
3305 3903 3389 3957 vel
3421 3903 3701 3971 incognita

2115 3972 2296 4027 docet.
2338 3974 2563 4027 Dubium
2594 3985 2734 4037 erat,
2765 3987 2923 4041 quam
2953 3971 3222 4025 civitatem
3255 3971 3499 4026 Julianus
3524 3988 3702 4027 rexe-

2116 4044 2215 4102 rit;
2266 4044 2618 4097 Eclanensem
2649 4044 2840 4096 asserit
2872 4061 2883 4094 :
2909 4053 3041 4109 quot
3073 4044 3259 4096 Patres
3298 4044 3700 4096 meumenicam

438 4115 650 4179 expulsi
688 4114 824 4167 urbe
862 4114 1031 4179 regia,
1066 4123 1119 4165 et
1148 4127 1179 4165 a
1221 4112 1685 4183 Sisinnio,_cujus
1707 4107 1865 4183 fidem
1897 4122 2013 4179 post
2041 4107 2084 4170 C
2118 4112 2380 4183 synodum
2409 4112 2792 4177 conﬂaverint,
2816 4107 3077 4165 ducentos
3098 4113 3432 4183 septuaginta
3462 4121 3705 4179 quatuor

443 4183 606 4238 Attici
654 4184 855 4236 obitum
914 4190 1251 4237 tcntaverant
1283 4222 1298 4245 ,
1329 4181 1536 4249 rejecti.
1585 4182 1690 4234 Sed
1735 4181 2015 4235 Nestor-ius

445 4254 659 4308 favebat
688 4252 987 4320 Pelagianis
1012 4293 1027 4317 ,
1068 4262 1123 4305 et
1143 4252 1252 4321 jam
1293 4260 1405 4305 tum
1434 4250 1703 4320 cogitabat
1729 4254 1909 4303 animo
1947 4251 2016 4306 de

446 4321 705 4376 facienda
734 4321 1013 4376 catholicis
1068 4323 1270 4377 invidia
1293 4362 1308 4386 ,
1359 4324 1512 4389 quasi
1544 4321 1613 4375 de
1652 4321 2017 4375 incarnatione

448 4391 901 4461 Verbisentirent
928 4406 1049 4445 cum
1080 4392 1407 4461 Apollinari;
1439 4392 1507 4446 de
1548 4391 1722 4461 gratia
1751 4399 1807 4446 et
1846 4391 2016 4446 libero

445 4460 673 4516 arbitrio
700 4474 819 4513 cum
852 4459 1178 4516 hianicltmis.

514 4530 543 4570 b
575 4529 762 4600 Posset
792 4529 1020 4597 alicujus
1051 4533 1231 4585 animo
1254 4530 1489 4585 incidere
1514 4531 1749 4600 suspicio
1774 4574 1787 4596 ,
1820 4546 1886 4584 an
1911 4546 2014 4584 non

442 4599 524 4655 illi
556 4599 656 4670 ipsi
683 4608 939 4670 tractatus
968 4601 1077 4654 sint
1097 4639 1112 4664 ,
1139 4615 1274 4669 quos
1303 4601 1583 4656 Nestorins
1625 4603 1684 4658 S.
1725 4601 2016 4655 leestinu

448 4687 543 4734 per
569 4669 893 4725 Antiochum
943 4670 1258 4732 transmisit,
1293 4686 1394 4724 una
1422 4687 1544 4725 cum
1576 4672 1780 4726 duobus
1826 4672 2013 4725 saltem

446 4740 787 4810 sermonibus
812 4741 878 4794 de
902 4751 1054 4807 partu
1080 4739 1349 4807 Virgineo,
1373 4742 1675 4810 quibusque
1695 4757 1844 4796 suam
1868 4757 2014 4795 sum-

450 4828 535 4865 mo
584 4809 1108 4881 pontificiprobavit
1158 4810 1316 4881 fidem
1355 4808 1496 4881 circa
1540 4808 1809 4879 peccatum
1851 4815 2017 4881 origi-

449 4879 598 4935 nale.
621 4880 918 4936 Nonnullos
949 4880 1092 4934 enim
1122 4879 1387 4947 ejusmodi
1430 4882 1779 4935 transmissos
1823 4879 2014 4945 fuisse,

451 4954 603 5005 testis
623 4962 728 5013 est,
758 4968 861 5003 non
888 4951 1057 5004 solum
1077 4948 1333 5020 Cyrillus,
1356 4950 1449 5005 sed
1473 4951 1630 5004 etiam
1649 4952 1976 5006 leestinus
2003 4971 2015 5005 :

457 5020 738 5083 Nestorius,
768 5022 956 5088 inquit,
980 5020 1041 5073 de
1071 5019 1310 5091 Virginea
1332 5032 1481 5089 partu
1502 5020 1725 5090 nefanda
1752 5024 2016 5088 praedicat,

451 5091 675 5158 nefanda
702 5090 997 5157 persuadet,
1022 5092 1150 5143 sicut
1170 5090 1227 5143 et
1256 5095 1363 5158 ejus
1393 5092 1583 5153 scripta
1609 5092 1676 5143 ad
1704 5108 1793 5145 nos
1817 5092 1877 5144 ab
1907 5093 2019 5158 ipso

449 5161 839 5231 cumipmpriai
868 5161 1236 5231 subscriptione
1293 5162 1630 5231 transmissa;
1685 5164 1815 5215 sicut
1868 5164 2020 5215 etiam

446 5228 637 5301 [elatio
679 5228 841 5282 sancti
885 5228 1075 5284 Patris
1103 5239 1149 5284 et
1189 5231 1471 5299 coepiscopi
1497 5230 1709 5299 Cyrilli,
1741 5247 1831 5301 per
1855 5232 2020 5299 [ilium

450 5298 817 5352 Possidonium
849 5301 1140 5365 diaconum,
1167 5302 1235 5353 ad
1264 5298 1342 5354 me
1362 5298 1517 5353 missa
1540 5298 1775 5371 patefecit
1799 5317 1815 5354 :
1842 5298 2020 5370 quibus

450 5370 682 5441 omnibus
712 5370 966 5441 recensitis
996 5386 1231 5438 magnam
1258 5371 1615 5441 vitandumque
1644 5370 2019 5441 perversitatem

447 5439 621 5511 impia
647 5440 1025 5511 praedicationis
1066 5442 1374 5511 invenimus,
1401 5452 1502 5511 etc.
1539 5439 1731 5511 (Epist.
1769 5442 1838 5493 ad
1861 5441 2016 5511 Joan.

453 5508 691 5580 dntioch.
718 5511 867 5580 epist.
893 5511 959 5563 ad
982 5508 1217 5563 Juvenal.
1258 5508 1711 5579 liierosol.;'epist.
1741 5512 1809 5563 ad
1832 5510 2023 5564 clerum

450 5576 890 5648 Constantinop.).
932 5582 996 5633 Et
1025 5582 1265 5651 scribens
1294 5581 1361 5633 ad
1401 5576 1704 5634 Nestorium
1732 5598 1748 5635 :
1786 5582 2027 5651 Legimus

452 5650 787 5719 epistularum
838 5659 1064 5706 tenorem
1104 5662 1147 5704 et
1178 5650 1337 5705 libros
1364 5667 1491 5719 quo:
1511 5690 1527 5715 ,
1546 5651 1748 5717 .illustri
1783 5650 1886 5704 filio
1918 5666 2027 5704 meo

451 5719 701 5773 Antiocho
740 5721 994 5784 tradente,
1028 5724 1339 5790 suscepimus
1381 5736 1398 5774 ε
1429 5722 1481 5773 in
1506 5721 1582 5774 his
1603 5724 1859 5787 quidemn
1886 5723 2028 5775 nobis

450 5791 796 5861 investigatur,
820 5790 1167 5857 deprehensus
1192 5800 1240 5845 et
1264 5800 1430 5845 tentus
1450 5800 1544 5858 est,
1567 5804 1675 5846 etc.
1699 5791 1809 5847 Sub
1832 5793 1987 5846 linem
2010 5809 2021 5843 :

2051 5479 2099 5537 D

2121 4180 2365 4236 numerat
2392 4201 2405 4236 :
2438 4184 2488 4235 iu
2520 4197 2626 4251 quo
2654 4184 2930 4236 Nestorius
2956 4197 3079 4235 cum
3112 4180 3414 4250 Pelagianis
3436 4183 3696 4235 senserit:

2119 4262 2279 4321 negat
2328 4252 2395 4305 de
2424 4264 2646 4320 peccato
2674 4253 2917 4321 originali
2968 4252 3310 4321 consensisse
3341 4267 3357 4304 :
3400 4251 3700 4321 obscurum

2118 4319 2218 4375 fuit
2249 4318 2510 4377 hactenus
2538 4362 2551 4385 ,
2581 4323 2722 4389 quod
2753 4318 2820 4375 de
2852 4322 3098 4375 Nestorio
3128 4318 3450 4374 C(elestinus
3479 4319 3703 4373 Cassia-

2120 4406 2325 4459 nusque
2368 4392 2574 4459 scripto
2620 4392 2981 4455 tradiderunt;
3046 4390 3171 4459 hinc
3223 4390 3395 4444 lucem
3437 4392 3635 4458 accipit
3680 4407 3703 4444 :

2121 4458 2357 4529 ignotum
2390 4458 2593 4523 fuerat,
2634 4462 2761 4529 quid
2792 4461 3046 4516 Caelestio
3083 4458 3282 4513 factum
3320 4468 3441 4529 post
3472 4460 3711 4512 damna-

2122 4533 2318 4586 tionem
2347 4574 2360 4595 ,
2412 4532 2501 4585 ubi
2533 4542 2793 4585 terrarum
2818 4540 3061 4585 versatus
3101 4530 3200 4590 sit;
3234 4530 3322 4583 ubi
3367 4540 3423 4583 et
3447 4529 3710 4585 Julianus

2120 4616 2239 4655 cum
2286 4602 2554 4670 episcopis
2594 4601 2856 4670 depositis
2910 4600 3208 4670 {ignotum
3257 4600 3454 4668 pariter
3498 4610 3711 4664 quanta

2120 4672 2261 4725 foret
2305 4670 2608 4726 Nestorium
2652 4669 2792 4725 inter
2827 4681 2881 4725 et
2924 4669 3236 4724 Coelestium
3288 4670 3634 4724 necessitudo
3690 4687 3709 4723 :

2120 4741 2357 4810 ignotum
2411 4743 2675 4810 denique,
2722 4740 3025 4795 Nestorium
3071 4740 3329 4792 adversus
3375 4738 3708 4810 Pelagianos

2123 4808 2379 4866 tractatus
2409 4808 2661 4866 habuisse
2688 4812 2740 4863 in
2776 4810 3015 4863 Ecclesia
3046 4823 3163 4871 sua,
3193 4820 3247 4862 et
3276 4808 3491 4862 eosdem
3525 4808 3716 4862 haere-

2122 4884 2257 4935 ticos
2281 4881 2365 4935 bis
2385 4883 2674 4935 damnatos
2695 4881 2763 4934 ab
2794 4880 3065 4946 Ephesina
3097 4879 3325 4948 synodo.
3352 4878 3475 4931 Haec
3505 4880 3714 4948 omnia

2122 4966 2263 5005 nunc
2288 4967 2514 5018 primum
2542 4952 2721 5005 docet.
2744 4978 2818 4991 —
2838 4950 2939 5003 llic
2961 4946 3269 5002 necessario
3290 4946 3588 5002 monendus
3615 4959 3719 5002 est

2120 5021 2293 5076 lector
2326 5022 2467 5075 hunc
2497 5022 2706 5075 titulum
2738 5036 2767 5073 a
2804 5019 2960 5073 nobis
2989 5018 3234 5071 additum
3259 5033 3416 5082 esse,
3449 5018 3568 5081 quia
3618 5018 3720 5070 in-

2121 5091 2359 5214 ςιιςςῦἰριὴίι
2366 5092 2641 5159 sequentis
2664 5090 2845 5160 operis
2869 5089 3059 5143 deerat
3082 5089 3134 5142 in
3161 5088 3395 5158 antiquis
3416 5087 3716 5156 exempla-

2121 5177 2163 5214 τι
2208 5176 2288 5213 ns.
2365 5178 2517 5214 suis.

2121 5164 2288 5215 ribus.
2321 5164 2517 5215 Bswz.

2191 5229 2218 5268 ἀ
2254 5231 2480 5298 ldipsum
2530 5239 2690 5298 paulo
2741 5237 2863 5296 post
2904 5229 3100 5297 repetit
3131 5227 3397 5282 Mercator
3447 5244 3460 5279 :
3506 5225 3717 5298 Contra

2122 5297 2359 5369 quorum,
2391 5297 2581 5370 inquit,
2604 5302 2845 5353 distortos
2874 5300 3180 5370 sententias,
3212 5307 3395 5366 praeter
3440 5297 3718 5370 propriam

2122 5366 2587 5439 intpietatent,'qua:
2612 5371 2757 5423 illum
2777 5370 2844 5421 ad
2864 5368 3246 5439 damnationem
3267 5382 3423 5439 usque
3443 5366 3715 5439 perduxit,

2124 5435 2397 5494 rectissime
2439 5435 2694 5495 sentiebat
2740 5449 2791 5494 et
2832 5440 3061 5491 docebat.
3110 5437 3394 5492 Mercatori
3433 5435 3722 5490 consentit

2128 5510 2489 5573 Ctelestinus,
2545 5512 2635 5580 qui
2663 5520 2785 5578 post
2825 5508 2987 5563 verba
3032 5522 3157 5580 mox
3188 5508 3383 5580 allata,
3430 5506 3610 5580 pergit
3651 5505 3720 5560 in

2129 5581 2271 5633 hunc
2297 5583 2513 5635 modum
2560 5574 2579 5634 Ξ
2624 5574 2722 5647 Qui
2749 5590 2912 5634 tecum
2942 5578 3133 5646 faciunt
3161 5617 3177 5643 ,
3216 5578 3303 5647 qui
3330 5574 3446 5629 sunt
3481 5574 3592 5628 hare
3621 5590 3725 5628 ne-

2128 5652 2300 5720 gando
2355 5652 2625 5705 damnati?
2668 5650 2965 5715 Numquam
3000 5648 3110 5720 sine
3149 5648 3438 5720 suspicione
3478 5660 3550 5720 ea
3598 5661 3727 5713 quc

2129 5715 2223 5773 iibi
2246 5730 2365 5775 sunt
2384 5724 2596 5775 adversa
2640 5721 2965 5774 conueniunt.
3010 5715 3344 5785 Ejicerentur
3372 5715 3589 5785 denique
3674 5722 3730 5775 si

2130 5791 2219 5843 tibi
2244 5808 2440 5857 quoque
2466 5793 2688 5845 similiter
2726 5790 3076 5849 displicerent.
