3996 6184
274 366 379 421 185

1018 353 1336 413 ΝΒΞΤΟΒΙΙ
1376 352 1789 410 TBACTATUS
1826 349 1852 404 ί

1961 352 2102 406 TRA
2141 350 2463 409 HERESIM
2502 351 2800 411 PELAGII.
3428 355 3531 409 18':

262 490 427 533 ‘cun.
464 474 819 544 participibus
849 471 983 535 suis,
1003 469 1162 539 hujus
1190 468 1451 525 heresisb
1465 468 1778 537 signiferum
1792 476 1848 521 et
1873 479 1924 536 Α
1953 466 2108 522 facile
2128 467 2279 522 nosci
2308 476 2487 536 potest
2517 486 2530 521 :
2564 477 2621 524 ut
2649 477 2837 523 contra
2862 483 3092 538 quorum
3117 466 3372 524 distortas
3402 483 3528 526 sen-

258 569 704 636 antesignanum,
739 575 760 603 ο
803 565 933 617 olim
960 560 1329 617 ecclesiastica
1362 559 1569 630 [Batus.
1603 558 1730 612 olim
1779 558 1849 612 ab

260 654 590 727 apostolica]
603 654 868 710 sententia
887 660 1287 707 exauctoratum
1302 660 1459 718 atque
1475 648 1799 718 depositum,
1818 645 1845 685 ιι

264 750 315 802 in
341 746 645 801 amicitiam
677 744 892 799 interim
917 742 1126 798 censuit
1156 740 1556 810 suscipiendum
1574 781 1589 805 ,
1620 754 1770 809 spem
1797 740 1849 794 ei

262 837 636 893 absolutionis
664 836 990 906 promittens
1032 851 1045 885 :
1080 834 1253 902 ipsum
1294 818 1507 902 quoque
1533 831 1847 887 Caelestium

260 928 469 983 litteris
492 930 609 982 suis
630 969 645 993 ,
681 941 911 997 quarum
941 924 1276 994 exemplaria
1303 922 1639 978 subdidimus
1663 964 1680 990 ,
1720 938 1850 978 con-

261 1020 479 1073 solatus
508 1028 610 1072 est.

329 1113 392 1165 9..
434 1110 593 1177 Quod
627 1118 804 1164 utrum
838 1108 1035 1163 malitia
1072 1123 1138 1163 an
1177 1107 1428 1163 vecordia
1467 1106 1692 1171 fecerit,
1738 1121 1843 1162 non

1955 559 2177 623 tentias,
2205 572 2401 625 praeter
2428 560 2698 628 prepriam
2733 560 3063 628 impietatem
3085 600 3101 624 ,
3127 575 3249 628 quae
3280 559 3431 614 illum
3461 559 3529 615 ad

1947 652 2347 707 damnationem
2390 668 2559 722 usque
2605 653 2856 722 perduxit
2929 652 3231 707 rectissime
3264 652 3529 709 sentiebat

1947 751 2001 797 et
2026 742 2274 807 docebat,
2302 758 2396 797 eos
2419 755 2475 797 et
2511 743 2714 797 amicos
2745 743 2988 808 haberet,
3010 752 3062 797 et
3095 756 3192 811 Spe
3218 758 3370 797 vanae
3400 758 3529 811 pro-

1950 833 2221 889 missionis
2273 832 2532 888 fovendos
2585 843 2641 888 et
2692 834 2970 887 lactaudos
3013 841 3230 902 putaret
3274 850 3286 885 :
3330 834 3528 902 quique

1951 938 2071 978 cum
2104 934 2330 993 patrono
2376 932 2677 979 memorato
2725 923 2778 977 in
2811 922 3127 991 Ephesiensi
3171 924 3401 977 concilio
3432 939 3459 976 a
3497 932 3521 960 ⁸

1958 1014 2201 1070 ducentis
2242 1015 2579 1084 septuaginta
2619 1026 2674 1071 et
2703 1026 2932 1083 quatuor
2978 1012 3241 1083 episcopis
3271 1012 3292 1052 ί
3332 1015 3527 1071 iterum

1956 1105 2260 1174 iterumque
2289 1106 2526 1162 damnati
2554 1114 2697 1161 sunt.

1435 1217 1979 1274 CASTIGATIUNES
2018 1218 2108 1272 ET
2146 1217 2368 1273 NOTAE.

331 1348 362 1376 ³
403 1337 695 1408 Episc0pis
722 1336 968 1408 nimirum
993 1334 1384 1408 exauctoratis,
1418 1331 1679 1408 Persidio,
1712 1330 1848 1384 Mar-

257 1404 488 1471 cellino,
526 1409 707 1472 Floro,
730 1407 970 1464 Orontio.
992 1405 1183 1469 Fabio,
1209 1415 1336 1468 etc.,
1362 1417 1587 1471 quorum
1617 1404 1673 1472 lit
1697 1416 1848 1454 men-

257 1482 376 1543 tio,
414 1470 609 1546 partim
659 1470 710 1531 in
742 1476 984 1546 epistolis
1005 1470 1466 1546 duabusiNestorii
1496 1470 1847 1546 adthelesti-

258 1540 443 1616 nurn',
480 1548 675 1616 partim
726 1540 791 1600 ἱη⁷
810 1547 944 1599 actis
984 1544 1286 1616 Ephesinis.
1328 1544 1494 1597 Porro
1538 1540 1729 1596 Florus
1758 1540 1847 1594 ille

258 1632 346 1673 est
384 1660 402 1682 ,
434 1614 524 1672 ad
571 1632 731 1687 quem
760 1616 1029 1687 Julianus
1074 1614 1310 1687 scripsit
1333 1621 1661 1687 postremum
1682 1625 1845 1687 _9pus

257 1680 428 1742 suum
447 1730 462 1751 ,
482 1680 742 1742 adversus
758 1686 951 1740 librum
968 1680 1260 1739 secundum
1285 1680 1570 1751 Augustini
1596 1682 1664 1735 de
1682 1680 1842 1748 Nupt.

260 1770 314 1811 et
346 1758 599 1825 Concup.
642 1756 1089 1825 quemadmodum
1117 1755 1347 1825 primum
1380 1768 1548 1819 opus,
1571 1766 1688 1825 _quo
1737 1752 1844 1818 pri-

264 1845 425 1881 tnum
440 1822 722 1893 Augustini
740 1826 934 1879 librum
957 1825 1023 1878 de
1046 1822 1207 1893 Nupt.
1230 1832 1286 1878 et
1304 1822 1545 1891 Concup.
1570 1822 1847 1891 impugna-

260 1900 387 1960 bat,
418 1896 717 1951 Turbantio
746 1896 1035 1949 dicaverat.

336 1968 369 2006 δ
406 1968 673 2023 Mercator
701 1983 717 2021 :
743 1967 821 2017 An
848 1965 1041 2031 decepti
1065 1972 1202 2026 sunt,
1231 1962 1420 2029 inquit,
1445 1962 1532 2032 qui
1554 1970 1610 2032 te
1625 1960 1722 2032 sibi
1752 1977 1845 2028 pa-

264 2046 517 2090 rauerunt
564 2035 705 2100 (Lib.
740 2034 953 2089 Subnot.
987 2049 1102 2100 cap.
1129 2034 1183 2101 6)
1216 2031 1663 2103 defensoremiEt
1700 2042 1849 2083 certe

262 2108 521 2161 Julianus
542 2106 637 2159 lib.
664 2121 679 2159 ι
716 2105 780 2158 ad
804 2100 1175 2165 Turbantium,
1199 2100 1399 2157 secum
1432 2100 1629 2155 Davide
1660 2110 1850 2153 contu-

262 2180 328 2231 lit
365 2222 384 2241 ,
443 2191 542 2242 pro
590 2189 749 2229 causa
798 2174 896 2228 Dei
937 2184 1200 2242 pugnante
1248 2191 1261 2225 :

264 2247 518 2309 Goliatb,
546 2245 805 2314 giganteis
836 2243 1184 2298 immanitatis
1213 2250 1482 2308 portento.
1511 2242 1708 2295 Locum
1743 2242 1849 2293 Au-

263 2318 472 2385 gustini
500 2313 564 2369 in,
583 2316 724 2369 notis
745 2313 810 2367 ad
838 2314 1067 2385 Sohnot.
1092 2314 1390 2385 attulimus.

347 2398 375 2425 ε
401 2386 649 2441 Julianus
679 2400 799 2439 cum
842 2384 961 2437 aliis
990 2384 1271 2437 damnatus
1302 2382 1475 2436 fuerat
1518 2390 1641 2434 ante
1677 2393 1849 2433 annos

264 2456 393 2511 fere
419 2456 725 2520 duodecim,
755 2462 1035 2522 propterea
1059 2454 1198 2519 quod
1230 2460 1501 2522 conventus
1522 2451 1846 2522 detrectaret,

262 2544 394 2578 cum
445 2526 682 2578 uniuersa
712 2519 967 2577 Ecclesia
1011 2539 1099 2587 per
1144 2533 1304 2576 totum
1349 2521 1549 2588 orbem,
1580 2519 1849 2589 Pelagium

263 2595 667 2663 Castaliumque
717 2595 977 2646 damnare.
1011 2592 1180 2663 Verba
1222 2600 1349 2646 sunt
1393 2591 1721 2663 Mercatoris.
1772 2590 1851 2663 _At

260 2660 633 2733 depositionis
676 2664 939 2719 sententia
970 2662 1214 2733 mandata
1257 2664 1426 2716 fuerat
1454 2660 1784 2715 exsecutioni
1820 2675 1848 2713 a

260 2732 599 2798 Caelestino,
626 2744 751 2788 ante
777 2747 949 2787 annos
979 2732 1089 2786 fere
1118 2733 1355 2801 quinque
1383 2738 1477 2784 aut
1496 2745 1621 2801 sex,
1654 2744 1849 2801 nempe

265 2816 403 2874 post
428 2806 664 2859 edictum
692 2800 1450 2874 Valentiniani?ttt._)lidequte
1475 2800 1612 2874 dicta
1643 2800 1849 2874 suntin

262 2869 419 2930 non;
444 2874 512 2927 ad
545 2889 664 2941 cap.
698 2875 731 2928 5
785 2871 1193 2926 Commonitorii
1219 2873 1285 2925 de
1315 2870 1681 2941 imperialibus
1706 2869 1851 2941 edicf

265 2948 369 3007 tis,
393 2954 446 2999 et
468 2939 654 2999 eorum
686 2954 946 3011 tempore.
976 2942 1104 2995 Vide
1128 2943 1277 3003 item,
1300 2956 1418 3011 qua;
1443 2939 1557 2993 fuse
1573 2939 1849 3011 prosecuti

263 3030 463 3068 sumus
491 3014 542 3066 in
564 3008 881 3067 disserthe
908 3012 1215 3065 auctoribus
1242 3021 1295 3065 et
1320 3008 1703 3065 defensoribus
1732 3008 1846 3063 luc-

263 3086 415 3139 resis
443 3085 760 3151 Pelagiante.

344 3153 376 3190 ἀ
406 3154 546 3208 Hinc
574 3150 663 3207 illa
694 3151 968 3207 Ctelestini
995 3150 1243 3205 Nestorio
1272 3150 1624 3205 rescribentis
1652 3164 1850 3215 expro—

264 3226 496 3289 bratio,
542 3239 702 3291 quam
759 3223 920 3291 paulo
967 3232 1121 3275 antea
1163 3221 1465 3291 retulimus.
1516 3220 1648 3291 lliuc
1686 3221 1847 3273 verba

266 3294 523 3348 Cassiani
562 3289 704 3363 (Lib.
758 3289 863 3345 ide
894 3289 1133 3363 Incarn.)
1180 3307 1195 3346 :
1247 3290 1701 3363 Intercessionibus
1742 3291 1850 3344 suis

275 3360 759 3431 Pelagianistarum
786 3360 1018 3431 querelas
1046 3362 1206 3431 fovet,
1238 3370 1285 3414 et
1311 3362 1513 3431 scriptis
1542 3361 1646 3412 suis
1671 3377 1849 3431 causas

267 3430 491 3487 illorum
510 3435 716 3495 asserit,
738 3432 875 3501 quod
896 3430 1145 3484 subtiliter
1167 3430 1246 3483 his
1268 3430 1365 3495 vel,
1388 3442 1442 3483 ut
1463 3431 1629 3482 verius
1653 3430 1844 3491 dicam,

1326 2142 1845 2241 ΧὶὶςῖιέίίίἶιῖιιῖἜᾨῙιι
1880 2142 1925 2201 Β

1948 1341 2120 1384 autem
2158 1332 2246 1399 qui
2278 1330 2634 1391 convenimus,
2679 1329 2879 1382 ducenti
2910 1330 3111 1382 circiter
3140 1345 3338 1382 eramus
3358 1370 3372 1392 ,
3412 1330 3529 1398 plus

1948 1403 2140 1455 minus.
2171 1402 2307 1468 Quia
2338 1416 2467 1454 vero
2488 1400 2828 1453 dissimulare
2859 1414 3034 1468 neque
3067 1408 3311 1467 poterant
3352 1416 3528 1468 neque

1951 1473 2203 1524 volebant
2232 1472 2333 1524 viri
2366 1470 2658 1524 doctissimi
2690 1470 2891 1523 editum
2934 1486 2963 1523 a
2992 1469 3329 1523 Commelino
3359 1470 3526 1527 fuisse

1948 1542 2079 1617 ὑπὲρ
2096 1543 2223 1617 -τοὺς
2251 1540 2557 1604 διακοσίους,
2588 1539 2803 1617 omissis
2820 1540 3040 1617 vocibus
3060 1539 3287 1617 ἥττουςῆ
3306 1541 3527 1617 ultione,

1949 1610 2067 1665 cani
2093 1613 2377 1666 lectionem
2412 1617 2709 1677 posuerunt
2734 1611 2785 1662 in
2814 1611 3087 1679 margine,
3128 1610 3324 1663 bonam
3364 1612 3527 1664 fidem

1948 1695 2097 1735 suam
2140 1684 2190 1735 in
2232 1682 2331 1735 hoc
2370 1682 2570 1735 testati.
2610 1680 2938 1733 Destinatum
2972 1695 3134 1748 porro
3170 1680 3268 1733 fuit
3306 1680 3529 1734 Labbeo

1948 1753 2183 1805 retinere
2208 1752 2384 1805 varias
2418 1752 2678 1804 lectiones
2699 1750 3020 1818 marginales
3045 1750 3385 1816 superiorum
3413 1751 3528 1804 edi-

1952 1822 2186 1885 tionum;
2214 1835 2281 1875 ex
2308 1835 2485 1888 eoque
2513 1821 2708 1873 factum
2735 1830 2813 1873 est
2846 1821 3051 1873 incuria
3075 1820 3527 1890 typographorunt

1948 1902 2007 1945 ut
2037 1892 2195 1945 lectio
2226 1890 2535 1960 marginalis
2574 1891 2937 1943 Romanorum
2964 1930 2977 1949 ,
3006 1888 3129 1957 qua:
3156 1898 3240 1943 est
3276 1888 3527 1945 Comme-

1952 1961 2069 2023 liui,
2097 1961 2383 2027 conjuncta
2411 1962 2483 2014 sit
2508 1975 2628 2014 cum
2660 1975 2722 2013 ea
2751 1975 2908 2027 quam
2938 1960 3181 2013 Labbeus
3208 1963 3427 2028 protulit
3458 1978 3523 2015 ex

1950 2032 2139 2085 codice
2166 2030 2336 2085 veteri
2374 2030 2720 2085 bibliotheca:
2759 2029 3155 2098 Seguierianae;
3197 2031 3378 2097 sicque
3422 2031 3530 2084 for-

1953 2109 2153 2154 matum
2184 2109 2269 2154 est
2296 2101 2426 2153 illud
2460 2110 2763 2154 monstrum
2791 2100 3057 2153 lectionis.
3098 2100 3235 2152 llinc
3269 2115 3398 2169 ergo
3435 2102 3530 2155 de-

1952 2179 2141 2239 ceptus
2160 2169 2475 2240 Garnerius,
2496 2178 2605 2223 tum
2633 2170 2684 2223 in
2714 2180 2977 2223 remotam
2998 2186 3025 2220 a
3041 2170 3245 2237 vulgari
3263 2170 3529 2240 ropinione

1952 2242 2277 2294 sententiam
2322 2239 2582 2293 adductus
2631 2240 2953 2293 auctoritate
2991 2239 3322 2303 Mercatoris,
3374 2240 3528 2293 insu-

1952 2310 2251 2377 perhahitis
2274 2324 2338 2363 ac
2361 2309 2720 2364 dissimulatis
2743 2310 3070 2363 testimoniis
3102 2309 3285 2379 Cyrilli
3316 2319 3371 2363 et
3395 2309 3530 2375 Epi-

1950 2394 2238 2448 scoporunt
2267 2380 2460 2449 synodi
2488 2379 2802 2448 Ephesium,
2837 2381 3048 2447 quibus,
3082 2389 3139 2431 ut
3166 2380 3239 2431 ait
3271 2380 3531 2435 Baronius

1951 2450 2019 2520 de
2047 2451 2147 2504 hac
2177 2450 2289 2519 ipsa
2320 2465 2380 2504 re
2413 2464 2606 2519 agens,
2646 2450 2811 2520 magis
2839 2450 3079 2502 standum
3106 2465 3213 2503 esse
3253 2465 3399 2502 nemo
3428 2466 3530 2503 non

1951 2519 2168 2581 dixerit,
2226 2519 2549 2575 testimoniis
2608 2519 2824 2588 inquam
2886 2520 3261 2584 episcoporum
3334 2521 3527 2589 synodi

1951 2590 2275 2657 Ephesium,
2319 2606 2438 2657 qua:
2478 2590 2763 2644 manifeste
2800 2589 2997 2643 docent
3033 2589 3316 2658 episcopos
3353 2590 3445 2657 qui
3481 2591 3532 2644 ei

1952 2660 2310 2714 interfuerunt
2331 2674 2437 2713 non
2462 2658 2625 2713 fuisse
2655 2660 2797 2712 ultra
2824 2659 3086 2713 ducentos
3112 2660 3533 2723 octodecim,in-

1950 2730 2312 2798 superbabitis
2352 2744 2415 2783 ac
2475 2730 2854 2794 dissimulatis,
2907 2728 3191 2783 contendit
3244 2729 3530 2798 episcopos

1951 2799 2193 2867 ejusdem
2224 2799 2421 2870 synodi
2461 2799 2626 2854 fuisse
2667 2799 2782 2853 fere
2824 2808 3094 2853 trecentos
3139 2809 3330 2853 contra
3368 2799 3525 2855 fidem

1952 2870 2193 2923 omnium
2225 2869 2567 2924 saeculorum.
2616 2871 2740 2925 Scio
2771 2869 3054 2923 lectionem
3090 2870 3234 2922 illam
3271 2873 3353 2923 cui
3394 2871 3533 2922 iuui-

1952 2940 2079 2993 titur
2106 2938 2399 2994 Garnerius
2441 2941 2667 3004 reperiri
2706 2956 2771 2995 ex
2803 2951 2958 3009 parte
2989 2941 3040 2993 in
3078 2938 3289 2993 duobus
3326 2939 3532 2993 codici-

1951 3010 2054 3063 bus
2085 3010 2287 3084 (ξι-ειξοὶξ
2329 3010 2664 3062 bibliothecae
2704 3012 2893 3084 regiae,
2915 3010 2998 3084 _in
3041 3010 3235 3084 quibus
3267 3024 3364 3077 pro
3400 3011 3533 3084 ὑπὲρ

1951 3084 2071 3140 τοὺς
2094 3079 2401 3143 διακοσίους,
2427 3094 2549 3148 qua:
2582 3091 2665 3133 est
2706 3079 2871 3135 editio
2906 3078 3246 3139 Commelini,
3280 3090 3373 3133 aut
3412 3078 3535 3135 dia-ii

1950 3149 2194 3206 διακόσιοι
2214 3152 2397 3211 ἥττους
2420 3150 2451 3209 ἦ
2480 3152 2695 3211 πλείους,
2717 3165 2824 3219 quo
2846 3150 3004 3204 modo
3030 3149 3246 3203 edidere
3267 3148 3530 3213 Romani,

1951 3224 2213 3290 scriptum
2254 3231 2337 3275 est
2368 3226 2489 3276 ὡσεὶ
2528 3220 2779 3275 διακόσιοι
2814 3222 2997 3281 ἥττους
3030 3219 3061 3279 ἧ
3095 3221 3317 3279 πλείους.
3353 3219 3535 3274 Nihilo

1954 3300 2131 3345 tamen
2170 3291 2343 3345 minus
2367 3292 2602 3345 arbitror
2641 3293 2783 3345 illam
2820 3290 3109 3344 lectionem
3142 3304 3263 3343 esse
3300 3290 3487 3343 falsam
3513 3334 3528 3356 ,

1950 3362 2077 3429 quia
2103 3374 2367 3429 repugnat
2395 3363 2539 3416 omni
2571 3370 2716 3415 retro
2764 3361 3104 3429 antiquitati,
3138 3370 3193 3411 ut
3236 3361 3533 3414 Garnerius

1952 3432 2065 3496 ipse
2112 3434 2337 3494 fatetur,
2390 3443 2445 3486 et
2487 3433 2609 3499 quia
2668 3429 2991 3485 adversatur
3042 3432 3204 3484 etiam
3253 3430 3533 3484 codicibus

268 3505 491 3563 subdole
519 3504 897 3571 patrocinatur;
927 3511 977 3573 et
1003 3502 1391 3573 consanguinea:
1413 3501 1505 3573 sibi
1536 3500 1849 3573 improbitati
1878 3511 1923 3573 (ι
1954 3500 2375 3573 ϐτωοὶδίαυίὺυς
2396 3502 2475 3555 usi
2515 3509 2640 3555 sunt
2665 3500 3042 3573 Commelinus
3066 3509 3123 3556 et
3150 3501 3386 3554 editores
3405 3501 3534 3573 Bo-

269 3570 866 3644 improbosu/fragatur
898 3570 1093 3644 affectu»
1136 3586 1153 3623 :
1197 3572 1360 3644 sciens
1390 3571 1579 3644 scilicet
1623 3571 1852 3641 ejusdem

270 3662 329 3697 se
352 3640 465 3696 esse
492 3660 690 3702 sensus,
713 3640 946 3709 ejusdem
967 3642 1208 3707 spiritus;
1238 3650 1280 3693 et
1302 3642 1413 3693 ideo
1435 3640 1854 3710 dolens,’cogna-

273 3725 381 3766 tam
427 3715 527 3765 sibi
568 3714 798 3765 Itatresim
843 3710 905 3763 ab
941 3710 1169 3765 Ecclesia
1199 3726 1305 3763 esse
1347 3710 1695 3779 disjunctam,
1744 3721 1849 3763 etc.

275 3784 730 3836 IntercessiOuum
778 3781 996 3834 nomine
1052 3780 1317 3847 significat
1363 3780 1571 3833 litteras
1619 3780 1851 3833 Nestorii

276 3868 378 3922 pro
429 3852 761 3919 Pelagianis,
794 3865 1035 3922 quorum
1077 3851 1527 3922 consanguineam
1558 3849 1709 3922 Δ(ὶὶξίῐ.
1749 3866 1849 3922 seu

275 3919 563 3990 cognatam
596 3919 927 3974 Nestoriana:
956 3920 1234 3990 haeresim;
1266 3934 1371 3972 non
1410 3935 1514 3987 qua
1547 3919 1852 3973 leeSIiani

1957 3574 2122 3625 mani.
2162 3572 2378 3625 Inducta
2406 3580 2583 3626 autem
2626 3580 2708 3625 est
2755 3572 2823 3625 ab
2867 3571 2932 3624 iis
2959 3570 3047 3640 qui
3089 3586 3151 3625 ea
3203 3570 3532 3638 exemplaria

1956 3642 2175 3695 concilii
2214 3642 2471 3710 Ephesini
2513 3643 2793 3704 viderant,
2835 3642 2890 3693 in
2922 3643 3116 3710 quibus
3156 3643 3533 3709 episcoporum

1957 3727 2213 3765 numerus
2240 3720 2560 3766 excreverat
2586 3726 2755 3777 usque
2781 3710 2845 3763 ad
2869 3719 3142 3765 trecentos
3170 3720 3263 3764 aut
3289 3710 3533 3775 circiter,

1956 3781 2023 3834 iis
2051 3783 2301 3835 nimirum
2319 3783 2516 3834 similia
2541 3796 2661 3849 quas
2692 3780 2745 3832 in
2767 3796 2955 3833 manus
2979 3782 3289 3833 Mercatoris
3315 3796 3533 3835 venere.

1956 3851 2201 3904 Ridicule
2235 3867 2397 3919 porro
2424 3863 2508 3904 est
2538 3852 2701 3904 lectio
2730 3851 3049 3917 marginalis
3071 3866 3229 3918 quam
3254 3851 3305 3903 in
3338 3851 3533 3905 editio-

1956 3937 2075 3975 nem
2106 3922 2444 3975 Lalibeauam
2476 3921 2654 3974 intulit
2674 3920 2875 3973 incuria
2903 3922 3365 3989 typographorum
3398 3934 3535 3973 cnn~

279 3986 543 4058 negarent
566 4001 837 4058 peccatum
869 3989 1147 4059 originale,
1174 3990 1242 4042 de
1268 4005 1377 4059 quo
1408 3986 1545 4042 forte
1572 3990 1707 4043 bene
1731 4005 1854 4043 scn-
1897 3986 1902 3990 ”
1950 3990 2291 4059 jungentium
2326 3992 2611 4045 lectionem
2647 3986 3287 4044 Commeliniauam‘eutn
3331 4004 3466 4043 nova
3503 4007 3531 4042 a

278 4064 452 4115 tiebat
492 4061 799 4121 Nestoritls;
849 4058 941 4112 sed
968 4073 1069 4124 qua
1104 4058 1469 4126 Pelagianism:
1508 4060 1848 4123 asserebant,

278 4133 509 4199 gratiam
542 4129 656 4182 dari
688 4144 784 4197 pro
818 4128 1044 4192 meritis,
1078 4138 1135 4182 ut
1162 4138 1391 4195 coiistat,
1419 4138 1527 4199 tum
1556 4144 1623 4182 ex
1652 4143 1856 4199 praece-

280 4198 542 4255 dentibus
574 4199 808 4252 Cassiani
844 4199 1057 4261 verbis,
1104 4208 1213 4252 tum
1253 4213 1319 4252 ex
1347 4198 1462 4252 istis
1489 4200 1624 4264 apud
1652 4198 1854 4253 Merca-

279 4283 481 4332 torem,
501 4279 685 4337 preter
711 4270 968 4338 propriam
992 4268 1317 4337 impietatem,
1344 4278 1473 4328 etc.,
1498 4278 1604 4321 tum
1625 4269 1856 4338 denique

279 4357 347 4393 ex
391 4340 671 4407 epitaphio
708 4337 1039 4391 Nestorianas
1085 4338 1305 4391 haeresis
1335 4338 1473 4400 apud
1508 4337 1853 4407 l’rospertim.

283 4411 393 4463 Hac
424 4412 494 4463 de
519 4410 819 4476 quaestione
844 4407 1052 4475 prolixe
1084 4407 1278 4462 dicturi
1308 4422 1493 4463 sumus
1525 4410 1578 4462 in
1622 4411 1856 4464 secunda

282 4488 437 4549 parte
454 4493 688 4549 operum
718 4477 1047 4549 Mercatoris.

352 4560 377 4587 ε
416 4548 601 4617 Nuper
659 4548 711 4600 in
770 4547 921 4600 Notis
994 4546 1059 4599 ad
1116 4546 1453 4601 Vincentium
1518 4549 1855 4604 Lirinensem

281 4634 402 4688 pag.
436 4618 538 4673 451
569 4618 908 4671 observatum
927 4625 1010 4669 est
1036 4618 1208 4671 varias
1226 4632 1345 4670 esse
1373 4628 1615 4672 veterum
1648 4620 1857 4685 opinio-

280 4706 377 4744 nes
403 4688 475 4742 de
506 4701 729 4741 numero
757 4688 1128 4754 episcoporum
1161 4688 1251 4756 qui
1275 4689 1439 4756 priori
1458 4689 1666 4756 synodo
1682 4690 1859 4752 Ephe-

281 4762 416 4814 sinas
447 4757 702 4811 adversus
743 4756 1044 4810 Nestorium
1074 4756 1267 4809 habita:
1291 4756 1666 4822 interfuerunt,
1713 4761 1858 4814 illam

282 4841 465 4882 autem
495 4828 660 4879 videri
710 4828 976 4880 veriorem
1023 4842 1143 4893 qua:
1196 4827 1456 4881 ducentos
1502 4840 1591 4880 aut
1645 4830 1860 4884 circiter

284 4900 453 4953 fuisse
474 4897 651 4950 docet.
683 4895 881 4948 Contra
911 4895 1110 4950 Marius
1138 4896 1401 4951 Mercator
1427 4908 1482 4952 et
1509 4898 1663 4951 isthic
1693 4906 1749 4953 et
1777 4900 1861 4953 in-

284 4970 366 5022 fra
396 4982 518 5036 pag.
552 4968 654 5020 152
682 4981 866 5036 eorum
888 4980 1168 5019 numerum
1200 4968 1404 5032 profert
1430 4968 1600 5021 multo
1625 4968 1855 5035 longius,

282 5034 570 5106 episcopos
630 5034 781 5089 istius
831 5036 1023 5105 synodi
1076 5038 1319 5091 scribens
1374 5037 1541 5092 fuisse
1596 5034 1861 5093 ducentos

283 5107 625 5177 septuaginta
660 5115 892 5173 quatuor
928 5113 1023 5177 aut
1051 5106 1307 5175 quinque.
1350 5108 1494 5161 llanc
1535 5111 1858 5163 sententiam

284 5174 549 5232 nt'vera’m
576 5176 852 5241 amplexus
875 5183 958 5229 est
980 5174 1271 5230 Garneri’us
1299 5194 1311 5229 :
1345 5188 1400 5232 et
1423 5190 1479 5229 ιιι
1510 5194 1627 5231 eam
1656 5180 1858 5232 confir-

284 5261 425 5309 met,
468 5246 638 5299 utitur
666 5244 897 5300 lectione
924 5248 1121 5301 veteris
1158 5247 1359 5300 codicis
1402 5246 1573 5302 (ἕτωοὶ
1616 5250 1780 5302 relata
1824 5264 1855 5304 a

284 5319 501 5394 Labbeo
542 5315 593 5368 iu
618 5315 983 5394 _tomo_tertio
1012 5315 1373 5394 Conciliorum
1406 5333 1530 5394 pag1
1556 5317 1659 5394 575
1678 5358 1693 5381 ,
1722 5321 1853 5394 ὑπὲρ

283 5392 398 5449 rati:
422 5387 741 5460 διαξωσίονς)
774 5388 899 5460 eisuti
925 5390 1241 5460 τριακοσίους
1268 5389 1405 5460 ἦτῖω
1424 5386 1453 5446 ἦ
1476 5388 1632 5442 πλείω
1659 5407 1671 5441 :
1698 5386 1853 5456 qtteth

285 5460 459 5513 locum
487 5456 570 5509 sic
596 5456 751 5529 vertit
777 5456 918 5529 idem
950 5456 1251 5512 Garnerius
1276 5474 1289 5509 :
1327 5458 1516 5529 Sumus
1545 5461 1628 5510 Itic
1650 5474 1862 5529 congre-

284 5532 387 5598 gati
424 5526 653 5595 episcopi
687 5526 825 5577 ultra
850 5526 1110 5588 ducentos,
1148 5529 1251 5598 fere
1288 5526 1404 5598 plus
1432 5527 1601 5580 minus
1631 5526 1859 5582 trecenti.

284 5597 545 5665 Sumptus
569 5604 855 5666 estiautem
876 5610 941 5649 ex
966 5598 1191 5664 epistola
1214 5597 1402 5666 Cyrilli
1425 5598 1773 5653 Alexandrini
1795 5599 1861 5652 ad

283 5673 487 5724 clerum
518 5665 877 5735 populumque
907 5665 1328 5721 Alexandrinum
1348 5708 1362 5729 ,
1395 5669 1447 5720 in
1472 5682 1576 5736 qua
1606 5670 1683 5722 sic
1706 5684 1868 5735 repo-

284 5746 511 5793 suerunt
542 5736 778 5807 editores
813 5736 1037 5790 Romani
1071 5753 1083 5786 :
1111 5736 1234 5807 ἧμεν
1264 5736 1317 5791 δὲ
1345 5739 1389 5791 οε
1416 5738 1726 5799 συνελθόντες
1752 5742 1867 5793 irri-

286 5830 472 5867 σκοκοι
501 5810 625 5863 ὡσεί
642 5804 884 5863 διακόσιοι
905 5808 1088 5868 ἥττους
1112 5804 1380 5871 irrisione,
1412 5810 1461 5864 id
1484 5817 1597 5862 est:
1625 5808 1870 5878 EpisCOpi

1886 4867 1940 4927 D

1955 4062 2176 4115 Labbeo
2212 4062 2443 4129 prolata.
2472 4062 2609 4127 Quid
2640 4061 2781 4114 enim
2815 4061 2983 4127 magis
3011 4060 3293 4113 ridiculum
3325 4061 3537 4113 censeri

1955 4140 2135 4214 potest
2161 4146 2327 4202 quam
2349 4132 2609 4214 _ind_ucere
2623 4132 2884 4214 Cyrillum
2903 4130 3229 4214 scribentem
3252 4131 3539 4214 episcorpos

1957 4200 2011 4257 in
2055 4203 2155 4257 hac
2180 4200 2402 4272 synodo
2437 4203 2602 4256 fuisse
2652 4200 2809 4269 supra
2850 4200 3140 4272 ducentos,
3173 4200 3225 4253 id
3267 4210 3386 4272 est,
3425 4200 3541 4253 fere

1957 4268 2236 4328 trecentos
2257 4274 2376 4341 plus
2408 4274 2622 4326 minus?
2653 4268 2782 4324 Nam
2812 4270 2904 4335 qui
2924 4271 3057 4323 dicit
3078 4284 3238 4338 supra
3252 4268 3538 4341 ducentos,

1957 4344 2089 4399 dicit
2114 4340 2335 4397 omnino
2373 4344 2484 4397 fere
2511 4343 2791 4403 ducentos,
2822 4342 2893 4393 ita
2921 4350 2976 4394 ut
3015 4352 3273 4393 numerus
3304 4340 3393 4393 ille
3427 4354 3539 4394 non

1957 4417 2130 4482 possit
2150 4414 2376 4467 multum
2402 4411 2714 4480 supergredi
2734 4426 3012 4482 numerum
3036 4410 3390 4464 ducentorum
3410 4426 3433 4482 ί
3465 4410 3541 4464 si-

1958 4478 2051 4540 cut
2078 4484 2282 4538 Plinius
2308 4483 2406 4535 lib.
2450 4478 2727 4549 stv,'cap.
2767 4478 2822 4547 4,
2855 4481 3043 4534 dicens
3070 4482 3193 4535 vina
3238 4496 3358 4546 quae
3398 4480 3540 4535 facta

1956 4556 2173 4609 fuerant
2213 4553 2275 4607 L.
2311 4553 2521 4621 Opimio
2553 4552 2780 4606 Consule
2814 4552 2975 4604 natali
3010 4551 3170 4606 Urbis
3208 4551 3311 4605 θδι
3343 4550 3539 4621 durare

1959 4627 2135 4679 adhuc
2163 4619 2409 4678 ducentis
2438 4623 2548 4676 fere
2590 4622 2746 4674 anuis
2769 4665 2781 4687 ,
2826 4622 3200 4675 noluitdicere
3241 4635 3304 4674 ea
3339 4619 3540 4674 durare

1961 4696 2215 4749 trecentis
2243 4693 2355 4747 fere
2376 4708 2498 4747 cum
2527 4692 2594 4744 ab
2629 4706 2770 4744 anno
2793 4692 2895 4746 654
2921 4691 3150 4744 conditae
3176 4690 3322 4743 urbis
3353 4693 3541 4744 Romae

1962 4782 2131 4834 usque
2157 4764 2223 4817 ad
2251 4772 2478 4817 mortem
2507 4762 2845 4830 Vespasiani,
2878 4762 2982 4834 sub
3005 4775 3111 4834 quo
3138 4760 3408 4834 scribebat
3429 4760 3540 4813 Pli-

1966 4830 2108 4896 nius,
2156 4834 2489 4888 intercedant
2532 4843 2735 4885 tantum
2772 4831 2896 4884 anni
2927 4832 3027 4884 199
3061 4839 3119 4882 ut
3158 4830 3326 4883 cuivis
3355 4840 3540 4883 nolunt

1964 4915 2069 4959 est.
2109 4905 2308 4959 Eodem
2340 4903 2501 4958 modo
2529 4904 2615 4969 qui
2644 4902 2773 4955 dicit
2803 4902 2909 4969 fere
2950 4901 3162 4953 trecenti
3206 4900 3321 4968 plus
3349 4900 3540 4963 minus,

1964 4977 2121 5043 longe
2169 4984 2286 5038 post
2334 4988 2393 5027 se
2442 4974 2700 5041 relinquit
2732 4986 3038 5043 numerum
3089 4971 3541 5043 ducentesimum,

1963 5038 2123 5113 que'm
2156 5054 2362 5113 certum
2395 5054 2477 5097 est
2505 5038 2889 5113 comprehendi
2920 5041 2973 5094 in
3007 5040 3406 5113 trecentesimo.
3438 5038 3545 5113 lta-_

1961 5109 2064 5181 que
2111 5124 2167 5168 ut
2195 5115 2261 5168 ad
2294 5112 2344 5166 id
2390 5123 2726 5167 revertamur
2773 5110 2912 5165 unde
2958 5112 3269 5165 necessario
3314 5109 3547 5181 digressi

1960 5179 2144 5237 sumus
2173 5187 2238 5238 ad
2284 5182 2658 5252 inquirendam
2692 5182 3010 5246 veritatem,
3042 5182 3328 5249 episcopos
3356 5179 3549 5252 synodi

1958 5254 2243 5325 Ephesius:
2281 5250 2447 5309 fuiSse
2493 5253 2756 5308 ducentos
2799 5260 3004 5305 tantum
3033 5262 3124 5305 aut
3167 5250 3395 5325 circiter
3425 5250 3549 5305 hinc

3295 5322 3457 5376 etiam

2037 5458 2059 5498 ί
2092 5459 2400 5515 C(elestiani
2433 5473 2539 5513 non
2590 5459 2756 5513 semel
2798 5458 3035 5513 damnati
3068 5466 3191 5511 sunt
3225 5457 3277 5511 in
3318 5457 3549 5512 concilio

1969 5530 2283 5597 Ephesiensi
2328 5545 2499 5583 :nam
2540 5538 2740 5598 praeter
2785 5529 3068 5596 epistolam
3113 5526 3427 5598 synodiCam
3467 5528 3551 5598 ad

1967 5596 2312 5655 Ctnlestinum
2335 5640 2350 5664 ,
2380 5601 2433 5653 in
2482 5596 2587 5667 qua
2618 5600 2925 5654 continetur
2956 5600 3191 5666 ipsorum
3239 5596 3548 5667 damnatio.

1971 5671 2108 5724 lecta
2139 5678 2265 5724 sunt
2286 5670 2335 5721 in
2360 5665 2765 5733 coetu—Patrum,
2788 5679 2843 5725 et
2864 5665 3152 5737 approbata
3177 5667 3236 5722 S.
3267 5665 3549 5737 leestini

1972 5749 2129 5805 acta,
2180 5748 2338 5807 atque
2384 5740 2639 5794 adversus
2682 5734 3050 5810 quoscumque
3095 5737 3427 5793 Ncstorianis
3475 5734 3547 5788 fa.

1974 5822 2181 5875 rentes,
2210 5810 2338 5863 editi
2370 5825 2625 5865 canones.
