3996 6184
432 306 534 363 187

960 304 1151 360 MAR"
1187 302 1626 360 MERCATORIS
1662 300 2227 359 TRANSLATIONES
2268 301 2624 359 VARIORUM
2662 299 3183 359 OPUSCULORUM.

3567 303 3670 359 188

495 425 550 478 3.
582 424 734 481 Nunc
775 425 956 494 itaque
1003 424 1089 478 hic
1127 432 1313 478 contra
1352 437 1476 486 eos,
1522 424 1712 478 eodem
1740 422 1953 478 Juliano
1974 462 1989 486 ,
2019 425 2067 481 A
2096 422 2372 487 audiente,
2408 432 2430 459 ε
2460 421 2660 491 primus
2688 422 2806 490 ejus
2832 421 3044 475 habitus
3065 430 3149 476 est
3165 436 3363 488 sermo,
3390 422 3456 476 de
3477 421 3668 478 Graeco

425 528 549 569 cum
588 514 939 584 complicibus
967 514 1106 574 suis.
1156 513 1208 566 in
1245 512 1834 581 Constantinopolitana
1861 512 1992 565 urbe

422 606 737 671 constituto,
760 614 816 660 et
839 613 866 643 ι
895 620 1015 661 eum
1043 614 1357 661 tractantem
1384 604 1412 644 δ
1439 606 1646 674 publice
1668 607 1718 659 in
1743 605 1989 660 Ecclesia

2098 513 2151 566 in
2183 512 2430 567 Latinum
2457 527 2488 566 a
2520 512 2697 577 nobis,
2727 513 2947 567 verbum
2969 511 3040 567 de
3065 513 3254 580 verbo,
3280 514 3599 569 translatus.

1592 738 2131 795 CASTIGATIONES
2170 738 2261 793 ET
2298 738 2524 794 NOT.‘E.

421 856 581 909 etiam
625 855 839 924 probari
886 866 1058 925 potest
1081 856 1241 925 quod,
1274 862 1334 909 ut
1361 864 1582 925 testatur
1609 854 1890 919 Baronius,
1935 854 1985 907 in

422 926 738 981 collectione
771 926 1126 981 Cresconiana
1158 925 1493 979 bibliothecae
1528 924 1791 978 Vaticana:
1818 927 1989 976 nomi-

425 1005 613 1047 nantur
637 1006 682 1049 et
723 1006 1054 1050 numerantur
1101 997 1323 1065 episcopi
1351 996 1439 1064 qui
1484 993 1759 1065 Ephesium
1794 994 1988 1062 synodo

423 1066 761 1137 interfuerunt
781 1076 980 1137 centum
1007 1063 1304 1137 nonaginta,
1320 1063 1382 1137 et
1406 1063 1546 1137 quod
1565 1064 1703 1137 idem
1735 1078 1989 1137 numerus

425 1132 689 1202 reperitur
720 1137 771 1189 in
796 1135 983 1191 Graeco
1012 1132 1197 1190 codice
1227 1133 1563 1188 bibliotheca:
1592 1132 1752 1200 regia:
1782 1147 1811 1185 a
1834 1133 1989 1187 nobis

430 1206 643 1259 laudato
678 1206 729 1259 in
758 1206 941 1274 pagina
975 1206 1077 1261 508
1117 1205 1243 1257 torni
1279 1204 1431 1271 primi
1468 1218 1617 1255 novae
1656 1202 1988 1258 collectionis

427 1275 808 1329 Conciliorum.
841 1276 991 1329 Adde
1035 1275 1175 1344 quod
1224 1274 1418 1327 Marius
1448 1274 1854 1344 Mercator-eum
1892 1274 1985 1326 de-

428 1346 737 1411 scripsisset
756 1347 967 1399 nomina
986 1342 1353 1412 episcoporum
1378 1346 1466 1411 qui
1496 1342 1855 1412 sententiam}
1877 1358 1989 1394 aim-

431 1416 663 1468 nationis
694 1415 927 1469 tulerunt
966 1411 1220 1468 adversus
1260 1413 1583 1472 Nestorium.
1623 1426 1685 1466 ea
1734 1411 1989 1478 colligens

429 1484 481 1537 in
515 1486 697 1553 pagina
735 1486 863 1546 2l8,
893 1488 1150 1539 aitcxcnt
1178 1484 1338 1537 fuisse
1365 1482 1662 1553 episcopos
1704 1481 1791 1549 qui
1825 1481 1990 1533 inter-

431 1551 892 1636 {internae-synodo
934 1564 1121 1636 contra
1168 1551 1491 1636 ljestorium,
1522 1553 1641 1636 qui“
1672 1560 1867 1636 tamen
1890 1565 1988 1604 exc

433 1633 635 1694 tantum
667 1620 770 1677 illic
793 1626 1148 1694 reperiuntur.
1171 1624 1246 1677 Ex
1265 1621 1457 1694 quibus
1480 1622 1725 1675 omnibus
1748 1620 1987 1694 colligas,

431 1704 489 1746 ut
515 1690 669 1747 initio
684 1690 1012 1763 dicebamus,
1047 1694 1189 1746 illam
1228 1693 1695 1763 sententiamAesse
1723 1691 1987 1763 veriorem

432 1778 550 1829 quae
573 1772 721 1830 putat
738 1760 1017 1831 episcopos
1040 1763 1290 1832 Ephesini
1323 1762 1531 1815 concilii
1548 1760 1710 1815 fuisse
1732 1761 1991 1814 ducentos

431 1842 525 1887 aut
552 1834 786 1888 circiter.
818 1835 1015 1887 BALUZ.

502 1913 530 1940 ι
556 1902 610 1956 ld
630 1914 740 1964 est,
772 1903 1051 1958 docentem
1080 1903 1132 1957 in
1173 1900 1431 1956 Ecclesia.
1481 1900 1633 1955 Unde
1672 1898 1990 1953 Vincentius

444 1971 735 2041 Lirinensis
770 1974 1096 2041 (Commonit.
1129 1990 1241 2041 cap.
1280 1970 1370 2038 Ml)
1412 1988 1425 2023 :
1478 1971 1706 2036 Quorum
1734 1970 1993 2041 beatorum

439 2038 658 2095 Patrum
700 2038 929 2096 sanctum
968 2038 1367 2109 catltolicumqrte
1407 2056 1708 2093 consensum
1733 2079 1747 2100 ,
1795 2055 1855 2092 ne
1883 2040 1995 2102 quis

431 2112 533 2198 φτ
549 2121 738 2198 temere
765 2114 894 2198 [orte
921 2112 1339 2198 contemnendum
1359 2112 1651 2198 arbitretur,
1669 2110 1751 2198 ‘ait
1791 2109 1844 2161 in
1871 2109 1994 2198 .lJad
2028 2139 2074 2198 Β

439 2180 731 2257 Corinthios
762 2183 902 2257 (ait;
921 2183 1014 2257 28)
1040 2182 1314 2257 Apostolus
1360 2196 1391 2257 εΔ
1412 2180 1474 2232 Et
1520 2180 1768 2257 quosdam
1795 2179 1998 2257 quidem

438 2254 606 2320 posuit
628 2250 838 2307 Deus’in
858 2250 1105 2320 Ecclesia,
1126 2252 1343 2322 primum
1362 2250 1875 2322 Apostolos,quorun_t
1890 2250 1999 2313 ipse

441 2318 570 2393 unus
590 2330 718 2388 erat;
744 2327 963 2377 secundo
988 2318 1276 2393 prophetas,
1302 2321 1498 2393 qualem
1520 2322 1573 2372 in
1596 2319 1801 2393 Actibus
1830 2318 1997 2384 Apos-

437 2390 658 2444 tolorum
693 2393 909 2463 legimus
940 2389 1199 2461 Agabum;
1231 2392 1373 2463 tertio
1394 2391 1632 2463 doctores
1653 2428 1666 2446 .
1696 2389 1781 2463 qui
1813 2395 2000 2463 tracta—

436 2471 568 2515 tores
592 2478 725 2515 nunc
742 2457 1090 2531 appellamur,
1120 2478 1246 2530 quos
1276 2460 1358 2511 hic
1389 2460 1528 2531 idem
1548 2457 1822 2521 Apostolus
1850 2457 2000 2531 etiam

440 2531 707 2599 prophetas
733 2526 987 2585 interdum
1012 2526 1296 2599 nuncupat,
1319 2546 1376 2580 eo
1396 2527 1528 2599 quod
1555 2544 1642 2591 per
1665 2542 1760 2599 eos
1778 2526 1999 2599 prophe-

428 2594 611 2671 tarigm
634 2602 872 2671 mysteria
899 2602 1099 2671 pepulis
1127 2594 1439 2671 aperiantur.
1471 2595 1517 2648 Η
1520 2613 1579 2671 es
1609 2611 1727 2665 ergo
1744 2595 1798 2647 in
1825 2594 2003 2671 Eccle-

438 2619 611 2652 tarum
634 2619 680 2653 m
720 2619 872 2655 sterta
899 2619 1099 2671 papam
1127 2619 1439 2665 apertantur.
1471 2619 1579 2649 nos
1609 2619 1727 2665 ergo
1744 2619 1798 2647 ιιι
1825 2619 2003 2647 necte-

438 2668 635 2747 sia_D_ei
663 2619 901 2725 d‘ivinitus
930 2687 1018 2747 per
1042 2677 1338 2747 temporaet
1363 2668 1475 2720 loca
1496 2665 2003 2747 dispettsatoslmquis-

439 2739 554 2802 quis
572 2740 625 2792 in
650 2756 799 2794 sensu
816 2734 1053 2793 cath'olici
1073 2738 1320 2808 degmatis
1342 2751 1498 2808 unum
1513 2734 1706 2804 aliquid
1729 2735 1781 2785 in
1798 2734 2002 2808 ﬁbristo

440 2810 709 2863 sentientes
744 2810 1117 2871 contempserit,
1141 2803 1249 2861 non
1277 2807 1531 2859 hominem
1559 2803 1829 2857 contemnit
1855 2846 1869 2869 ,
1912 2805 2000 2856 sed

444 2876 623 2948 Deum.
661 2878 869 2933 Utinam
899 2880 950 2933 id
977 2880 1249 2948 legerent,
1292 2878 1381 2946 qui
1419 2874 1731 2930 doctoribus
1761 2871 2003 2927 scholas-

440 2945 560 2999 ticis
586 2948 994 3003 calumniantur.

518 3014 546 3053 δ
577 3016 702 3071 lnde
731 3028 988 3086 apparet,
1019 3032 1323 3074 sermonem
1355 3015 1493 3070 hunc
1512 3014 1750 3069 habitum
1779 3012 1945 3086 fuisse
1971 3028 1999 3066 a

442 3084 711 3153 Nestorio,
738 3084 841 3143 non
867 3084 1070 3143 tantum
1092 3101 1216 3143 ante
1244 3088 1655 3155 depositionem,
1682 3084 1821 3155 quod
1844 3099 2003 3138 nemo

437 3155 563 3222 jure
614 3156 879 3213 iulieiatus
911 3159 1106 3214 luerit:
1154 3159 1247 3212 sed
1285 3154 1444 3211 etiam
1479 3169 1621 3209 anno
1666 3154 2002 3219 episcOpatus

443 3226 711 3302 εῼειιξὶιῖο,
755 3237 809 3282 et
833 3244 908 3302 eo
928 3230 1142 3298 quidem
1174 3238 1435 3302 tempore,
1464 3241 1575 3302 quo
1596 3224 1821 3302 necdum
1854 3223 2005 3302 Pola:

444 3294 609 3372 giani_
626 3292 837 3372 fuerant
861 3292 1017 3369 ejecti
1046 3314 1111 3372 ex
1150 3292 1503 3372 urbe'regiai
1534 3294 1793 3372 siquidem
1829 3292 2001 3372 et_illi

444 3364 734 3421 interfuere
753 3363 946 3423 dicenti
970 3373 1021 3422 in
1048 3368 1303 3425 Ecclesia.
1324 3377 1378 3421 et
1394 3364 1789 3431 Nestorittsjam
1808 3363 1998 3431 multis,

443 3435 884 3509 frequentibusque
898 3454 1146 3509 angorum
1166 3437 1405 3509 imbribus
1422 3430 1721 3509 inundatum
1739 3430 1837 3509 se_l
1837 3432 1996 3509 uisse,

2092 863 2178 907 tur
2200 870 2264 908 ex
2287 855 2600 921 Mercatore,
2622 869 2959 924 consequens
2982 868 3067 912 est
3088 868 3147 913 ut
3164 874 3351 914 sermo
3370 858 3458 915 ille
3477 876 3659 917 coram

2092 924 2390 998 Pelagianis
2421 925 2473 978 in
2504 925 2743 998 Ecclesia
2776 926 3376 998 Constantinopolitana
3406 946 3549 985 anno
3576 948 3663 988 se-

2093 995 2272 1048 cundo
2304 994 2536 1049 Nestorii
2577 994 2790 1049 habitus
2820 996 2908 1050 sit.

2161 1064 2266 1118 Sed
2296 1079 2616 1137 quomense
2646 1066 2726 1119 vel
2754 1082 2853 1133 qua
2885 1067 3014 1121 die?
3046 1084 3148 1120 non
3180 1085 3340 1123 nemo
3386 1071 3662 1137 conjicere

2088 1142 2274 1216 posset
2301 1135 2535 1216 habitum
2560 1137 2610 1188 ἐν
2632 1143 2710 1216 ςτῷ
2732 1138 3092 1216 Εὐςγγεᾏισςμῷ
3118 1148 3209 1199 τῆς
3226 1140 3372 1216 ᾲγίᾳς
3392 1135 3658 1216 Παρθέεέοιξ,

2089 1202 2140 1257 id
2180 1212 2278 1268 est,
2314 1204 2397 1256 die
2421 1202 2750 1275 Annuntiata:
2814 1202 3194 1275 Virgiiiis,'qii:e
3224 1202 3293 1261 25
3320 1202 3511 1264 Martli.
3544 1202 3659 1263 Pri-'-

2091 1289 2232 1326 mnm
2259 1284 2473 1342 propter
2501 1275 2615 1327 haec
2642 1273 2872 1328 Nestorii
2905 1273 3063 1330 verba
3096 1273 3110 1329 ἐ
3152 1277 3251 1330 Vos
3275 1281 3418 1332 video
3445 1283 3499 1334 in
3527 1282 3659 1333 divi-

2090 1344 2169 1417 nis
2196 1345 2340 1417 rebus
2371 1345 2745 1417 extentoshanc
2771 1361 2947 1417 capere
2968 1347 3298 1412 voluntatem,
3328 1364 3442 1417 quae
3486 1352 3540 1401 in
3582 1357 3657 1402 tot

2090 1414 2420 1485 festivitatum
2440 1414 2655 1485 circuitu
2679 1431 2779 1485 non
2806 1416 3142 1484 obtorpescat,
3188 1414 3400 1485 quorum
3429 1420 3659 1473 omnium

2090 1483 2232 1552 origo
2261 1481 2541 1536 Dominicte
2569 1484 2804 1537 bonitatis
2829 1481 3068 1537 adventus
3091 1481 3344 1541 est.'Nam
3370 1488 3460 1540 illo
3484 1491 3652 1542 maxi-

2093 1566 2178 1605 me
2226 1554 2358 1606 festo
2396 1553 2698 1607 celebratur
2746 1553 3037 1607 Dominica:
3078 1556 3327 1610 bonitatis
3373 1558 3652 1612 adventus.

2092 1620 2293 1695 Deinde
2319 1632 2457 1695 totus
2483 1622 2590 1695 fere
2620 1639 2798 1678 sermo
2825 1625 3032 1695 positus
3060 1634 3160 1690 est,
3192 1627 3458 1693 partimin
3480 1629 3657 1695 expli-

2092 1692 2257 1761 canda
2315 1693 2631 1746 Salutatione
2666 1693 2924 1761 angelica,
2981 1692 3271 1759 partimin
3314 1692 3656 1752 conferendis

2094 1760 2262 1815 beata:
2294 1763 2523 1827 Virginis
2553 1771 2607 1816 et
2636 1760 2761 1815 Eva:
2792 1764 3066 1830 partubus.
3101 1764 3334 1832 Denique
3380 1767 3493 1820 dies
3548 1770 3656 1821 An-

2094 1832 2440 1903 nuntiationis
2462 1835 2881 1903 recteeonvenit
2906 1848 3025 1886 eum
3068 1842 3308 1903 tempore
3332 1851 3436 1902 quo
3479 1836 3649 1890 vicina

2093 1901 2358 1971 diceretur
2381 1902 2623 1966 baptismi
2655 1903 2982 1971 solemnitas,
3006 1901 3263 1957 Paschate
3291 1901 3547 1971 siquidem
3576 1909 3658 1959 in-

2093 1970 2303 2041 ci_i_lente
2326 1973 2377 2024 in
2409 1971 2544 2024 diem
2576 1972 2605 2022 7
2657 1970 2876 2039 Aprilis,
2924 1981 2981 2026 ut
3002 1982 3209 2027 constat
3250 1990 3312 2027 ex
3353 1970 3409 2028 S.
3457 1975 3665 2041 Cyrillo

2096 2038 2319 2107 (Homil.
2355 2042 2417 2092 l7
2448 2038 2722 2107 paschali),
2751 2052 2897 2096 certe
2922 2056 2950 2095 a
2975 2041 3107 2096 festo
3133 2038 3557 2098 Annuntiatinnis
3585 2047 3655 2099 ad

2101 2124 2345 2182 magnum
2362 2110 2661 2182 sabbatum,
2684 2126 2787 2182 quo
2802 2111 3173 2167 celebrabatur
3190 2114 3502 2182 baptismus,
3517 2116 3654 2169 duo-

2100 2179 2270 2233 decim
2300 2190 2500 2233 tantum
2529 2181 2643 2234 dies
2678 2181 3123 2237 intercessissent.

2176 2249 2367 2304 Verum
2387 2250 2504 2323 duo
2532 2251 2813 2317 ancipitem
2840 2253 3013 2304 facere
3040 2263 3262 2319 possunt
3283 2254 3418 2307 hanc
3443 2254 3659 2323 conjec-

2102 2325 2276 2393 t_ur_am
2311 2336 2322 2372 :
2352 2320 2690 2393 alterumcst
2732 2336 2911 2393 canon
2951 2323 3410 2393 primusidecimm
3463 2320 3657 2393 synodi

2102 2388 2371 2462 Toletanze
2393 2388 2627 2462 jubentis
2658 2397 2713 2462 ut
2744 2388 3003 2445 l'esdvitas
3030 2391 3208 2462 Matris
3240 2392 3356 2455 Dei,
3401 2388 3519 2462 qua:
3569 2393 3658 2446 ln-

2102 2458 2339 2512 carnatio
2365 2472 2459 2528 seu
2484 2457 2829 2528 Annnntiatio
2871 2469 2973 2523 est,
3005 2469 3115 2513 tota
3147 2461 3395 2528 llispania
3418 2457 3657 2516 celebra-

2104 2540 2253 2580 retur
2278 2544 2344 2579 xv
2368 2527 2475 2581 kal.
2497 2527 2741 2594 Januar.,
2772 2531 2821 2583 id
2860 2539 2960 2591 est,
2984 2530 3170 2584 diebus
3198 2527 3321 2585 oeto
3369 2543 3492 2586 ante
3514 2533 3659 2585 Nati-

2103 2597 2323 2668 vitalem
2343 2598 2579 2651 Domini:
2600 2599 2748 2664 Quod
2775 2609 2958 2662 tamen,
2983 2600 3171 2668 inquit,
3190 2617 3278 2654 nec
3303 2602 3410 2655 sine
3430 2605 3656 2668 exemplo

2104 2667 2388 2742 decedentis
2418 2669 2594 2742 moris,
2618 2668 2703 2742 qui
2727 2685 2814 2735 per
2834 2667 3252 2742 diversasmundi
3277 2682 3443 2741 partes
3472 2667 3655 2742 digno-

2101 2736 2261 2808 s_citur
2292 2737 2569 2808 Aobserrari,
2619 2736 2814 2792 videtur
2850 2739 3064 2791 institui.
3119 2738 3183 2792 In
3225 2736 3398 2794 multis
3445 2736 3658 2808 namque

2103 2803 2346 2858 Ecclesiis
2394 2823 2425 2858 a
2472 2807 2613 2859 nobis
2642 2816 2687 2859 et
2716 2810 2878 2875 spatio
2904 2809 3109 2861 remotis
3154 2820 3200 2861 et
3235 2812 3397 2873 terris,
3439 2811 3521 2862 hic
3549 2803 3656 2863 mos

2102 2877 2393 2943 agnoscitur
2412 2875 2639 2947 retineri.
2663 2879 2791 2941 Quze
2813 2879 2953 2932 enim
2987 2878 3238 2932 Ecclesiae
3270 2891 3488 2933 remota:
3534 2894 3657 2947 Spa-

2104 2947 2422 3018 tio,.pra;ter
2459 2945 2789 3018 Orientales?
2815 2947 3248 3015 Quandoquidem
3291 2959 3343 3002 et
3370 2945 3657 3018 Africanae,

2103 3025 2156 3067 et
2200 3014 2508 3078 Gallicanae,
2557 3026 2611 3069 et
2640 3015 2833 3070 Italica:
2881 3014 3313 3071 Annnntiationis
3344 3014 3656 3073 memoriam

2105 3084 2517 3156 recolebant_die
2541 3086 2612 3140 25
2661 3087 2851 3156 Martii,
2892 3098 2949 3140 ut
2977 3102 3043 3141 ex
3083 3086 3409 3156 Chrysologo
3436 3090 3661 3156 aliisque

2103 3154 2387 3222 colligitur.
2407 3154 2473 3225 Et
2502 3155 2732 3209 verovix
2764 3157 2899 3211 ullus
2916 3167 3149 3225 veterum
3180 3154 3268 3225 qui
3295 3154 3417 3211 ante
3445 3154 3660 3213 sextum

2103 3225 2357 3277 saeculum
2386 3224 2601 3287 vixerit,
2628 3236 2812 3292 aperte
2839 3226 3073 3295 loquitur
3094 3224 3160 3280 de
3190 3224 3428 3295 tempore
3456 3243 3560 3295 quo
3583 3228 3659 3282 fe-

2104 3307 2242 3365 stum
2271 3295 2646 3365 Εὐαγγελισμᾳῦ
2700 3296 2750 3348 in
2789 3295 3369 3365 Constantinopolitana
3421 3297 3657 3352 Ecclesia

2104 3362 2502 3431 agebatur.'titm
2530 3362 2650 3431 quia
2683 3366 2946 3433 prioribus
2968 3366 3067 3418 illis
3092 3362 3420 3433 temporibus
3438 3367 3659 3421 Annuu-

2107 3433 2255 3516 tiatio
2280 3433 2417 3516 forte
2435 3434 2665 3516 nondum
2689 3437 3005 3516 censebatur
3026 3434 3164 3489 inter
3188 3435 3659 3516 ἓωρτᾴςκυριακᾴς.

445 3494 719 3569 praefanda
751 3494 999 3573 testatur”,
1033 3518 1088 3563 et
1118 3507 1429 3560 imminebat
1461 3504 1705 3572 baptismi
1743 3494 1998 3574 solemni;
2028 3494 2074 3557 C
2104 3503 2295 3570 quibus
2336 3504 2665 3574 habebantur
2690 3506 2952 3558 solemnes
2976 3520 3069 3557 seu
3099 3494 3430 3574 panegyricus
3457 3494 3661 3561 'oratio;

443 3583 556 3637 tas,
610 3585 667 3630 ut
696 3578 923 3632 traditur
949 3594 1099 3633 num.
1131 3579 1226 3642 l2,
1261 3579 1310 3630 id
1344 3584 1449 3639 est,
1476 3576 1528 3627 in
1559 3572 1994 3641 Quadragesima.

445 3642 577 3722 Qum
604 3661 732 3714 ergo
760 3647 1009 3722 Socrates
1036 3649 1237 3722 scribat
1265 3646 1402 3722 (Lib.
1433 3659 1502 3698 vn
1524 3660 1635 3722 cap_.
1666 3643 1783 3722 29),
1808 3642 2001 3722 Nesto-

445 3715 613 3779 rium,
644 3712 869 3772 niaxima
909 3719 1147 3772 omnium
1175 3712 1359 3771 lmtitia
1386 3725 1438 3768 et
1457 3712 1827 3782 gratulatione,
1858 3712 2001 3782 ordi-

440 3794 627 3837 natum
664 3785 827 3840 fuisse
851 3803 976 3841 ann.
996 3788 1124 3849 428,
1152 3803 1205 3840 tv
1232 3786 1350 3840 idus
1373 3781 1594 3853 Aprilis,
1626 3785 1727 3835 hoc
1754 3781 2001 3853 est,udie

441 3860 661 3927 octava;
701 3872 925 3927 cumque
952 3873 1091 3911 anno
1124 3859 1211 3910 illo
1241 3850 1445 3927 Pascha
1467 3853 1730 3927 inciderit
1767 3854 1818 3927 in
1858 3850 1998 3927 diem

441 3922 508 3996 27
530 3922 826 3992 Pharmuti,
841 3921 989 3995 quod
1008 3928 1161 3980 docet
1178 3922 1652 3996 Cyrillns_(llomil.
1677 3921 1904 3996 paschali
1919 3921 1997 3996 5),

441 3990 492 4045 id
524 4003 623 4065 est,
656 3996 709 4050 in
747 3990 887 4050 diem
912 3998 981 4051 22
1011 3990 1240 4065 Aprilis;
1262 4009 1381 4061 qum
1406 3993 1610 4065 decima
1636 3992 1785 4046 tertia
1813 3990 1910 4043 luit
1932 3991 2000 4044 ab

439 4063 776 4134 ordinatione
800 4063 1355 4134 Nestorii,_latendum
1397 4073 1481 4117 est
1522 4063 1661 4134 hunc
1696 4075 1998 4134 seruientem

442 4131 678 4200 habitum
725 4151 829 4189 non
861 4130 1349 4198 fuisse'annJ‘JS,
1405 4148 1510 4200 quo
1555 4130 1828 4185 Nestorius
1876 4139 1999 4185 ante

443 4197 642 4276 Pascha
685 4220 789 4259 non
819 4208 1157 4276 mergebatur
1186 4205 1392 4273 magnis
1418 4197 1675 4276 augurum
1701 4200 1996 4276 imbribus,

439 4270 556 4344 sed
588 4288 777 4342 magna
824 4269 999 4344 potius
1036 4269 1670 4344 omniumvgratulatione
1697 4269 1998 4344 fruebatur.

512 4339 701 4413 Neque
727 4339 853 4398 vero
883 4347 1029 4412 rejici
1063 4354 1239 4413 potest
1284 4339 1334 4397 in
1367 4360 1493 4396 ann.
1521 4343 1646 4413 450,
1673 4339 2001 4410 quandoqui-

441 4408 562 4481 dem
594 4408 880 4481 Pelagiani.
899 4408 991 4481 qui
1014 4408 1315 4468 Nestorium
1340 4415 1390 4467 in
1416 4412 1651 4466 Ecclesia
1684 4408 1997 4481 tractantem

438 4478 751 4546 audierunt,
779 4478 954 4537 statim
989 4494 1106 4552 post
1134 4485 1368 4537 oblatum
1406 4482 1766 4552 imperatoria
1800 4480 1973 4533 Merca

443 4556 560 4603 tore
582 4551 1092 4616 Commonitorium,
1128 4551 1257 4606 urbe
1285 4551 1877 4617 Constantinopolitana
1907 4566 2000 4601 ex-

443 4620 581 4687 pulsi
620 4630 785 4675 sunt:
816 4622 1050 4678 oblatum
1082 4636 1214 4676 vero
1239 4632 1319 4675 est
1348 4621 1822 4681 Commonitorium
1859 4633 1996 4673 anno

441 4690 553 4761 4:297
577 4691 762 4761 (Merc.
794 4694 847 4745 in
875 4693 1022 4746 titulo
1051 4689 1476 4755 Commonitorii).

513 4760 661 4817 Hanc
686 4763 988 4830 Opinionem
1017 4763 1316 4823 conlirmat,
1346 4776 1447 4813 non
1474 4768 1674 4813 tantum
1706 4767 1843 4830 ratio
1872 4766 1998 4811 tem-

438 4844 626 4910 porum
662 4829 781 4910 jam
799 4834 1095 4910 explicata,
1127 4831 1233 4910 .sed
1259 4831 1417 4910 etiam
1446 4830 1773 4910 consuetudo
1807 4829 1990 4908 Eccle-
2023 4850 2072 4909 D

438 4900 555 4969 sim,
579 4898 681 4970 qua
706 4898 950 4957 solebant
974 4901 1362 4963 catechumeni,
1389 4901 1538 4952 initio
1566 4898 1994 4964 Quadragesiinae

434 4986 632 5025 nomen
682 4972 840 5037 dare,
900 4982 955 5025 ut
1010 4974 1148 5025 inter
1194 4980 1561 5037 competentes
1611 4978 1988 5033 censerentur,

437 5041 886 5105 quemadmodum
927 5058 992 5095 ex
1019 5040 1247 5096 concilio
1276 5039 1577 5093 Laudiceni)
1602 5038 1855 5104 colligere
1891 5048 1990 5090 est.

437 5107 607 5180 immo
636 5120 691 5165 et
716 5122 1087 5180 argumentum
1118 5109 1337 5180 petitum
1367 5124 1432 5180 ex
1462 5108 1680 5180 litteris,
1705 5108 1825 5180 sive
1862 5123 1993 5168 quas

436 5176 717 5235 Nestorius
746 5176 811 5233 ad
840 5181 896 5234 S.
924 5181 1271 5236 Ccelestinnm
1302 5179 1449 5232 dedit
1472 5192 1599 5230 ann.
1627 5176 1729 5231 429
1757 5177 1809 5230 in
1833 5192 1991 5230 causa

437 5246 840 5316 Pelagianorum
858 5291 872 5315 ,
902 5253 1014 5305 sive
1037 5265 1166 5318 quas
1194 5260 1407 5302 Sanctus
1434 5248 1751 5318 Ctelcstinns
1775 5249 1840 5300 ad
1862 5247 1993 5318 Nes-

439 5318 630 5371 torium
659 5322 934 5388 rescripsit
955 5337 1008 5374 lll
1042 5317 1156 5373 idus
1182 5321 1319 5386 Aug.
1344 5333 1469 5371 ann.
1490 5317 1613 5371 450.
1642 5318 1825 5370 Serius
1848 5317 1987 5388 enim

437 5389 730 5455 respondit,
757 5385 1049 5458 causasque
1068 5405 1229 5442 morre
1254 5385 1405 5441 initio
1435 5388 1727 5458 litterarum
1755 5385 1987 5450 adducit;

434 5466 491 5510 et
521 5467 697 5512 tamen
725 5461 863 5515 inter
888 5455 1313 5526 respondendum
1346 5458 1561 5525 perinde
1587 5455 1987 5524 Pelagianorum

438 5528 682 5582 meminit
729 5546 793 5584 ac
854 5531 897 5584 si
945 5532 1027 5584 vel
1078 5529 1250 5583 adhuc
1309 5534 1480 5594 reipsa
1532 5526 1986 5591 Censtantinopoli

436 5599 725 5652 existerent
751 5643 764 5663 ,
796 5601 879 5654 vel
931 5601 1116 5655 saltem
1146 5597 1379 5651 nondum
1418 5597 1578 5651 sciret
1607 5594 1830 5663 ejectos.
1857 5596 1986 5650 Cum

439 5667 598 5735 igitur
648 5670 938 5744 Pelagiani
969 5668 1424 5744 ConstantinOpoli
1481 5668 1610 5744 sint“
1630 5665 1784 5733 ejecti
1816 5705 1830 5730 ,
1881 5674 1990 5744 “aut

437 5749 665 5796 exeunte
690 5735 816 5795 διιεῖ.
846 5740 964 5801 420,
999 5750 1088 5795 aut
1115 5735 1331 5795 ineunte
1353 5752 1479 5794 ann.
1511 5735 1647 5803 4⁵50,
1692 5745 1749 5789 ut
1773 5735 1987 5790 contici-

2104 3587 2224 3635 nes;
2260 3583 2368 3627 tum
2399 3576 2518 3640 quia
2548 3573 2776 3641 majores
2804 3574 2927 3625 olim
2962 3590 3063 3625 non
3110 3589 3206 3639 pro
3243 3573 3429 3630 eodem
3474 3591 3659 3630 sume-

2100 3641 2248 3715 bant,
2281 3646 2421 3715 quod
2447 3659 2584 3696 nunc
2612 3646 2771 3709 aliqui
2797 3645 2990 3707 Solent,
3024 3645 3385 3715 Εὐαγχελισμὸν
3442 3645 3659 3703 delinita

2101 3712 2329 3781 quadam
2373 3713 2459 3769 die
2507 3716 2812 3784 contigisse,
2845 3724 2897 3768 et
2936 3712 3443 3840 attnua'leStivitatﬁ
3472 3717 3655 3838 [3300“.

3449 3803 3477 3837 n
3521 3800 3550 3839 c

2174 3931 2195 3958 ε
2228 3924 2460 3979 Primum
2489 3925 2744 3993 intellige,
2791 3938 2895 3978 non
2941 3924 3251 3992 simpliciter
3279 3923 3417 3978 inter
3440 3938 3651 3986 omnes.

2100 3993 2192 4047 sed
2222 4009 2287 4048 ex
2318 3994 2384 4048 iis
2407 4011 2537 4064 quos
2562 3994 2834 4049 Nestorius
2864 3995 2932 4048 de
2966 4008 3184 4062 peccato
3211 3993 3456 4062 originali
3486 3995 3654 4059 dixit;

2102 4078 2221 4115 nam
2250 4066 2483 4118 omnium
2513 4066 2731 4119 omnino
2752 4064 2952 4131 primus
2979 4064 3069 4117 fuit
3095 4065 3406 4116 decantatus
3434 4064 3521 4117 ille
3549 4078 3656 4132 quo

2101 4132 2475 4199 imperatorem
2513 4135 2867 4188 Theodosium
2917 4135 3154 4187 incendit
3178 4132 3242 4186 ad
3267 4146 3455 4186 omnes
3486 4133 3657 4187 luere-

2099 4216 2187 4255 ses
2217 4202 2591 4272 proﬂigandas,
2619 4203 2872 4257 adhibitis
2901 4202 3081 4257 verbis
3110 4218 3226 4269 qua:
3280 4218 3384 4255 non
3434 4204 3657 4270 perinde

2099 4283 2316 4340 accepta
2371 4284 2494 4325 sunt
2545 4275 2612 4327 ab
2657 4274 2907 4327 omnibus
2954 4273 3282 4325 auditoribus
3314 4274 3653 4340 (quamquam

2100 4339 2381 4395 laudabilia
2402 4342 2540 4396 forte
2564 4343 2731 4397 videri
2755 4344 3111 4409 poterant,sin
3142 4341 3317 4394 minus
3343 4342 3411 4396 ab
3442 4339 3657 4395 hoinine

2099 4410 2275 4481 adhuc
2303 4412 2510 4481 hospite
2538 4422 2695 4481 atque
2725 4412 2986 4465 invidioso
3017 4414 3215 4481 prolata
3245 4410 3515 4479 fuissent).
3550 4416 3658 4465 Au-

2098 4478 2323 4535 diendus
2346 4478 2592 4551 Socrates
2611 4478 2750 4551 (Lib.
2770 4497 2843 4534 vn
2870 4497 2982 4550 cap.
3007 4481 3097 4549 29)
3122 4499 3133 4532 :
3164 4480 3449 4544 Nestorius,
3477 4478 3659 4549 quam-

2098 4564 2251 4621 quam
2292 4568 2331 4621 a7
2352 4550 2605 4620 plerisque
2629 4550 2695 4605 iob
2739 4554 3122 4621 temperantiam
3150 4550 3300 4603 laude
3327 4562 3370 4603 et
3401 4551 3657 4617 praedica-

2100 4619 2233 4690 tione
2258 4619 2585 4687 efferebatur,
2637 4630 2805 4673 tamen
2840 4619 3016 4689 quales
3065 4630 3309 4690 prceterm
3352 4624 3461 4689 ejus
3492 4637 3659 4673 mores

2100 4687 2310 4760 fuerint,
2328 4692 2519 4756 primus
2542 4690 2679 4744 illius
2706 4687 2948 4743 doctrinm
2964 4687 3170 4743 exorsus
3188 4687 3517 4760 prudentibus
3536 4691 3657 4742 viris

2098 4759 2218 4811 satis
2264 4761 2642 4813 demonstrauit.
2703 4760 2839 4813 Nam
2877 4761 3028 4813 simul
3066 4776 3126 4811 ac
3169 4759 3430 4827 episcopus
3461 4775 3509 4811 tv
3535 4759 3658 4811 idus

2099 4827 2289 4895 Aprilis
2315 4832 2579 4883 ordinatus
2604 4831 2720 4899 fuit,
2755 4828 2924 4881 Felice
2949 4839 2995 4881 et
3028 4829 3194 4899 Tauro
3223 4845 3377 4891 coss.,
3404 4828 3656 4896 extemplo

2096 4912 2210 4950 cum
2235 4900 2516 4953 orationem
2536 4898 2675 4963 apud
2700 4902 3053 4961 imperatorem
3081 4898 3309 4961 haberet,
3358 4900 3488 4950 hanc
3538 4914 3656 4951 sen-

2094 4970 2326 5031 tentiam,
2354 4985 2467 5037 qtllB
2501 4972 2673 5022 multis
2701 4971 2753 5022 in
2777 4984 2863 5021 ore
2885 4978 2976 5029 est,
3011 4985 3177 5021 coram
3203 4970 3435 5021 universo
3466 4969 3656 5035 pepqu

2092 5039 2346 5104 protulit:
2371 5038 2516 5102 Mihi,
2536 5056 2567 5092 ο
2591 5039 2901 5103 imperator,
2923 5048 2991 5091 tet
3007 5054 3117 5091 ram
3149 5038 3416 5092 hmreticis
3445 5048 3500 5090 tu
3531 5053 3656 5106 pur-

2092 5116 2267 5174 gatam
2300 5110 2491 5170 tribue,
2524 5117 2577 5162 et
2601 5124 2701 5176 ego
2728 5108 2821 5160 tibi
2850 5108 3045 5162 etelum
3078 5107 3390 5161 retribuam.
3417 5107 3495 5160 Tu
3525 5107 3658 5161 mihi

2092 5176 2146 5228 in
2180 5178 2518 5246 proﬂigandis
2544 5178 2805 5246 hzereticis
2830 5178 3073 5246 subveni,
3098 5186 3153 5230 et
3189 5192 3287 5246 ego
3316 5178 3409 5230 tibi
3451 5179 3502 5229 in
3532 5192 3659 5244 pro~

2093 5245 2545 5313 lligandis’l’ersis
2576 5245 2907 5299 subveniam.
2940 5245 3071 5307 Hinc
3093 5245 3261 5309 verba,
3289 5248 3517 5315 quamvis
3547 5247 3651 5309 illi,

2092 5316 2272 5383 quibus
2304 5318 2422 5369 odio
2449 5316 2758 5370 habebantur
2804 5317 3054 5381 Iiazretici,
3085 5316 3309 5370 labentes
3344 5315 3651 5383 audiverim,

2094 5395 2259 5438 tamen
2288 5388 2366 5439 Itis
2389 5389 2473 5450 qui
2503 5403 2565 5440 ea:
2593 5387 2817 5440 oratione
2843 5397 3088 5439 noverunt
3116 5387 3179 5439 de
3206 5387 3449 5439 interiore
3472 5388 3657 5439 mentis

2093 5456 2394 5523 cogitatione
2419 5461 2763 5527 conjecturam
2793 5456 2980 5523 facere,
3009 5471 3165 5521 neque
3193 5458 3306 5525 ejus
3333 5456 3491 5527 animi
3532 5456 3657 5527 levi-

2096 5533 2191 5589 tas,
2216 5542 2372 5593 neque
2400 5526 2688 5589 iracundia,
2709 5542 2868 5595 neque
2886 5536 3129 5593 prwterea
3154 5527 3319 5577 inanis
3343 5526 3522 5594 gloria:
3548 5526 3656 5577 avi-

2096 5596 2227 5648 ditas
2245 5595 2551 5663 (pra'sertim
2571 5613 2684 5649 cum
2713 5612 2775 5648 ne
2795 5596 3002 5647 minima
3025 5595 3227 5662 quidem
3255 5611 3395 5647 mora
3425 5595 3657 5661 interpo-

2091 5666 2190 5717 sita
2235 5665 2483 5734 ejusmodi
2534 5680 2675 5719 rores
2720 5674 2824 5717 tam
2850 5675 3032 5717 temere
3057 5665 3413 5734 profundent)
3440 5664 3657 5719 obscura

2077 5750 2193 5791 esse
2218 5738 2400 5789 notuit.
