3996 6186
385 338 482 396 I91

855 339 1044 395 ιιΑιιιι
1085 341 1526 399 MERCATORIS
1564 344 2132 403 TRANSLATIONES
2175 347 2529 405 VARIORUM
2571 348 3104 408 OPUSCULORUM.

3538 354 3651 413 ΘΞ

449 455 509 512 2.
549 455 689 511 Ante
711 454 853 510 hunc
877 454 928 508 in
954 466 1189 508 maerore
1213 462 1268 509 et
1281 456 1482 524 gemitu
1515 458 1817 513 universum
1845 468 1960 513 erat
1988 464 2038 520 Α
2133 456 2186 513 5.
2227 459 2335 514 Sed
2358 460 2485 515 illud
2511 462 2725 531 quidem
2748 463 2889 533 quod
2912 464 3113 521 dictum
3147 476 3252 535 est,
3280 468 3449 536 paries
3477 468 3641 539 filios,

386 547 732 600 constitutum
784 556 952 613 genus
1003 542 1315 611 humanum,
1355 545 1456 600 sub
1496 547 1774 602 sententia:
1817 548 1960 603 illius

385 639 649 692 clamante
676 646 861 689 contra
890 633 1153 701 originem
1184 636 1467 691 maledicto
1500 655 1513 691 :
1548 645 1575 674 ι
1608 638 1657 690 Μ
1669 640 1960 709 ultiplicans

388 727 738 794 multiplicabo
767 725 998 780 tristitias
1024 736 1141 780 tuas
1168 738 1217 780 et
1246 731 1459 797 gemitus
1490 738 1600 783 tuos
1631 731 1839 799 (Cenes.
1873 747 1952 800 ιιι,

386 817 496 886 16).
517 818 743 886 Propter
769 816 870 870 hoc
898 816 1162 871 Dominici
1184 818 1534 881 adventus,et
1566 831 1831 875 tantorum
1862 821 1958 876 bo-

382 922 592 972 norum,
618 907 709 960 ille
735 907 939 974 primus
966 908 1368 977 est,gaudiique
1390 909 1605 963 nuntius
1638 928 1650 963 :
1684 912 1805 977 Ave,
1836 928 1958 982 gra-

382 1000 455 1051 tia
481 1000 631 1068 plena
666 1002 807 1069 (quae
837 1015 939 1054 vox
967 1000 1032 1053 ad
1059 1000 1329 1068 Virginem
1360 1000 1496 1054 facta
1525 1002 1627 1069 est)
1659 1020 1670 1054 :
1705 1001 1956 1058 Dominus

381 1101 543 1142 tecum
569 1090 717 1161 (Luc.
743 1106 782 1157 ι,
804 1090 917 1158 28),
949 1101 1217 1158 prapterea
1242 1094 1377 1154 quod
1402 1106 1465 1143 ex
1491 1103 1537 1142 te
1559 1099 1791 1144 sanctum
1815 1108 1956 1145 voca-

379 1183 513 1233 bitur
536 1179 705 1233 Filius
731 1180 825 1233 Dei
850 1178 1039 1250 (Ibid.,
1085 1178 1196 1247 55).
1247 1178 1457 1243 Tecum,
1489 1181 1679 1246 inquit,
1708 1191 1761 1235 et
1789 1197 1852 1235 ea:
1875 1190 1954 1246 te;

379 1286 540 1326 tecum
570 1275 819 1327 videlicet
849 1272 1143 1327 divinitatis
1174 1271 1383 1343 [Baluz.
1425 1272 1659 1343 deitatis]
1689 1273 1951 1340 adventu;

379 1380 442 1416 ex
463 1373 509 1417 te
528 1374 729 1430 autem,
759 1380 853 1434 per
882 1365 1109 1418 formam
1139 1375 1442 1433 susceptam
1493 1365 1834 1421 immanitatis
1886 1382 1951 1422 ex

378 1453 489 1509 illa.

451 1544 502 1597 5.
536 1544 760 1612 Quando
787 1546 947 1615 igitur
976 1544 1254 1609 infantem,
1279 1560 1312 1599 ο
1340 1545 1575 1613 gentilis,
1610 1547 1663 1599 in
1686 1548 1951 1616 praisepio

384 1637 613 1704 positum
660 1636 895 1691 audieris
940 1645 995 1690 et
1040 1636 1235 1705 pannis
1258 1635 1576 1703 involutum,
1610 1636 1720 1690 noli
1753 1637 1802 1689 in
1833 1652 1950 1691 car-

382 1743 502 1781 nem
533 1743 651 1798 quze
670 1727 877 1782 videtur
906 1726 1202 1791 offendere,
1234 1726 1328 1780 sed
1356 1726 1502 1780 illius
1532 1726 1748 1781 infantis
1775 1730 1949 1799 cogita

2063 551 2403 610 fecunditatis
2455 564 2577 609 erat
2624 555 2949 612 benedictio.
2987 569 3010 597 ο
3040 558 3260 614 Crescite
3285 570 3334 614 et
3380 563 3639 632 multipli-

2060 643 2268 708 camini,
2285 650 2335 696 et
2357 644 2544 714 replete
2571 655 2754 699 unum
2784 647 2992 715 (Cenes.
3026 665 3065 712 t,
3084 649 3174 717 28)
3198 665 3213 714 ;
3236 652 3466 719 genitrix
3490 654 3637 707 enim

2060 740 2144 786 est
2167 732 2483 788 incrementi
2505 736 2857 804 providentia.
2880 736 2904 789 1
2914 754 2945 790 n
2968 739 3261 792 maeroribus
3282 749 3448 794 autem
3461 745 3635 809 paries

2058 822 2457 890 ﬁlios;peccati
2488 824 2690 881 fructus
2736 827 3055 881 ostenditur.
3103 827 3234 882 Nam
3280 830 3418 884 sicut
3468 832 3633 887 edere

2054 911 2466 967 viviﬁcatorium
2480 914 2677 968 donum
2703 924 2781 970 cst
2805 916 2988 985 generi
3016 916 3312 973 aCreatore
3342 919 3627 986 collatum;

2058 1009 2183 1056 ante
2209 1012 2483 1069 peccatum
2513 1007 2654 1059 enim
2706 1005 2774 1059 de
2824 1006 2943 1059 cibo
2987 1007 3053 1060 ad
3099 1009 3484 1077 protoplastum
3531 1012 3632 1066 Dei

2056 1093 2369 1147 constitutio
2400 1094 2754 1163 loquebatur:
2790 1094 2873 1149 Ea:
2922 1098 3060 1150 omni
3094 1099 3234 1168 ligno
3280 1101 3417 1168 quod
3459 1113 3530 1155 est
3573 1105 3631 1157 in

2056 1184 2296 1253 paradiso
2322 1186 2390 1239 ad
2420 1201 2585 1239 escam
2606 1187 2932 1241 manducabis
2959 1188 3169 1258 (Cenes.
3203 1206 3281 1254 ιιι,
3314 1192 3544 1260 16)..81(;
3573 1196 3631 1248 in

2057 1274 2379 1329 maeroribus
2410 1276 2778 1341 manducahis,
2810 1292 2875 1330 ex
2907 1277 3190 1332 maledicto
3221 1279 3498 1336 introitum
3531 1282 3634 1338 ha-

2055 1364 2191 1418 buit.
2220 1363 2337 1419 Non
2360 1366 2506 1418 enim
2534 1365 2667 1419 dixit
2694 1366 2824 1420 Ada:
2857 1367 2995 1420 Deus
3029 1384 3041 1419 :
3077 1369 3213 1433 Quia
3240 1371 3430 1424 audisti
3458 1388 3633 1426 vocem

2057 1456 2289 1509 mulieris
2320 1464 2437 1521 tute,
2465 1465 2515 1511 et
2539 1458 2660 1525 quia
2700 1458 3038 1521 manducasti,
3079 1459 3270 1512 idcirco
3318 1468 3366 1513 te
3408 1460 3632 1529 damno;

2056 1547 2150 1600 sed
2179 1564 2191 1598 :
2224 1547 2475 1613 Quoniam
2496 1548 2816 1601 manducasti
2841 1564 2902 1602 ea:
2929 1546 3070 1618 ligno
3101 1549 3163 1601 de
3183 1566 3281 1618 quo
3300 1551 3410 1605 solo
3440 1569 3632 1623 prlece-

2060 1642 2239 1704 peram
2269 1639 2356 1692 tibi
2376 1653 2440 1691 ne
2469 1640 3104 1709 manducares,propterea
3126 1641 3180 1693 in
3201 1643 3387 1695 sudore
3411 1646 3630 1697 mandu-

2052 1727 2187 1781 cabis
2229 1722 2406 1796 panem
2435 1737 2579 1781 tuum
2613 1726 2774 1797 (Ibid.
2825 1745 2911 1794 nt,
2954 1731 3064 1800 Π).
3096 1728 3123 1766 ἀ
3150 1731 3435 1787 lndoloria:
3478 1734 3628 1789 enim

376 1818 687 1888 dignitatem
711 1860 725 1885 ,
779 1818 806 1857 ι’
830 1830 1057 1873 matrem
1100 1834 1219 1886 qua:
1266 1834 1328 1873 se
1364 1819 1546 1885 genuit
1581 1820 1785 1874 Deitate
1830 1835 1953 1887 pro-
1984 1826 2028 1885 Β
2058 1820 2242 1883 prima:
2266 1817 2370 1871 illa:
2395 1817 2711 1887 protoplasti
2731 1817 2878 1873 fuere
2899 1819 3197 1884 delicim,et
3226 1820 3465 1877 laborum
3487 1825 3631 1891 agri-

377 1921 673 1977 creantent,
723 1912 1027 1964 humanitus
1075 1908 1283 1980 [Balatu
1316 1910 1647 1964 humanitate
1692 1909 1841 1981 vero]
1898 1911 1950 1964 in

376 2002 461 2055 illa
495 2002 777 2056 formatum
810 2011 863 2057 et
886 2018 1003 2057 eam
1038 2002 1298 2057 formasse
1330 2001 1616 2066 divinitus;
1649 2002 1950 2057 involutum

375 2094 667 2146 secundum
692 2109 905 2149 carnem
936 2096 1146 2163 pannis,
1180 2093 1406 2149 Deitatis
1437 2109 1563 2147 vero
1613 2094 1949 2163 providentia

374 2184 551 2238 omnia
572 2184 975 2249 continentem;
1010 2198 1105 2254 pro
1135 2185 1383 2252 corporis
1406 2194 1591 2238 natura
1622 2186 1834 2251 lactari,
1863 2186 1950 2239 di-

374 2274 596 2327 viuitate
618 2282 794 2329 autem
843 2275 1094 2330 omnibus
1118 2275 1205 2343 qui
1239 2283 1531 2329 nascuntur
1582 2275 1735 2330 lactis
1783 2278 1951 2330 nutri-

373 2373 553 2420 menta
583 2366 854 2422 uberrime
879 2367 1219 2436 largientem.

441 2459 496 2512 ι.
529 2458 773 2513 Forsitan
800 2474 963 2529 super
981 2459 1071 2514 tali
1099 2475 1320 2515 munere
1340 2459 1556 2515 Gabriel
1580 2458 1644 2512 ad
1677 2458 1947 2527 Virginem

372 2546 496 2602 ideo
521 2549 853 2604 exclamabat
886 2567 898 2601 :
929 2549 1053 2612 Ave,
1086 2551 1256 2618 gratia
1285 2549 1380 2602 Dei
1406 2549 1579 2618 plena.
1611 2548 1729 2602 Mox
1780 2548 1944 2615 enim,

371 2644 428 2688 ut
476 2638 713 2691 omnium
757 2638 1013 2691 Dominus
1053 2637 1295 2692 Chrisms
1343 2637 1467 2691 huic
1496 2639 1618 2692 vitae
1644 2646 1799 2692 natus
1842 2647 1943 2704 est,

368 2729 609 2783 omnium
641 2730 870 2785 tristium
900 2731 1192 2799 capitulum
1223 2730 1484 2795 dissolvit,
1506 2738 1826 2799 mutansque
1854 2745 1947 2784 na-

370 2829 504 2873 tura!
553 2820 691 2873 fetus
731 2822 1068 2885 maledictos,
1118 2820 1351 2876 absolvit
1412 2821 1740 2875 nativitatem
1798 2821 1944 2876 illam

372 2911 641 2979 quondam
672 2913 722 2965 in
751 2913 1065 2981 corporibus
1092 2912 1539 2977 condemnatam;
1569 2912 1769 2966 delevit
1811 2927 1943 2981 quo-

369 3018 474 3071 que
498 3003 641 3059 illius
672 3005 952 3060 sententias
983 3006 1240 3069 edictum,
1264 3006 1403 3073 quod
1434 3018 1636 3059 natura:
1664 3007 1942 3060 connasci-

369 3106 477 3159 tur,
504 3095 555 3149 id
580 3106 681 3161 est,
716 3098 1059 3165 multiplicans
1084 3098 1436 3168 multiplicabo
1458 3098 1693 3151 tristitias
1734 3108 1847 3153 tuas
1892 3109 1939 3153 ct

2055 1910 2278 1965 cultura:
2306 1910 2521 1978 penitus
2544 1910 2755 1965 liberte.
2797 1911 2888 1966 Sic
2937 1920 2990 1966 et
3020 1912 3087 1966 de
3105 1913 3349 1988 ﬁliorum
3379 1930 3632 1984 procrea-

2058 2001 2204 2056 tione
2262 2016 2365 2055 non
2416 2001 2660 2056 absolute
2700 2001 2768 2055 ad
2818 2002 2979 2055 Evam
3031 2002 3172 2057 Deus
3198 2013 3318 2072 post
3350 2017 3629 2073 peccatum

2053 2092 2281 2157 dicebat,
2314 2092 2481 2163 paries
2507 2092 2642 2160 filios
2660 2109 2679 2157 ;
2707 2090 2825 2155 sed,
2853 2093 2907 2145 in
2940 2093 3237 2147 maeroribus
3268 2096 3436 2163 paries
3468 2096 3628 2163 ﬁlios.

2122 2182 2178 2237 6.
2219 2183 2430 2253 Nuptiae
2460 2197 2689 2251 namque
2718 2181 2913 2237 divinae
2938 2197 3135 2238 munus
3174 2193 3298 2238 sunt
3340 2185 3622 2249 bonitatis,

2053 2272 2271 2327 ubertas
2304 2282 2532 2341 natura),
2560 2271 2809 2326 machina
2841 2287 3144 2342 repugnans
3182 2284 3363 2328 contra
3396 2284 3628 2330 mortem

2050 2366 2229 2420 omnia
2276 2374 2731 2428 consumentem;
2784 2365 3046 2419 castitatis
3100 2374 3283 2420 contra
3341 2365 3627 2421 libidinem

2051 2455 2208 2519 freni,
2259 2453 2599 2523 iuculpabilis
2645 2454 2928 2522 Voluptatis
2986 2463 3222 2523 potestas
3255 2473 3268 2507 :
3299 2458 3635 2526 multiplices

2048 2557 2228 2602 autem
2259 2548 2490 2616 gemitus
2513 2546 2563 2600 in
2582 2549 2937 2617 parturitione
2961 2547 3302 2616 feminarum,
3327 2564 3481 2619 piens
3498 2566 3630 2620 pec-

2049 2640 2152 2695 cati
2180 2649 2283 2696 est.

2120 2733 2174 2787 7.
2215 2732 2280 2787 Et
2325 2747 2512 2801 parere
2551 2731 2763 2801 quidem
2795 2747 2904 2785 non
2948 2740 3037 2786 est
3073 2732 3451 2797 maledictum;
3508 2747 3622 2787 non

2049 2822 2190 2877 enim
2215 2822 2519 2877 benedictio
2547 2823 2600 2875 in
2626 2821 2967 2875 maledictum
3020 2821 3257 2876 daretur.
3301 2823 3355 2875 lu
3400 2824 3624 2877 tristitia

2047 2924 2226 2967 autem
2256 2926 2471 2982 parere.
2515 2910 2618 2965 hoc
2671 2926 2737 2965 ex
2766 2911 3050 2966 maledicto
3078 2912 3169 2965 illo
3217 2928 3352 2966 onus
3393 2913 3628 2968 trahitur

2046 3012 2167 3072 post
2196 3012 2488 3071 peccatum.
2545 3001 2743 3056 Parere
2782 3016 3011 3067 namque
3051 3013 3293 3057 naturam
3340 3003 3635 3061 doloribus

2044 3103 2294 3162 partuum
2327 3102 2595 3162 punetam,
2626 3092 2914 3161 angoribus
2944 3094 3241 3157 tabescere,
3288 3096 3464 3149 acerbi
3495 3110 3628 3163 par-

367 3187 582 3253 gemitus
612 3195 745 3241 tuos.
794 3185 859 3241 In
908 3189 1204 3242 maeroribus
1244 3189 1411 3259 paries
1440 3189 1573 3258 ﬁlios
1605 3187 1829 3261 (Cenes.
1860 3204 1939 3256 ιιι,
1970 3169 2015 3231 C
2051 3194 2133 3239 tus
2161 3194 2358 3240 metum
2384 3184 2668 3249 sustinere,
2708 3184 3018 3238 immaturos
3044 3200 3439 3256 nonnumquam
3478 3187 3627 3242 fetus

371 3277 487 3345 ιδ).

2049 3288 2323 3347 excutere,
2367 3277 2630 3333 excedere
2674 3277 2958 3347 aliquoties
2995 3289 3333 3348 praegnantes
3374 3288 3623 3348 tempora

1498 3370 2045 3428 CASTIGATIONES
2084 3370 2170 3425 ET
2211 3370 2436 3424 NOTAE.

371 3454 666 3513 Pentecoste
702 3458 957 3529 originem
1002 3475 1063 3512 ac
1114 3458 1499 3529 fundamentum
1556 3461 1769 3514 ducunt.
1822 3462 1943 3516 Nisi

366 3528 501 3601 enim
521 3528 801 3582 secundum
820 3545 1020 3582 carnem
1038 3540 1187 3583 natus
1206 3540 1332 3601 esset
1356 3529 1608 3601 Christus.
1628 3548 1943 3601 nequaquam

367 3598 650 3668 baptizatus
688 3608 837 3668 esset,
876 3615 994 3653 nam
1032 3601 1084 3653 id
1122 3610 1195 3653 est
1237 3599 1425 3669 festum
1459 3598 1941 3669 TlieOphaniorum;

367 3683 685 3738 nequaquam
712 3671 890 3737 fuisset
919 3671 1219 3737 cruciﬁxus,
1253 3686 1375 3721 nam
1404 3671 1499 3722 hoc
1524 3679 1594 3731 est
1622 3671 1807 3737 festum
1833 3671 1943 3725 Pa-

366 3736 881 3811 scltte;vnequaquam
909 3736 1123 3811 misisset
1150 3740 1399 3811 Spiritum
1427 3736 1679 3804 sanctum,
1702 3744 1843 3810 quod
1865 3752 1944 3796 est

366 3812 550 3881 festum
580 3808 918 3863 Pentecostes.
950 3808 1133 3880 Itaque
1172 3808 1233 3863 ab
1262 3810 1382 3881 hoc,
1415 3826 1513 3881 ceu,
1534 3814 1674 3878 fonte
1700 3808 1941 3881 quopiam

365 3877 549 3949 diversi
574 3881 670 3932 orti
697 3881 862 3949 fluvii.
892 3892 1014 3933 nata
1038 3877 1158 3934 sunt
1184 3879 1324 3933 nobis
1354 3881 1460 3932 ltwc
1491 3877 1636 3949 festa,
1669 3877 1773 3936 ct'c.

439 3955 465 3983 τι
496 3948 665 4003 Locus
694 3951 793 4003 iste
826 3950 1099 4005 Geneseos
1128 3965 1249 4005 cum
1282 3950 1400 4002 aliis
1429 3948 1547 4018 quze
1578 3954 1843 4015 pertinent
1872 3953 1936 4005 ad

366 4031 581 4085 postiam
604 4019 806 4088 peccni
834 4022 1125 4088 primorum
1156 4030 1456 4088 parentum,
1483 4035 1511 4071 ιι
1543 4019 1754 4073 Juliano
1781 4022 1938 4075 simul

366 4096 423 4160 et
469 4090 764 4159 Augustino
806 4093 1053 4159 agitatur,
1098 4091 1188 4143 illo
1232 4090 1607 4144 auctoritatem
1652 4090 1940 4160 Scriptura:

366 4158 695 4229 declinante,
729 4163 832 4211 isto
861 4161 1091 4229 graviter
1115 4169 1357 4227 urgente.

432 4227 698 4284 Julianus.
733 4230 853 4283 Non
867 4227 945 4284 est
967 4231 1158 4285 dictum
1189 4230 1257 4281 ad
1286 4228 1589 4283 mulierem:
1616 4227 1861 4281 Oricntur
1885 4230 1937 4284 in

365 4307 413 4348 te
449 4296 672 4363 dolores,
705 4301 1074 4371 autgenerabo
1105 4301 1194 4353 tibi
1226 4300 1547 4371 gemitus,qut
1589 4305 1699 4371 post
1729 4302 1937 4371 culpam

362 4381 537 4438 sensus
577 4383 755 4438 eorum
798 4370 995 4424 institui
1036 4367 1354 4435 viderentur;
1394 4368 1481 4423 sed
1520 4386 1538 4424 :
1578 4367 1935 4438 Multiplicans

363 4434 721 4511 multiplicabo
750 4440 976 4492 tristitias
1016 4451 1164 4506 tuas;
1198 4458 1296 4509 quo
1336 4434 1554 4493 ostendit
1588 4444 1704 4511 jam
1740 4434 1845 4491 esse
1883 4444 1935 4494 in

364 4505 588 4579 naturali
622 4508 1015 4579 ratione,_quod
1058 4526 1110 4563 se
1146 4505 1512 4577 iit-peccatrice
1552 4505 1791 4579 pcrsona,
1830 4526 1933 4563 non

362 4574 599 4650 condere,
632 4578 721 4629 sed
763 4576 1125 4650 multiplicare,
1164 4574 1443 4650 promittit;
1484 4574 1758 4646 numquam
1799 4581 1932 4632 enim

362 4644 766 4719 multiplicantur
795 4649 892 4700 nisi
917 4644 1187 4703 exstantia".
1223 4650 1334 4703 Hoc
1373 4652 1544 4718 itaque
1572 4644 1751 4702 ordine
1774 4650 1935 4719 genti-

363 4725 445 4768 tus
481 4718 894 4785 parturitionum,
926 4720 1012 4785 qui
1046 4721 1325 4773 secundum
1360 4730 1600 4771 naturam
1638 4718 1826 4783 fuerat,
1858 4721 1932 4774 ita

361 4786 415 4836 in
445 4785 707 4840 hominum
738 4789 1053 4857 corporibus,
1084 4792 1213 4842 sicut
1238 4790 1291 4841 in
1320 4790 1608 4858 pecoribus.
1636 4790 1922 4857 institutus,

362 4871 465 4928 non
488 4858 727 4911 conditur
747 4860 800 4911 in
825 4859 950 4924 Eva,
975 4861 1061 4913 sed
1087 4859 1280 4923 crescit,
1299 4857 1353 4910 ut
1374 4857 1623 4928 peculiari
1640 4859 1926 4928 granditate

359 4926 691 4999 excitatorum
711 4930 1010 4999 aﬂligeretur
1034 4944 1299 4999 aingorum.
1329 4926 1432 4982 etc.

430 4994 627 5050 Contra
653 4994 980 5067 Augustinus
1003 5015 1021 5052 :
1047 4994 1285 5069 Dolorem
1315 4998 1546 5069 pariendi
1573 5014 1770 5069 paenam
1801 5000 1929 5053 dici-

358 5080 470 5137 mus
487 5082 603 5137 esse
627 5070 838 5137 peccati,
869 5071 1052 5121 scimus
1081 5070 1215 5121 enim
1242 5068 1339 5121 hoc
1367 5067 1527 5121 Deum
1553 5067 1661 5121 sine
1681 5067 1790 5121 ulla
1819 5086 1929 5121 am-

357 5134 597 5207 biguitate
628 5134 859 5203 dixisse;
896 5155 990 5191 nec
1029 5139 1238 5201 dixisse,
1277 5138 1378 5190 nisi
1417 5139 1811 5207 pravaricatrici
1849 5140 1930 5192 sui

357 5203 624 5271 mandati;
664 5223 753 5261 nec
791 5209 851 5259 ob
885 5208 1027 5261 aliud
1065 5208 1275 5271 dixisse,
1307 5203 1558 5275 nisi-quia
1595 5208 1926 5273 irascebatur,

356 5289 505 5325 suum
534 5279 921 5343 prwvaricalum
945 5294 1052 5332 esse
1076 5278 1371 5331 mandatum
1397 5276 1533 5347 (Lib.
1554 5293 1604 5330 vt
1634 5277 1788 5346 Oper.
1817 5276 1930 5330 1m-

358 5343 489 5413 perf.
521 5359 637 5413 cap.
663 5345 779 5412 26).
1607 5409 1617 5413 -

358 5354 489 5413 perf.
521 5359 637 5413 cap.
663 5354 779 5412 ‘26).
1607 5409 1617 5413 -

430 5363 447 5393 Γ
476 5382 489 5395 .
521 5363 550 5395 ε
624 5385 637 5398 .
663 5363 683 5373 ⁷
768 5386 779 5397 ι

430 5363 760 5493 biNeZ’imiﬁi
789 5426 999 5486 p0terat
1036 5409 1793 5493 propter_haecverbalvideri
1831 5432 1925 5472 ea-

359 5482 611 5549 tholicus,
655 5486 753 5540 nisi
791 5482 1062 5542 constaret
1103 5482 1319 5543 aliunde
1356 5489 1569 5541 solitum
1610 5490 1771 5543 fuisse
1804 5503 1925 5541 sen-

358 5551 537 5623 tentiis
563 5553 619 5608 iu
648 5558 879 5623 Speciem
911 5558 1230 5612 ortitodoxis
1259 5559 1505 5612 haeresim
1533 5558 1873 5612 dissimulare
1905 5575 1918 5609 :

355 5620 619 5696 habentur
650 5620 794 5679 enim
830 5627 1019 5682 eadem
1056 5628 1169 5683 fere
1204 5628 1258 5682 in
1291 5628 1521 5681 concilio
1550 5629 1843 5696 Ephesino.
1869 5637 1925 5682 et

354 5691 493 5758 apud
510 5692 878 5766 liercatorem,
897 5712 995 5751 nec
1015 5699 1123 5763 ipsa
1139 5698 1289 5766 quasi
1304 5697 1573 5752 catholico
1586 5691 1743 5752 sensu
1758 5691 1894 5751 dicta
1906 5740 1919 5760 ,

355 5777 475 5816 cum
542 5764 762 5829 Patres,
826 5776 935 5820 tum
990 5764 1250 5824 Mercator
1300 5777 1644 5834 acceperunt.
1704 5769 1919 5822 Dixerat

2044 3460 2322 3514 Nestorius
2375 3477 2388 3511 :
2438 3458 2514 3531 Ut,
2557 3459 2726 3512 sciatis
2778 3470 2986 3531 quanta,
3025 3469 3151 3513 esset
3196 3461 3489 3531 ronjunctio
3532 3462 3625 3514 di-

2044 3532 2287 3587 vinitatis.
2314 3545 2428 3582 cum
2452 3529 2602 3582 etiam
2630 3545 2750 3581 caro
2785 3529 3051 3583 Dominica
3080 3531 3134 3582 in
3161 3529 3355 3599 infante
3381 3547 3628 3585 cernere-

2045 3610 2164 3663 tur;
2192 3609 2298 3652 erat
2326 3600 2458 3651 enim
2486 3600 2617 3651 idem
2644 3601 2832 3666 infans,
2861 3608 2906 3652 et
2932 3600 3143 3667 infantis
3172 3599 3442 3653 Dominus.
3473 3599 3626 3654 Lau-

2044 3671 2205 3723 dastis
2241 3686 2429 3732 vocem,
2457 3671 2543 3721 sed
2585 3668 2743 3721 nolite
2781 3686 2892 3722 eam
2933 3685 3110 3736 parum
3142 3671 3336 3724 curiose
3360 3671 3579 3724 laudare
3601 3690 3625 3736 ;

2044 3756 2145 3793 non
2178 3742 2285 3793 dixi
2313 3741 2466 3804 enim,
2493 3739 2628 3794 quod
2653 3738 2786 3809 idem
2813 3747 2919 3791 erat
2946 3741 3118 3809 infans
3147 3752 3190 3792 et
3224 3741 3435 3805 infantis
3459 3740 3621 3793 habi-

2045 3820 2197 3863 tator.
2226 3810 2509 3863 Flavianus
2534 3821 2708 3862 tamen
2735 3808 3156 3877 Philippensium
3188 3810 3492 3877 episcopus,
3523 3815 3620 3866 cui

2042 3880 2228 3934 Patres
2271 3879 2476 3931 assensi
2520 3888 2669 3942 sunt,
2712 3878 2792 3929 his
2835 3890 2886 3932 et
2931 3879 3049 3932 aliis
3087 3881 3348 3933 similibus
3391 3880 3615 3945 auditis,

2042 3964 2161 4003 cum
2204 3949 2555 4003 recitarentur
2592 3963 2621 3999 a
2661 3950 2867 4000 notario
2891 3949 3024 4001 dixit
3053 3965 3067 3999 :
3100 3948 3375 4002 Horrenda
3403 3965 3465 4002 ac
3500 3949 3625 4002 bla-

2040 4021 2248 4086 spheme
2271 4029 2389 4070 sunt
2430 4017 2657 4070 Nestorii
2695 4018 2852 4081 dicta,
2879 4034 3039 4084 neque
3074 4034 3225 4074 aures
3262 4028 3448 4073 nostra:
3471 4019 3622 4073 hisce

2041 4090 2261 4156 antplius
2284 4088 2543 4155 inquinari
2566 4091 2754 4156 ferunt.

2165 4159 2265 4210 nde
2292 4157 2552 4210 Mercator
2578 4174 2589 4208 :
2623 4158 2749 4221 Quis
2770 4158 2944 4221 etiam,
2976 4159 3145 4225 inquit
3178 4157 3268 4224 (In
3297 4161 3614 4216 contradict.

2040 4228 2108 4282 1‘2
2137 4228 2543 4280 anathematismi
2577 4225 2868 4281 Nestoriani
2888 4229 2930 4296 ),
2959 4227 3053 4281 hoc
3097 4231 3207 4296 ejus
3236 4229 3377 4280 aliud
3414 4229 3613 4282 delira-

2040 4310 2262 4350 mentum
2299 4312 2443 4364 atquo
2476 4299 2645 4349 animo
2686 4298 2832 4365 ferat,
2864 4314 2963 4363 quo
3003 4300 3095 4361 ait,
3136 4297 3394 4351 Christum
3430 4297 3617 4352 Iesum

2038 4384 2187 4420 suum
2229 4368 2391 4435 ipsius
2428 4366 2705 4419 Dominum
2745 4369 2892 4420 esse?
2933 4370 3079 4433 cujus
3121 4369 3267 4420 verba
3312 4378 3425 4420 sunt
3465 4370 3565 4421 ista
3594 4386 3619 4425 :

2044 4454 2063 4487 ι
2098 4437 2209 4490 Hoc
2233 4447 2401 4489 autem
2429 4438 2543 4489 dico
2579 4446 2632 4488 ut
2673 4438 2906 4490 noveritis
2936 4453 3089 4505 quam
3127 4436 3527 4503 superexcellens
3556 4453 3615 4493 et

2037 4524 2234 4560 summa
2260 4506 2490 4575 qua’dam
2522 4507 2812 4575 conjunctio
2849 4508 3110 4567 existebat,
3143 4509 3368 4560 etiamin
3408 4510 3615 4575 infante

2036 4577 2166 4646 ipso,
2189 4593 2305 4629 cum
2329 4576 2596 4628 Dominica
2618 4592 2734 4629 caro
2745 4579 3154 4647 conspiceretur.
3191 4578 3312 4630 Erat
3339 4579 3467 4629 enim
3493 4580 3615 4647 ipse

2035 4644 2209 4714 infans
2233 4655 2279 4700 et
2305 4647 2515 4715 infantis
2544 4648 2703 4715 ipsius
2735 4644 2999 4699 Dominus.
3034 4666 3051 4697 ι
3083 4648 3207 4713 Quis
3223 4663 3456 4715 umquam
3476 4644 3613 4702 suus

2034 4733 2143 4770 esse
2173 4716 2419 4769 Dominus
2447 4716 2614 4768 dictus
2657 4717 2769 4768 est?
2811 4716 2917 4771 Sed
2945 4718 3025 4769 hic
3048 4733 3164 4769 cum
3188 4720 3291 4770 vult
3316 4726 3362 4770 et
3388 4728 3614 4770 conatur

2031 4797 2266 4856 quartam
2286 4785 2605 4839 introducere
2624 4787 2677 4838 in
2697 4795 2873 4838 sancta
2892 4787 3141 4839 Trinitate
3161 4803 3428 4854 personam
3449 4799 3612 4855 atque

2028 4857 2383 4919 substantiam,
2408 4856 2551 4909 mira:
2581 4856 2876 4909 stoliditatis
2905 4867 2975 4909 est
3011 4867 3056 4910 et
3082 4858 3355 4926 impietatis
3384 4858 3610 4911 maculis

2028 4928 2342 4996 inquinatus.

2108 5008 2130 5035 ε
2173 4998 2355 5051 Βςιιιιῑ.
2393 4992 2601 5049 rectius
2633 4994 2791 5050 habet
2832 5000 2974 5049 hunc
3000 4993 3197 5060 locum,
3231 4996 3432 5049 scilicet
3464 5013 3477 5047 :

2172 5067 2468 5119 benedictio.
2499 5064 2729 5136 Genitria:
2750 5066 2887 5118 enim
2915 5075 2987 5118 est
3010 5068 3301 5136 incrementi
3333 5065 3609 5136 providen—

2034 5138 2122 5189 tia.
2156 5137 2374 5191 Crescite
2420 5147 2466 5187 at
2500 5135 2934 5206 multiplicamini,
2966 5144 3013 5189 et
3060 5135 3249 5206 replete
3294 5135 3499 5190 terram.
3536 5137 3611 5189 In

2032 5206 2349 5267 meet-oribus,
2372 5212 2476 5257 etc.
2506 5205 2658 5258 Eorr.

2103 5274 2129 5311 ἀ
2160 5275 2319 5327 Ponit
2344 5274 2593 5327 indolem:
2614 5276 2882 5337 Baluzius,
2905 5276 3261 5343 sulmotatque
3283 5274 3557 5341 sequentia
3590 5293 3605 5328 :

2036 5345 2289 5400 «Veteres
2318 5344 2437 5397 libri
2468 5345 2667 5397 habent
2695 5346 2746 5397 in
2768 5345 2964 5399 dolore.
2990 5346 3129 5400 Saue
3151 5346 3207 5397 in
3234 5345 3611 5399 Bellovacensi

2027 5416 2292 5482 scriptum
2333 5422 2417 5485 es_t
2458 5414 2738 5485 indolorie,
2792 5416 2890 5469 sed
2936 5416 3111 5468 littera
3148 5417 3472 5485 iexpttncta
3521 5424 3613 5468 est

2027 5486 2343 5556 antiquitus.
2379 5481 2697 5556 Indoloriam
2725 5485 3023 5556 reperimus
3064 5484 3203 5556 apud
3236 5481 3513 5556 Sidonium
3550 5485 3607 5556 in

2029 5555 2339 5624 prmfatione
2374 5555 2704 5624 epithalamii
2748 5555 2989 5609 Polemio
3030 5563 3085 5607 et
3130 5553 3409 5609 Araneola:
3450 5553 3603 5617 dicti,

2020 5624 2117 5694 gtti
2145 5625 2364 5679 verbum
2387 5623 2662 5694 Ciceronis
2690 5639 2812 5681 esse
2841 5626 2934 5680 ait.
2970 5624 3105 5681 Vide
3139 5625 3212 5679 ibi
3252 5624 3609 5680 Sirmondum

2025 5693 2079 5751 ct
2103 5694 2450 5751 Savaronem.
2484 5711 2503 5745 s
2542 5693 2691 5747 Eutr.
