3996 6186
294 456 404 513 193

1041 448 1362 507 NESTOHII
1400 448 1814 506 TRACTATUS
1852 446 2125 505 CONTRA
2168 448 2491 506 HJEItESlM
2534 450 2823 507 PELAGII.

3462 454 3560 509 191

300 570 561 641 partubus
582 576 872 625 constituta
894 573 1099 621 etonus
1120 564 1257 621 uteri
1281 563 1482 619 diutius
1504 564 1873 626 circumferre,
1904 564 1955 623 Α
2053 562 2138 618 10.
2180 562 2547 616 Acerbissima
2576 578 2805 632 namque
2845 572 3092 618 naturam
3133 575 3399 620 sententia
3432 582 3561 621 con-

298 661 681 717 eontalrescere
699 659 835 729 ipsis
856 672 1001 728 saepe
1023 657 1239 722 fetibus,
1268 654 1536 710 interdum
1562 654 1724 709 etiam
1758 662 1878 723 post

298 753 464 807 fetum
496 750 783 806 sollicitam
810 762 933 803 esse
956 763 1023 803 ne
1044 747 1179 802 forte
1206 745 1351 816 quod
1373 754 1557 800 natum
1584 753 1687 810 est,
1722 745 1876 800 lactis

298 844 648 909 nutrimento,
679 856 747 895 ex
772 840 954 910 aliqua
980 839 1182 908 inopia,
1210 853 1316 893 non
1344 837 1671 906 perfruatur,
1686 852 1876 891 curare

299 950 367 989 ne
413 934 622 988 adversi
662 932 891 1001 alicujus
920 930 1244 985 desiderium
1276 929 1527 999 patiatur,
1562 942 1629 983 ne
1672 928 1873 982 doctri-

298 1042 423 1081 nam
455 1026 688 1095 aliquam
740 1022 1125 1078 infructuosam
1155 1020 1519 1090 concupiscat,
1551 1035 1619 1075 ne
1675 1019 1877 1074 daemo-

300 1132 425 1172 num
456 1118 771 1172 incursione
793 1122 1032 1179 vexetur,
1058 1128 1125 1168 ne
1146 1111 1335 1167 morbo
1365 1110 1668 1180 hujusmodi
1697 1124 1876 1165 mace-

295 1219 442 1264 rctur
463 1209 557 1278 qui
587 1208 870 1262 sanitatem
897 1204 1190 1261 difficulter
1226 1201 1493 1269 admittat,
1545 1216 1613 1257 ne
1641 1201 1739 1256 sub
1770 1200 1872 1255 ali-

292 1300 448 1369 cujus
498 1314 688 1352 amaro
734 1297 864 1367 jugo
910 1304 1225 1367 paupertate
1251 1292 1542 1363 aliquando
1591 1292 1868 1359 rapiatur:

294 1391 483 1446 borum
506 1390 747 1445 tristium
768 1388 1007 1442 omnium
1026 1395 1230 1441 natura:
1260 1398 1444 1439 sermo
1491 1384 1746 1452 magister
1789 1389 1873 1435 est

292 1483 508 1538 brevis:
541 1479 610 1534 In
641 1479 842 1534 tristitia
868 1479 1036 1550 paries
1059 1478 1218 1545 ﬁlios.

356 1577 411 1630 8.
468 1572 792 1630 Miserabilis
832 1581 916 1625 est
946 1571 1044 1624 ista
1092 1567 1415 1623 infelicitas:
1444 1567 1584 1636 quod
1632 1569 1866 1621 votivmn

286 1669 428 1722 enim
474 1677 532 1722 et
574 1665 811 1735 aptabile
846 1664 1038 1730 fuerat,
1074 1662 1134 1716 fit
1163 1669 1346 1731 postea
1378 1659 1707 1729 fugiendum.
1738 1660 1870 1713 Des-

282 1760 592 1829 pondentur
622 1757 1051 1828 generandorum
1082 1754 1311 1809 filiorum
1351 1753 1612 1809 habentes
1657 1753 1865 1821 cupidi-

281 1862 469 1913 tatem.
487 1860 546 1907 et
574 1850 674 1905 bos
691 1851 746 1903 in
770 1847 1092 1904 maeroribus
1114 1846 1349 1916 pariunt.
1368 1845 1685 1900 Desiderant
1701 1844 1863 1911 fetus,

1983 653 2282 721 stringebat
2310 650 2525 723 [Baluz.
2560 654 2923 708 acerbissimae
2958 656 3243 711 sententiae
3282 663 3561 713 constrin-

1978 743 2227 817 gebant].
2261 744 2397 810 Quid
2436 746 2582 799 cnim
2626 747 2861 799 amarius
2900 746 3003 801 ista
3048 749 3351 803 sententia?
3380 750 3561 804 Multi-

1979 836 2176 905 plicans
2204 836 2559 907 multiplicabo
2589 838 2819 890 tristitias
2869 847 2983 892 tuas
3012 850 3060 892 et
3088 842 3303 911 gemitus
3335 851 3469 908 tuos,
3503 844 3557 898 in

1979 926 2276 979 maeroribus
2318 927 2485 996 paries
2525 926 2661 995 ﬁlios
2702 925 2918 997 (Genes.
2955 943 3035 994 IlI,
3072 931 3193 997 16);
3237 941 3291 986 et
3332 932 3557 990 denuo:

1980 1018 2261 1072 Maledicta
2292 1030 2427 1072 terra
2455 1021 2509 1071 in
2539 1019 2772 1087 aperibus
2808 1020 2949 1084 tuis;
2985 1021 3039 1073 in
3077 1023 3377 1076 niceroribus
3413 1042 3557 1078 man-

1976 1109 2185 1163 ducabis
2226 1125 2409 1180 panem
2444 1109 2675 1163 omnibus
2713 1109 2892 1162 diebus
2931 1110 3046 1163 vita:
3084 1119 3184 1163 tua:
3216 1111 3399 1179 (lbid.,
3432 1115 3557 1180 l7);

1975 1210 2027 1255 et
2058 1200 2251 1255 iterum
2282 1219 2295 1253 :
2331 1201 2522 1271 Spinas
2564 1210 2611 1255 et
2654 1201 2864 1255 tribulos
2896 1203 3058 1271 ejicict
3097 1202 3185 1256 tibi
3220 1202 3408 1275 (lbid.,
3442 1204 3553 1277 18).

1973 1294 2213 1359 Quorum
2252 1296 2461 1365 singula
2502 1310 2609 1349 non
2646 1294 2802 1349 aliter
2839 1295 3160 1349 medicinam
3206 1306 3329 1350 sunt
3365 1312 3558 1352 consc-

1972 1394 2121 1447 cuta,
2162 1400 2321 1453 quam
2363 1395 2419 1439 ut
2451 1386 2673 1454 (Batus.
2718 1403 2818 1439 om.
2861 1385 2948 1458 ut]
2995 1388 3287 1457 unicuique
3322 1391 3551 1455 vulneri,

1971 1475 2113 1543 quod
2141 1485 2260 1530 erat
2290 1477 2594 1546 proximum
2622 1486 2675 1532 et
2705 1478 2985 1539 familiare.
3018 1493 3047 1532 a
3077 1483 3350 1534 contrario
3381 1498 3555 1538 reme-

1970 1564 2119 1620 dium
2149 1565 2452 1622 efferretur.

2045 1656 2133 1711 11.
2174 1658 2241 1711 Et
2270 1660 2479 1727 respice
2503 1660 2742 1714 omnium
2776 1676 2963 1715 narum
2995 1662 3224 1717 tristium
3253 1666 3551 1720 sententia-

1968 1764 2086 1804 rum
2113 1765 2141 1803 a
2168 1751 2383 1806 Christo
2417 1753 2706 1821 praestilam
2739 1752 3152 1808 resolutionem.
3193 1754 3553 1827 Multiplicans

1968 1840 2319 1914 multiplicabo
2370 1845 2603 1898 tristitias
2646 1855 2759 1898 tuas
2797 1856 2842 1899 et
2884 1848 3098 1915 gemitus
3136 1856 3283 1913 tuos;
3323 1864 3420 1917 per
3450 1848 3552 1902 hoc

283 1954 335 1997 et
362 1952 553 1997 contra
583 1942 848 1995 mensium
881 1939 1074 2008 quibus
1117 1936 1171 1991 hi
1200 1936 1532 1990 sustinentur
1560 1934 1865 1991 vociferan-
1894 1938 1942 1999 B
1968 1935 2149 2004 solvit,
2176 1935 2266 1990 ubi
2289 1936 2487 1991 dictum
2519 1945 2639 1991 est:
2669 1939 2790 2003 Ave,
2818 1940 2987 2007 gratia
3019 1939 3232 2011 [Balum
3264 1941 3386 1994 add.
3423 1939 3550 2011 Dei]

283 2047 370 2090 tur
398 2036 709 2091 decursum.
742 2032 940 2101 Optant
993 2031 1333 2099 gaudentque
1380 2028 1497 2084 ﬁeri
1541 2037 1766 2089 matres.
1813 2036 1869 2083 et

284 2127 493 2199 [Belum
522 2144 627 2181 om.
651 2125 726 2198 et]
755 2140 944 2181 eorum
972 2139 1061 2194 qui
1082 2132 1246 2194 geniti
1271 2130 1417 2185 sunt,
1464 2123 1752 2178 stimulata
1782 2136 1867 2177 se-

284 2221 497 2288 pultura
530 2218 739 2291 [Batus.
770 2216 1073 2273 simulatice
1097 2213 1473 2285 sepulturam],
1530 2213 1673 2268 diem
1718 2213 1863 2267 illam

282 2312 361 2363 sui
394 2320 581 2380 partus
608 2323 828 2364 causam
853 2307 1018 2362 fuisse
1047 2305 1325 2376 praesentis
1349 2315 1648 2374 queruntur
1667 2320 1866 2360 Iller-

280 2403 392 2466 ris;
421 2401 727 2470 planctibus
755 2399 891 2453 illud
920 2397 1168 2453 videlicet
1190 2397 1589 2463 confirmantes,
1636 2396 1705 2451 In
1745 2414 1865 2452 nue-

276 2494 481 2545 roribus
500 2492 669 2561 paries
681 2490 816 2561 filios
834 2488 989 2563 (Gen.
1006 2490 1203 2561 nl,1'l).
1216 2490 1351 2544 Huic
1364 2490 1642 2545 sententiae
1657 2490 1861 2545 socium

281 2594 368 2639 est
411 2584 557 2655 quod
608 2581 850 2637 nascitur
887 2592 940 2637 et
986 2581 1129 2652 quod
1176 2582 1313 2652 parit
1345 2598 1358 2635 :
1388 2596 1552 2635 unum
1574 2596 1759 2636 eorum
1807 2582 1861 2636 in

276 2676 607 2732 maeroribus
632 2676 868 2745 pariens,
916 2675 1143 2730 alterum
1178 2689 1309 2731 vero
1330 2675 1384 2729 in
1416 2676 1740 2730 mmroribus
1769 2691 1865 2731 na-

274 2783 459 2824 seeos.

347 2860 402 2913 9.
445 2859 553 2916 Sed
590 2860 877 2915 miserator
906 2858 1159 2914 Dominus
1184 2874 1290 2914 non
1323 2860 1568 2929 despexit
1598 2861 1718 2918 illos
1755 2878 1857 2917 na-

275 2962 412 3007 tura:
473 2951 612 3007 fetus
662 2952 1083 3017 condemnatos;
1140 2952 1233 3007 sed
1282 2952 1495 3008 femina:
1547 2954 1601 3009 in
1648 2964 1861 3011 uterum

274 3044 594 3113 adveniens,
626 3044 787 3100 vertit
826 3044 879 3099 in
926 3045 1016 3099 illa
1054 3052 1229 3100 matre
1270 3046 1716 3102 consuetudinem
1766 3064 1862 3117 pa-

274 3138 474 3203 riendi.
504 3139 840 3207 mutavitque
866 3136 919 3191 in
947 3138 1034 3193 illa
1062 3144 1309 3207 partuum
1342 3138 1490 3207 leges
1516 3138 1858 3210 (parturitio-

274 3247 370 3288 nes
410 3233 559 3288 enim
610 3240 814 3287 sanctae
864 3230 1095 3300 Virginis
1143 3231 1412 3287 immunes
1457 3246 1487 3285 a
1531 3232 1857 3288 maeroribus

274 3323 720 3392 preparaverat),
752 3330 807 3377 et
840 3293 1046 3376 natu-rat
1086 3320 1340 3376 humanae
1380 3331 1605 3376 matrem
1640 3322 1861 3377 donavit
1886 3310 1933 3376 C
1962 3300 2115 3356 mp"
2140 3293 2396 3355 “meum
2434 3295 2481 3340 ⁸⁸

275 3414 581 3481 innuptam,
629 3429 739 3468 non
786 3428 1049 3483 spernens
1104 3414 1247 3468 fetus
1303 3413 1629 3483 nuptiarum,
1683 3430 1856 3484 neque

275 3506 602 3578 despiciens.
637 3506 705 3560 Et
735 3505 835 3561 hoc
866 3506 1026 3560 modo
1053 3505 1277 3579 [Baluz.
1325 3505 1392 3560 Et
1427 3517 1549 3576 post
1584 3507 1860 3578 aliquanta

274 3598 347 3653 ibi
380 3616 396 3651 :
439 3597 556 3654 Hoc
600 3596 795 3669 modo]
839 3606 998 3652 natus
1031 3597 1281 3653 Christus
1309 3598 1471 3651 vitam
1505 3607 1773 3654 terrenam
1804 3600 1857 3656 in

274 3694 555 3749 cclestem
582 3692 1049 3747 conversationem
1079 3690 1371 3746 transferre
1396 3690 1647 3759 dignatus
1678 3693 1780 3745 est.

1970 2030 2120 2099 plena
2151 2029 2303 2102 (Luc.
2336 2047 2451 2097 xm,
2481 2030 2596 2101 28).
2635 2031 2702 2086 In
2736 2034 2945 2088 tristitia
2985 2036 3151 2103 paries
3189 2036 3361 2103 filios;
3388 2038 3552 2091 solvit

1970 2136 2066 2190 per
2095 2120 2147 2175 id
2176 2121 2317 2191 quod
2346 2123 2602 2192 scriptum
2644 2139 2659 2179 :
2698 2124 3002 2179 Benedictus
3035 2126 3232 2195 fructus
3260 2129 3448 2183 ventris
3475 2131 3550 2182 tui

1968 2208 2175 2282 (Ibid.).
2209 2210 2490 2267 Maledicta
2532 2222 2668 2268 terra
2706 2216 2760 2267 in
2803 2215 3038 2285 aperibus
3075 2218 3211 2280 tuis;
3247 2219 3407 2273 Solvit
3455 2234 3551 2288 per

1968 2302 2101 2357 illud
2133 2320 2145 2355 :
2178 2302 2359 2357 Gloria
2390 2305 2443 2357 in
2479 2306 2690 2359 excelsis
2711 2304 2840 2368 Deo,
2864 2316 2913 2360 et
2938 2307 2991 2360 in
3018 2316 3153 2360 terra
3178 2325 3280 2377 pax
3302 2308 3449 2379 (Luc.
3488 2326 3548 2376 tt,

1970 2395 2083 2462 14).
2118 2394 2307 2464 Spinas
2330 2404 2375 2450 et
2398 2395 2609 2451 tribulos
2635 2406 2768 2450 terra
2792 2398 2958 2468 ejiciet
2993 2399 3119 2464 tibi;
3150 2398 3363 2470 [Baluz.
3394 2404 3552 2456 solvit

1968 2485 2091 2557 per]
2123 2502 2218 2555 per
2238 2488 2504 2554 spinarum
2522 2504 2764 2543 coronam
2789 2491 2944 2559 capiti
2964 2495 3337 2561 superpOsitam
3366 2495 3548 2565 (Joan.

1966 2591 2076 2643 xix,
2110 2577 2167 2648 5)
2196 2578 2584 2649 (eradicatione
2610 2582 2753 2634 enim
2782 2580 2955 2650 dignm
2988 2582 3222 2651 fuerant,
3248 2586 3370 2653 quia
3403 2596 3550 2641 tanto

1964 2677 2124 2745 capiti
2159 2679 2693 2749 propinquaverant).
2725 2678 2790 2734 In
2815 2682 3004 2736 sudore
3031 2684 3198 2737 vultus
3226 2688 3298 2738 tui
3324 2689 3546 2742 mandu—

1963 2780 2101 2833 cabis
2143 2798 2357 2849 panem;
2384 2782 2547 2836 solvit
2589 2798 2685 2852 per
2722 2782 2773 2837 id
2815 2785 2958 2854 quod
2999 2785 3114 2840 ait:
3147 2785 3367 2855 Panem,
3397 2806 3549 2859 quem

1962 2897 2054 2950 ego
2078 2883 2207 2935 dabo
2227 2883 2385 2948 vobis,
2417 2901 2541 2939 caro
2562 2901 2673 2938 mea
2698 2894 2794 2953 est,
2819 2904 2969 2953 quam
2989 2904 3082 2958 ego
3104 2888 3234 2943 dabo
3257 2907 3349 2961 pro
3369 2892 3547 2945 steculi

1962 2982 2067 3034 vita
2094 2979 2282 3052 (Joan.
2312 2998 2387 3045 vi,
2418 2982 2543 3054 52).
2576 2983 2770 3049 Solvit,
2807 2987 2951 3055 quod
2980 2986 3272 3044 adversum
3300 3005 3397 3046 nos
3431 3007 3547 3047 ser-

1963 3082 2109 3150 penti
2138 3081 2338 3138 dictum
2361 3092 2445 3139 est
2475 3102 2488 3138 :
2521 3083 2599 3138 Tu
2628 3085 2912 3141 observabis
2942 3091 3053 3159 ejus
3078 3088 3415 3157 calcaneum;
3447 3108 3540 3162 per

1962 3180 2066 3237 hoc
2103 3182 2248 3253 quod
2286 3182 2494 3238 dictum
2527 3192 2613 3239 est
2650 3199 2667 3243 :
2704 3183 2836 3238 Dedi
2861 3185 2998 3240 vobis
3029 3195 3328 3256 potestatem
3350 3190 3550 3246 calcare

2506 3287 2735 3356 scorpios
2763 3286 2915 3359 (Luc.
2946 3304 3003 3354 x,
3040 3290 3149 3359 19).
3181 3290 3351 3346 Solvit
3376 3292 3541 3360 illam,

1962 3401 2083 3456 quae
2112 3395 2237 3457 post
2272 3394 2547 3457 peccatum
2579 3385 2721 3442 facta
2751 3397 2852 3452 est,
2887 3388 3204 3457 nuditatem,
3243 3406 3337 3459 per
3365 3408 3548 3448 resur—

1966 3486 2225 3542 rectionis
2252 3486 2436 3556 gloriae
2466 3486 2870 3558 incorruptibile
2898 3491 3304 3545 vestimentum.

2036 3588 2123 3645 12.
2165 3588 2365 3645 Horum
2388 3588 2629 3644 omnium
2667 3587 2721 3643 in
2757 3588 2904 3643 nullo
2944 3589 3080 3644 nulli
3119 3607 3242 3660 pars
3278 3602 3361 3647 est
3399 3602 3547 3651 cate-

1962 3690 2227 3747 chumeno
2265 3689 2482 3761 [Βαιιιι.
2521 3690 2955 3761 cathecumino].
2996 3690 3065 3745 Et
3091 3700 3116 3729 ι
3146 3694 3403 3763 quoniam
3444 3711 3542 3767 ap-

1422 3778 1969 3837 CASTIGATIONES
2011 3766 2099 3835 Er
2138 3779 2367 3834 noras.

349 3882 377 3911 ι
403 3872 502 3928 Hic
546 3887 634 3928 me
675 3871 825 3926 locus
866 3870 1121 3927 admonet
1156 3871 1335 3927 dicere
1366 3871 1609 3927 nonnihil
1640 3871 1708 3926 de
1732 3889 1856 3942 per-

274 3944 485 4015 vulgata
508 3943 1141 4015 opinioneiquorumdam
1165 3943 1584 4015 existimantium
1615 3942 1858 4015 (νίσεσθ-

272 4012 385 4069 rues
402 4016 494 4067 lib.
524 4030 544 4069 ι
569 4016 631 4069 de
660 4013 834 4083 Antiq.
867 4012 1024 4081 Bapt.
1056 4013 1254 4067 Ritibus
1277 4029 1322 4067 c.
1356 4014 1423 4084 19
1455 4024 1502 4066 et
1524 4013 1692 4084 seqq.)
1717 4016 1853 4068 dno-

274 4086 371 4139 bus
400 4096 610 4139 tantum
639 4084 828 4139 diebus
849 4084 980 4137 olim
1010 4085 1061 4138 in
1095 4084 1327 4138 Ecclesia
1362 4083 1684 4152 baptismum
1710 4086 1857 4141 cele-

272 4154 420 4211 brari
470 4157 733 4225 potuisse.
781 4153 1045 4208 Paschate
1092 4156 1341 4208 nimirum
1394 4163 1450 4208 et
1500 4154 1851 4219 Pentecoste;

272 4226 491 4281 ceteris
527 4225 891 4290 interdictum,
924 4226 1023 4278 nisi
1066 4226 1358 4279 necessitas
1387 4236 1622 4292 urgeret.
1659 4227 1854 4281 Fateor

274 4300 417 4352 hunc
441 4310 651 4351 morem
689 4297 739 4350 in
782 4294 1022 4350 Ecclesia
1048 4294 1398 4359 Occidentali,
1432 4297 1623 4350 saltem
1653 4297 1850 4351 cisms-

272 4368 413 4429 rina,
446 4366 777 4431 obtinuisse;
810 4381 913 4421 nec
947 4366 1242 4420 obtinuisse
1279 4374 1508 4430 tantum,
1549 4366 1644 4420 sed
1688 4370 1850 4421 etiam

274 4436 487 4505 legibus
516 4439 815 4505 sancitum;
848 4446 903 4490 at
927 4436 1193 4491 contendo
1219 4437 1271 4490 in
1301 4436 1534 4490 Ecclesia
1564 4435 1849 4501 Orientali,

273 4504 579 4574 praesertim
618 4504 1098 4574 Constantinopoli,
1133 4506 1288 4561 aliter
1323 4521 1438 4560 rem
1478 4522 1537 4560 se
1577 4506 1848 4573 habuisse,

271 4588 494 4648 tresque
524 4578 790 4632 exstitisse
817 4577 1064 4648 baptismi
1091 4577 1207 4648 dies
1229 4578 1520 4648 solemnes,
1550 4576 1747 4633 festum
1773 4579 1857 4632 lu-

272 4646 508 4710 minum,
535 4665 653 4717 qua:
682 4646 996 4718 Epiphania,
1026 4646 1231 4702 Pascha
1258 4661 1312 4704 et
1344 4647 1715 4703 Pentecosten.

1957 3874 2296 3947 illustrentur.
2343 3869 2579 3947 Christus
2621 3871 2931 3943 baptizatur,
2962 3874 3116 3947 simul
3150 3876 3545 3947 descendamus,

1958 3954 2013 4017 ut
2034 3944 2183 4017 simul
2202 3942 2556 4017 ascendamus,
2575 3954 2629 4017 et
2650 3942 2840 3998 Cretera
2864 3958 2983 4017 qua:
3003 3946 3279 4005 ύπαπάντη
3299 3942 3541 4017 minime,

1957 4015 2230 4139 Baptismo
2260 4010 2458 4068 Christi
2490 4012 2723 4069 maxime
2748 4010 3099 4080 conveniunt,
3124 4010 3541 4089 Opinionemqué

1996 4096 2212 4139 enoneu

1996 4096 2212 4140 GDOHBL

2027 4101 2236 4225 alii;
2266 4153 2460 4230 deinde
2489 4170 2560 4209 ex
2590 4154 2832 4230 oratione
2858 4157 2934 4230 τ’)θῄ
2960 4156 3071 4223 jam
3101 4156 3346 4230 laudata,
3386 4160 3541 4230 cujus

1958 4226 2170 4281 initium
2195 4235 2279 4280 est
2308 4244 2319 4278 :
2350 4226 2572 4299 sanctus
2592 4227 2851 4299 luminum
2882 4227 3013 4299 dies,
3040 4229 3111 4299 ad
3130 4245 3279 4295 quem
3308 4226 3540 4299 perveni-

1959 4313 2095 4360 mus,
2117 4312 2367 4370 quemque
2393 4297 2540 4370 hodie
2565 4298 2733 4370 divino
2765 4297 3010 4370 beneﬁcio
3035 4297 3419 4369 celebravimus,
3445 4320 3545 4370 pro

1960 4365 2447 4438 principioiquident
2476 4365 2666 4438 Christi
2699 4367 2819 4429 mei.
2853 4368 2949 4419 hoc
2985 4378 3081 4431 est,
3116 4384 3246 4423 vera:
3272 4365 3415 4425 lucis
3433 4365 3541 4426 om-

1957 4454 2074 4491 nent
2101 4437 2351 4508 hominem
2381 4438 2431 4487 in
2473 4437 2723 4489 mundum
2752 4438 3027 4491 venientem
3056 4438 3421 4508 illuminantis,
3454 4446 3542 4496 ba-

1959 4511 2203 4591 ptismum
2238 4507 2424 4591 habet;
2454 4522 2617 4559 meam
2650 4524 2849 4591 quoque
2888 4512 3537 4591 purgationembperatur.

1962 4578 2216 4643 Quocirca
2243 4578 2466 4629 divinam
2493 4593 2663 4629 vocem
2691 4580 2867 4632 audite
2890 4578 2922 4632 ':
2952 4578 3064 4648 Ego
3099 4597 3209 4633 sum
3250 4578 3339 4636 lua:
3364 4587 3542 4639 mundi

1960 4648 2155 4711 (Joan.
2188 4662 2303 4713 vni,
2350 4648 2477 4713 12);
2514 4658 2562 4701 et
2599 4649 2817 4718 proinde
2858 4651 3105 4711 accedite,
3151 4652 3536 4708 illuminamini.

340 4719 401 4773 Id
430 4695 629 4785 colligo
654 4695 881 4789 prirm'nm
909 4695 1455 4784 ex'oratioiie.vquatn
1488 4695 1853 4774 Nazianzenus
1876 4695 1930 4753 Β
1956 4695 2180 4788 Tempus
2205 4695 2627 4785 reg'enerdtionisr,
2655 4719 2875 4786 desuper
2900 4695 3333 4789 gignuiriuivviat'c".

274 4790 463 4843 habuit
505 4787 764 4858 postridie
806 4789 1002 4842 lumina
1048 4790 1224 4858 (Orat.
1255 4790 1369 4859 40),
1414 4805 1626 4858 quaque
1664 4790 1718 4844 in
1758 4806 1852 4844 eos

272 4862 362 4924 qui
392 4876 458 4913 ex
486 4876 595 4913 uno
623 4858 848 4913 solemni
880 4859 967 4913 die
995 4861 1046 4913 in
1077 4860 1301 4913 alterum
1332 4858 1593 4928 baptizari
1634 4860 1852 4915 differe-

273 4930 427 4991 bant.
452 4931 799 4984 vehementer
822 4930 1065 4983 invectus
1091 4939 1173 4984 est
1202 4948 1214 4983 :
1237 4929 1353 4983 Hoc
1375 4940 1422 4982 et
1445 4930 1575 4983 illud
1599 4932 1852 4994 causaris,

273 5000 470 5067 inquit,
486 5011 641 5070 atque
660 5015 876 5070 excusas
895 5002 1244 5053 excusationes
1262 5001 1315 5053 in
1340 5001 1581 5067 peccatis,
1603 5002 1854 5070 luminum

272 5070 409 5121 diem
432 5069 689 5136 exspecto.
726 5069 990 5139 Paschalis
1019 5070 1207 5137 festum
1236 5071 1399 5139 pluris
1425 5071 1584 5138 facio,
1611 5069 1857 5125 Penteco-

268 5149 387 5212 sten
415 5140 739 5207 exspectabo.
782 5138 910 5212 Cum
948 5140 1151 5212 Christo
1190 5138 1439 5212 baptizari
1480 5150 1709 5206 prwstat,
1740 5158 1854 5195 cum

272 5207 484 5264 Christo
527 5213 579 5264 in
608 5210 992 5281 resurrectionis
1018 5211 1101 5263 die
1134 5213 1201 5263 ad
1227 5207 1377 5264 vitam
1406 5212 1596 5268 redire.
1626 5212 1857 5281 Spiritus

274 5282 551 5334 adventum
583 5286 856 5334 honorare.
888 5280 1025 5344 Quid
1054 5283 1263 5350 postea?
1305 5281 1479 5335 Veniet
1514 5283 1628 5335 vita:
1658 5280 1775 5343 linis
1803 5285 1857 5334 in

276 5351 356 5403 die
375 5367 535 5419 quam
561 5368 663 5405 non
685 5360 973 5417 exspectas.
1002 5361 1048 5405 et
1075 5353 1129 5404 in
1157 5355 1284 5405 hora
1308 5368 1463 5421 quam
1490 5353 1715 5420 ignoras.
1746 5364 1852 5407 etc.

276 5421 433 5475 iuvat
459 5424 749 5478 consulere
774 5421 1012 5476 Nicetam
1036 5423 1100 5475 ad
1129 5421 1270 5477 hunc
1300 5423 1499 5476 locum.

342 5491 401 5546 Si
433 5493 562 5563 quis
589 5508 715 5563 vero
745 5505 871 5563 cum
905 5492 1140 5563 Pamelio
1167 5501 1317 5560 putet
1345 5491 1440 5557 (In
1470 5501 1615 5545 notas
1654 5494 1720 5545 ad
1760 5493 1853 5549 lib.

277 5558 500 5618 Tertull.
515 5565 579 5619 de
593 5561 899 5631 Baptism),
914 5562 1055 5618 diem
1075 5558 1333 5617 luminum
1351 5563 1514 5618 fuisse
1530 5564 1850 5627 ὑπαπάντην,

274 5646 433 5697 quam
477 5648 578 5687 nos
614 5633 1047 5687 Purificationem
1073 5633 1309 5703 Virginis
1336 5648 1615 5699 vocamus,
1641 5636 1856 5703 quando

276 5705 587 5768 proceditur
614 5720 732 5760 cum
764 5703 1023 5769 candelis,
1062 5704 1198 5773 legat
1228 5705 1315 5760 ille
1350 5705 1559 5759 initium
1594 5704 1857 5758 orationis

277 5773 523 5844 laudatae,
566 5788 795 5843 eamque
841 5774 1086 5844 conferat
1125 5790 1246 5829 cum
1292 5775 1633 5844 praecedente
1676 5774 1849 5844 (Orat.

276 5842 387 5905 89).
429 5859 551 5914 quae
591 5842 909 5901 inscribitur
952 5843 1019 5897 In
1059 5860 1208 5914 sacra
1237 5842 1471 5910 lumina;
1510 5842 1854 5911 attendatque

276 5913 342 5967 ad
372 5913 486 5972 hac
514 5919 674 5975 verba
711 5914 818 5974 sub
850 5915 1036 5978 finem,
1070 5913 1304 5971 Christus
1330 5916 1669 5981 illuminatur,
1700 5914 1853 5970 simul

2027 4790 2231 4865 (lolligo
2254 4789 2431 4865 tertio,
2450 4791 2641 4865 partim
2661 4805 2727 4865 ex
2752 4790 3361 4865 Prato_spiri_tuali(Cap.
3382 4792 3536 4865 21.1),

1958 4859 2046 4914 ubi
2078 4859 2137 4914 fit
2164 4858 2371 4913 mentio
2400 4858 2658 4913 solemnis
2686 4861 2937 4928 baptismi
2968 4858 3018 4912 in
3052 4858 3366 4927 Epiphaniis
3392 4858 3539 4919 cele-

1958 4931 2121 4996 brati,
2150 4942 2202 4983 et
2243 4929 2502 5001 miraculo
2541 4930 3129 5001 quotannisrdivinitus
3166 4934 3533 5001 comprobati;

1958 5013 2071 5055 tum
2100 5016 2170 5055 ex
2207 4999 2535 5072 letrastichis
2561 5000 2806 5072 iambicis
2846 5000 3159 5072 Damasceni
3208 5002 3259 5055 in
3303 4999 3537 5072 Epipha-

1957 5071 2124 5136 niam,
2168 5072 2360 5139 quibus
2404 5067 2761 5138 prolixissime
2804 5072 2862 5124 fit
2900 5073 3101 5125 mentio
3141 5067 3537 5141 baptismi-hoc

1958 5143 2047 5196 die
2076 5141 2191 5195 fieri
2219 5141 2384 5194 soliti.

2029 5211 2236 5281 Collige
2268 5222 2459 5279 quarto
2488 5227 2556 5265 ex
2600 5226 2667 5265 eo
2706 5210 2846 5279 quod
2880 5211 3017 5266 inter
3048 5211 3269 5268 Graecos
3300 5230 3538 5272 canones

1958 5281 2139 5337 nullus
2169 5284 2489 5347 reperiatur,
2513 5282 2654 5350 quod
2684 5284 2876 5348 sciam,
2902 5283 2992 5351 qui
3022 5283 3157 5337 duos
3183 5292 3391 5340 tantum
3420 5288 3538 5343 dies

1958 5351 2225 5419 baptismo
2259 5351 2490 5416 tribuat;
2514 5353 2660 5406 unde
2684 5354 2764 5405 vix
2801 5369 2907 5405 non
2938 5354 3129 5420 Opinor
3149 5356 3350 5409 variam
3374 5356 3540 5415 fuisse

1958 5421 2123 5476 variis
2167 5422 2219 5475 in
2269 5422 2526 5477 Ecclesiis
2575 5423 2981 5490 particularibns
3026 5427 3470 5483 c0nsnetudioem
3521 5447 3535 5482 :

1958 5507 2082 5546 nam
2122 5492 2349 5565 Basilius
2380 5490 2587 5565 (Serm.
2621 5491 2822 5547 esltort.
2854 5494 2919 5547 ad
2946 5493 3110 5565 bapt.)
3142 5496 3357 5551 tradere
3385 5498 3540 5551 vide-

1960 5570 2047 5616 tur
2081 5579 2183 5616 non
2215 5562 2500 5616 admodum
2540 5563 2769 5617 obscure
2804 5564 2855 5617 in
2898 5562 3364 5632 sua—Cappadocia
3401 5569 3539 5622 duos

1962 5640 2165 5686 tantum
2207 5632 2323 5686 dies
2360 5643 2602 5687 servatos
2647 5633 2830 5687 fuisse.
2879 5634 3037 5688 Certe
3078 5634 3131 5687 in
3160 5634 3436 5691 ThesSalia
3486 5640 3537 5690 in

1960 5703 2075 5774 solo
2122 5702 2400 5774 Paschate‘
2421 5702 2500 5757 fas
2546 5715 2662 5774 erat
2707 5705 2998 5772 bapt7zare,
3050 5705 3190 5774 quod
3238 5720 3268 5758 a
3314 5707 3537 5762 Soerate

1960 5771 2099 5840 (Lib.
2141 5788 2171 5824 ν
2215 5788 2330 5841 cap.
2374 5771 2467 5839 9.1)
2516 5784 2571 5843 et
2612 5771 2914 5842 Nicephoro
2959 5771 3099 5842 (Lib.
3149 5790 3222 5828 xii
3262 5792 3377 5843 cap.
3418 5776 3531 5843 51),

1959 5844 2100 5897 velut
2132 5843 2389 5897 abnnrme
2414 5842 2669 5910 quiddam
2700 5854 2754 5899 et
2785 5844 3075 5899 multorum
3104 5846 3261 5897 saluti
3292 5842 3533 5912 noxium,

1961 5912 2343 5981 reprehensum
2376 5926 2476 5969 cst.
