  <div class='ocr_page' id='page_1' title='image "/cluster/home/n/w/nwhite01/storage/ocr_20150623/48/hvd.32044096580691/104.png"; bbox 0 0 3996 6184; ppageno 0'>
   <div class='ocr_carea' id='block_1_1' title="bbox 232 412 2661 482">
    <p class='ocr_par' dir='ltr' id='par_1_1' title="bbox 232 412 2661 482">
     <span class='ocr_line' id='line_1_1' title="bbox 232 412 2661 482; baseline -0.004 -1"><span class='ocrx_word' id='word_1_1' title='bbox 232 427 305 482; x_wconf 63' lang='grc' dir='ltr'><strong>ιιι</strong></span> <span class='ocrx_word' id='word_1_2' title='bbox 886 414 1199 473; x_wconf 74' lang='lat' dir='ltr'><strong>NESTORII</strong></span> <span class='ocrx_word' id='word_1_3' title='bbox 1235 413 1643 471; x_wconf 79' lang='lat' dir='ltr'><strong>TRACTATUS</strong></span> <span class='ocrx_word' id='word_1_4' title='bbox 1681 412 1953 469; x_wconf 75' lang='lat' dir='ltr'><strong>CONTRA</strong></span> <span class='ocrx_word' id='word_1_5' title='bbox 1996 413 2324 469; x_wconf 65' lang='lat' dir='ltr'><strong>HERESIM</strong></span> <span class='ocrx_word' id='word_1_6' title='bbox 2366 413 2661 471; x_wconf 82' lang='lat' dir='ltr'><strong>PELAGll.</strong></span> 
     </span>
    </p>
   </div>
   <div class='ocr_carea' id='block_1_2' title="bbox 3293 422 3394 478">
    <p class='ocr_par' dir='ltr' id='par_1_2' title="bbox 3293 422 3394 478">
     <span class='ocr_line' id='line_1_2' title="bbox 3293 422 3394 478; baseline 0.04 -4"><span class='ocrx_word' id='word_1_7' title='bbox 3293 422 3394 478; x_wconf 67' lang='lat' dir='ltr'><strong>NB</strong></span> 
     </span>
    </p>
   </div>
   <div class='ocr_carea' id='block_1_3' title="bbox 232 529 1733 602">
    <p class='ocr_par' dir='ltr' id='par_1_3' title="bbox 232 529 1714 602">
     <span class='ocr_line' id='line_1_3' title="bbox 232 529 1714 602; baseline -0.009 -9"><span class='ocrx_word' id='word_1_8' title='bbox 232 545 301 597; x_wconf 74' lang='lat' dir='ltr'><strong>has</strong></span> <span class='ocrx_word' id='word_1_9' title='bbox 330 543 585 592; x_wconf 79' lang='lat' dir='ltr'><strong>sententias</strong></span> <span class='ocrx_word' id='word_1_10' title='bbox 624 531 802 599; x_wconf 72' lang='lat' dir='ltr'><strong>Solvit,</strong></span> <span class='ocrx_word' id='word_1_11' title='bbox 845 543 901 586; x_wconf 85' lang='lat' dir='ltr'><strong>et</strong></span> <span class='ocrx_word' id='word_1_12' title='bbox 941 532 1225 602; x_wconf 83' lang='lat' dir='ltr'><strong>ﬁgurarum</strong></span> <span class='ocrx_word' id='word_1_13' title='bbox 1270 532 1446 585; x_wconf 86' lang='lat' dir='ltr'><strong>socius</strong></span> <span class='ocrx_word' id='word_1_14' title='bbox 1498 529 1714 602; x_wconf 78' lang='lat' dir='ltr'><strong>[Baluz.</strong></span> 
     </span>
    </p>
   </div>
   <div class='ocr_carea' id='block_1_4' title="bbox 1841 529 3401 602">
    <p class='ocr_par' dir='ltr' id='par_1_4' title="bbox 1841 531 3401 598">
     <span class='ocr_line' id='line_1_4' title="bbox 1841 531 3401 598; baseline 0.009 -21"><span class='ocrx_word' id='word_1_15' title='bbox 1841 536 2001 580; x_wconf 81' lang='lat' dir='ltr'><strong>tntem</strong></span> <span class='ocrx_word' id='word_1_16' title='bbox 2032 542 2153 595; x_wconf 68' lang='lat' dir='ltr'><strong>quae</strong></span> <span class='ocrx_word' id='word_1_17' title='bbox 2180 542 2284 581; x_wconf 88' lang='grc' dir='ltr'>ιιοιι</span> <span class='ocrx_word' id='word_1_18' title='bbox 2311 537 2570 581; x_wconf 72' lang='lat' dir='ltr'><strong>vocantur</strong></span> <span class='ocrx_word' id='word_1_19' title='bbox 2605 536 2870 596; x_wconf 88' lang='lat' dir='ltr'><strong>tamquam</strong></span> <span class='ocrx_word' id='word_1_20' title='bbox 2910 531 3021 598; x_wconf 72' lang='lat' dir='ltr'><strong>jam</strong></span> <span class='ocrx_word' id='word_1_21' title='bbox 3056 543 3401 595; x_wconf 64' lang='lat' dir='ltr'><strong>vocarentur.</strong></span> 
     </span>
    </p>
   </div>
   <div class='ocr_carea' id='block_1_5' title="bbox 233 623 1717 696">
    <p class='ocr_par' dir='ltr' id='par_1_5' title="bbox 233 623 1717 696">
     <span class='ocr_line' id='line_1_5' title="bbox 233 623 1717 696; baseline -0.008 -8"><span class='ocrx_word' id='word_1_22' title='bbox 233 649 308 688; x_wconf 89' lang='lat' dir='ltr'><strong>non</strong></span> <span class='ocrx_word' id='word_1_23' title='bbox 332 630 478 684; x_wconf 80' lang='lat' dir='ltr'><strong>factus</strong></span> <span class='ocrx_word' id='word_1_24' title='bbox 504 623 777 696; x_wconf 84' lang='lat' dir='ltr'><strong>verorum]</strong></span> <span class='ocrx_word' id='word_1_25' title='bbox 808 623 1001 691; x_wconf 81' lang='lat' dir='ltr'><strong>factus,</strong></span> <span class='ocrx_word' id='word_1_26' title='bbox 1033 640 1135 678; x_wconf 91' lang='lat' dir='ltr'><strong>non</strong></span> <span class='ocrx_word' id='word_1_27' title='bbox 1167 638 1417 678; x_wconf 86' lang='lat' dir='ltr'><strong>verorum</strong></span> <span class='ocrx_word' id='word_1_28' title='bbox 1447 624 1717 692; x_wconf 85' lang='lat' dir='ltr'><strong>exempla-</strong></span> 
     </span>
    </p>
   </div>
   <div class='ocr_carea' id='block_1_6' title="bbox 232 717 1246 790">
    <p class='ocr_par' dir='ltr' id='par_1_6' title="bbox 232 717 1246 790">
     <span class='ocr_line' id='line_1_6' title="bbox 232 717 1246 790; baseline -0.009 -10"><span class='ocrx_word' id='word_1_29' title='bbox 232 726 399 790; x_wconf 84' lang='lat' dir='ltr'><strong>riornm,</strong></span> <span class='ocrx_word' id='word_1_30' title='bbox 429 736 527 773; x_wconf 91' lang='lat' dir='ltr'><strong>non</strong></span> <span class='ocrx_word' id='word_1_31' title='bbox 552 718 841 787; x_wconf 73' lang='lat' dir='ltr'><strong>replebitur</strong></span> <span class='ocrx_word' id='word_1_32' title='bbox 870 717 1246 789; x_wconf 83' lang='lat' dir='ltr'><strong>perfruitione.</strong></span> 
     </span>
    </p>
   </div>
   <div class='ocr_carea' id='block_1_7' title="bbox 282 809 1721 881">
    <p class='ocr_par' dir='ltr' id='par_1_7' title="bbox 282 809 1721 881">
     <span class='ocr_line' id='line_1_7' title="bbox 282 809 1721 881; baseline -0.006 -13"><span class='ocrx_word' id='word_1_33' title='bbox 282 825 299 852; x_wconf 76' lang='grc' dir='ltr'><strong>ι</strong></span> <span class='ocrx_word' id='word_1_34' title='bbox 313 814 365 868; x_wconf 82' lang='lat' dir='ltr'><strong>Et</strong></span> <span class='ocrx_word' id='word_1_35' title='bbox 379 813 561 881; x_wconf 88' lang='lat' dir='ltr'><strong>reliqua</strong></span> <span class='ocrx_word' id='word_1_36' title='bbox 579 810 641 864; x_wconf 90' lang='lat' dir='ltr'><strong>ad</strong></span> <span class='ocrx_word' id='word_1_37' title='bbox 659 825 775 865; x_wconf 88' lang='lat' dir='ltr'><strong>rem</strong></span> <span class='ocrx_word' id='word_1_38' title='bbox 798 819 1115 879; x_wconf 81' lang='lat' dir='ltr'><strong>praesentem</strong></span> <span class='ocrx_word' id='word_1_39' title='bbox 1138 810 1356 864; x_wconf 87' lang='lat' dir='ltr'><strong>minime</strong></span> <span class='ocrx_word' id='word_1_40' title='bbox 1378 809 1721 878; x_wconf 91' lang='lat' dir='ltr'><strong>pertinentia.</strong></span> 
     </span>
    </p>
   </div>
   <div class='ocr_carea' id='block_1_8' title="bbox 777 966 1120 1022">
    <p class='ocr_par' dir='ltr' id='par_1_8' title="bbox 777 966 1120 1022">
     <span class='ocr_line' id='line_1_8' title="bbox 777 966 1120 1022; baseline -0.009 0"><span class='ocrx_word' id='word_1_41' title='bbox 777 967 1007 1022; x_wconf 82' lang='lat' dir='ltr'><strong>SERMO</strong></span> <span class='ocrx_word' id='word_1_42' title='bbox 1058 966 1120 1020; x_wconf 91' lang='lat' dir='ltr'><strong>ll.</strong></span> 
     </span>
    </p>
   </div>
   <div class='ocr_carea' id='block_1_9' title="bbox 238 1081 1724 1154">
    <p class='ocr_par' dir='ltr' id='par_1_9' title="bbox 238 1081 1724 1154">
     <span class='ocr_line' id='line_1_9' title="bbox 238 1081 1724 1154; baseline -0.003 -17"><span class='ocrx_word' id='word_1_43' title='bbox 238 1088 325 1143; x_wconf 76' lang='lat' dir='ltr'><strong>tum</strong></span> <span class='ocrx_word' id='word_1_44' title='bbox 361 1084 566 1154; x_wconf 79' lang='lat' dir='ltr'><strong>ejusdem</strong></span> <span class='ocrx_word' id='word_1_45' title='bbox 612 1090 859 1136; x_wconf 84' lang='lat' dir='ltr'><strong>tractatus</strong></span> <span class='ocrx_word' id='word_1_46' title='bbox 896 1081 1027 1135; x_wconf 87' lang='lat' dir='ltr'><strong>alius</strong></span> <span class='ocrx_word' id='word_1_47' title='bbox 1074 1082 1143 1132; x_wconf 88' lang='lat' dir='ltr'><strong>ad</strong></span> <span class='ocrx_word' id='word_1_48' title='bbox 1181 1085 1422 1149; x_wconf 84' lang='lat' dir='ltr'><strong>papulum</strong></span> <span class='ocrx_word' id='word_1_49' title='bbox 1457 1082 1507 1134; x_wconf 89' lang='lat' dir='ltr'><strong>in</strong></span> <span class='ocrx_word' id='word_1_50' title='bbox 1539 1082 1724 1135; x_wconf 84' lang='lat' dir='ltr'><strong>Adam.</strong></span> 
     </span>
    </p>
   </div>
   <div class='ocr_carea' id='block_1_10' title="bbox 271 1221 1730 1283">
    <p class='ocr_par' dir='ltr' id='par_1_10' title="bbox 271 1221 1730 1283">
     <span class='ocr_line' id='line_1_10' title="bbox 271 1221 1730 1283; baseline -0.003 -10"><span class='ocrx_word' id='word_1_51' title='bbox 271 1226 341 1275; x_wconf 84' lang='lat' dir='ltr'><strong>Cur</strong></span> <span class='ocrx_word' id='word_1_52' title='bbox 356 1225 424 1271; x_wconf 86' lang='lat' dir='ltr'><strong>hic</strong></span> <span class='ocrx_word' id='word_1_53' title='bbox 443 1235 596 1271; x_wconf 83' lang='lat' dir='ltr'><strong>sermo</strong></span> <span class='ocrx_word' id='word_1_54' title='bbox 618 1222 830 1271; x_wconf 87' lang='lat' dir='ltr'><strong>secundo</strong></span> <span class='ocrx_word' id='word_1_55' title='bbox 868 1221 973 1270; x_wconf 90' lang='lat' dir='ltr'><strong>loco</strong></span> <span class='ocrx_word' id='word_1_56' title='bbox 994 1229 1281 1283; x_wconf 80' lang='lat' dir='ltr'><strong>reponatur,</strong></span> <span class='ocrx_word' id='word_1_57' title='bbox 1314 1234 1422 1270; x_wconf 90' lang='lat' dir='ltr'><strong>cum</strong></span> <span class='ocrx_word' id='word_1_58' title='bbox 1446 1227 1646 1282; x_wconf 86' lang='lat' dir='ltr'><strong>quartus</strong></span> <span class='ocrx_word' id='word_1_59' title='bbox 1667 1223 1730 1271; x_wconf 90' lang='lat' dir='ltr'><strong>sit</strong></span> 
     </span>
    </p>
   </div>
   <div class='ocr_carea' id='block_1_11' title="bbox 231 1284 1724 1345">
    <p class='ocr_par' dir='ltr' id='par_1_11' title="bbox 231 1284 1724 1345">
     <span class='ocr_line' id='line_1_11' title="bbox 231 1284 1724 1345; baseline -0.003 -9"><span class='ocrx_word' id='word_1_60' title='bbox 231 1286 407 1336; x_wconf 80' lang='lat' dir='ltr'><strong>incodice</strong></span> <span class='ocrx_word' id='word_1_61' title='bbox 429 1286 766 1344; x_wconf 80' lang='lat' dir='ltr'><strong>manuscripto,</strong></span> <span class='ocrx_word' id='word_1_62' title='bbox 788 1284 977 1331; x_wconf 78' lang='lat' dir='ltr'><strong>dicetur</strong></span> <span class='ocrx_word' id='word_1_63' title='bbox 1013 1284 1071 1331; x_wconf 88' lang='lat' dir='ltr'><strong>ad</strong></span> <span class='ocrx_word' id='word_1_64' title='bbox 1118 1288 1407 1345; x_wconf 78' lang='lat' dir='ltr'><strong>sequentem</strong></span> <span class='ocrx_word' id='word_1_65' title='bbox 1430 1295 1724 1345; x_wconf 85' lang='lat' dir='ltr'><strong>sermonem.</strong></span> 
     </span>
    </p>
   </div>
   <div class='ocr_carea' id='block_1_12' title="bbox 231 1343 1729 1415">
    <p class='ocr_par' dir='ltr' id='par_1_12' title="bbox 231 1343 1729 1415">
     <span class='ocr_line' id='line_1_12' title="bbox 231 1343 1729 1415; baseline -0.003 -20"><span class='ocrx_word' id='word_1_66' title='bbox 231 1347 378 1415; x_wconf 78' lang='lat' dir='ltr'><strong>llahitus</strong></span> <span class='ocrx_word' id='word_1_67' title='bbox 418 1345 601 1415; x_wconf 56' lang='lat' dir='ltr'><strong>videtur:</strong></span> <span class='ocrx_word' id='word_1_68' title='bbox 635 1343 807 1415; x_wconf 77' lang='lat' dir='ltr'><strong>endem</strong></span> <span class='ocrx_word' id='word_1_69' title='bbox 830 1356 955 1415; x_wconf 80' lang='lat' dir='ltr'><strong>anno</strong></span> <span class='ocrx_word' id='word_1_70' title='bbox 970 1349 1031 1415; x_wconf 19' lang='lat' dir='ltr'><strong>Act</strong></span> <span class='ocrx_word' id='word_1_71' title='bbox 1056 1343 1227 1415; x_wconf 65' lang='lat' dir='ltr'><strong>endem</strong></span> <span class='ocrx_word' id='word_1_72' title='bbox 1252 1343 1356 1415; x_wconf 74' lang='lat' dir='ltr'><strong>loco</strong></span> <span class='ocrx_word' id='word_1_73' title='bbox 1378 1356 1434 1391; x_wconf 89' lang='lat' dir='ltr'><strong>ac</strong></span> <span class='ocrx_word' id='word_1_74' title='bbox 1468 1344 1729 1415; x_wconf 37' lang='lat' dir='ltr'><strong>die_d.o_mi-</strong></span> 
     </span>
    </p>
   </div>
   <div class='ocr_carea' id='block_1_13' title="bbox 228 1405 1729 1466">
    <p class='ocr_par' dir='ltr' id='par_1_13' title="bbox 228 1405 1729 1466">
     <span class='ocr_line' id='line_1_13' title="bbox 228 1405 1729 1466; baseline -0.003 -9"><span class='ocrx_word' id='word_1_75' title='bbox 228 1410 315 1466; x_wconf 78' lang='lat' dir='ltr'><strong>nica,</strong></span> <span class='ocrx_word' id='word_1_76' title='bbox 334 1420 424 1454; x_wconf 89' lang='lat' dir='ltr'><strong>cum</strong></span> <span class='ocrx_word' id='word_1_77' title='bbox 446 1406 661 1465; x_wconf 86' lang='lat' dir='ltr'><strong>superior</strong></span> <span class='ocrx_word' id='word_1_78' title='bbox 676 1406 874 1466; x_wconf 80' lang='lat' dir='ltr'><strong>sabbato</strong></span> <span class='ocrx_word' id='word_1_79' title='bbox 890 1405 1047 1453; x_wconf 88' lang='lat' dir='ltr'><strong>dictus</strong></span> <span class='ocrx_word' id='word_1_80' title='bbox 1062 1406 1125 1466; x_wconf 85' lang='lat' dir='ltr'><strong>sit</strong></span> <span class='ocrx_word' id='word_1_81' title='bbox 1144 1405 1452 1466; x_wconf 72' lang='lat' dir='ltr'><strong>praecedens;</strong></span> <span class='ocrx_word' id='word_1_82' title='bbox 1476 1406 1562 1453; x_wconf 89' lang='lat' dir='ltr'><strong>sed</strong></span> <span class='ocrx_word' id='word_1_83' title='bbox 1582 1405 1729 1453; x_wconf 89' lang='lat' dir='ltr'><strong>iidem</strong></span> 
     </span>
    </p>
   </div>
   <div class='ocr_carea' id='block_1_14' title="bbox 228 1465 1727 1525">
    <p class='ocr_par' dir='ltr' id='par_1_14' title="bbox 228 1465 1727 1525">
     <span class='ocr_line' id='line_1_14' title="bbox 228 1465 1727 1525; baseline -0.001 -10"><span class='ocrx_word' id='word_1_84' title='bbox 228 1470 427 1515; x_wconf 77' lang='lat' dir='ltr'><strong>audierunt</strong></span> <span class='ocrx_word' id='word_1_85' title='bbox 446 1467 707 1525; x_wconf 80' lang='lat' dir='ltr'><strong>Pelagiani,</strong></span> <span class='ocrx_word' id='word_1_86' title='bbox 730 1465 794 1513; x_wconf 87' lang='lat' dir='ltr'><strong>de</strong></span> <span class='ocrx_word' id='word_1_87' title='bbox 817 1474 1021 1525; x_wconf 85' lang='lat' dir='ltr'><strong>peccato</strong></span> <span class='ocrx_word' id='word_1_88' title='bbox 1044 1465 1213 1514; x_wconf 85' lang='lat' dir='ltr'><strong>Adami</strong></span> <span class='ocrx_word' id='word_1_89' title='bbox 1235 1473 1387 1516; x_wconf 88' lang='lat' dir='ltr'><strong>totum</strong></span> <span class='ocrx_word' id='word_1_90' title='bbox 1409 1478 1567 1525; x_wconf 84' lang='lat' dir='ltr'><strong>genus</strong></span> <span class='ocrx_word' id='word_1_91' title='bbox 1587 1478 1727 1514; x_wconf 89' lang='lat' dir='ltr'><strong>suum</strong></span> 
     </span>
    </p>
   </div>
   <div class='ocr_carea' id='block_1_15' title="bbox 227 1526 1731 1591">
    <p class='ocr_par' dir='ltr' id='par_1_15' title="bbox 227 1526 1731 1591">
     <span class='ocr_line' id='line_1_15' title="bbox 227 1526 1731 1591; baseline 0 -18"><span class='ocrx_word' id='word_1_92' title='bbox 227 1529 443 1591; x_wconf 71' lang='lat' dir='ltr'><strong>obligaalis,</strong></span> <span class='ocrx_word' id='word_1_93' title='bbox 469 1533 517 1575; x_wconf 86' lang='lat' dir='ltr'><strong>et</strong></span> <span class='ocrx_word' id='word_1_94' title='bbox 532 1527 595 1575; x_wconf 88' lang='lat' dir='ltr'><strong>de</strong></span> <span class='ocrx_word' id='word_1_95' title='bbox 632 1527 840 1591; x_wconf 77' lang='lat' dir='ltr'><strong>adventu</strong></span> <span class='ocrx_word' id='word_1_96' title='bbox 874 1526 1048 1591; x_wconf 83' lang='lat' dir='ltr'><strong>Christi</strong></span> <span class='ocrx_word' id='word_1_97' title='bbox 1081 1534 1230 1591; x_wconf 83' lang='lat' dir='ltr'><strong>totum</strong></span> <span class='ocrx_word' id='word_1_98' title='bbox 1248 1529 1538 1591; x_wconf 34' lang='lat' dir='ltr'><strong>“reparantis</strong></span> <span class='ocrx_word' id='word_1_99' title='bbox 1573 1527 1731 1575; x_wconf 86' lang='lat' dir='ltr'><strong>disse-</strong></span> 
     </span>
    </p>
   </div>
   <div class='ocr_carea' id='block_1_16' title="bbox 226 1586 1731 1649">
    <p class='ocr_par' dir='ltr' id='par_1_16' title="bbox 226 1586 1731 1649">
     <span class='ocr_line' id='line_1_16' title="bbox 226 1586 1731 1649; baseline 0.001 -13"><span class='ocrx_word' id='word_1_100' title='bbox 226 1586 382 1638; x_wconf 71' lang='lat' dir='ltr'><strong>renfem.</strong></span> <span class='ocrx_word' id='word_1_101' title='bbox 419 1589 583 1649; x_wconf 83' lang='lat' dir='ltr'><strong>Sermo</strong></span> <span class='ocrx_word' id='word_1_102' title='bbox 625 1588 849 1649; x_wconf 79' lang='lat' dir='ltr'><strong>disertus</strong></span> <span class='ocrx_word' id='word_1_103' title='bbox 866 1596 961 1643; x_wconf 81' lang='lat' dir='ltr'><strong>est,</strong></span> <span class='ocrx_word' id='word_1_104' title='bbox 991 1587 1104 1636; x_wconf 88' lang='lat' dir='ltr'><strong>licet</strong></span> <span class='ocrx_word' id='word_1_105' title='bbox 1125 1588 1217 1639; x_wconf 89' lang='lat' dir='ltr'><strong>sub</strong></span> <span class='ocrx_word' id='word_1_106' title='bbox 1242 1586 1385 1649; x_wconf 76' lang='lat' dir='ltr'><strong>linem</strong></span> <span class='ocrx_word' id='word_1_107' title='bbox 1409 1586 1563 1636; x_wconf 82' lang='lat' dir='ltr'><strong>levior</strong></span> <span class='ocrx_word' id='word_1_108' title='bbox 1582 1595 1731 1649; x_wconf 89' lang='lat' dir='ltr'><strong>atque</strong></span> 
     </span>
    </p>
   </div>
   <div class='ocr_carea' id='block_1_17' title="bbox 226 1648 1620 1712">
    <p class='ocr_par' dir='ltr' id='par_1_17' title="bbox 226 1648 1620 1712">
     <span class='ocr_line' id='line_1_17' title="bbox 226 1648 1620 1712; baseline -0.001 -14"><span class='ocrx_word' id='word_1_109' title='bbox 226 1650 442 1712; x_wconf 79' lang='lat' dir='ltr'><strong>juvenilior.</strong></span> <span class='ocrx_word' id='word_1_110' title='bbox 463 1648 625 1711; x_wconf 79' lang='lat' dir='ltr'><strong>Capite</strong></span> <span class='ocrx_word' id='word_1_111' title='bbox 650 1654 805 1699; x_wconf 83' lang='lat' dir='ltr'><strong>caret.</strong></span> <span class='ocrx_word' id='word_1_112' title='bbox 830 1648 1069 1698; x_wconf 82' lang='lat' dir='ltr'><strong>Dividitur</strong></span> <span class='ocrx_word' id='word_1_113' title='bbox 1095 1650 1144 1697; x_wconf 91' lang='lat' dir='ltr'><strong>in</strong></span> <span class='ocrx_word' id='word_1_114' title='bbox 1163 1648 1413 1698; x_wconf 89' lang='lat' dir='ltr'><strong>duodecim</strong></span> <span class='ocrx_word' id='word_1_115' title='bbox 1440 1658 1620 1711; x_wconf 88' lang='lat' dir='ltr'><strong>partes.</strong></span> 
     </span>
    </p>
   </div>
   <div class='ocr_carea' id='block_1_18' title="bbox 274 1772 1729 1845">
    <p class='ocr_par' dir='ltr' id='par_1_18' title="bbox 274 1772 1729 1845">
     <span class='ocr_line' id='line_1_18' title="bbox 274 1772 1729 1845; baseline -0.001 -16"><span class='ocrx_word' id='word_1_116' title='bbox 274 1777 315 1829; x_wconf 90' lang='lat' dir='ltr'><strong>l.</strong></span> <span class='ocrx_word' id='word_1_117' title='bbox 336 1774 394 1828; x_wconf 83' lang='lat' dir='ltr'><strong>Et</strong></span> <span class='ocrx_word' id='word_1_118' title='bbox 433 1772 730 1826; x_wconf 90' lang='lat' dir='ltr'><strong>auditorum</strong></span> <span class='ocrx_word' id='word_1_119' title='bbox 780 1786 886 1837; x_wconf 90' lang='lat' dir='ltr'><strong>me,</strong></span> <span class='ocrx_word' id='word_1_120' title='bbox 916 1772 1005 1841; x_wconf 90' lang='lat' dir='ltr'><strong>qui</strong></span> <span class='ocrx_word' id='word_1_121' title='bbox 1054 1781 1366 1841; x_wconf 81' lang='lat' dir='ltr'><strong>exspectant</strong></span> <span class='ocrx_word' id='word_1_122' title='bbox 1399 1772 1608 1845; x_wconf 78' lang='lat' dir='ltr'><strong>[Baluz.</strong></span> <span class='ocrx_word' id='word_1_123' title='bbox 1642 1789 1729 1829; x_wconf 90' lang='lat' dir='ltr'><strong>me</strong></span> 
     </span>
    </p>
   </div>
   <div class='ocr_carea' id='block_1_19' title="bbox 227 1860 1727 1933">
    <p class='ocr_par' dir='ltr' id='par_1_19' title="bbox 227 1860 1727 1933">
     <span class='ocr_line' id='line_1_19' title="bbox 227 1860 1727 1933; baseline 0.001 -15"><span class='ocrx_word' id='word_1_124' title='bbox 227 1860 546 1933; x_wconf 74' lang='lat' dir='ltr'><strong>expetendum]</strong></span> <span class='ocrx_word' id='word_1_125' title='bbox 574 1863 895 1926; x_wconf 84' lang='lat' dir='ltr'><strong>doctrinam,</strong></span> <span class='ocrx_word' id='word_1_126' title='bbox 936 1862 1261 1917; x_wconf 87' lang='lat' dir='ltr'><strong>desiderium</strong></span> <span class='ocrx_word' id='word_1_127' title='bbox 1302 1873 1484 1919; x_wconf 83' lang='lat' dir='ltr'><strong>movet</strong></span> <span class='ocrx_word' id='word_1_128' title='bbox 1524 1873 1578 1919; x_wconf 89' lang='lat' dir='ltr'><strong>et</strong></span> <span class='ocrx_word' id='word_1_129' title='bbox 1628 1866 1727 1920; x_wconf 86' lang='lat' dir='ltr'><strong>im-</strong></span> 
     </span>
    </p>
   </div>
   <div class='ocr_carea' id='block_1_20' title="bbox 227 1953 1723 2025">
    <p class='ocr_par' dir='ltr' id='par_1_20' title="bbox 227 1953 1723 2025">
     <span class='ocr_line' id='line_1_20' title="bbox 227 1953 1723 2025; baseline 0.001 -15"><span class='ocrx_word' id='word_1_130' title='bbox 227 1954 424 2011; x_wconf 78' lang='lat' dir='ltr'><strong>becillitas</strong></span> <span class='ocrx_word' id='word_1_131' title='bbox 448 1955 511 2008; x_wconf 89' lang='lat' dir='ltr'><strong>ad</strong></span> <span class='ocrx_word' id='word_1_132' title='bbox 541 1953 814 2008; x_wconf 86' lang='lat' dir='ltr'><strong>silentium</strong></span> <span class='ocrx_word' id='word_1_133' title='bbox 846 1953 1014 2025; x_wconf 88' lang='lat' dir='ltr'><strong>magis</strong></span> <span class='ocrx_word' id='word_1_134' title='bbox 1062 1955 1322 2024; x_wconf 86' lang='lat' dir='ltr'><strong>impellit;</strong></span> <span class='ocrx_word' id='word_1_135' title='bbox 1353 1965 1587 2011; x_wconf 85' lang='lat' dir='ltr'><strong>attamen</strong></span> <span class='ocrx_word' id='word_1_136' title='bbox 1615 1958 1723 2013; x_wconf 90' lang='lat' dir='ltr'><strong>vim</strong></span> 
     </span>
    </p>
   </div>
   <div class='ocr_carea' id='block_1_21' title="bbox 228 2045 1542 2115">
    <p class='ocr_par' dir='ltr' id='par_1_21' title="bbox 228 2045 1542 2115">
     <span class='ocr_line' id='line_1_21' title="bbox 228 2045 1542 2115; baseline 0.005 -17"><span class='ocrx_word' id='word_1_137' title='bbox 228 2045 490 2115; x_wconf 63' lang='lat' dir='ltr'><strong>egritudinis</strong></span> <span class='ocrx_word' id='word_1_138' title='bbox 517 2045 869 2100; x_wconf 84' lang='lat' dir='ltr'><strong>sacerdotalis</strong></span> <span class='ocrx_word' id='word_1_139' title='bbox 898 2046 1059 2101; x_wconf 84' lang='lat' dir='ltr'><strong>omcii</strong></span> <span class='ocrx_word' id='word_1_140' title='bbox 1088 2046 1329 2102; x_wconf 90' lang='lat' dir='ltr'><strong>debitum</strong></span> <span class='ocrx_word' id='word_1_141' title='bbox 1357 2049 1542 2104; x_wconf 91' lang='lat' dir='ltr'><strong>vincit.</strong></span> 
     </span>
    </p>
   </div>
   <div class='ocr_carea' id='block_1_22' title="bbox 271 2134 1723 2209">
    <p class='ocr_par' dir='ltr' id='par_1_22' title="bbox 271 2134 1723 2209">
     <span class='ocr_line' id='line_1_22' title="bbox 271 2134 1723 2209; baseline 0.006 -21"><span class='ocrx_word' id='word_1_142' title='bbox 271 2136 312 2189; x_wconf 74' lang='lat'><strong>2.</strong></span> <span class='ocrx_word' id='word_1_143' title='bbox 337 2134 359 2174; x_wconf 69' lang='grc' dir='ltr'>δ</span> <span class='ocrx_word' id='word_1_144' title='bbox 381 2136 486 2190; x_wconf 77' lang='lat' dir='ltr'><strong>Mox</strong></span> <span class='ocrx_word' id='word_1_145' title='bbox 514 2139 684 2201; x_wconf 89' lang='lat' dir='ltr'><strong>enim,</strong></span> <span class='ocrx_word' id='word_1_146' title='bbox 712 2135 962 2191; x_wconf 88' lang='lat' dir='ltr'><strong>mandato</strong></span> <span class='ocrx_word' id='word_1_147' title='bbox 986 2138 1337 2206; x_wconf 67' lang='lat' dir='ltr'><strong>praacedente,</strong></span> <span class='ocrx_word' id='word_1_148' title='bbox 1362 2147 1628 2209; x_wconf 86' lang='lat' dir='ltr'><strong>tamquam</strong></span> <span class='ocrx_word' id='word_1_149' title='bbox 1651 2157 1723 2197; x_wconf 90' lang='lat' dir='ltr'><strong>ex</strong></span> 
     </span>
    </p>
   </div>
   <div class='ocr_carea' id='block_1_23' title="bbox 226 2228 1726 2301">
    <p class='ocr_par' dir='ltr' id='par_1_23' title="bbox 226 2228 1726 2301">
     <span class='ocr_line' id='line_1_23' title="bbox 226 2228 1726 2301; baseline 0.004 -20"><span class='ocrx_word' id='word_1_150' title='bbox 226 2243 270 2281; x_wconf 84' lang='lat' dir='ltr'><strong>eo</strong></span> <span class='ocrx_word' id='word_1_151' title='bbox 306 2228 563 2283; x_wconf 81' lang='lat' dir='ltr'><strong>ostendens</strong></span> <span class='ocrx_word' id='word_1_152' title='bbox 612 2238 819 2282; x_wconf 75' lang='lat' dir='ltr'><strong>natura:</strong></span> <span class='ocrx_word' id='word_1_153' title='bbox 866 2229 1114 2283; x_wconf 85' lang='lat' dir='ltr'><strong>humanae</strong></span> <span class='ocrx_word' id='word_1_154' title='bbox 1156 2232 1211 2284; x_wconf 92' lang='lat' dir='ltr'><strong>in</strong></span> <span class='ocrx_word' id='word_1_155' title='bbox 1239 2231 1503 2300; x_wconf 83' lang='lat' dir='ltr'><strong>sapientia</strong></span> <span class='ocrx_word' id='word_1_156' title='bbox 1528 2232 1726 2301; x_wconf 81' lang='lat' dir='ltr'><strong>profe—</strong></span> 
     </span>
    </p>
   </div>
   <div class='ocr_carea' id='block_1_24' title="bbox 224 2320 1725 2393">
    <p class='ocr_par' dir='ltr' id='par_1_24' title="bbox 224 2320 1725 2393">
     <span class='ocr_line' id='line_1_24' title="bbox 224 2320 1725 2393; baseline 0.003 -20"><span class='ocrx_word' id='word_1_157' title='bbox 224 2330 344 2385; x_wconf 87' lang='lat' dir='ltr'><strong>ctum,</strong></span> <span class='ocrx_word' id='word_1_158' title='bbox 367 2320 507 2375; x_wconf 72' lang='lat' dir='ltr'><strong>affert</strong></span> <span class='ocrx_word' id='word_1_159' title='bbox 551 2320 688 2374; x_wconf 68' lang='lat' dir='ltr'><strong>Adae</strong></span> <span class='ocrx_word' id='word_1_160' title='bbox 736 2321 1117 2390; x_wconf 88' lang='lat' dir='ltr'><strong>conspectibus</strong></span> <span class='ocrx_word' id='word_1_161' title='bbox 1162 2321 1439 2387; x_wconf 90' lang='lat' dir='ltr'><strong>animalia,</strong></span> <span class='ocrx_word' id='word_1_162' title='bbox 1489 2324 1605 2393; x_wconf 91' lang='lat' dir='ltr'><strong>qui,</strong></span> <span class='ocrx_word' id='word_1_163' title='bbox 1660 2325 1725 2379; x_wconf 90' lang='lat' dir='ltr'><strong>ad</strong></span> 
     </span>
    </p>
   </div>
   <div class='ocr_carea' id='block_1_25' title="bbox 223 2412 1727 2485">
    <p class='ocr_par' dir='ltr' id='par_1_25' title="bbox 223 2412 1727 2485">
     <span class='ocr_line' id='line_1_25' title="bbox 223 2412 1727 2485; baseline 0.006 -22"><span class='ocrx_word' id='word_1_164' title='bbox 223 2412 573 2482; x_wconf 81' lang='lat' dir='ltr'><strong>uniuscujusque</strong></span> <span class='ocrx_word' id='word_1_165' title='bbox 604 2420 873 2481; x_wconf 89' lang='lat' dir='ltr'><strong>naturam,</strong></span> <span class='ocrx_word' id='word_1_166' title='bbox 904 2414 1131 2484; x_wconf 74' lang='lat' dir='ltr'><strong>singulis</strong></span> <span class='ocrx_word' id='word_1_167' title='bbox 1167 2429 1234 2469; x_wconf 90' lang='lat' dir='ltr'><strong>ex</strong></span> <span class='ocrx_word' id='word_1_168' title='bbox 1279 2422 1524 2485; x_wconf 90' lang='lat' dir='ltr'><strong>tempore</strong></span> <span class='ocrx_word' id='word_1_169' title='bbox 1562 2432 1727 2472; x_wconf 90' lang='lat' dir='ltr'><strong>voca-</strong></span> 
     </span>
    </p>
   </div>
   <div class='ocr_carea' id='block_1_26' title="bbox 222 2501 1729 2580">
    <p class='ocr_par' dir='ltr' id='par_1_26' title="bbox 222 2501 1729 2580">
     <span class='ocr_line' id='line_1_26' title="bbox 222 2501 1729 2580; baseline 0.007 -25"><span class='ocrx_word' id='word_1_170' title='bbox 222 2501 311 2556; x_wconf 84' lang='lat' dir='ltr'><strong>bula</strong></span> <span class='ocrx_word' id='word_1_171' title='bbox 332 2504 637 2573; x_wconf 85' lang='lat' dir='ltr'><strong>imponebat,</strong></span> <span class='ocrx_word' id='word_1_172' title='bbox 668 2511 725 2558; x_wconf 93' lang='lat' dir='ltr'><strong>et</strong></span> <span class='ocrx_word' id='word_1_173' title='bbox 751 2502 927 2559; x_wconf 82' lang='lat' dir='ltr'><strong>fontes</strong></span> <span class='ocrx_word' id='word_1_174' title='bbox 957 2507 1254 2569; x_wconf 85' lang='lat' dir='ltr'><strong>nominum,</strong></span> <span class='ocrx_word' id='word_1_175' title='bbox 1287 2511 1729 2580; x_wconf 85' lang='lat' dir='ltr'><strong>scaturiensqno-</strong></span> 
     </span>
    </p>
   </div>
   <div class='ocr_carea' id='block_1_27' title="bbox 220 2594 1728 2665">
    <p class='ocr_par' dir='ltr' id='par_1_27' title="bbox 220 2594 1728 2665">
     <span class='ocr_line' id='line_1_27' title="bbox 220 2594 1728 2665; baseline 0.007 -17"><span class='ocrx_word' id='word_1_176' title='bbox 220 2594 469 2662; x_wconf 79' lang='lat' dir='ltr'><strong>dammodo,</strong></span> <span class='ocrx_word' id='word_1_177' title='bbox 498 2595 834 2651; x_wconf 75' lang='lat' dir='ltr'><strong>eﬂ&#39;nndehat.</strong></span> <span class='ocrx_word' id='word_1_178' title='bbox 863 2596 930 2650; x_wconf 86' lang='lat' dir='ltr'><strong>Et</strong></span> <span class='ocrx_word' id='word_1_179' title='bbox 958 2605 1076 2650; x_wconf 86' lang='lat' dir='ltr'><strong>erat</strong></span> <span class='ocrx_word' id='word_1_180' title='bbox 1104 2597 1321 2665; x_wconf 87' lang='lat' dir='ltr'><strong>quidem</strong></span> <span class='ocrx_word' id='word_1_181' title='bbox 1364 2599 1504 2655; x_wconf 87' lang='lat' dir='ltr'><strong>Dens</strong></span> <span class='ocrx_word' id='word_1_182' title='bbox 1546 2618 1728 2658; x_wconf 78' lang='lat' dir='ltr'><strong>vocans</strong></span> 
     </span>
    </p>
   </div>
   <div class='ocr_carea' id='block_1_28' title="bbox 219 2690 1725 2765">
    <p class='ocr_par' dir='ltr' id='par_1_28' title="bbox 219 2690 1725 2765">
     <span class='ocr_line' id='line_1_28' title="bbox 219 2690 1725 2765; baseline 0.01 -25"><span class='ocrx_word' id='word_1_183' title='bbox 219 2704 304 2755; x_wconf 73' lang='lat' dir='ltr'><strong>qua</strong></span> <span class='ocrx_word' id='word_1_184' title='bbox 317 2705 400 2744; x_wconf 88' lang='lat' dir='ltr'><strong>non</strong></span> <span class='ocrx_word' id='word_1_185' title='bbox 420 2700 559 2744; x_wconf 88' lang='lat' dir='ltr'><strong>erant</strong></span> <span class='ocrx_word' id='word_1_186' title='bbox 583 2697 841 2759; x_wconf 84' lang='lat' dir='ltr'><strong>tamquam</strong></span> <span class='ocrx_word' id='word_1_187' title='bbox 857 2704 970 2759; x_wconf 83' lang='lat' dir='ltr'><strong>qua:</strong></span> <span class='ocrx_word' id='word_1_188' title='bbox 987 2700 1149 2745; x_wconf 90' lang='lat' dir='ltr'><strong>essent</strong></span> <span class='ocrx_word' id='word_1_189' title='bbox 1166 2690 1340 2762; x_wconf 84' lang='lat' dir='ltr'><strong>(Rom.</strong></span> <span class='ocrx_word' id='word_1_190' title='bbox 1359 2696 1461 2759; x_wconf 81' lang='lat' dir='ltr'><strong>tv,l</strong></span> <span class='ocrx_word' id='word_1_191' title='bbox 1472 2692 1593 2765; x_wconf 77' lang='lat' dir='ltr'><strong>7).A</strong></span> <span class='ocrx_word' id='word_1_192' title='bbox 1604 2698 1725 2754; x_wconf 89' lang='lat' dir='ltr'><strong>dam</strong></span> 
     </span>
    </p>
   </div>
   <div class='ocr_carea' id='block_1_29' title="bbox 1897 616 3397 691">
    <p class='ocr_par' dir='ltr' id='par_1_29' title="bbox 1897 616 3397 691">
     <span class='ocr_line' id='line_1_29' title="bbox 1897 616 3397 691; baseline 0.006 -21"><span class='ocrx_word' id='word_1_193' title='bbox 1897 618 1949 670; x_wconf 80' lang='grc'><strong>5.</strong></span> <span class='ocrx_word' id='word_1_194' title='bbox 1985 626 2007 653; x_wconf 77' lang='grc' dir='ltr'><strong>ο</strong></span> <span class='ocrx_word' id='word_1_195' title='bbox 2038 616 2419 686; x_wconf 88' lang='lat' dir='ltr'><strong>Oquantornm</strong></span> <span class='ocrx_word' id='word_1_196' title='bbox 2453 617 2716 671; x_wconf 91' lang='lat' dir='ltr'><strong>donorum</strong></span> <span class='ocrx_word' id='word_1_197' title='bbox 2756 620 3052 687; x_wconf 83' lang='lat' dir='ltr'><strong>gratiarum</strong></span> <span class='ocrx_word' id='word_1_198' title='bbox 3103 624 3397 691; x_wconf 87' lang='lat' dir='ltr'><strong>actionem,</strong></span> 
     </span>
    </p>
   </div>
   <div class='ocr_carea' id='block_1_30' title="bbox 1829 705 3394 779">
    <p class='ocr_par' dir='ltr' id='par_1_30' title="bbox 1829 705 3394 779">
     <span class='ocr_line' id='line_1_30' title="bbox 1829 705 3394 779; baseline 0.008 -21"><span class='ocrx_word' id='word_1_199' title='bbox 1829 708 2017 773; x_wconf 81' lang='lat' dir='ltr'><strong>Adam,</strong></span> <span class='ocrx_word' id='word_1_200' title='bbox 2050 708 2157 762; x_wconf 90' lang='lat' dir='ltr'><strong>Deo</strong></span> <span class='ocrx_word' id='word_1_201' title='bbox 2201 723 2319 762; x_wconf 89' lang='lat' dir='ltr'><strong>meo</strong></span> <span class='ocrx_word' id='word_1_202' title='bbox 2351 705 2564 778; x_wconf 78' lang='lat' dir='ltr'><strong>[Baluz.</strong></span> <span class='ocrx_word' id='word_1_203' title='bbox 2599 726 2700 761; x_wconf 90' lang='lat' dir='ltr'><strong>om.</strong></span> <span class='ocrx_word' id='word_1_204' title='bbox 2740 707 2893 779; x_wconf 89' lang='lat' dir='ltr'><strong>meo]</strong></span> <span class='ocrx_word' id='word_1_205' title='bbox 2926 726 3031 765; x_wconf 89' lang='lat' dir='ltr'><strong>non</strong></span> <span class='ocrx_word' id='word_1_206' title='bbox 3078 712 3394 771; x_wconf 82' lang='lat' dir='ltr'><strong>reddidisti!</strong></span> 
     </span>
    </p>
   </div>
   <div class='ocr_carea' id='block_1_31' title="bbox 1827 798 3398 872">
    <p class='ocr_par' dir='ltr' id='par_1_31' title="bbox 1827 798 3398 872">
     <span class='ocr_line' id='line_1_31' title="bbox 1827 798 3398 872; baseline 0.005 -20"><span class='ocrx_word' id='word_1_207' title='bbox 1827 798 2009 853; x_wconf 88' lang='lat' dir='ltr'><strong>Fictns</strong></span> <span class='ocrx_word' id='word_1_208' title='bbox 2063 813 2123 854; x_wconf 91' lang='lat' dir='ltr'><strong>es</strong></span> <span class='ocrx_word' id='word_1_209' title='bbox 2172 815 2233 853; x_wconf 90' lang='lat' dir='ltr'><strong>ex</strong></span> <span class='ocrx_word' id='word_1_210' title='bbox 2290 801 2536 869; x_wconf 87' lang='lat' dir='ltr'><strong>pulvere,</strong></span> <span class='ocrx_word' id='word_1_211' title='bbox 2583 801 2634 853; x_wconf 90' lang='lat' dir='ltr'><strong>in</strong></span> <span class='ocrx_word' id='word_1_212' title='bbox 2703 802 2955 867; x_wconf 83' lang='lat' dir='ltr'><strong>paradiso</strong></span> <span class='ocrx_word' id='word_1_213' title='bbox 3003 804 3314 872; x_wconf 87' lang='lat' dir='ltr'><strong>habitabas,</strong></span> <span class='ocrx_word' id='word_1_214' title='bbox 3346 808 3398 860; x_wconf 92' lang='lat' dir='ltr'><strong>in</strong></span> 
     </span>
    </p>
   </div>
   <div class='ocr_carea' id='block_1_32' title="bbox 1833 890 3397 961">
    <p class='ocr_par' dir='ltr' id='par_1_32' title="bbox 1833 890 3397 961">
     <span class='ocr_line' id='line_1_32' title="bbox 1833 890 3397 961; baseline 0.006 -17"><span class='ocrx_word' id='word_1_215' title='bbox 1833 890 2155 945; x_wconf 74' lang='lat' dir='ltr'><strong>abundantia</strong></span> <span class='ocrx_word' id='word_1_216' title='bbox 2189 890 2497 945; x_wconf 85' lang='lat' dir='ltr'><strong>deliciarum</strong></span> <span class='ocrx_word' id='word_1_217' title='bbox 2530 890 2782 959; x_wconf 80' lang='lat' dir='ltr'><strong>degebas,</strong></span> <span class='ocrx_word' id='word_1_218' title='bbox 2808 908 2999 961; x_wconf 87' lang='lat' dir='ltr'><strong>expers</strong></span> <span class='ocrx_word' id='word_1_219' title='bbox 3029 894 3276 951; x_wconf 91' lang='lat' dir='ltr'><strong>dolorum</strong></span> <span class='ocrx_word' id='word_1_220' title='bbox 3302 912 3397 953; x_wconf 83' lang='lat' dir='ltr'><strong>vo-</strong></span> 
     </span>
    </p>
   </div>
   <div class='ocr_carea' id='block_1_33' title="bbox 1832 979 3403 1049">
    <p class='ocr_par' dir='ltr' id='par_1_33' title="bbox 1832 979 3403 1049">
     <span class='ocr_line' id='line_1_33' title="bbox 1832 979 3403 1049; baseline 0.006 -17"><span class='ocrx_word' id='word_1_221' title='bbox 1832 980 2035 1048; x_wconf 76' lang='lat' dir='ltr'><strong>luptate</strong></span> <span class='ocrx_word' id='word_1_222' title='bbox 2065 979 2346 1041; x_wconf 83' lang='lat' dir='ltr'><strong>lrueharis,</strong></span> <span class='ocrx_word' id='word_1_223' title='bbox 2380 980 2583 1049; x_wconf 86' lang='lat' dir='ltr'><strong>absque</strong></span> <span class='ocrx_word' id='word_1_224' title='bbox 2625 995 2755 1033; x_wconf 89' lang='lat' dir='ltr'><strong>cura</strong></span> <span class='ocrx_word' id='word_1_225' title='bbox 2789 981 2891 1034; x_wconf 91' lang='lat' dir='ltr'><strong>ulla</strong></span> <span class='ocrx_word' id='word_1_226' title='bbox 2927 983 3017 1034; x_wconf 83' lang='lat' dir='ltr'><strong>tibi</strong></span> <span class='ocrx_word' id='word_1_227' title='bbox 3065 985 3266 1039; x_wconf 74' lang='lat' dir='ltr'><strong>divitia:</strong></span> <span class='ocrx_word' id='word_1_228' title='bbox 3315 986 3403 1040; x_wconf 90' lang='lat' dir='ltr'><strong>in-</strong></span> 
     </span>
    </p>
   </div>
   <div class='ocr_carea' id='block_1_34' title="bbox 1830 1071 3396 1145">
    <p class='ocr_par' dir='ltr' id='par_1_34' title="bbox 1830 1071 3396 1145">
     <span class='ocr_line' id='line_1_34' title="bbox 1830 1071 3396 1145; baseline 0.005 -22"><span class='ocrx_word' id='word_1_229' title='bbox 1830 1071 2084 1136; x_wconf 84' lang='lat' dir='ltr'><strong>llucbnnt,</strong></span> <span class='ocrx_word' id='word_1_230' title='bbox 2120 1072 2209 1125; x_wconf 91' lang='lat' dir='ltr'><strong>Dei</strong></span> <span class='ocrx_word' id='word_1_231' title='bbox 2233 1086 2445 1140; x_wconf 81' lang='lat' dir='ltr'><strong>quoque</strong></span> <span class='ocrx_word' id='word_1_232' title='bbox 2469 1072 2766 1139; x_wconf 88' lang='lat' dir='ltr'><strong>discipulus</strong></span> <span class='ocrx_word' id='word_1_233' title='bbox 2790 1072 3224 1145; x_wconf 81' lang='lat' dir='ltr'><strong>eras,-[Baluz...</strong></span> <span class='ocrx_word' id='word_1_234' title='bbox 3254 1092 3396 1133; x_wconf 81' lang='lat' dir='ltr'><strong>eras.</strong></span> 
     </span>
    </p>
   </div>
   <div class='ocr_carea' id='block_1_35' title="bbox 1829 1161 3403 1236">
    <p class='ocr_par' dir='ltr' id='par_1_35' title="bbox 1829 1161 3403 1236">
     <span class='ocr_line' id='line_1_35' title="bbox 1829 1161 3403 1236; baseline 0.006 -22"><span class='ocrx_word' id='word_1_235' title='bbox 1829 1161 1895 1214; x_wconf 82' lang='lat' dir='ltr'><strong>Et</strong></span> <span class='ocrx_word' id='word_1_236' title='bbox 1921 1171 2034 1232; x_wconf 88' lang='lat' dir='ltr'><strong>post</strong></span> <span class='ocrx_word' id='word_1_237' title='bbox 2066 1178 2226 1231; x_wconf 88' lang='lat' dir='ltr'><strong>pauca</strong></span> <span class='ocrx_word' id='word_1_238' title='bbox 2257 1163 2323 1215; x_wconf 94' lang='lat' dir='ltr'><strong>ibi</strong></span> <span class='ocrx_word' id='word_1_239' title='bbox 2349 1178 2365 1215; x_wconf 90' lang='lat'><strong><em>:</em></strong></span> <span class='ocrx_word' id='word_1_240' title='bbox 2398 1161 2783 1235; x_wconf 85' lang='lat' dir='ltr'><strong>Conscriptor]</strong></span> <span class='ocrx_word' id='word_1_241' title='bbox 2815 1166 3153 1233; x_wconf 86' lang='lat' dir='ltr'><strong>conscriptor</strong></span> <span class='ocrx_word' id='word_1_242' title='bbox 3195 1168 3403 1236; x_wconf 90' lang='lat' dir='ltr'><strong>primus</strong></span> 
     </span>
    </p>
   </div>
   <div class='ocr_carea' id='block_1_36' title="bbox 1830 1252 3399 1318">
    <p class='ocr_par' dir='ltr' id='par_1_36' title="bbox 1830 1252 3399 1318">
     <span class='ocr_line' id='line_1_36' title="bbox 1830 1252 3399 1318; baseline 0.004 -13"><span class='ocrx_word' id='word_1_243' title='bbox 1830 1254 2101 1306; x_wconf 89' lang='lat' dir='ltr'><strong>numinum</strong></span> <span class='ocrx_word' id='word_1_244' title='bbox 2133 1252 2303 1307; x_wconf 84' lang='lat' dir='ltr'><strong>{actus</strong></span> <span class='ocrx_word' id='word_1_245' title='bbox 2329 1267 2411 1318; x_wconf 92' lang='lat' dir='ltr'><strong>es,</strong></span> <span class='ocrx_word' id='word_1_246' title='bbox 2434 1254 2601 1307; x_wconf 85' lang='lat' dir='ltr'><strong>astitit</strong></span> <span class='ocrx_word' id='word_1_247' title='bbox 2628 1255 2724 1307; x_wconf 88' lang='lat' dir='ltr'><strong>tibi</strong></span> <span class='ocrx_word' id='word_1_248' title='bbox 2750 1255 2859 1308; x_wconf 80' lang='lat' dir='ltr'><strong>fera</strong></span> <span class='ocrx_word' id='word_1_249' title='bbox 2885 1254 3178 1310; x_wconf 70' lang='lat' dir='ltr'><strong>bestiarum</strong></span> <span class='ocrx_word' id='word_1_250' title='bbox 3207 1267 3399 1312; x_wconf 89' lang='lat' dir='ltr'><strong>natura</strong></span> 
     </span>
    </p>
   </div>
   <div class='ocr_carea' id='block_1_37' title="bbox 1830 1343 3397 1414">
    <p class='ocr_par' dir='ltr' id='par_1_37' title="bbox 1830 1343 3397 1414">
     <span class='ocr_line' id='line_1_37' title="bbox 1830 1343 3397 1414; baseline 0.004 -19"><span class='ocrx_word' id='word_1_251' title='bbox 1830 1343 2243 1398; x_wconf 84' lang='lat' dir='ltr'><strong>rationabilihus</strong></span> <span class='ocrx_word' id='word_1_252' title='bbox 2274 1344 2632 1408; x_wconf 89' lang='lat' dir='ltr'><strong>obedienlior,</strong></span> <span class='ocrx_word' id='word_1_253' title='bbox 2662 1345 2835 1414; x_wconf 83' lang='lat' dir='ltr'><strong>legem</strong></span> <span class='ocrx_word' id='word_1_254' title='bbox 2864 1346 3030 1399; x_wconf 88' lang='lat' dir='ltr'><strong>tulisti</strong></span> <span class='ocrx_word' id='word_1_255' title='bbox 3075 1348 3127 1399; x_wconf 91' lang='lat' dir='ltr'><strong>in</strong></span> <span class='ocrx_word' id='word_1_256' title='bbox 3161 1347 3397 1401; x_wconf 86' lang='lat' dir='ltr'><strong>nomini-</strong></span> 
     </span>
    </p>
   </div>
   <div class='ocr_carea' id='block_1_38' title="bbox 1830 1435 3392 1505">
    <p class='ocr_par' dir='ltr' id='par_1_38' title="bbox 1830 1435 3392 1505">
     <span class='ocr_line' id='line_1_38' title="bbox 1830 1435 3392 1505; baseline 0.003 -16"><span class='ocrx_word' id='word_1_257' title='bbox 1830 1435 1929 1489; x_wconf 85' lang='lat' dir='ltr'><strong>bus</strong></span> <span class='ocrx_word' id='word_1_258' title='bbox 1963 1435 2273 1489; x_wconf 86' lang='lat' dir='ltr'><strong>animalium</strong></span> <span class='ocrx_word' id='word_1_259' title='bbox 2307 1436 2667 1505; x_wconf 88' lang='lat' dir='ltr'><strong>imponendis,</strong></span> <span class='ocrx_word' id='word_1_260' title='bbox 2702 1452 2954 1492; x_wconf 87' lang='lat' dir='ltr'><strong>sermone</strong></span> <span class='ocrx_word' id='word_1_261' title='bbox 2983 1452 3102 1492; x_wconf 91' lang='lat' dir='ltr'><strong>cum</strong></span> <span class='ocrx_word' id='word_1_262' title='bbox 3137 1439 3392 1493; x_wconf 76' lang='lat' dir='ltr'><strong>Creatore</strong></span> 
     </span>
    </p>
   </div>
   <div class='ocr_carea' id='block_1_39' title="bbox 1832 1526 2302 1579">
    <p class='ocr_par' dir='ltr' id='par_1_39' title="bbox 1832 1526 2302 1579">
     <span class='ocr_line' id='line_1_39' title="bbox 1832 1526 2302 1579; baseline 0 -1"><span class='ocrx_word' id='word_1_263' title='bbox 1832 1534 2022 1579; x_wconf 88' lang='lat' dir='ltr'><strong>mutuo</strong></span> <span class='ocrx_word' id='word_1_264' title='bbox 2047 1526 2302 1579; x_wconf 86' lang='lat' dir='ltr'><strong>ntcbaris.</strong></span> 
     </span>
    </p>
   </div>
   <div class='ocr_carea' id='block_1_40' title="bbox 1898 1611 3402 1687">
    <p class='ocr_par' dir='ltr' id='par_1_40' title="bbox 1898 1611 3402 1687">
     <span class='ocr_line' id='line_1_40' title="bbox 1898 1611 3402 1687; baseline 0.004 -20"><span class='ocrx_word' id='word_1_265' title='bbox 1898 1615 1954 1667; x_wconf 79' lang='grc'><strong>4.</strong></span> <span class='ocrx_word' id='word_1_266' title='bbox 1986 1611 2013 1651; x_wconf 72' lang='grc' dir='ltr'><em>ά</em></span> <span class='ocrx_word' id='word_1_267' title='bbox 2044 1613 2111 1667; x_wconf 86' lang='lat' dir='ltr'><strong>Et</strong></span> <span class='ocrx_word' id='word_1_268' title='bbox 2149 1626 2258 1684; x_wconf 87' lang='lat' dir='ltr'><strong>post</strong></span> <span class='ocrx_word' id='word_1_269' title='bbox 2300 1617 2562 1686; x_wconf 85' lang='lat' dir='ltr'><strong>aliquanta</strong></span> <span class='ocrx_word' id='word_1_270' title='bbox 2591 1616 2801 1669; x_wconf 80' lang='lat' dir='ltr'><strong>ibidem.</strong></span> <span class='ocrx_word' id='word_1_271' title='bbox 2829 1620 3017 1687; x_wconf 81' lang='lat' dir='ltr'><strong>Angeli</strong></span> <span class='ocrx_word' id='word_1_272' title='bbox 3053 1620 3117 1671; x_wconf 90' lang='lat' dir='ltr'><strong>ad</strong></span> <span class='ocrx_word' id='word_1_273' title='bbox 3155 1629 3402 1687; x_wconf 83' lang='lat' dir='ltr'><strong>peccato-</strong></span> 
     </span>
    </p>
   </div>
   <div class='ocr_carea' id='block_1_41' title="bbox 1829 1706 3401 1777">
    <p class='ocr_par' dir='ltr' id='par_1_41' title="bbox 1829 1706 3401 1777">
     <span class='ocr_line' id='line_1_41' title="bbox 1829 1706 3401 1777; baseline 0.006 -18"><span class='ocrx_word' id='word_1_274' title='bbox 1829 1721 1949 1759; x_wconf 89' lang='lat' dir='ltr'><strong>rum</strong></span> <span class='ocrx_word' id='word_1_275' title='bbox 1981 1706 2171 1761; x_wconf 80' lang='lat' dir='ltr'><strong>oll&#39;cnsi</strong></span> <span class='ocrx_word' id='word_1_276' title='bbox 2223 1709 2612 1774; x_wconf 84' lang='lat' dir='ltr'><strong>corruptelam,</strong></span> <span class='ocrx_word' id='word_1_277' title='bbox 2647 1724 2860 1777; x_wconf 76' lang='lat' dir='ltr'><strong>pmnam</strong></span> <span class='ocrx_word' id='word_1_278' title='bbox 2909 1722 3147 1765; x_wconf 89' lang='lat' dir='ltr'><strong>nostram</strong></span> <span class='ocrx_word' id='word_1_279' title='bbox 3196 1713 3401 1768; x_wconf 84' lang='lat' dir='ltr'><strong>dil‘l&#39;erri</strong></span> 
     </span>
    </p>
   </div>
   <div class='ocr_carea' id='block_1_42' title="bbox 1831 1796 3394 1871">
    <p class='ocr_par' dir='ltr' id='par_1_42' title="bbox 1831 1796 3394 1871">
     <span class='ocr_line' id='line_1_42' title="bbox 1831 1796 3394 1871; baseline 0.006 -22"><span class='ocrx_word' id='word_1_280' title='bbox 1831 1796 2035 1869; x_wconf 74' lang='lat' dir='ltr'><strong>[Batus.</strong></span> <span class='ocrx_word' id='word_1_281' title='bbox 2067 1807 2303 1853; x_wconf 89' lang='lat' dir='ltr'><strong>nostram</strong></span> <span class='ocrx_word' id='word_1_282' title='bbox 2356 1807 2414 1853; x_wconf 98' lang='grc' dir='ltr'><strong>ιιι</strong></span> <span class='ocrx_word' id='word_1_283' title='bbox 2456 1799 2673 1855; x_wconf 82' lang='lat' dir='ltr'><strong>dillicile</strong></span> <span class='ocrx_word' id='word_1_284' title='bbox 2720 1800 3040 1871; x_wconf 83' lang='lat' dir='ltr'><strong>sentientes]</strong></span> <span class='ocrx_word' id='word_1_285' title='bbox 3072 1805 3394 1870; x_wconf 67' lang='lat' dir='ltr'><strong>sentientes,</strong></span> 
     </span>
    </p>
   </div>
   <div class='ocr_carea' id='block_1_43' title="bbox 1759 1888 3400 1957">
    <p class='ocr_par' dir='ltr' id='par_1_43' title="bbox 1759 1888 3400 1957">
     <span class='ocr_line' id='line_1_43' title="bbox 1759 1888 3400 1957; baseline 0.006 -18"><span class='ocrx_word' id='word_1_286' title='bbox 1759 1889 1935 1948; x_wconf 88' lang='lat' dir='ltr'><strong>Bnon</strong></span> <span class='ocrx_word' id='word_1_287' title='bbox 1979 1888 2323 1945; x_wconf 84' lang='lat' dir='ltr'><strong>mediocriter</strong></span> <span class='ocrx_word' id='word_1_288' title='bbox 2366 1891 2744 1957; x_wconf 86' lang='lat' dir='ltr'><strong>movebantur,</strong></span> <span class='ocrx_word' id='word_1_289' title='bbox 2801 1902 2853 1945; x_wconf 89' lang='lat' dir='ltr'><strong>et</strong></span> <span class='ocrx_word' id='word_1_290' title='bbox 2913 1894 3178 1948; x_wconf 88' lang='lat' dir='ltr'><strong>adeuntes</strong></span> <span class='ocrx_word' id='word_1_291' title='bbox 3231 1895 3400 1949; x_wconf 88' lang='lat' dir='ltr'><strong>Deum</strong></span> 
     </span>
    </p>
   </div>
   <div class='ocr_carea' id='block_1_44' title="bbox 1825 1977 3401 2056">
    <p class='ocr_par' dir='ltr' id='par_1_44' title="bbox 1825 1977 3401 2056">
     <span class='ocr_line' id='line_1_44' title="bbox 1825 1977 3401 2056; baseline 0.005 -26"><span class='ocrx_word' id='word_1_292' title='bbox 1825 1977 2131 2032; x_wconf 83' lang='lat' dir='ltr'><strong>clamabant</strong></span> <span class='ocrx_word' id='word_1_293' title='bbox 2176 1997 2189 2033; x_wconf 91' lang='lat'>:</span> <span class='ocrx_word' id='word_1_294' title='bbox 2234 1979 2320 2033; x_wconf 84' lang='lat' dir='ltr'><strong>Vis</strong></span> <span class='ocrx_word' id='word_1_295' title='bbox 2366 1990 2545 2034; x_wconf 85' lang='lat' dir='ltr'><strong>euntes</strong></span> <span class='ocrx_word' id='word_1_296' title='bbox 2603 1982 2906 2050; x_wconf 77' lang='lat' dir='ltr'><strong>colligamus</strong></span> <span class='ocrx_word' id='word_1_297' title='bbox 2952 1985 3401 2056; x_wconf 77' lang='lat' dir='ltr'><strong>zizania(Matth.</strong></span> 
     </span>
    </p>
   </div>
   <div class='ocr_carea' id='block_1_45' title="bbox 1827 2071 2089 2139">
    <p class='ocr_par' dir='ltr' id='par_1_45' title="bbox 1827 2071 2089 2139">
     <span class='ocr_line' id='line_1_45' title="bbox 1827 2071 2089 2139; baseline 0.004 -16"><span class='ocrx_word' id='word_1_298' title='bbox 1827 2084 1940 2131; x_wconf 86' lang='lat' dir='ltr'><strong>xm,</strong></span> <span class='ocrx_word' id='word_1_299' title='bbox 1966 2071 2089 2139; x_wconf 73' lang='lat'><strong>28)?</strong></span> 
     </span>
    </p>
   </div>
   <div class='ocr_carea' id='block_1_46' title="bbox 1899 2160 3399 2241">
    <p class='ocr_par' dir='ltr' id='par_1_46' title="bbox 1899 2160 3399 2241">
     <span class='ocr_line' id='line_1_46' title="bbox 1899 2160 3399 2241; baseline 0.005 -26"><span class='ocrx_word' id='word_1_300' title='bbox 1899 2160 1950 2215; x_wconf 86' lang='lat'><strong>5.</strong></span> <span class='ocrx_word' id='word_1_301' title='bbox 1995 2161 2272 2217; x_wconf 74' lang='lat' dir='ltr'><strong>Daemones</strong></span> <span class='ocrx_word' id='word_1_302' title='bbox 2315 2162 2665 2220; x_wconf 84' lang='lat' dir='ltr'><strong>nihilominus</strong></span> <span class='ocrx_word' id='word_1_303' title='bbox 2708 2166 3019 2234; x_wconf 88' lang='lat' dir='ltr'><strong>sperabant,</strong></span> <span class='ocrx_word' id='word_1_304' title='bbox 3049 2177 3138 2222; x_wconf 89' lang='lat' dir='ltr'><strong>aut</strong></span> <span class='ocrx_word' id='word_1_305' title='bbox 3184 2168 3399 2241; x_wconf 83' lang='lat' dir='ltr'><strong>[Baluz.</strong></span> 
     </span>
    </p>
   </div>
   <div class='ocr_carea' id='block_1_47' title="bbox 1829 2249 3399 2328">
    <p class='ocr_par' dir='ltr' id='par_1_47' title="bbox 1829 2249 3399 2328">
     <span class='ocr_line' id='line_1_47' title="bbox 1829 2249 3399 2328; baseline 0.006 -24"><span class='ocrx_word' id='word_1_306' title='bbox 1829 2249 1991 2321; x_wconf 86' lang='lat' dir='ltr'><strong>velut]</strong></span> <span class='ocrx_word' id='word_1_307' title='bbox 2024 2251 2403 2306; x_wconf 89' lang='lat' dir='ltr'><strong>Sodomiticam</strong></span> <span class='ocrx_word' id='word_1_308' title='bbox 2453 2254 2617 2309; x_wconf 89' lang='lat' dir='ltr'><strong>totius</strong></span> <span class='ocrx_word' id='word_1_309' title='bbox 2659 2255 2843 2311; x_wconf 89' lang='lat' dir='ltr'><strong>mundi</strong></span> <span class='ocrx_word' id='word_1_310' title='bbox 2892 2257 3399 2328; x_wconf 88' lang='lat' dir='ltr'><strong>conllagrationem,</strong></span> 
     </span>
    </p>
   </div>
   <div class='ocr_carea' id='block_1_48' title="bbox 1833 2343 3405 2419">
    <p class='ocr_par' dir='ltr' id='par_1_48' title="bbox 1833 2343 3405 2419">
     <span class='ocr_line' id='line_1_48' title="bbox 1833 2343 3405 2419; baseline 0.008 -24"><span class='ocrx_word' id='word_1_311' title='bbox 1833 2353 1926 2396; x_wconf 88' lang='lat' dir='ltr'><strong>aut</strong></span> <span class='ocrx_word' id='word_1_312' title='bbox 1974 2343 2256 2412; x_wconf 86' lang='lat' dir='ltr'><strong>diluvium,</strong></span> <span class='ocrx_word' id='word_1_313' title='bbox 2288 2352 2349 2398; x_wconf 85' lang='lat' dir='ltr'><strong>ut</strong></span> <span class='ocrx_word' id='word_1_314' title='bbox 2378 2344 2584 2416; x_wconf 77' lang='lat' dir='ltr'><strong>[Baluz.</strong></span> <span class='ocrx_word' id='word_1_315' title='bbox 2632 2364 2735 2400; x_wconf 90' lang='lat' dir='ltr'><strong>om.</strong></span> <span class='ocrx_word' id='word_1_316' title='bbox 2769 2346 2849 2419; x_wconf 91' lang='lat' dir='ltr'><strong>ut]</strong></span> <span class='ocrx_word' id='word_1_317' title='bbox 2877 2348 2991 2405; x_wconf 86' lang='lat' dir='ltr'><strong>Noe</strong></span> <span class='ocrx_word' id='word_1_318' title='bbox 3019 2360 3280 2418; x_wconf 83' lang='lat' dir='ltr'><strong>tempore,</strong></span> <span class='ocrx_word' id='word_1_319' title='bbox 3314 2368 3405 2407; x_wconf 82' lang='lat' dir='ltr'><strong>ve-</strong></span> 
     </span>
    </p>
   </div>
   <div class='ocr_carea' id='block_1_49' title="bbox 1833 2434 3403 2509">
    <p class='ocr_par' dir='ltr' id='par_1_49' title="bbox 1833 2434 3403 2509">
     <span class='ocr_line' id='line_1_49' title="bbox 1833 2434 3403 2509; baseline 0.005 -22"><span class='ocrx_word' id='word_1_320' title='bbox 1833 2434 2135 2489; x_wconf 86' lang='lat' dir='ltr'><strong>hementius</strong></span> <span class='ocrx_word' id='word_1_321' title='bbox 2160 2435 2571 2503; x_wconf 80' lang='lat' dir='ltr'><strong>exspectabant.</strong></span> <span class='ocrx_word' id='word_1_322' title='bbox 2605 2446 2628 2473; x_wconf 77' lang='grc' dir='ltr'>ε</span> <span class='ocrx_word' id='word_1_323' title='bbox 2659 2438 2913 2492; x_wconf 83' lang='lat' dir='ltr'><strong>Diabolus</strong></span> <span class='ocrx_word' id='word_1_324' title='bbox 2948 2448 3128 2494; x_wconf 88' lang='lat' dir='ltr'><strong>autem</strong></span> <span class='ocrx_word' id='word_1_325' title='bbox 3162 2442 3403 2509; x_wconf 79' lang='lat' dir='ltr'><strong>profere-</strong></span> 
     </span>
    </p>
   </div>
   <div class='ocr_carea' id='block_1_50' title="bbox 1831 2523 3404 2604">
    <p class='ocr_par' dir='ltr' id='par_1_50' title="bbox 1831 2523 3404 2604">
     <span class='ocr_line' id='line_1_50' title="bbox 1831 2523 3404 2604; baseline 0.007 -27"><span class='ocrx_word' id='word_1_326' title='bbox 1831 2523 1945 2589; x_wconf 89' lang='lat' dir='ltr'><strong>bat,</strong></span> <span class='ocrx_word' id='word_1_327' title='bbox 1976 2524 2116 2593; x_wconf 90' lang='lat' dir='ltr'><strong>quod</strong></span> <span class='ocrx_word' id='word_1_328' title='bbox 2176 2532 2259 2580; x_wconf 88' lang='lat' dir='ltr'><strong>est</strong></span> <span class='ocrx_word' id='word_1_329' title='bbox 2310 2525 2572 2581; x_wconf 89' lang='lat' dir='ltr'><strong>adversus</strong></span> <span class='ocrx_word' id='word_1_330' title='bbox 2622 2537 2893 2594; x_wconf 84' lang='lat' dir='ltr'><strong>naturam,</strong></span> <span class='ocrx_word' id='word_1_331' title='bbox 2940 2530 3071 2584; x_wconf 89' lang='lat' dir='ltr'><strong>illud</strong></span> <span class='ocrx_word' id='word_1_332' title='bbox 3123 2532 3404 2604; x_wconf 75' lang='lat' dir='ltr'><strong>chirogra-</strong></span> 
     </span>
    </p>
   </div>
   <div class='ocr_carea' id='block_1_51' title="bbox 1832 2612 3407 2689">
    <p class='ocr_par' dir='ltr' id='par_1_51' title="bbox 1832 2612 3407 2689">
     <span class='ocr_line' id='line_1_51' title="bbox 1832 2612 3407 2689; baseline 0.008 -24"><span class='ocrx_word' id='word_1_333' title='bbox 1832 2612 2021 2681; x_wconf 87' lang='lat' dir='ltr'><strong>phum,</strong></span> <span class='ocrx_word' id='word_1_334' title='bbox 2044 2614 2185 2681; x_wconf 88' lang='lat' dir='ltr'><strong>quod</strong></span> <span class='ocrx_word' id='word_1_335' title='bbox 2215 2616 2474 2685; x_wconf 86' lang='lat' dir='ltr'><strong>scriptum</strong></span> <span class='ocrx_word' id='word_1_336' title='bbox 2510 2626 2593 2672; x_wconf 87' lang='lat' dir='ltr'><strong>est</strong></span> <span class='ocrx_word' id='word_1_337' title='bbox 2626 2636 2639 2670; x_wconf 87' lang='lat'><strong>:</strong></span> <span class='ocrx_word' id='word_1_338' title='bbox 2674 2616 2694 2656; x_wconf 74' lang='grc' dir='ltr'>ί</span> <span class='ocrx_word' id='word_1_339' title='bbox 2730 2619 2889 2673; x_wconf 84' lang='lat' dir='ltr'><strong>Terra</strong></span> <span class='ocrx_word' id='word_1_340' title='bbox 2928 2637 2999 2689; x_wconf 91' lang='lat' dir='ltr'><strong>es,</strong></span> <span class='ocrx_word' id='word_1_341' title='bbox 3033 2632 3080 2676; x_wconf 87' lang='lat' dir='ltr'><strong>et</strong></span> <span class='ocrx_word' id='word_1_342' title='bbox 3119 2624 3174 2677; x_wconf 88' lang='lat' dir='ltr'><strong>in</strong></span> <span class='ocrx_word' id='word_1_343' title='bbox 3219 2633 3407 2678; x_wconf 85' lang='lat' dir='ltr'><strong>terram</strong></span> 
     </span>
    </p>
   </div>
   <div class='ocr_carea' id='block_1_52' title="bbox 1829 2706 3407 2788">
    <p class='ocr_par' dir='ltr' id='par_1_52' title="bbox 1829 2706 3407 2788">
     <span class='ocr_line' id='line_1_52' title="bbox 1829 2706 3407 2788; baseline 0.009 -28"><span class='ocrx_word' id='word_1_344' title='bbox 1829 2707 1927 2761; x_wconf 90' lang='lat' dir='ltr'><strong>ibis</strong></span> <span class='ocrx_word' id='word_1_345' title='bbox 1989 2706 2218 2778; x_wconf 83' lang='lat' dir='ltr'><strong>(Cenes.</strong></span> <span class='ocrx_word' id='word_1_346' title='bbox 2259 2724 2351 2777; x_wconf 86' lang='grc' dir='ltr'>ιιι,</span> <span class='ocrx_word' id='word_1_347' title='bbox 2408 2710 2546 2779; x_wconf 86' lang='lat' dir='ltr'><strong>l9).</strong></span> <span class='ocrx_word' id='word_1_348' title='bbox 2606 2710 2676 2765; x_wconf 86' lang='lat' dir='ltr'><strong>Et</strong></span> <span class='ocrx_word' id='word_1_349' title='bbox 2719 2713 2955 2769; x_wconf 88' lang='lat' dir='ltr'><strong>instabat</strong></span> <span class='ocrx_word' id='word_1_350' title='bbox 3002 2729 3072 2771; x_wconf 85' lang='lat' dir='ltr'><strong>ex</strong></span> <span class='ocrx_word' id='word_1_351' title='bbox 3118 2715 3220 2772; x_wconf 87' lang='lat' dir='ltr'><strong>hoc</strong></span> <span class='ocrx_word' id='word_1_352' title='bbox 3250 2757 3267 2785; x_wconf 89' lang='lat'><strong>,</strong></span> <span class='ocrx_word' id='word_1_353' title='bbox 3316 2734 3407 2788; x_wconf 84' lang='lat' dir='ltr'><strong>ge-</strong></span> 
     </span>
    </p>
   </div>
   <div class='ocr_carea' id='block_1_53' title="bbox 1310 2847 2247 2919">
    <p class='ocr_par' dir='ltr' id='par_1_53' title="bbox 1310 2847 2247 2919">
     <span class='ocr_line' id='line_1_53' title="bbox 1310 2847 2247 2919; baseline 0.015 -17"><span class='ocrx_word' id='word_1_354' title='bbox 1310 2847 1760 2911; x_wconf 77' lang='lat' dir='ltr'><strong>CASTlGATlON</strong></span> <span class='ocrx_word' id='word_1_355' title='bbox 1770 2857 1852 2915; x_wconf 85' lang='lat' dir='ltr'><strong>ES</strong></span> <span class='ocrx_word' id='word_1_356' title='bbox 1894 2860 1980 2915; x_wconf 82' lang='grc' dir='ltr'><strong>ΕΤ</strong></span> <span class='ocrx_word' id='word_1_357' title='bbox 2018 2861 2247 2919; x_wconf 69' lang='lat' dir='ltr'><strong>NOTAE.</strong></span> 
     </span>
    </p>
   </div>
   <div class='ocr_carea' id='block_1_54' title="bbox 271 2959 1717 3027">
    <p class='ocr_par' dir='ltr' id='par_1_54' title="bbox 271 2959 1717 3027">
     <span class='ocr_line' id='line_1_54' title="bbox 271 2959 1717 3027; baseline 0.006 -14"><span class='ocrx_word' id='word_1_358' title='bbox 271 2970 289 2996; x_wconf 75' lang='grc' dir='ltr'><strong>ι</strong></span> <span class='ocrx_word' id='word_1_359' title='bbox 313 2962 388 3014; x_wconf 84' lang='lat' dir='ltr'><strong>llis</strong></span> <span class='ocrx_word' id='word_1_360' title='bbox 412 2960 582 3014; x_wconf 80' lang='lat' dir='ltr'><strong>verbis</strong></span> <span class='ocrx_word' id='word_1_361' title='bbox 612 2959 872 3014; x_wconf 72' lang='lat' dir='ltr'><strong>Mercator</strong></span> <span class='ocrx_word' id='word_1_362' title='bbox 899 2969 1082 3027; x_wconf 87' lang='lat' dir='ltr'><strong>aperte</strong></span> <span class='ocrx_word' id='word_1_363' title='bbox 1111 2960 1242 3015; x_wconf 90' lang='lat' dir='ltr'><strong>satis</strong></span> <span class='ocrx_word' id='word_1_364' title='bbox 1274 2972 1499 3017; x_wconf 88' lang='lat' dir='ltr'><strong>testatur</strong></span> <span class='ocrx_word' id='word_1_365' title='bbox 1525 2980 1583 3020; x_wconf 90' lang='lat' dir='ltr'><strong>se</strong></span> <span class='ocrx_word' id='word_1_366' title='bbox 1613 2982 1717 3021; x_wconf 92' lang='lat' dir='ltr'><strong>non</strong></span> 
     </span>
    </p>
   </div>
   <div class='ocr_carea' id='block_1_55' title="bbox 222 3032 1721 3099">
    <p class='ocr_par' dir='ltr' id='par_1_55' title="bbox 222 3032 1721 3099">
     <span class='ocr_line' id='line_1_55' title="bbox 222 3032 1721 3099; baseline 0.007 -17"><span class='ocrx_word' id='word_1_367' title='bbox 222 3032 417 3086; x_wconf 74' lang='lat' dir='ltr'><strong>retulisse</strong></span> <span class='ocrx_word' id='word_1_368' title='bbox 450 3033 718 3099; x_wconf 86' lang='lat' dir='ltr'><strong>integrum</strong></span> <span class='ocrx_word' id='word_1_369' title='bbox 757 3044 1084 3098; x_wconf 84' lang='lat' dir='ltr'><strong>sermonem,</strong></span> <span class='ocrx_word' id='word_1_370' title='bbox 1117 3040 1279 3099; x_wconf 90' lang='lat' dir='ltr'><strong>prout</strong></span> <span class='ocrx_word' id='word_1_371' title='bbox 1308 3048 1336 3085; x_wconf 89' lang='lat' dir='ltr'><strong>a</strong></span> <span class='ocrx_word' id='word_1_372' title='bbox 1369 3033 1615 3090; x_wconf 88' lang='lat' dir='ltr'><strong>Nestorio</strong></span> <span class='ocrx_word' id='word_1_373' title='bbox 1641 3038 1721 3091; x_wconf 91' lang='lat' dir='ltr'><strong>di-</strong></span> 
     </span>
    </p>
   </div>
   <div class='ocr_carea' id='block_1_56' title="bbox 218 3099 1719 3172">
    <p class='ocr_par' dir='ltr' id='par_1_56' title="bbox 218 3099 1719 3172">
     <span class='ocr_line' id='line_1_56' title="bbox 218 3099 1719 3172; baseline 0.007 -20"><span class='ocrx_word' id='word_1_374' title='bbox 218 3112 304 3172; x_wconf 81' lang='lat' dir='ltr'><strong>ctus</strong></span> <span class='ocrx_word' id='word_1_375' title='bbox 325 3109 413 3166; x_wconf 84' lang='lat' dir='ltr'><strong>est,</strong></span> <span class='ocrx_word' id='word_1_376' title='bbox 440 3099 892 3172; x_wconf 77' lang='lat' dir='ltr'><strong>quemadmodum</strong></span> <span class='ocrx_word' id='word_1_377' title='bbox 944 3115 1044 3154; x_wconf 91' lang='lat' dir='ltr'><strong>nec</strong></span> <span class='ocrx_word' id='word_1_378' title='bbox 1087 3109 1195 3153; x_wconf 90' lang='lat' dir='ltr'><strong>tres</strong></span> <span class='ocrx_word' id='word_1_379' title='bbox 1228 3102 1369 3172; x_wconf 87' lang='lat' dir='ltr'><strong>_alios</strong></span> <span class='ocrx_word' id='word_1_380' title='bbox 1413 3117 1719 3172; x_wconf 86' lang='lat' dir='ltr'><strong>sequentes,</strong></span> 
     </span>
    </p>
   </div>
   <div class='ocr_carea' id='block_1_57' title="bbox 220 3169 1723 3245">
    <p class='ocr_par' dir='ltr' id='par_1_57' title="bbox 220 3169 1723 3245">
     <span class='ocr_line' id='line_1_57' title="bbox 220 3169 1723 3245; baseline 0.003 -22"><span class='ocrx_word' id='word_1_381' title='bbox 220 3170 289 3223; x_wconf 83' lang='lat' dir='ltr'><strong>sed</strong></span> <span class='ocrx_word' id='word_1_382' title='bbox 310 3187 364 3225; x_wconf 89' lang='lat' dir='ltr'><strong>ex</strong></span> <span class='ocrx_word' id='word_1_383' title='bbox 404 3169 624 3245; x_wconf 75' lang='lat' dir='ltr'><strong>singulis</strong></span> <span class='ocrx_word' id='word_1_384' title='bbox 652 3169 1009 3245; x_wconf 83' lang='lat' dir='ltr'><strong>ea_delib_asse</strong></span> <span class='ocrx_word' id='word_1_385' title='bbox 1030 3184 1150 3245; x_wconf 75' lang='lat' dir='ltr'><strong>qua:</strong></span> <span class='ocrx_word' id='word_1_386' title='bbox 1172 3170 1241 3245; x_wconf 86' lang='lat' dir='ltr'><strong>_ad</strong></span> <span class='ocrx_word' id='word_1_387' title='bbox 1274 3189 1387 3245; x_wconf 87' lang='lat' dir='ltr'><strong>rem</strong></span> <span class='ocrx_word' id='word_1_388' title='bbox 1420 3169 1569 3227; x_wconf 82' lang='lat' dir='ltr'><strong>suam</strong></span> <span class='ocrx_word' id='word_1_389' title='bbox 1603 3169 1723 3245; x_wconf 61' lang='lat' dir='ltr'><strong>per;</strong></span> 
     </span>
    </p>
   </div>
   <div class='ocr_carea' id='block_1_58' title="bbox 219 3238 1723 3306">
    <p class='ocr_par' dir='ltr' id='par_1_58' title="bbox 219 3238 1723 3306">
     <span class='ocr_line' id='line_1_58' title="bbox 219 3238 1723 3306; baseline 0.007 -13"><span class='ocrx_word' id='word_1_390' title='bbox 219 3242 420 3306; x_wconf 89' lang='lat' dir='ltr'><strong>tinerent,</strong></span> <span class='ocrx_word' id='word_1_391' title='bbox 449 3238 501 3294; x_wconf 87' lang='lat' dir='ltr'><strong>id</strong></span> <span class='ocrx_word' id='word_1_392' title='bbox 527 3247 637 3303; x_wconf 88' lang='lat' dir='ltr'><strong>est,</strong></span> <span class='ocrx_word' id='word_1_393' title='bbox 669 3239 735 3293; x_wconf 89' lang='lat' dir='ltr'><strong>ad</strong></span> <span class='ocrx_word' id='word_1_394' title='bbox 765 3238 1141 3294; x_wconf 79' lang='lat' dir='ltr'><strong>confutandam</strong></span> <span class='ocrx_word' id='word_1_395' title='bbox 1168 3240 1414 3298; x_wconf 74' lang='lat' dir='ltr'><strong>hazresim</strong></span> <span class='ocrx_word' id='word_1_396' title='bbox 1445 3238 1723 3303; x_wconf 65' lang='lat' dir='ltr'><strong>Calestia-</strong></span> 
     </span>
    </p>
   </div>
   <div class='ocr_carea' id='block_1_59' title="bbox 222 3309 1015 3373">
    <p class='ocr_par' dir='ltr' id='par_1_59' title="bbox 222 3309 1015 3373">
     <span class='ocr_line' id='line_1_59' title="bbox 222 3309 1015 3373; baseline -0.003 -8"><span class='ocrx_word' id='word_1_397' title='bbox 222 3326 327 3373; x_wconf 82' lang='lat' dir='ltr'><strong>nam,</strong></span> <span class='ocrx_word' id='word_1_398' title='bbox 351 3313 411 3366; x_wconf 91' lang='lat' dir='ltr'><strong>de</strong></span> <span class='ocrx_word' id='word_1_399' title='bbox 444 3312 773 3365; x_wconf 87' lang='lat' dir='ltr'><strong>mortalitate</strong></span> <span class='ocrx_word' id='word_1_400' title='bbox 802 3309 1015 3364; x_wconf 88' lang='lat' dir='ltr'><strong>Adami.</strong></span> 
     </span>
    </p>
   </div>
   <div class='ocr_carea' id='block_1_60' title="bbox 269 3379 1796 3456">
    <p class='ocr_par' dir='ltr' id='par_1_60' title="bbox 269 3379 1796 3456">
     <span class='ocr_line' id='line_1_60' title="bbox 269 3379 1796 3456; baseline 0.004 -21"><span class='ocrx_word' id='word_1_401' title='bbox 269 3381 486 3449; x_wconf 78' lang='lat' dir='ltr'><strong>Suspicor</strong></span> <span class='ocrx_word' id='word_1_402' title='bbox 516 3395 602 3456; x_wconf 89' lang='lat' dir='ltr'><strong>_ea</strong></span> <span class='ocrx_word' id='word_1_403' title='bbox 644 3394 765 3448; x_wconf 76' lang='lat' dir='ltr'><strong>qua:</strong></span> <span class='ocrx_word' id='word_1_404' title='bbox 818 3380 1177 3456; x_wconf 38' lang='lat' dir='ltr'><strong>pra-immissa</strong></span> <span class='ocrx_word' id='word_1_405' title='bbox 1224 3391 1369 3456; x_wconf 86' lang='lat' dir='ltr'><strong>sunt,</strong></span> <span class='ocrx_word' id='word_1_406' title='bbox 1398 3398 1427 3438; x_wconf 92' lang='lat' dir='ltr'><strong>a</strong></span> <span class='ocrx_word' id='word_1_407' title='bbox 1453 3385 1720 3456; x_wconf 88' lang='lat' dir='ltr'><strong>Nestorio,</strong></span> <span class='ocrx_word' id='word_1_408' title='bbox 1750 3379 1796 3441; x_wconf 91' lang='lat' dir='ltr'>C</span> 
     </span>
    </p>
   </div>
   <div class='ocr_carea' id='block_1_61' title="bbox 219 3448 1731 3527">
    <p class='ocr_par' dir='ltr' id='par_1_61' title="bbox 219 3448 1731 3527">
     <span class='ocr_line' id='line_1_61' title="bbox 219 3448 1731 3527; baseline 0.009 -24"><span class='ocrx_word' id='word_1_409' title='bbox 219 3448 650 3527; x_wconf 75' lang='lat' dir='ltr'><strong>ChrysOstomi,_u_t</strong></span> <span class='ocrx_word' id='word_1_410' title='bbox 682 3458 798 3527; x_wconf 84' lang='lat' dir='ltr'><strong>erat</strong></span> <span class='ocrx_word' id='word_1_411' title='bbox 832 3448 1042 3527; x_wconf 81' lang='lat' dir='ltr'><strong>soli_t_u_s,</strong></span> <span class='ocrx_word' id='word_1_412' title='bbox 1071 3453 1373 3527; x_wconf 82' lang='lat' dir='ltr'><strong>exemplum</strong></span> <span class='ocrx_word' id='word_1_413' title='bbox 1398 3466 1615 3527; x_wconf 87' lang='lat' dir='ltr'><strong>_secuto,</strong></span> <span class='ocrx_word' id='word_1_414' title='bbox 1638 3448 1731 3516; x_wconf 52' lang='lat' dir='ltr'><strong>ad;</strong></span> 
     </span>
    </p>
   </div>
   <div class='ocr_carea' id='block_1_62' title="bbox 220 3519 1575 3589">
    <p class='ocr_par' dir='ltr' id='par_1_62' title="bbox 220 3519 1575 3589">
     <span class='ocr_line' id='line_1_62' title="bbox 220 3519 1575 3589; baseline 0.007 -17"><span class='ocrx_word' id='word_1_415' title='bbox 220 3536 362 3574; x_wconf 80' lang='lat' dir='ltr'><strong>versus</strong></span> <span class='ocrx_word' id='word_1_416' title='bbox 386 3537 474 3577; x_wconf 88' lang='lat' dir='ltr'><strong>eos</strong></span> <span class='ocrx_word' id='word_1_417' title='bbox 496 3520 589 3589; x_wconf 89' lang='lat' dir='ltr'><strong>qui</strong></span> <span class='ocrx_word' id='word_1_418' title='bbox 620 3520 881 3588; x_wconf 91' lang='lat' dir='ltr'><strong>baptisma</strong></span> <span class='ocrx_word' id='word_1_419' title='bbox 910 3519 1193 3575; x_wconf 86' lang='lat' dir='ltr'><strong>ditl&#39;errent</strong></span> <span class='ocrx_word' id='word_1_420' title='bbox 1222 3523 1361 3579; x_wconf 89' lang='lat' dir='ltr'><strong>dieta</strong></span> <span class='ocrx_word' id='word_1_421' title='bbox 1390 3524 1575 3586; x_wconf 79' lang='lat' dir='ltr'><strong>fuisse.</strong></span> 
     </span>
    </p>
   </div>
   <div class='ocr_carea' id='block_1_63' title="bbox 267 3590 1731 3663">
    <p class='ocr_par' dir='ltr' id='par_1_63' title="bbox 267 3590 1731 3663">
     <span class='ocr_line' id='line_1_63' title="bbox 267 3590 1731 3663; baseline 0.007 -17"><span class='ocrx_word' id='word_1_422' title='bbox 267 3590 301 3663; x_wconf 39' lang='grc' dir='ltr'><strong>δ-</strong></span> <span class='ocrx_word' id='word_1_423' title='bbox 318 3592 463 3646; x_wconf 82' lang='lat' dir='ltr'><strong>Multa</strong></span> <span class='ocrx_word' id='word_1_424' title='bbox 487 3590 674 3663; x_wconf 79' lang='lat' dir='ltr'><strong>procul</strong></span> <span class='ocrx_word' id='word_1_425' title='bbox 700 3590 861 3663; x_wconf 82' lang='lat' dir='ltr'><strong>dubio</strong></span> <span class='ocrx_word' id='word_1_426' title='bbox 881 3591 1094 3663; x_wconf 81' lang='lat' dir='ltr'><strong>desunt,</strong></span> <span class='ocrx_word' id='word_1_427' title='bbox 1116 3606 1286 3660; x_wconf 88' lang='lat' dir='ltr'><strong>eaque</strong></span> <span class='ocrx_word' id='word_1_428' title='bbox 1309 3600 1626 3663; x_wconf 89' lang='lat' dir='ltr'><strong>spectantia,</strong></span> <span class='ocrx_word' id='word_1_429' title='bbox 1646 3601 1731 3655; x_wconf 84' lang='lat' dir='ltr'><strong>vel</strong></span> 
     </span>
    </p>
   </div>
   <div class='ocr_carea' id='block_1_64' title="bbox 217 3659 1731 3726">
    <p class='ocr_par' dir='ltr' id='par_1_64' title="bbox 217 3659 1731 3726">
     <span class='ocr_line' id='line_1_64' title="bbox 217 3659 1731 3726; baseline 0.01 -15"><span class='ocrx_word' id='word_1_430' title='bbox 217 3660 263 3713; x_wconf 83' lang='lat' dir='ltr'><strong>ad</strong></span> <span class='ocrx_word' id='word_1_431' title='bbox 283 3659 627 3717; x_wconf 70' lang='lat' dir='ltr'><strong>formationem</strong></span> <span class='ocrx_word' id='word_1_432' title='bbox 650 3659 881 3714; x_wconf 86' lang='lat' dir='ltr'><strong>hominis</strong></span> <span class='ocrx_word' id='word_1_433' title='bbox 910 3675 942 3716; x_wconf 92' lang='lat' dir='ltr'><strong>e</strong></span> <span class='ocrx_word' id='word_1_434' title='bbox 967 3661 1097 3714; x_wconf 91' lang='lat' dir='ltr'><strong>limo</strong></span> <span class='ocrx_word' id='word_1_435' title='bbox 1120 3659 1300 3726; x_wconf 65' lang='lat' dir='ltr'><strong>terrae,</strong></span> <span class='ocrx_word' id='word_1_436' title='bbox 1337 3659 1419 3719; x_wconf 78' lang='lat' dir='ltr'><strong>vel</strong></span> <span class='ocrx_word' id='word_1_437' title='bbox 1449 3659 1637 3724; x_wconf 86' lang='lat' dir='ltr'><strong>saltem</strong></span> <span class='ocrx_word' id='word_1_438' title='bbox 1667 3672 1731 3726; x_wconf 88' lang='lat' dir='ltr'><strong>ad</strong></span> 
     </span>
    </p>
   </div>
   <div class='ocr_carea' id='block_1_65' title="bbox 219 3732 1733 3805">
    <p class='ocr_par' dir='ltr' id='par_1_65' title="bbox 219 3732 1733 3805">
     <span class='ocr_line' id='line_1_65' title="bbox 219 3732 1733 3805; baseline 0.009 -22"><span class='ocrx_word' id='word_1_439' title='bbox 219 3732 962 3805; x_wconf 77' lang='lat' dir='ltr'><strong>ejusdem_collocationem_in</strong></span> <span class='ocrx_word' id='word_1_440' title='bbox 1007 3732 1257 3805; x_wconf 84' lang='lat' dir='ltr'><strong>paradiso</strong></span> <span class='ocrx_word' id='word_1_441' title='bbox 1300 3736 1605 3805; x_wconf 90' lang='lat' dir='ltr'><strong>voluptatis,</strong></span> <span class='ocrx_word' id='word_1_442' title='bbox 1648 3742 1733 3796; x_wconf 86' lang='lat' dir='ltr'><strong>vel</strong></span> 
     </span>
    </p>
   </div>
   <div class='ocr_carea' id='block_1_66' title="bbox 220 3800 1734 3872">
    <p class='ocr_par' dir='ltr' id='par_1_66' title="bbox 220 3800 1734 3872">
     <span class='ocr_line' id='line_1_66' title="bbox 220 3800 1734 3872; baseline 0.009 -20"><span class='ocrx_word' id='word_1_443' title='bbox 220 3801 337 3855; x_wconf 84' lang='lat' dir='ltr'><strong>etiam</strong></span> <span class='ocrx_word' id='word_1_444' title='bbox 370 3803 430 3856; x_wconf 88' lang='lat' dir='ltr'><strong>ad</strong></span> <span class='ocrx_word' id='word_1_445' title='bbox 458 3801 773 3872; x_wconf 87' lang='lat' dir='ltr'><strong>impositum</strong></span> <span class='ocrx_word' id='word_1_446' title='bbox 801 3800 973 3872; x_wconf 22' lang='lat' dir='ltr'><strong>aADeo</strong></span> <span class='ocrx_word' id='word_1_447' title='bbox 1001 3802 1308 3857; x_wconf 85' lang='lat' dir='ltr'><strong>mandatum</strong></span> <span class='ocrx_word' id='word_1_448' title='bbox 1338 3800 1639 3864; x_wconf 80' lang='lat' dir='ltr'><strong>abstinendi</strong></span> <span class='ocrx_word' id='word_1_449' title='bbox 1666 3812 1734 3866; x_wconf 89' lang='lat' dir='ltr'><strong>ab</strong></span> 
     </span>
    </p>
   </div>
   <div class='ocr_carea' id='block_1_67' title="bbox 217 3870 1732 3946">
    <p class='ocr_par' dir='ltr' id='par_1_67' title="bbox 217 3870 1732 3946">
     <span class='ocr_line' id='line_1_67' title="bbox 217 3870 1732 3946; baseline 0.008 -23"><span class='ocrx_word' id='word_1_450' title='bbox 217 3873 363 3927; x_wconf 84' lang='lat' dir='ltr'><strong>arbore</strong></span> <span class='ocrx_word' id='word_1_451' title='bbox 385 3875 513 3946; x_wconf 78' lang='lat' dir='ltr'><strong>_boni</strong></span> <span class='ocrx_word' id='word_1_452' title='bbox 534 3870 600 3928; x_wconf 78' lang='lat' dir='ltr'><strong>et</strong></span> <span class='ocrx_word' id='word_1_453' title='bbox 626 3871 796 3946; x_wconf 37' lang='lat' dir='ltr'><strong>mali.‘</strong></span> <span class='ocrx_word' id='word_1_454' title='bbox 812 3870 1014 3925; x_wconf 80' lang='lat' dir='ltr'><strong>Horum</strong></span> <span class='ocrx_word' id='word_1_455' title='bbox 1045 3874 1185 3926; x_wconf 92' lang='lat' dir='ltr'><strong>enim</strong></span> <span class='ocrx_word' id='word_1_456' title='bbox 1221 3876 1378 3929; x_wconf 88' lang='lat' dir='ltr'><strong>trium</strong></span> <span class='ocrx_word' id='word_1_457' title='bbox 1411 3882 1611 3934; x_wconf 84' lang='lat' dir='ltr'><strong>mentio</strong></span> <span class='ocrx_word' id='word_1_458' title='bbox 1655 3881 1732 3946; x_wconf 84' lang='lat' dir='ltr'><strong>ﬁt,</strong></span> 
     </span>
    </p>
   </div>
   <div class='ocr_carea' id='block_1_68' title="bbox 218 3940 1734 4011">
    <p class='ocr_par' dir='ltr' id='par_1_68' title="bbox 218 3940 1734 4011">
     <span class='ocr_line' id='line_1_68' title="bbox 218 3940 1734 4011; baseline 0.007 -17"><span class='ocrx_word' id='word_1_459' title='bbox 218 3956 296 3996; x_wconf 89' lang='lat' dir='ltr'><strong>non</strong></span> <span class='ocrx_word' id='word_1_460' title='bbox 330 3944 484 3998; x_wconf 91' lang='lat' dir='ltr'><strong>solum</strong></span> <span class='ocrx_word' id='word_1_461' title='bbox 512 3958 638 4011; x_wconf 86' lang='lat' dir='ltr'><strong>cap.</strong></span> <span class='ocrx_word' id='word_1_462' title='bbox 670 3956 730 3995; x_wconf 87' lang='grc' dir='ltr'><strong>ιιι</strong></span> <span class='ocrx_word' id='word_1_463' title='bbox 759 3940 954 3996; x_wconf 76' lang='lat' dir='ltr'><strong>Cenes.</strong></span> <span class='ocrx_word' id='word_1_464' title='bbox 979 3982 993 4006; x_wconf 97' lang='lat'><strong>,</strong></span> <span class='ocrx_word' id='word_1_465' title='bbox 1022 3952 1146 3998; x_wconf 92' lang='lat' dir='ltr'><strong>ante</strong></span> <span class='ocrx_word' id='word_1_466' title='bbox 1174 3950 1534 4002; x_wconf 88' lang='lat' dir='ltr'><strong>narrationem</strong></span> <span class='ocrx_word' id='word_1_467' title='bbox 1563 3940 1734 4006; x_wconf 52' lang='lat' dir='ltr'><strong>addit;</strong></span> 
     </span>
    </p>
   </div>
   <div class='ocr_carea' id='block_1_69' title="bbox 217 4012 1737 4079">
    <p class='ocr_par' dir='ltr' id='par_1_69' title="bbox 217 4012 1737 4079">
     <span class='ocr_line' id='line_1_69' title="bbox 217 4012 1737 4079; baseline 0.011 -16"><span class='ocrx_word' id='word_1_468' title='bbox 217 4022 381 4068; x_wconf 83' lang='lat' dir='ltr'><strong>clarum</strong></span> <span class='ocrx_word' id='word_1_469' title='bbox 423 4012 776 4069; x_wconf 86' lang='lat' dir='ltr'><strong>animantium</strong></span> <span class='ocrx_word' id='word_1_470' title='bbox 804 4012 869 4065; x_wconf 89' lang='lat' dir='ltr'><strong>ad</strong></span> <span class='ocrx_word' id='word_1_471' title='bbox 913 4014 1103 4076; x_wconf 84' lang='lat' dir='ltr'><strong>Adam,</strong></span> <span class='ocrx_word' id='word_1_472' title='bbox 1151 4016 1243 4069; x_wconf 93' lang='lat' dir='ltr'><strong>sed</strong></span> <span class='ocrx_word' id='word_1_473' title='bbox 1289 4019 1448 4072; x_wconf 92' lang='lat' dir='ltr'><strong>etiam</strong></span> <span class='ocrx_word' id='word_1_474' title='bbox 1499 4037 1649 4075; x_wconf 88' lang='lat' dir='ltr'><strong>ntnn.</strong></span> <span class='ocrx_word' id='word_1_475' title='bbox 1702 4026 1737 4079; x_wconf 81' lang='grc'><strong>5</strong></span> 
     </span>
    </p>
   </div>
   <div class='ocr_carea' id='block_1_70' title="bbox 216 4081 1733 4147">
    <p class='ocr_par' dir='ltr' id='par_1_70' title="bbox 216 4081 1733 4147">
     <span class='ocr_line' id='line_1_70' title="bbox 216 4081 1733 4147; baseline 0.009 -13"><span class='ocrx_word' id='word_1_476' title='bbox 216 4081 332 4137; x_wconf 86' lang='lat' dir='ltr'><strong>istius</strong></span> <span class='ocrx_word' id='word_1_477' title='bbox 355 4084 630 4145; x_wconf 89' lang='lat' dir='ltr'><strong>sermonis,</strong></span> <span class='ocrx_word' id='word_1_478' title='bbox 658 4082 744 4136; x_wconf 89' lang='lat' dir='ltr'><strong>ubi</strong></span> <span class='ocrx_word' id='word_1_479' title='bbox 770 4081 1065 4147; x_wconf 90' lang='lat' dir='ltr'><strong>Nestorius,</strong></span> <span class='ocrx_word' id='word_1_480' title='bbox 1095 4098 1351 4141; x_wconf 89' lang='lat' dir='ltr'><strong>conversa</strong></span> <span class='ocrx_word' id='word_1_481' title='bbox 1378 4088 1444 4141; x_wconf 87' lang='lat' dir='ltr'><strong>ad</strong></span> <span class='ocrx_word' id='word_1_482' title='bbox 1470 4092 1733 4147; x_wconf 84' lang='lat' dir='ltr'><strong>Adamnm</strong></span> 
     </span>
    </p>
   </div>
   <div class='ocr_carea' id='block_1_71' title="bbox 217 4151 1735 4229">
    <p class='ocr_par' dir='ltr' id='par_1_71' title="bbox 217 4151 1735 4229">
     <span class='ocr_line' id='line_1_71' title="bbox 217 4151 1735 4229; baseline 0.009 -24"><span class='ocrx_word' id='word_1_483' title='bbox 217 4153 411 4229; x_wconf 58' lang='lat' dir='ltr'><strong>emtione</strong></span> <span class='ocrx_word' id='word_1_484' title='bbox 440 4173 452 4207; x_wconf 90' lang='lat'><strong>:</strong></span> <span class='ocrx_word' id='word_1_485' title='bbox 478 4153 678 4229; x_wconf 67' lang='lat' dir='ltr'><strong>Factus</strong></span> <span class='ocrx_word' id='word_1_486' title='bbox 717 4169 787 4229; x_wconf 81' lang='lat' dir='ltr'><strong>es,</strong></span> <span class='ocrx_word' id='word_1_487' title='bbox 822 4151 1014 4229; x_wconf 69' lang='lat' dir='ltr'><strong>inquit.</strong></span> <span class='ocrx_word' id='word_1_488' title='bbox 1036 4170 1119 4229; x_wconf 82' lang='lat' dir='ltr'><strong>_ea:</strong></span> <span class='ocrx_word' id='word_1_489' title='bbox 1138 4155 1364 4229; x_wconf 79' lang='lat' dir='ltr'><strong>puluere,</strong></span> <span class='ocrx_word' id='word_1_490' title='bbox 1411 4161 1463 4213; x_wconf 90' lang='lat' dir='ltr'><strong>in</strong></span> <span class='ocrx_word' id='word_1_491' title='bbox 1492 4165 1735 4229; x_wconf 84' lang='lat' dir='ltr'><strong>paradiso</strong></span> 
     </span>
    </p>
   </div>
   <div class='ocr_carea' id='block_1_72' title="bbox 217 4222 1590 4294">
    <p class='ocr_par' dir='ltr' id='par_1_72' title="bbox 217 4222 1590 4294">
     <span class='ocr_line' id='line_1_72' title="bbox 217 4222 1590 4294; baseline 0.01 -22"><span class='ocrx_word' id='word_1_492' title='bbox 217 4222 450 4287; x_wconf 73' lang='lat' dir='ltr'><strong>habitabas,</strong></span> <span class='ocrx_word' id='word_1_493' title='bbox 475 4227 526 4278; x_wconf 89' lang='lat' dir='ltr'><strong>in</strong></span> <span class='ocrx_word' id='word_1_494' title='bbox 554 4223 875 4276; x_wconf 82' lang='lat' dir='ltr'><strong>abundantia</strong></span> <span class='ocrx_word' id='word_1_495' title='bbox 896 4222 1199 4278; x_wconf 83' lang='lat' dir='ltr'><strong>deliciarum</strong></span> <span class='ocrx_word' id='word_1_496' title='bbox 1223 4227 1457 4294; x_wconf 86' lang='lat' dir='ltr'><strong>degebas,</strong></span> <span class='ocrx_word' id='word_1_497' title='bbox 1486 4222 1590 4286; x_wconf 80' lang='lat' dir='ltr'><strong>etc.</strong></span> 
     </span>
    </p>
   </div>
   <div class='ocr_carea' id='block_1_73' title="bbox 269 4294 1738 4369">
    <p class='ocr_par' dir='ltr' id='par_1_73' title="bbox 269 4294 1738 4369">
     <span class='ocr_line' id='line_1_73' title="bbox 269 4294 1738 4369; baseline 0.006 -20"><span class='ocrx_word' id='word_1_498' title='bbox 269 4302 301 4369; x_wconf 69' lang='lat'><strong>¢_</strong></span> <span class='ocrx_word' id='word_1_499' title='bbox 318 4294 542 4350; x_wconf 84' lang='lat' dir='ltr'><strong>Gelasius</strong></span> <span class='ocrx_word' id='word_1_500' title='bbox 564 4308 701 4365; x_wconf 87' lang='lat' dir='ltr'><strong>papa</strong></span> <span class='ocrx_word' id='word_1_501' title='bbox 720 4305 837 4362; x_wconf 89' lang='lat' dir='ltr'><strong>post</strong></span> <span class='ocrx_word' id='word_1_502' title='bbox 858 4295 1177 4369; x_wconf 79' lang='lat' dir='ltr'><strong>explicatum</strong></span> <span class='ocrx_word' id='word_1_503' title='bbox 1198 4294 1393 4353; x_wconf 86' lang='lat' dir='ltr'><strong>diaboli</strong></span> <span class='ocrx_word' id='word_1_504' title='bbox 1424 4304 1738 4369; x_wconf 85' lang='lat' dir='ltr'><strong>superbien—</strong></span> 
     </span>
    </p>
   </div>
   <div class='ocr_carea' id='block_1_74' title="bbox 217 4362 1733 4441">
    <p class='ocr_par' dir='ltr' id='par_1_74' title="bbox 217 4362 1733 4441">
     <span class='ocr_line' id='line_1_74' title="bbox 217 4362 1733 4441; baseline 0.009 -26"><span class='ocrx_word' id='word_1_505' title='bbox 217 4362 267 4415; x_wconf 84' lang='lat' dir='ltr'><strong>tis</strong></span> <span class='ocrx_word' id='word_1_506' title='bbox 288 4363 497 4433; x_wconf 87' lang='lat' dir='ltr'><strong>lapsum,</strong></span> <span class='ocrx_word' id='word_1_507' title='bbox 528 4362 955 4441; x_wconf 74' lang='lat' dir='ltr'><strong>conceptamque</strong></span> <span class='ocrx_word' id='word_1_508' title='bbox 980 4365 1228 4441; x_wconf 80' lang='lat' dir='ltr'><strong>invidiam</strong></span> <span class='ocrx_word' id='word_1_509' title='bbox 1268 4383 1391 4441; x_wconf 69' lang='lat' dir='ltr'><strong>erga</strong></span> <span class='ocrx_word' id='word_1_510' title='bbox 1422 4362 1690 4428; x_wconf 79' lang='lat' dir='ltr'><strong>hominem</strong></span> <span class='ocrx_word' id='word_1_511' title='bbox 1718 4416 1733 4441; x_wconf 93' lang='lat'><strong>,</strong></span> 
     </span>
    </p>
   </div>
   <div class='ocr_carea' id='block_1_75' title="bbox 216 4434 1734 4504">
    <p class='ocr_par' dir='ltr' id='par_1_75' title="bbox 216 4434 1734 4504">
     <span class='ocr_line' id='line_1_75' title="bbox 216 4434 1734 4504; baseline 0.009 -20"><span class='ocrx_word' id='word_1_512' title='bbox 216 4447 337 4497; x_wconf 86' lang='lat' dir='ltr'><strong>quem</strong></span> <span class='ocrx_word' id='word_1_513' title='bbox 362 4437 594 4489; x_wconf 76' lang='lat' dir='ltr'><strong>secunda:</strong></span> <span class='ocrx_word' id='word_1_514' title='bbox 640 4434 949 4487; x_wconf 84' lang='lat' dir='ltr'><strong>conditionis</strong></span> <span class='ocrx_word' id='word_1_515' title='bbox 980 4435 1251 4504; x_wconf 80' lang='lat' dir='ltr'><strong>imaginem</strong></span> <span class='ocrx_word' id='word_1_516' title='bbox 1282 4434 1378 4492; x_wconf 71' lang='lat' dir='ltr'><strong>Dei</strong></span> <span class='ocrx_word' id='word_1_517' title='bbox 1411 4456 1597 4495; x_wconf 86' lang='lat' dir='ltr'><strong>vocat:</strong></span> <span class='ocrx_word' id='word_1_518' title='bbox 1627 4434 1734 4499; x_wconf 53' lang='lat' dir='ltr'><strong>Iis;</strong></span> 
     </span>
    </p>
   </div>
   <div class='ocr_carea' id='block_1_76' title="bbox 217 4504 1735 4585">
    <p class='ocr_par' dir='ltr' id='par_1_76' title="bbox 217 4504 1735 4585">
     <span class='ocr_line' id='line_1_76' title="bbox 217 4504 1735 4585; baseline 0.009 -31"><span class='ocrx_word' id='word_1_519' title='bbox 217 4505 300 4585; x_wconf 61' lang='lat' dir='ltr'><strong>item</strong></span> <span class='ocrx_word' id='word_1_520' title='bbox 322 4506 543 4585; x_wconf 76' lang='lat' dir='ltr'><strong>motibus,</strong></span> <span class='ocrx_word' id='word_1_521' title='bbox 570 4506 749 4585; x_wconf 68' lang='lat' dir='ltr'><strong>inquit</strong></span> <span class='ocrx_word' id='word_1_522' title='bbox 777 4504 885 4585; x_wconf 84' lang='lat' dir='ltr'><strong>(In</strong></span> <span class='ocrx_word' id='word_1_523' title='bbox 910 4516 1250 4585; x_wconf 29' lang='lat' dir='ltr'><strong>opuscncont,</strong></span> <span class='ocrx_word' id='word_1_524' title='bbox 1273 4506 1457 4578; x_wconf 85' lang='lat' dir='ltr'><strong>Pelag.</strong></span> <span class='ocrx_word' id='word_1_525' title='bbox 1481 4514 1523 4585; x_wconf 17' lang='grc' dir='ltr'><strong>ν),</strong></span> <span class='ocrx_word' id='word_1_526' title='bbox 1556 4530 1735 4585; x_wconf 85' lang='lat' dir='ltr'><strong>aggre-</strong></span> 
     </span>
    </p>
   </div>
   <div class='ocr_carea' id='block_1_77' title="bbox 218 4572 1736 4645">
    <p class='ocr_par' dir='ltr' id='par_1_77' title="bbox 218 4572 1736 4645">
     <span class='ocr_line' id='line_1_77' title="bbox 218 4572 1736 4645; baseline 0.012 -24"><span class='ocrx_word' id='word_1_527' title='bbox 218 4572 319 4625; x_wconf 80' lang='lat' dir='ltr'><strong>ditur</strong></span> <span class='ocrx_word' id='word_1_528' title='bbox 344 4576 391 4627; x_wconf 89' lang='lat' dir='ltr'><strong>in</strong></span> <span class='ocrx_word' id='word_1_529' title='bbox 421 4577 689 4629; x_wconf 80' lang='lat' dir='ltr'><strong>securitate</strong></span> <span class='ocrx_word' id='word_1_530' title='bbox 710 4572 989 4645; x_wconf 84' lang='lat' dir='ltr'><strong>degentem,</strong></span> <span class='ocrx_word' id='word_1_531' title='bbox 1015 4577 1195 4641; x_wconf 86' lang='lat' dir='ltr'><strong>quibus</strong></span> <span class='ocrx_word' id='word_1_532' title='bbox 1217 4580 1280 4631; x_wconf 91' lang='lat' dir='ltr'><strong>de</strong></span> <span class='ocrx_word' id='word_1_533' title='bbox 1307 4572 1519 4636; x_wconf 68' lang='lat' dir='ltr'><strong>sunimis</strong></span> <span class='ocrx_word' id='word_1_534' title='bbox 1543 4572 1614 4636; x_wconf 72' lang='lat' dir='ltr'><strong>ad</strong></span> <span class='ocrx_word' id='word_1_535' title='bbox 1625 4572 1736 4639; x_wconf 73' lang='lat' dir='ltr'><strong>ima</strong></span> 
     </span>
    </p>
   </div>
   <div class='ocr_carea' id='block_1_78' title="bbox 216 4644 1737 4720">
    <p class='ocr_par' dir='ltr' id='par_1_78' title="bbox 216 4644 1737 4720">
     <span class='ocr_line' id='line_1_78' title="bbox 216 4644 1737 4720; baseline 0.011 -28"><span class='ocrx_word' id='word_1_536' title='bbox 216 4645 539 4720; x_wconf 74' lang='lat' dir='ltr'><strong>maleconfisus</strong></span> <span class='ocrx_word' id='word_1_537' title='bbox 555 4647 670 4720; x_wconf 77' lang='lat' dir='ltr'><strong>ipse</strong></span> <span class='ocrx_word' id='word_1_538' title='bbox 689 4644 967 4697; x_wconf 77' lang='lat' dir='ltr'><strong>deciderat.</strong></span> <span class='ocrx_word' id='word_1_539' title='bbox 995 4644 1135 4699; x_wconf 85' lang='lat' dir='ltr'><strong>Hinc</strong></span> <span class='ocrx_word' id='word_1_540' title='bbox 1154 4646 1246 4720; x_wconf 88' lang='lat' dir='ltr'><strong>illa</strong></span> <span class='ocrx_word' id='word_1_541' title='bbox 1269 4650 1485 4720; x_wconf 80' lang='lat' dir='ltr'><strong>felicitas</strong></span> <span class='ocrx_word' id='word_1_542' title='bbox 1507 4657 1737 4720; x_wconf 83' lang='lat' dir='ltr'><strong>paradisi</strong></span> 
     </span>
    </p>
   </div>
   <div class='ocr_carea' id='block_1_79' title="bbox 218 4715 1735 4794">
    <p class='ocr_par' dir='ltr' id='par_1_79' title="bbox 218 4715 1735 4794">
     <span class='ocr_line' id='line_1_79' title="bbox 218 4715 1735 4794; baseline 0.014 -35"><span class='ocrx_word' id='word_1_543' title='bbox 218 4715 352 4794; x_wconf 73' lang='lat' dir='ltr'><strong>prunis</strong></span> <span class='ocrx_word' id='word_1_544' title='bbox 378 4715 662 4794; x_wconf 73' lang='lat' dir='ltr'><strong>hominibus</strong></span> <span class='ocrx_word' id='word_1_545' title='bbox 688 4725 919 4794; x_wconf 70' lang='lat' dir='ltr'><strong>constare</strong></span> <span class='ocrx_word' id='word_1_546' title='bbox 946 4732 1045 4794; x_wconf 77' lang='lat' dir='ltr'><strong>non</strong></span> <span class='ocrx_word' id='word_1_547' title='bbox 1066 4719 1251 4794; x_wconf 74' lang='lat' dir='ltr'><strong>potuit.</strong></span> <span class='ocrx_word' id='word_1_548' title='bbox 1269 4715 1424 4794; x_wconf 60' lang='lat' dir='ltr'><strong>Hinc</strong></span> <span class='ocrx_word' id='word_1_549' title='bbox 1445 4715 1538 4775; x_wconf 77' lang='lat' dir='ltr'><strong>illa</strong></span> <span class='ocrx_word' id='word_1_550' title='bbox 1558 4727 1735 4794; x_wconf 69' lang='lat' dir='ltr'><strong>primm</strong></span> 
     </span>
    </p>
   </div>
   <div class='ocr_carea' id='block_1_80' title="bbox 218 4785 1734 4864">
    <p class='ocr_par' dir='ltr' id='par_1_80' title="bbox 218 4785 1734 4864">
     <span class='ocr_line' id='line_1_80' title="bbox 218 4785 1734 4864; baseline 0.011 -32"><span class='ocrx_word' id='word_1_551' title='bbox 218 4786 476 4864; x_wconf 60' lang='lat' dir='ltr'><strong>conditionis</strong></span> <span class='ocrx_word' id='word_1_552' title='bbox 522 4787 807 4864; x_wconf 70' lang='lat' dir='ltr'><strong>integritas,</strong></span> <span class='ocrx_word' id='word_1_553' title='bbox 852 4785 973 4838; x_wconf 87' lang='lat' dir='ltr'><strong>dum</strong></span> <span class='ocrx_word' id='word_1_554' title='bbox 1012 4788 1081 4838; x_wconf 87' lang='lat' dir='ltr'><strong>ita</strong></span> <span class='ocrx_word' id='word_1_555' title='bbox 1118 4788 1179 4841; x_wconf 88' lang='lat' dir='ltr'><strong>de</strong></span> <span class='ocrx_word' id='word_1_556' title='bbox 1209 4805 1260 4842; x_wconf 89' lang='lat' dir='ltr'><strong>se</strong></span> <span class='ocrx_word' id='word_1_557' title='bbox 1288 4792 1434 4864; x_wconf 71' lang='lat' dir='ltr'><strong>ﬁdit,</strong></span> <span class='ocrx_word' id='word_1_558' title='bbox 1479 4785 1734 4864; x_wconf 75' lang='lat' dir='ltr'><strong>tamquam</strong></span> 
     </span>
    </p>
   </div>
   <div class='ocr_carea' id='block_1_81' title="bbox 217 4850 1737 4939">
    <p class='ocr_par' dir='ltr' id='par_1_81' title="bbox 217 4850 1737 4939">
     <span class='ocr_line' id='line_1_81' title="bbox 217 4850 1737 4939; baseline 0.014 -40"><span class='ocrx_word' id='word_1_559' title='bbox 217 4850 317 4935; x_wconf 75' lang='lat' dir='ltr'><strong>ipso,</strong></span> <span class='ocrx_word' id='word_1_560' title='bbox 340 4856 416 4924; x_wconf 87' lang='lat' dir='ltr'><strong>qui</strong></span> <span class='ocrx_word' id='word_1_561' title='bbox 442 4850 765 4939; x_wconf 75' lang='lat' dir='ltr'><strong>condiderat,</strong></span> <span class='ocrx_word' id='word_1_562' title='bbox 798 4872 902 4939; x_wconf 65' lang='lat' dir='ltr'><strong>una</strong></span> <span class='ocrx_word' id='word_1_563' title='bbox 928 4868 1124 4937; x_wconf 72' lang='lat' dir='ltr'><strong>egeret;</strong></span> <span class='ocrx_word' id='word_1_564' title='bbox 1151 4875 1243 4913; x_wconf 88' lang='lat' dir='ltr'><strong>nec</strong></span> <span class='ocrx_word' id='word_1_565' title='bbox 1266 4850 1329 4914; x_wconf 82' lang='lat' dir='ltr'><strong>de</strong></span> <span class='ocrx_word' id='word_1_566' title='bbox 1357 4850 1608 4939; x_wconf 64' lang='lat' dir='ltr'><strong>perceptis</strong></span> <span class='ocrx_word' id='word_1_567' title='bbox 1631 4869 1737 4939; x_wconf 79' lang='lat' dir='ltr'><strong>agit</strong></span> 
     </span>
    </p>
   </div>
   <div class='ocr_carea' id='block_1_82' title="bbox 218 4926 1737 4997">
    <p class='ocr_par' dir='ltr' id='par_1_82' title="bbox 218 4926 1737 4997">
     <span class='ocr_line' id='line_1_82' title="bbox 218 4926 1737 4997; baseline 0.011 -22"><span class='ocrx_word' id='word_1_568' title='bbox 218 4926 385 4987; x_wconf 76' lang='lat' dir='ltr'><strong>gratias,</strong></span> <span class='ocrx_word' id='word_1_569' title='bbox 414 4929 550 4993; x_wconf 86' lang='lat' dir='ltr'><strong>quod</strong></span> <span class='ocrx_word' id='word_1_570' title='bbox 574 4943 821 4994; x_wconf 86' lang='lat' dir='ltr'><strong>nusquam</strong></span> <span class='ocrx_word' id='word_1_571' title='bbox 845 4927 1023 4993; x_wconf 79' lang='lat' dir='ltr'><strong>fecisse</strong></span> <span class='ocrx_word' id='word_1_572' title='bbox 1046 4926 1388 4997; x_wconf 79' lang='lat' dir='ltr'><strong>memoratur;</strong></span> <span class='ocrx_word' id='word_1_573' title='bbox 1417 4926 1513 4987; x_wconf 77' lang='lat' dir='ltr'><strong>nec</strong></span> <span class='ocrx_word' id='word_1_574' title='bbox 1531 4934 1595 4987; x_wconf 86' lang='lat' dir='ltr'><strong>de</strong></span> <span class='ocrx_word' id='word_1_575' title='bbox 1617 4926 1737 4991; x_wconf 38' lang='lat' dir='ltr'><strong>coun-</strong></span> 
     </span>
    </p>
   </div>
   <div class='ocr_carea' id='block_1_83' title="bbox 216 4998 1736 5067">
    <p class='ocr_par' dir='ltr' id='par_1_83' title="bbox 216 4998 1736 5067">
     <span class='ocr_line' id='line_1_83' title="bbox 216 4998 1736 5067; baseline 0.009 -21"><span class='ocrx_word' id='word_1_576' title='bbox 216 4998 427 5067; x_wconf 70' lang='lat' dir='ltr'><strong>urvandis</strong></span> <span class='ocrx_word' id='word_1_577' title='bbox 454 5013 572 5067; x_wconf 71' lang='lat' dir='ltr'><strong>qua:</strong></span> <span class='ocrx_word' id='word_1_578' title='bbox 604 5004 908 5067; x_wconf 84' lang='lat' dir='ltr'><strong>sumpserat,</strong></span> <span class='ocrx_word' id='word_1_579' title='bbox 938 5001 1096 5063; x_wconf 88' lang='lat' dir='ltr'><strong>poscit</strong></span> <span class='ocrx_word' id='word_1_580' title='bbox 1114 5001 1399 5067; x_wconf 76' lang='lat' dir='ltr'><strong>auxilium;</strong></span> <span class='ocrx_word' id='word_1_581' title='bbox 1425 5020 1514 5057; x_wconf 87' lang='lat' dir='ltr'><strong>nec</strong></span> <span class='ocrx_word' id='word_1_582' title='bbox 1534 5007 1601 5057; x_wconf 88' lang='lat' dir='ltr'><strong>ad</strong></span> <span class='ocrx_word' id='word_1_583' title='bbox 1622 5024 1736 5060; x_wconf 86' lang='lat' dir='ltr'><strong>eum</strong></span> 
     </span>
    </p>
   </div>
   <div class='ocr_carea' id='block_1_84' title="bbox 217 5062 1736 5133">
    <p class='ocr_par' dir='ltr' id='par_1_84' title="bbox 217 5062 1736 5133">
     <span class='ocr_line' id='line_1_84' title="bbox 217 5062 1736 5133; baseline 0.01 -18"><span class='ocrx_word' id='word_1_584' title='bbox 217 5062 333 5116; x_wconf 75' lang='lat' dir='ltr'><strong>etiam</strong></span> <span class='ocrx_word' id='word_1_585' title='bbox 368 5062 566 5131; x_wconf 72' lang='lat' dir='ltr'><strong>pulsata</strong></span> <span class='ocrx_word' id='word_1_586' title='bbox 610 5062 867 5121; x_wconf 80' lang='lat' dir='ltr'><strong>tentatoris</strong></span> <span class='ocrx_word' id='word_1_587' title='bbox 895 5062 1130 5133; x_wconf 78' lang='lat' dir='ltr'><strong>accessu,</strong></span> <span class='ocrx_word' id='word_1_588' title='bbox 1179 5071 1355 5125; x_wconf 75' lang='lat' dir='ltr'><strong>deuota</strong></span> <span class='ocrx_word' id='word_1_589' title='bbox 1380 5062 1652 5128; x_wconf 76' lang='lat' dir='ltr'><strong>concurrit</strong></span> <span class='ocrx_word' id='word_1_590' title='bbox 1690 5087 1736 5130; x_wconf 87' lang='lat' dir='ltr'><strong>et</strong></span> 
     </span>
    </p>
   </div>
   <div class='ocr_carea' id='block_1_85' title="bbox 219 5136 1733 5210">
    <p class='ocr_par' dir='ltr' id='par_1_85' title="bbox 219 5136 1733 5210">
     <span class='ocr_line' id='line_1_85' title="bbox 219 5136 1733 5210; baseline 0.013 -28"><span class='ocrx_word' id='word_1_591' title='bbox 219 5136 429 5210; x_wconf 59' lang='lat' dir='ltr'><strong>gannitu,</strong></span> <span class='ocrx_word' id='word_1_592' title='bbox 474 5152 682 5210; x_wconf 81' lang='lat' dir='ltr'><strong>suceque</strong></span> <span class='ocrx_word' id='word_1_593' title='bbox 704 5151 761 5210; x_wconf 82' lang='lat' dir='ltr'><strong>_se</strong></span> <span class='ocrx_word' id='word_1_594' title='bbox 798 5136 956 5210; x_wconf 58' lang='lat' dir='ltr'><strong>gredit</strong></span> <span class='ocrx_word' id='word_1_595' title='bbox 1000 5139 1132 5192; x_wconf 86' lang='lat' dir='ltr'><strong>inter</strong></span> <span class='ocrx_word' id='word_1_596' title='bbox 1172 5157 1416 5210; x_wconf 86' lang='lat' dir='ltr'><strong>prospera</strong></span> <span class='ocrx_word' id='word_1_597' title='bbox 1460 5145 1733 5201; x_wconf 82' lang='lat' dir='ltr'><strong>voluntati.</strong></span> 
     </span>
    </p>
   </div>
   <div class='ocr_carea' id='block_1_86' title="bbox 218 5198 1736 5281">
    <p class='ocr_par' dir='ltr' id='par_1_86' title="bbox 218 5198 1736 5281">
     <span class='ocr_line' id='line_1_86' title="bbox 218 5198 1736 5281; baseline 0.009 -25"><span class='ocrx_word' id='word_1_598' title='bbox 218 5198 353 5281; x_wconf 53' lang='lat' dir='ltr'><strong>{aede</strong></span> <span class='ocrx_word' id='word_1_599' title='bbox 382 5208 487 5281; x_wconf 75' lang='lat' dir='ltr'><strong>sine</strong></span> <span class='ocrx_word' id='word_1_600' title='bbox 522 5198 1047 5281; x_wconf 23' lang='lat' dir='ltr'><strong>prazsidioACreatoris</strong></span> <span class='ocrx_word' id='word_1_601' title='bbox 1079 5198 1242 5275; x_wconf 72' lang='lat' dir='ltr'><strong>patuit</strong></span> <span class='ocrx_word' id='word_1_602' title='bbox 1283 5198 1567 5281; x_wconf 82' lang='lat' dir='ltr'><strong>deceptoris</strong></span> <span class='ocrx_word' id='word_1_603' title='bbox 1612 5198 1736 5270; x_wconf 54' lang='lat' dir='ltr'><strong>insi;</strong></span> 
     </span>
    </p>
   </div>
   <div class='ocr_carea' id='block_1_87' title="bbox 219 5270 1734 5353">
    <p class='ocr_par' dir='ltr' id='par_1_87' title="bbox 219 5270 1734 5353">
     <span class='ocr_line' id='line_1_87' title="bbox 219 5270 1734 5353; baseline 0.011 -31"><span class='ocrx_word' id='word_1_604' title='bbox 219 5270 368 5353; x_wconf 34' lang='lat' dir='ltr'><strong>diunet</strong></span> <span class='ocrx_word' id='word_1_605' title='bbox 396 5277 447 5329; x_wconf 88' lang='lat' dir='ltr'><strong>in</strong></span> <span class='ocrx_word' id='word_1_606' title='bbox 469 5270 937 5353; x_wconf 41' lang='lat' dir='ltr'><strong>ptiwuar‘icationem</strong></span> <span class='ocrx_word' id='word_1_607' title='bbox 968 5270 1516 5353; x_wconf 7' lang='lat' dir='ltr'><strong>[ractagconsequenter</strong></span> <span class='ocrx_word' id='word_1_608' title='bbox 1544 5284 1734 5353; x_wconf 83' lang='lat' dir='ltr'><strong>illiciti,</strong></span> 
     </span>
    </p>
   </div>
   <div class='ocr_carea' id='block_1_88' title="bbox 219 5344 1737 5420">
    <p class='ocr_par' dir='ltr' id='par_1_88' title="bbox 219 5344 1737 5420">
     <span class='ocr_line' id='line_1_88' title="bbox 219 5344 1737 5420; baseline 0.013 -32"><span class='ocrx_word' id='word_1_609' title='bbox 219 5344 508 5420; x_wconf 73' lang='lat' dir='ltr'><strong>renditionem</strong></span> <span class='ocrx_word' id='word_1_610' title='bbox 534 5344 1188 5420; x_wconf 48' lang='lat' dir='ltr'><strong>prwﬁaaamortis&#39;invenit,</strong></span> <span class='ocrx_word' id='word_1_611' title='bbox 1216 5344 1489 5420; x_wconf 87' lang='lat' dir='ltr'><strong>meritoque</strong></span> <span class='ocrx_word' id='word_1_612' title='bbox 1507 5365 1581 5408; x_wconf 88' lang='lat' dir='ltr'><strong>est</strong></span> <span class='ocrx_word' id='word_1_613' title='bbox 1601 5344 1737 5408; x_wconf 54' lang='lat' dir='ltr'><strong>com;</strong></span> 
     </span>
    </p>
   </div>
   <div class='ocr_carea' id='block_1_89' title="bbox 219 5417 1736 5494">
    <p class='ocr_par' dir='ltr' id='par_1_89' title="bbox 219 5417 1736 5494">
     <span class='ocr_line' id='line_1_89' title="bbox 219 5417 1736 5494; baseline 0.012 -34"><span class='ocrx_word' id='word_1_614' title='bbox 219 5417 359 5494; x_wconf 58' lang='lat' dir='ltr'><strong>petenti</strong></span> <span class='ocrx_word' id='word_1_615' title='bbox 383 5418 901 5494; x_wconf 40' lang='lat' dir='ltr'><strong>subjectaﬂvindictaz;</strong></span> <span class='ocrx_word' id='word_1_616' title='bbox 929 5420 1169 5494; x_wconf 82' lang='lat' dir='ltr'><strong>quoniam</strong></span> <span class='ocrx_word' id='word_1_617' title='bbox 1194 5436 1284 5473; x_wconf 88' lang='lat' dir='ltr'><strong>nec</strong></span> <span class='ocrx_word' id='word_1_618' title='bbox 1309 5423 1371 5474; x_wconf 88' lang='lat' dir='ltr'><strong>de</strong></span> <span class='ocrx_word' id='word_1_619' title='bbox 1395 5417 1537 5477; x_wconf 88' lang='lat' dir='ltr'><strong>bonis</strong></span> <span class='ocrx_word' id='word_1_620' title='bbox 1568 5429 1736 5494; x_wconf 82' lang='lat' dir='ltr'><strong>fuerat</strong></span> 
     </span>
    </p>
   </div>
   <div class='ocr_carea' id='block_1_90' title="bbox 220 5480 1737 5565">
    <p class='ocr_par' dir='ltr' id='par_1_90' title="bbox 220 5480 1737 5565">
     <span class='ocr_line' id='line_1_90' title="bbox 220 5480 1737 5565; baseline 0.013 -34"><span class='ocrx_word' id='word_1_621' title='bbox 220 5480 355 5536; x_wconf 67' lang='lat' dir='ltr'><strong>devota</strong></span> <span class='ocrx_word' id='word_1_622' title='bbox 390 5480 687 5565; x_wconf 74' lang='lat' dir='ltr'><strong>retinendis,</strong></span> <span class='ocrx_word' id='word_1_623' title='bbox 728 5503 824 5565; x_wconf 72' lang='lat' dir='ltr'><strong>nec</strong></span> <span class='ocrx_word' id='word_1_624' title='bbox 860 5480 1051 5565; x_wconf 75' lang='lat' dir='ltr'><strong>malum</strong></span> <span class='ocrx_word' id='word_1_625' title='bbox 1083 5502 1386 5557; x_wconf 68' lang='lat' dir='ltr'><strong>praecaveret</strong></span> <span class='ocrx_word' id='word_1_626' title='bbox 1428 5480 1737 5565; x_wconf 68' lang='lat' dir='ltr'><strong>anteprtedi-</strong></span> 
     </span>
    </p>
   </div>
   <div class='ocr_carea' id='block_1_91' title="bbox 220 5556 1739 5629">
    <p class='ocr_par' dir='ltr' id='par_1_91' title="bbox 220 5556 1739 5629">
     <span class='ocr_line' id='line_1_91' title="bbox 220 5556 1739 5629; baseline 0.014 -31"><span class='ocrx_word' id='word_1_627' title='bbox 220 5559 335 5629; x_wconf 67' lang='lat' dir='ltr'><strong>rttnn,</strong></span> <span class='ocrx_word' id='word_1_628' title='bbox 373 5556 497 5629; x_wconf 77' lang='lat' dir='ltr'><strong>dum</strong></span> <span class='ocrx_word' id='word_1_629' title='bbox 524 5573 614 5623; x_wconf 85' lang='lat' dir='ltr'><strong>per</strong></span> <span class='ocrx_word' id='word_1_630' title='bbox 642 5559 849 5629; x_wconf 84' lang='lat' dir='ltr'><strong>majoris</strong></span> <span class='ocrx_word' id='word_1_631' title='bbox 878 5556 1121 5611; x_wconf 85' lang='lat' dir='ltr'><strong>ambitum</strong></span> <span class='ocrx_word' id='word_1_632' title='bbox 1159 5565 1448 5629; x_wconf 83' lang='lat' dir='ltr'><strong>potestatis,</strong></span> <span class='ocrx_word' id='word_1_633' title='bbox 1490 5556 1656 5617; x_wconf 73' lang='lat' dir='ltr'><strong>Deum</strong></span> <span class='ocrx_word' id='word_1_634' title='bbox 1686 5584 1739 5620; x_wconf 88' lang='lat' dir='ltr'><strong>se</strong></span> 
     </span>
    </p>
   </div>
   <div class='ocr_carea' id='block_1_92' title="bbox 219 5620 1738 5703">
    <p class='ocr_par' dir='ltr' id='par_1_92' title="bbox 219 5620 1738 5703">
     <span class='ocr_line' id='line_1_92' title="bbox 219 5620 1738 5703; baseline 0.011 -31"><span class='ocrx_word' id='word_1_635' title='bbox 219 5620 368 5703; x_wconf 71' lang='lat' dir='ltr'><strong>trilicet</strong></span> <span class='ocrx_word' id='word_1_636' title='bbox 396 5627 505 5691; x_wconf 77' lang='lat' dir='ltr'><strong>{ore</strong></span> <span class='ocrx_word' id='word_1_637' title='bbox 525 5620 914 5703; x_wconf 67' lang='lat' dir='ltr'><strong>praesumenda.</strong></span> <span class='ocrx_word' id='word_1_638' title='bbox 944 5630 1133 5703; x_wconf 64' lang='lat' dir='ltr'><strong>foveas</strong></span> <span class='ocrx_word' id='word_1_639' title='bbox 1159 5620 1355 5703; x_wconf 64' lang='lat' dir='ltr'><strong>hostilis</strong></span> <span class='ocrx_word' id='word_1_640' title='bbox 1395 5620 1738 5703; x_wconf 73' lang='lat' dir='ltr'><strong>persuasionis</strong></span> 
     </span>
    </p>
   </div>
   <div class='ocr_carea' id='block_1_93' title="bbox 218 5696 1732 5772">
    <p class='ocr_par' dir='ltr' id='par_1_93' title="bbox 218 5696 1732 5772">
     <span class='ocr_line' id='line_1_93' title="bbox 218 5696 1732 5772; baseline 0.01 -30"><span class='ocrx_word' id='word_1_641' title='bbox 218 5696 421 5760; x_wconf 78' lang='lat' dir='ltr'><strong>mcurrit;</strong></span> <span class='ocrx_word' id='word_1_642' title='bbox 445 5707 492 5749; x_wconf 87' lang='lat' dir='ltr'><strong>et</strong></span> <span class='ocrx_word' id='word_1_643' title='bbox 518 5712 650 5762; x_wconf 67' lang='lat' dir='ltr'><strong>qua,</strong></span> <span class='ocrx_word' id='word_1_644' title='bbox 674 5698 719 5750; x_wconf 88' lang='lat' dir='ltr'><strong>si</strong></span> <span class='ocrx_word' id='word_1_645' title='bbox 746 5714 836 5750; x_wconf 87' lang='lat' dir='ltr'><strong>suo</strong></span> <span class='ocrx_word' id='word_1_646' title='bbox 859 5699 1033 5772; x_wconf 78' lang='lat' dir='ltr'><strong>ordine</strong></span> <span class='ocrx_word' id='word_1_647' title='bbox 1062 5701 1329 5772; x_wconf 77' lang='lat' dir='ltr'><strong>mansisset</strong></span> <span class='ocrx_word' id='word_1_648' title='bbox 1354 5696 1501 5772; x_wconf 77' lang='lat' dir='ltr'><strong>grata</strong></span> <span class='ocrx_word' id='word_1_649' title='bbox 1530 5706 1732 5771; x_wconf 77' lang='lat' dir='ltr'><strong>factori,</strong></span> 
     </span>
    </p>
   </div>
   <div class='ocr_carea' id='block_1_94' title="bbox 216 5769 1738 5844">
    <p class='ocr_par' dir='ltr' id='par_1_94' title="bbox 216 5769 1738 5844">
     <span class='ocr_line' id='line_1_94' title="bbox 216 5769 1738 5844; baseline 0.01 -30"><span class='ocrx_word' id='word_1_650' title='bbox 216 5773 466 5844; x_wconf 73' lang='lat' dir='ltr'><strong>perpetuum</strong></span> <span class='ocrx_word' id='word_1_651' title='bbox 497 5780 705 5819; x_wconf 71' lang='lat' dir='ltr'><strong>summi:</strong></span> <span class='ocrx_word' id='word_1_652' title='bbox 748 5770 1102 5844; x_wconf 75' lang='lat' dir='ltr'><strong>commercium</strong></span> <span class='ocrx_word' id='word_1_653' title='bbox 1132 5769 1331 5844; x_wconf 85' lang='lat' dir='ltr'><strong>deitatis</strong></span> <span class='ocrx_word' id='word_1_654' title='bbox 1356 5769 1615 5839; x_wconf 70' lang='lat' dir='ltr'><strong>potuisset</strong></span> <span class='ocrx_word' id='word_1_655' title='bbox 1644 5769 1738 5844; x_wconf 81' lang='lat' dir='ltr'><strong>ap-</strong></span> 
     </span>
    </p>
   </div>
   <div class='ocr_carea' id='block_1_95' title="bbox 219 5834 1738 5906">
    <p class='ocr_par' dir='ltr' id='par_1_95' title="bbox 219 5834 1738 5906">
     <span class='ocr_line' id='line_1_95' title="bbox 219 5834 1738 5906; baseline 0.008 -17"><span class='ocrx_word' id='word_1_656' title='bbox 219 5834 480 5890; x_wconf 67' lang='lat' dir='ltr'><strong>Pftbendere</strong></span> <span class='ocrx_word' id='word_1_657' title='bbox 500 5853 522 5900; x_wconf 89' lang='lat'><strong><em>;</em></strong></span> <span class='ocrx_word' id='word_1_658' title='bbox 548 5846 904 5906; x_wconf 86' lang='lat' dir='ltr'><strong>competenter,</strong></span> <span class='ocrx_word' id='word_1_659' title='bbox 927 5840 1034 5893; x_wconf 85' lang='lat' dir='ltr'><strong>sine</strong></span> <span class='ocrx_word' id='word_1_660' title='bbox 1060 5840 1224 5894; x_wconf 83' lang='lat' dir='ltr'><strong>debito</strong></span> <span class='ocrx_word' id='word_1_661' title='bbox 1246 5834 1457 5898; x_wconf 77' lang='lat' dir='ltr'><strong>summa:</strong></span> <span class='ocrx_word' id='word_1_662' title='bbox 1485 5834 1738 5901; x_wconf 75' lang='lat' dir='ltr'><strong>divinitati</strong></span> 
     </span>
    </p>
   </div>
   <div class='ocr_carea' id='block_1_96' title="bbox 1825 2974 3405 3058">
    <p class='ocr_par' dir='ltr' id='par_1_96' title="bbox 1825 2974 3405 3058">
     <span class='ocr_line' id='line_1_96' title="bbox 1825 2974 3405 3058; baseline 0.012 -35"><span class='ocrx_word' id='word_1_663' title='bbox 1825 2974 2009 3042; x_wconf 64' lang='lat' dir='ltr'><strong>officio,</strong></span> <span class='ocrx_word' id='word_1_664' title='bbox 2055 2976 2259 3056; x_wconf 67' lang='lat' dir='ltr'><strong>eopiosa</strong></span> <span class='ocrx_word' id='word_1_665' title='bbox 2289 2978 2622 3058; x_wconf 73' lang='lat' dir='ltr'><strong>promissione</strong></span> <span class='ocrx_word' id='word_1_666' title='bbox 2666 2984 2941 3051; x_wconf 78' lang='lat' dir='ltr'><strong>frustrata,</strong></span> <span class='ocrx_word' id='word_1_667' title='bbox 2981 2984 3051 3037; x_wconf 89' lang='lat' dir='ltr'><strong>ad</strong></span> <span class='ocrx_word' id='word_1_668' title='bbox 3092 2985 3405 3044; x_wconf 87' lang='lat' dir='ltr'><strong>divinitatem</strong></span> 
     </span>
    </p>
   </div>
   <div class='ocr_carea' id='block_1_97' title="bbox 1821 3055 2535 3112">
    <p class='ocr_par' dir='ltr' id='par_1_97' title="bbox 1821 3055 2535 3112">
     <span class='ocr_line' id='line_1_97' title="bbox 1821 3055 2535 3112; baseline 0.008 -17"><span class='ocrx_word' id='word_1_669' title='bbox 1821 3058 1923 3096; x_wconf 86' lang='lat' dir='ltr'><strong>non</strong></span> <span class='ocrx_word' id='word_1_670' title='bbox 1951 3055 2111 3112; x_wconf 84' lang='lat' dir='ltr'><strong>potuit</strong></span> <span class='ocrx_word' id='word_1_671' title='bbox 2133 3055 2406 3112; x_wconf 82' lang='lat' dir='ltr'><strong>pervenire.</strong></span> <span class='ocrx_word' id='word_1_672' title='bbox 2428 3056 2535 3103; x_wconf 93' lang='lat' dir='ltr'><strong>etc.</strong></span> 
     </span>
    </p>
   </div>
   <div class='ocr_carea' id='block_1_98' title="bbox 1898 3114 3406 3197">
    <p class='ocr_par' dir='ltr' id='par_1_98' title="bbox 1898 3114 3406 3197">
     <span class='ocr_line' id='line_1_98' title="bbox 1898 3114 3406 3197; baseline 0.011 -30"><span class='ocrx_word' id='word_1_673' title='bbox 1898 3114 2073 3196; x_wconf 77' lang='lat' dir='ltr'><strong>Locus</strong></span> <span class='ocrx_word' id='word_1_674' title='bbox 2104 3116 2224 3197; x_wconf 50' lang='lat' dir='ltr'><strong>iste,</strong></span> <span class='ocrx_word' id='word_1_675' title='bbox 2259 3117 2380 3197; x_wconf 85' lang='lat' dir='ltr'><strong>licet</strong></span> <span class='ocrx_word' id='word_1_676' title='bbox 2407 3118 2632 3197; x_wconf 84' lang='lat' dir='ltr'><strong>longior,</strong></span> <span class='ocrx_word' id='word_1_677' title='bbox 2660 3122 2804 3197; x_wconf 81' lang='lat' dir='ltr'><strong>_visus</strong></span> <span class='ocrx_word' id='word_1_678' title='bbox 2827 3131 2911 3176; x_wconf 88' lang='lat' dir='ltr'><strong>est</strong></span> <span class='ocrx_word' id='word_1_679' title='bbox 2930 3122 3251 3197; x_wconf 79' lang='lat' dir='ltr'><strong>alTerendus.</strong></span> <span class='ocrx_word' id='word_1_680' title='bbox 3280 3144 3406 3197; x_wconf 90' lang='lat' dir='ltr'><strong>par-</strong></span> 
     </span>
    </p>
   </div>
   <div class='ocr_carea' id='block_1_99' title="bbox 1833 3183 3407 3268">
    <p class='ocr_par' dir='ltr' id='par_1_99' title="bbox 1833 3183 3407 3268">
     <span class='ocr_line' id='line_1_99' title="bbox 1833 3183 3407 3268; baseline 0.012 -33"><span class='ocrx_word' id='word_1_681' title='bbox 1962 3186 2083 3266; x_wconf 80' lang='lat' dir='ltr'><strong>qnia</strong></span> <span class='ocrx_word' id='word_1_682' title='bbox 2118 3186 2274 3266; x_wconf 79' lang='lat' dir='ltr'><strong>hujus</strong></span> <span class='ocrx_word' id='word_1_683' title='bbox 2303 3183 2563 3268; x_wconf 72' lang='lat' dir='ltr'><strong>temporis</strong></span> <span class='ocrx_word' id='word_1_684' title='bbox 2591 3183 2899 3268; x_wconf 78' lang='lat' dir='ltr'><strong>opinionem</strong></span> <span class='ocrx_word' id='word_1_685' title='bbox 2930 3196 3170 3268; x_wconf 81' lang='lat' dir='ltr'><strong>continet</strong></span> <span class='ocrx_word' id='word_1_686' title='bbox 3193 3183 3260 3252; x_wconf 86' lang='lat' dir='ltr'><strong>de</strong></span> <span class='ocrx_word' id='word_1_687' title='bbox 3282 3183 3407 3268; x_wconf 73' lang='lat' dir='ltr'><strong>gra-</strong></span> 
     </span>
    </p>
   </div>
   <div class='ocr_carea' id='block_1_100' title="bbox 1831 3255 3410 3326">
    <p class='ocr_par' dir='ltr' id='par_1_100' title="bbox 1831 3255 3410 3326">
     <span class='ocr_line' id='line_1_100' title="bbox 1831 3255 3410 3326; baseline 0.012 -20"><span class='ocrx_word' id='word_1_688' title='bbox 1831 3256 1901 3307; x_wconf 91' lang='lat' dir='ltr'><strong>tia</strong></span> <span class='ocrx_word' id='word_1_689' title='bbox 1942 3255 2233 3326; x_wconf 81' lang='lat' dir='ltr'><strong>orationis;</strong></span> <span class='ocrx_word' id='word_1_690' title='bbox 2287 3255 2479 3326; x_wconf 88' lang='lat' dir='ltr'><strong>partim</strong></span> <span class='ocrx_word' id='word_1_691' title='bbox 2514 3268 2573 3313; x_wconf 92' lang='lat' dir='ltr'><strong>ut</strong></span> <span class='ocrx_word' id='word_1_692' title='bbox 2607 3255 2868 3314; x_wconf 85' lang='lat' dir='ltr'><strong>catholica</strong></span> <span class='ocrx_word' id='word_1_693' title='bbox 2916 3263 3118 3318; x_wconf 84' lang='lat' dir='ltr'><strong>veritas</strong></span> <span class='ocrx_word' id='word_1_694' title='bbox 3164 3255 3410 3325; x_wconf 50' lang='lat' dir='ltr'><strong>nonvore</strong></span> 
     </span>
    </p>
   </div>
   <div class='ocr_carea' id='block_1_101' title="bbox 1826 3324 3406 3395">
    <p class='ocr_par' dir='ltr' id='par_1_101' title="bbox 1826 3324 3406 3395">
     <span class='ocr_line' id='line_1_101' title="bbox 1826 3324 3406 3395; baseline 0.011 -19"><span class='ocrx_word' id='word_1_695' title='bbox 1826 3324 2093 3395; x_wconf 84' lang='lat' dir='ltr'><strong>sacrilego</strong></span> <span class='ocrx_word' id='word_1_696' title='bbox 2132 3324 2393 3394; x_wconf 22' lang='lat' dir='ltr'><strong>Nesto‘rii,</strong></span> <span class='ocrx_word' id='word_1_697' title='bbox 2444 3329 2539 3384; x_wconf 89' lang='lat' dir='ltr'><strong>sed</strong></span> <span class='ocrx_word' id='word_1_698' title='bbox 2578 3333 2849 3387; x_wconf 76' lang='lat' dir='ltr'><strong>sanctiore</strong></span> <span class='ocrx_word' id='word_1_699' title='bbox 2890 3336 3084 3390; x_wconf 87' lang='lat' dir='ltr'><strong>summi</strong></span> <span class='ocrx_word' id='word_1_700' title='bbox 3126 3324 3406 3395; x_wconf 80' lang='lat' dir='ltr'><strong>Pontiﬁcis</strong></span> 
     </span>
    </p>
   </div>
   <div class='ocr_carea' id='block_1_102' title="bbox 1830 3394 2158 3450">
    <p class='ocr_par' dir='ltr' id='par_1_102' title="bbox 1830 3394 2158 3450">
     <span class='ocr_line' id='line_1_102' title="bbox 1830 3394 2158 3450; baseline 0.009 -3"><span class='ocrx_word' id='word_1_701' title='bbox 1830 3394 2158 3450; x_wconf 76' lang='lat' dir='ltr'><strong>traderetur.</strong></span> 
     </span>
    </p>
   </div>
   <div class='ocr_carea' id='block_1_103' title="bbox 1907 3464 3407 3547">
    <p class='ocr_par' dir='ltr' id='par_1_103' title="bbox 1907 3464 3407 3547">
     <span class='ocr_line' id='line_1_103' title="bbox 1907 3464 3407 3547; baseline 0.012 -30"><span class='ocrx_word' id='word_1_702' title='bbox 1907 3464 2197 3547; x_wconf 53' lang='lat' dir='ltr'><strong>“_Yidetnr</strong></span> <span class='ocrx_word' id='word_1_703' title='bbox 2223 3467 2542 3547; x_wconf 74' lang='lat' dir='ltr'><strong>interposita</strong></span> <span class='ocrx_word' id='word_1_704' title='bbox 2573 3470 2742 3547; x_wconf 81' lang='lat' dir='ltr'><strong>fuisse</strong></span> <span class='ocrx_word' id='word_1_705' title='bbox 2766 3472 3010 3547; x_wconf 81' lang='lat' dir='ltr'><strong>historia,</strong></span> <span class='ocrx_word' id='word_1_706' title='bbox 3060 3484 3167 3531; x_wconf 93' lang='lat' dir='ltr'><strong>tum</strong></span> <span class='ocrx_word' id='word_1_707' title='bbox 3201 3480 3407 3547; x_wconf 82' lang='lat' dir='ltr'><strong>peccati</strong></span> 
     </span>
    </p>
   </div>
   <div class='ocr_carea' id='block_1_104' title="bbox 1836 3534 3411 3606">
    <p class='ocr_par' dir='ltr' id='par_1_104' title="bbox 1836 3534 3411 3606">
     <span class='ocr_line' id='line_1_104' title="bbox 1836 3534 3411 3606; baseline 0.009 -17"><span class='ocrx_word' id='word_1_708' title='bbox 1836 3535 1906 3589; x_wconf 88' lang='lat' dir='ltr'><strong>ab</strong></span> <span class='ocrx_word' id='word_1_709' title='bbox 1936 3534 2508 3594; x_wconf 81' lang='lat' dir='ltr'><strong>Adamoinobediente</strong></span> <span class='ocrx_word' id='word_1_710' title='bbox 2551 3542 2854 3606; x_wconf 89' lang='lat' dir='ltr'><strong>commissi,</strong></span> <span class='ocrx_word' id='word_1_711' title='bbox 2902 3534 3010 3599; x_wconf 81' lang='lat' dir='ltr'><strong>tum</strong></span> <span class='ocrx_word' id='word_1_712' title='bbox 3058 3534 3251 3602; x_wconf 60' lang='lat' dir='ltr'><strong>latze&#39;a</strong></span> <span class='ocrx_word' id='word_1_713' title='bbox 3302 3534 3411 3605; x_wconf 84' lang='lat' dir='ltr'><strong>Deo</strong></span> 
     </span>
    </p>
   </div>
   <div class='ocr_carea' id='block_1_105' title="bbox 1833 3608 3407 3684">
    <p class='ocr_par' dir='ltr' id='par_1_105' title="bbox 1833 3608 3407 3684">
     <span class='ocr_line' id='line_1_105' title="bbox 1833 3608 3407 3684; baseline 0.01 -25"><span class='ocrx_word' id='word_1_714' title='bbox 1833 3608 2279 3684; x_wconf 36' lang='lat' dir='ltr'><strong>sententianunon</strong></span> <span class='ocrx_word' id='word_1_715' title='bbox 2328 3620 2529 3663; x_wconf 89' lang='lat' dir='ltr'><strong>tantum</strong></span> <span class='ocrx_word' id='word_1_716' title='bbox 2565 3610 2615 3663; x_wconf 90' lang='lat' dir='ltr'><strong>in</strong></span> <span class='ocrx_word' id='word_1_717' title='bbox 2662 3628 2784 3665; x_wconf 88' lang='lat' dir='ltr'><strong>reos</strong></span> <span class='ocrx_word' id='word_1_718' title='bbox 2825 3615 2967 3682; x_wconf 84' lang='lat' dir='ltr'><strong>ipsos</strong></span> <span class='ocrx_word' id='word_1_719' title='bbox 3012 3628 3283 3684; x_wconf 84' lang='lat' dir='ltr'><strong>parentes,</strong></span> <span class='ocrx_word' id='word_1_720' title='bbox 3312 3622 3407 3675; x_wconf 85' lang='lat' dir='ltr'><strong>sed</strong></span> 
     </span>
    </p>
   </div>
   <div class='ocr_carea' id='block_1_106' title="bbox 1834 3677 3411 3754">
    <p class='ocr_par' dir='ltr' id='par_1_106' title="bbox 1834 3677 3411 3754">
     <span class='ocr_line' id='line_1_106' title="bbox 1834 3677 3411 3754; baseline 0.011 -25"><span class='ocrx_word' id='word_1_721' title='bbox 1834 3678 1995 3730; x_wconf 86' lang='lat' dir='ltr'><strong>etiam</strong></span> <span class='ocrx_word' id='word_1_722' title='bbox 2022 3678 2071 3754; x_wconf 82' lang='lat' dir='ltr'><strong>in</strong></span> <span class='ocrx_word' id='word_1_723' title='bbox 2097 3677 2237 3731; x_wconf 86' lang='lat' dir='ltr'><strong>ﬁlios</strong></span> <span class='ocrx_word' id='word_1_724' title='bbox 2264 3679 2355 3732; x_wconf 73' lang='lat' dir='ltr'><strong>ira:</strong></span> <span class='ocrx_word' id='word_1_725' title='bbox 2375 3692 2575 3754; x_wconf 69' lang='lat' dir='ltr'><strong>natura:</strong></span> <span class='ocrx_word' id='word_1_726' title='bbox 2601 3677 2888 3738; x_wconf 81' lang='lat' dir='ltr'><strong>exstitnros</strong></span> <span class='ocrx_word' id='word_1_727' title='bbox 2913 3700 2928 3746; x_wconf 87' lang='lat'><strong>;</strong></span> <span class='ocrx_word' id='word_1_728' title='bbox 2960 3677 3115 3754; x_wconf 74' lang='lat' dir='ltr'><strong>quam</strong></span> <span class='ocrx_word' id='word_1_729' title='bbox 3142 3677 3317 3745; x_wconf 83' lang='lat' dir='ltr'><strong>tamen</strong></span> <span class='ocrx_word' id='word_1_730' title='bbox 3340 3691 3411 3745; x_wconf 89' lang='lat' dir='ltr'><strong>ob</strong></span> 
     </span>
    </p>
   </div>
   <div class='ocr_carea' id='block_1_107' title="bbox 1835 3748 3409 3820">
    <p class='ocr_par' dir='ltr' id='par_1_107' title="bbox 1835 3748 3409 3820">
     <span class='ocr_line' id='line_1_107' title="bbox 1835 3748 3409 3820; baseline 0.011 -22"><span class='ocrx_word' id='word_1_731' title='bbox 1835 3748 2154 3820; x_wconf 85' lang='lat' dir='ltr'><strong>sententiam</strong></span> <span class='ocrx_word' id='word_1_732' title='bbox 2186 3763 2289 3801; x_wconf 92' lang='lat' dir='ltr'><strong>non</strong></span> <span class='ocrx_word' id='word_1_733' title='bbox 2321 3752 2575 3803; x_wconf 91' lang='lat' dir='ltr'><strong>continuo</strong></span> <span class='ocrx_word' id='word_1_734' title='bbox 2606 3754 2800 3806; x_wconf 91' lang='lat' dir='ltr'><strong>mortui</strong></span> <span class='ocrx_word' id='word_1_735' title='bbox 2832 3765 2955 3807; x_wconf 87' lang='lat' dir='ltr'><strong>sunt</strong></span> <span class='ocrx_word' id='word_1_736' title='bbox 2976 3748 3245 3812; x_wconf 50' lang='lat' dir='ltr'><strong>&quot;homines</strong></span> <span class='ocrx_word' id='word_1_737' title='bbox 3267 3801 3280 3820; x_wconf 85' lang='lat'><strong>,</strong></span> <span class='ocrx_word' id='word_1_738' title='bbox 3313 3761 3409 3815; x_wconf 88' lang='lat' dir='ltr'><strong>sed</strong></span> 
     </span>
    </p>
   </div>
   <div class='ocr_carea' id='block_1_108' title="bbox 1836 3817 3410 3939">
    <p class='ocr_par' dir='ltr' id='par_1_108' title="bbox 1836 3817 3410 3939">
     <span class='ocr_line' id='line_1_108' title="bbox 1836 3817 3410 3939; baseline 0.011 -71"><span class='ocrx_word' id='word_1_739' title='bbox 1836 3817 2091 3939; x_wconf 52' lang='lat' dir='ltr'><strong>meat-ales</strong></span> <span class='ocrx_word' id='word_1_740' title='bbox 2132 3827 2437 3885; x_wconf 86' lang='lat' dir='ltr'><strong>evaserunt,</strong></span> <span class='ocrx_word' id='word_1_741' title='bbox 2482 3834 2547 3874; x_wconf 90' lang='lat' dir='ltr'><strong>eo</strong></span> <span class='ocrx_word' id='word_1_742' title='bbox 2587 3835 2696 3891; x_wconf 91' lang='lat' dir='ltr'><strong>quo</strong></span> <span class='ocrx_word' id='word_1_743' title='bbox 2724 3836 2871 3891; x_wconf 83' lang='lat' dir='ltr'><strong>saepe</strong></span> <span class='ocrx_word' id='word_1_744' title='bbox 2912 3824 3047 3879; x_wconf 88' lang='lat' dir='ltr'><strong>dixit</strong></span> <span class='ocrx_word' id='word_1_745' title='bbox 3083 3817 3410 3897; x_wconf 76' lang='lat' dir='ltr'><strong>Augustinus</strong></span> 
     </span>
     <span class='ocr_line' id='line_1_109' title="bbox 1836 3900 2018 3939; baseline -0.005 0"><span class='ocrx_word' id='word_1_746' title='bbox 1836 3900 1925 3939; x_wconf 91' lang='lat' dir='ltr'><strong>mo</strong></span> <span class='ocrx_word' id='word_1_747' title='bbox 1965 3900 2018 3939; x_wconf 92' lang='grc' dir='ltr'><strong>ο.</strong></span> 
     </span>
    </p>
   </div>
   <div class='ocr_carea' id='block_1_109' title="bbox 1836 3900 2018 3939">
    <p class='ocr_par' dir='ltr' id='par_1_109' title="bbox 1836 3900 2018 3939">
     <span class='ocr_line' id='line_1_110' title="bbox 1836 3900 2018 3939; baseline -0.005 0"><span class='ocrx_word' id='word_1_748' title='bbox 1836 3900 2018 3939; x_wconf 85' lang='grc' dir='ltr'>ιιιοαο.</span> 
     </span>
    </p>
   </div>
   <div class='ocr_carea' id='block_1_110' title="bbox 1911 3956 3409 4032">
    <p class='ocr_par' dir='ltr' id='par_1_110' title="bbox 1911 3956 3409 4032">
     <span class='ocr_line' id='line_1_111' title="bbox 1911 3956 3409 4032; baseline 0.008 -22"><span class='ocrx_word' id='word_1_749' title='bbox 1911 3956 2104 4032; x_wconf 43' lang='lat' dir='ltr'><strong>{Post</strong></span> <span class='ocrx_word' id='word_1_750' title='bbox 2129 3958 2453 4032; x_wconf 81' lang='lat' dir='ltr'><strong>mentionem</strong></span> <span class='ocrx_word' id='word_1_751' title='bbox 2484 3959 2679 4016; x_wconf 68' lang='lat' dir='ltr'><strong>factam</strong></span> <span class='ocrx_word' id='word_1_752' title='bbox 2709 3962 3038 4032; x_wconf 74' lang='lat' dir='ltr'><strong>dmmonnm,</strong></span> <span class='ocrx_word' id='word_1_753' title='bbox 3069 3966 3263 4021; x_wconf 92' lang='lat' dir='ltr'><strong>diaboli</strong></span> <span class='ocrx_word' id='word_1_754' title='bbox 3294 3985 3409 4023; x_wconf 86' lang='lat' dir='ltr'><strong>me-</strong></span> 
     </span>
    </p>
   </div>
   <div class='ocr_carea' id='block_1_111' title="bbox 1838 4026 3410 4106">
    <p class='ocr_par' dir='ltr' id='par_1_111' title="bbox 1838 4026 3410 4106">
     <span class='ocr_line' id='line_1_112' title="bbox 1838 4026 3410 4106; baseline 0.01 -29"><span class='ocrx_word' id='word_1_755' title='bbox 1838 4026 1991 4106; x_wconf 66' lang='lat' dir='ltr'><strong>minit</strong></span> <span class='ocrx_word' id='word_1_756' title='bbox 2035 4028 2291 4106; x_wconf 73' lang='lat' dir='ltr'><strong>singulari</strong></span> <span class='ocrx_word' id='word_1_757' title='bbox 2339 4046 2583 4106; x_wconf 83' lang='lat' dir='ltr'><strong>numero,</strong></span> <span class='ocrx_word' id='word_1_758' title='bbox 2632 4048 2782 4088; x_wconf 92' lang='lat' dir='ltr'><strong>more</strong></span> <span class='ocrx_word' id='word_1_759' title='bbox 2826 4026 3129 4090; x_wconf 82' lang='lat' dir='ltr'><strong>sanctorum</strong></span> <span class='ocrx_word' id='word_1_760' title='bbox 3169 4038 3410 4106; x_wconf 85' lang='lat' dir='ltr'><strong>Patrum,</strong></span> 
     </span>
    </p>
   </div>
   <div class='ocr_carea' id='block_1_112' title="bbox 1834 4097 3411 4175">
    <p class='ocr_par' dir='ltr' id='par_1_112' title="bbox 1834 4097 3411 4175">
     <span class='ocr_line' id='line_1_113' title="bbox 1834 4097 3411 4175; baseline 0.01 -28"><span class='ocrx_word' id='word_1_761' title='bbox 1834 4097 2019 4175; x_wconf 46' lang='lat' dir='ltr'><strong>qni-_eo</strong></span> <span class='ocrx_word' id='word_1_762' title='bbox 2052 4099 2266 4175; x_wconf 82' lang='lat' dir='ltr'><strong>nomine</strong></span> <span class='ocrx_word' id='word_1_763' title='bbox 2294 4102 2767 4175; x_wconf 79' lang='lat' dir='ltr'><strong>appellaresolent</strong></span> <span class='ocrx_word' id='word_1_764' title='bbox 2798 4121 2956 4159; x_wconf 91' lang='lat' dir='ltr'><strong>unum</strong></span> <span class='ocrx_word' id='word_1_765' title='bbox 3000 4122 3067 4159; x_wconf 86' lang='lat' dir='ltr'><strong>ex</strong></span> <span class='ocrx_word' id='word_1_766' title='bbox 3094 4097 3411 4175; x_wconf 54' lang='lat' dir='ltr'><strong>praevarica;</strong></span> 
     </span>
    </p>
   </div>
   <div class='ocr_carea' id='block_1_113' title="bbox 1837 4166 3406 4243">
    <p class='ocr_par' dir='ltr' id='par_1_113' title="bbox 1837 4166 3406 4243">
     <span class='ocr_line' id='line_1_114' title="bbox 1837 4166 3406 4243; baseline 0.009 -25"><span class='ocrx_word' id='word_1_767' title='bbox 1837 4166 2308 4243; x_wconf 76' lang='lat' dir='ltr'><strong>toribus__ange_lis,</strong></span> <span class='ocrx_word' id='word_1_768' title='bbox 2330 4166 2497 4241; x_wconf 71' lang='lat' dir='ltr'><strong>quem</strong></span> <span class='ocrx_word' id='word_1_769' title='bbox 2535 4173 2775 4243; x_wconf 72' lang='lat' dir='ltr'><strong>Christus</strong></span> <span class='ocrx_word' id='word_1_770' title='bbox 2804 4175 2988 4237; x_wconf 82' lang='lat' dir='ltr'><strong>(Joan.</strong></span> <span class='ocrx_word' id='word_1_771' title='bbox 3022 4166 3117 4243; x_wconf 67' lang='grc' dir='ltr'><strong>κη’,</strong></span> <span class='ocrx_word' id='word_1_772' title='bbox 3151 4177 3246 4241; x_wconf 79' lang='lat' dir='ltr'><strong>5l;</strong></span> <span class='ocrx_word' id='word_1_773' title='bbox 3277 4177 3406 4233; x_wconf 88' lang='lat' dir='ltr'><strong>Luc.</strong></span> 
     </span>
    </p>
   </div>
   <div class='ocr_carea' id='block_1_114' title="bbox 1836 4238 3411 4317">
    <p class='ocr_par' dir='ltr' id='par_1_114' title="bbox 1836 4238 3411 4317">
     <span class='ocr_line' id='line_1_115' title="bbox 1836 4238 3411 4317; baseline 0.009 -28"><span class='ocrx_word' id='word_1_774' title='bbox 1836 4251 1984 4317; x_wconf 72' lang='lat' dir='ltr'><strong>xxut,</strong></span> <span class='ocrx_word' id='word_1_775' title='bbox 2027 4238 2122 4303; x_wconf 74' lang='lat'><strong>53;</strong></span> <span class='ocrx_word' id='word_1_776' title='bbox 2163 4238 2398 4317; x_wconf 48' lang='grc' dir='ltr'><strong>ρίαν-ελ,</strong></span> <span class='ocrx_word' id='word_1_777' title='bbox 2448 4242 2545 4307; x_wconf 76' lang='grc'><strong>13;</strong></span> <span class='ocrx_word' id='word_1_778' title='bbox 2591 4242 2779 4317; x_wconf 78' lang='lat' dir='ltr'><strong>Matth.</strong></span> <span class='ocrx_word' id='word_1_779' title='bbox 2815 4261 2955 4310; x_wconf 87' lang='lat' dir='ltr'><strong>xxv,</strong></span> <span class='ocrx_word' id='word_1_780' title='bbox 2997 4238 3411 4317; x_wconf 54' lang='lat' dir='ltr'><strong>bllprincipem</strong></span> 
     </span>
    </p>
   </div>
   <div class='ocr_carea' id='block_1_115' title="bbox 1835 4307 3408 4379">
    <p class='ocr_par' dir='ltr' id='par_1_115' title="bbox 1835 4307 3408 4379">
     <span class='ocr_line' id='line_1_116' title="bbox 1835 4307 3408 4379; baseline 0.01 -21"><span class='ocrx_word' id='word_1_781' title='bbox 1835 4307 1992 4377; x_wconf 84' lang='lat' dir='ltr'><strong>hujus</strong></span> <span class='ocrx_word' id='word_1_782' title='bbox 2017 4310 2193 4362; x_wconf 87' lang='lat' dir='ltr'><strong>mundi</strong></span> <span class='ocrx_word' id='word_1_783' title='bbox 2213 4351 2227 4374; x_wconf 92' lang='lat'><strong>,</strong></span> <span class='ocrx_word' id='word_1_784' title='bbox 2259 4321 2552 4379; x_wconf 87' lang='lat' dir='ltr'><strong>potestatem</strong></span> <span class='ocrx_word' id='word_1_785' title='bbox 2581 4313 2920 4379; x_wconf 86' lang='lat' dir='ltr'><strong>tenebrarum,</strong></span> <span class='ocrx_word' id='word_1_786' title='bbox 2943 4307 3004 4368; x_wconf 17' lang='lat' dir='ltr'><strong>iet</strong></span> <span class='ocrx_word' id='word_1_787' title='bbox 3030 4307 3279 4371; x_wconf 66' lang='lat' dir='ltr'><strong>Sbtbnam</strong></span> <span class='ocrx_word' id='word_1_788' title='bbox 3298 4307 3408 4373; x_wconf 61' lang='grc' dir='ltr'><strong>ἠο-</strong></span> 
     </span>
    </p>
   </div>
   <div class='ocr_carea' id='block_1_116' title="bbox 1836 4380 3408 4458">
    <p class='ocr_par' dir='ltr' id='par_1_116' title="bbox 1836 4380 3408 4458">
     <span class='ocr_line' id='line_1_117' title="bbox 1836 4380 3408 4458; baseline 0.01 -30"><span class='ocrx_word' id='word_1_789' title='bbox 1836 4380 2060 4441; x_wconf 60' lang='grc' dir='ltr'><strong>ηιὶηαιιὶι,</strong></span> <span class='ocrx_word' id='word_1_790' title='bbox 2091 4382 2250 4458; x_wconf 81' lang='lat' dir='ltr'><strong>c_ui__et</strong></span> <span class='ocrx_word' id='word_1_791' title='bbox 2276 4384 2471 4458; x_wconf 56' lang='lat' dir='ltr'><strong>angelin</strong></span> <span class='ocrx_word' id='word_1_792' title='bbox 2511 4383 2622 4458; x_wconf 85' lang='lat' dir='ltr'><strong>ejus</strong></span> <span class='ocrx_word' id='word_1_793' title='bbox 2671 4394 2905 4458; x_wconf 70' lang='lat' dir='ltr'><strong>paratum</strong></span> <span class='ocrx_word' id='word_1_794' title='bbox 2942 4386 3079 4440; x_wconf 86' lang='lat' dir='ltr'><strong>dixit</strong></span> <span class='ocrx_word' id='word_1_795' title='bbox 3121 4388 3308 4458; x_wconf 86' lang='lat' dir='ltr'><strong>ignem,</strong></span> <span class='ocrx_word' id='word_1_796' title='bbox 3356 4392 3408 4445; x_wconf 91' lang='lat' dir='ltr'><strong>in</strong></span> 
     </span>
    </p>
   </div>
   <div class='ocr_carea' id='block_1_117' title="bbox 1833 4451 3410 4529">
    <p class='ocr_par' dir='ltr' id='par_1_117' title="bbox 1833 4451 3410 4529">
     <span class='ocr_line' id='line_1_118' title="bbox 1833 4451 3410 4529; baseline 0.011 -31"><span class='ocrx_word' id='word_1_797' title='bbox 1833 4463 1992 4529; x_wconf 76' lang='lat' dir='ltr'><strong>quem</strong></span> <span class='ocrx_word' id='word_1_798' title='bbox 2023 4451 2333 4503; x_wconf 87' lang='lat' dir='ltr'><strong>maledictos</strong></span> <span class='ocrx_word' id='word_1_799' title='bbox 2356 4455 2431 4505; x_wconf 90' lang='lat' dir='ltr'><strong>ire</strong></span> <span class='ocrx_word' id='word_1_800' title='bbox 2453 4452 2624 4520; x_wconf 88' lang='lat' dir='ltr'><strong>jubet,</strong></span> <span class='ocrx_word' id='word_1_801' title='bbox 2655 4468 2772 4507; x_wconf 91' lang='lat' dir='ltr'><strong>cum</strong></span> <span class='ocrx_word' id='word_1_802' title='bbox 2803 4454 3027 4511; x_wconf 81' lang='lat' dir='ltr'><strong>formam</strong></span> <span class='ocrx_word' id='word_1_803' title='bbox 3059 4451 3304 4528; x_wconf 77' lang='lat' dir='ltr'><strong>supremi</strong></span> <span class='ocrx_word' id='word_1_804' title='bbox 3319 4460 3410 4529; x_wconf 90' lang='lat' dir='ltr'><strong>ju-</strong></span> 
     </span>
    </p>
   </div>
   <div class='ocr_carea' id='block_1_118' title="bbox 1836 4517 2358 4585">
    <p class='ocr_par' dir='ltr' id='par_1_118' title="bbox 1836 4517 2358 4585">
     <span class='ocr_line' id='line_1_119' title="bbox 1836 4517 2358 4585; baseline 0.004 -14"><span class='ocrx_word' id='word_1_805' title='bbox 1836 4517 1957 4571; x_wconf 88' lang='lat' dir='ltr'><strong>dicii</strong></span> <span class='ocrx_word' id='word_1_806' title='bbox 1991 4529 2358 4585; x_wconf 67' lang='lat' dir='ltr'><strong>repraesentat.</strong></span> 
     </span>
    </p>
   </div>
   <div class='ocr_carea' id='block_1_119' title="bbox 1905 4587 3409 4667">
    <p class='ocr_par' dir='ltr' id='par_1_119' title="bbox 1905 4587 3409 4667">
     <span class='ocr_line' id='line_1_120' title="bbox 1905 4587 3409 4667; baseline 0.009 -27"><span class='ocrx_word' id='word_1_807' title='bbox 1905 4587 2163 4667; x_wconf 84' lang='lat' dir='ltr'><strong>Eumdem</strong></span> <span class='ocrx_word' id='word_1_808' title='bbox 2192 4592 2522 4667; x_wconf 74' lang='lat' dir='ltr'><strong>Augustinus</strong></span> <span class='ocrx_word' id='word_1_809' title='bbox 2551 4602 2709 4647; x_wconf 91' lang='lat' dir='ltr'><strong>vocat</strong></span> <span class='ocrx_word' id='word_1_810' title='bbox 2736 4597 3015 4667; x_wconf 81' lang='lat' dir='ltr'><strong>principem</strong></span> <span class='ocrx_word' id='word_1_811' title='bbox 3036 4599 3208 4667; x_wconf 65' lang='lat' dir='ltr'><strong>impiae</strong></span> <span class='ocrx_word' id='word_1_812' title='bbox 3230 4600 3409 4654; x_wconf 81' lang='lat' dir='ltr'><strong>civita—</strong></span> 
     </span>
    </p>
   </div>
   <div class='ocr_carea' id='block_1_120' title="bbox 1836 4656 3408 4737">
    <p class='ocr_par' dir='ltr' id='par_1_120' title="bbox 1836 4656 3408 4737">
     <span class='ocr_line' id='line_1_121' title="bbox 1836 4656 3408 4737; baseline 0.009 -28"><span class='ocrx_word' id='word_1_813' title='bbox 1836 4656 1921 4721; x_wconf 89' lang='lat' dir='ltr'><strong>tis,</strong></span> <span class='ocrx_word' id='word_1_814' title='bbox 1950 4670 2109 4737; x_wconf 71' lang='lat' dir='ltr'><strong>atque</strong></span> <span class='ocrx_word' id='word_1_815' title='bbox 2135 4656 2481 4737; x_wconf 79' lang='lat' dir='ltr'><strong>improborum</strong></span> <span class='ocrx_word' id='word_1_816' title='bbox 2526 4674 2711 4737; x_wconf 77' lang='lat' dir='ltr'><strong>caput;</strong></span> <span class='ocrx_word' id='word_1_817' title='bbox 2736 4656 2913 4737; x_wconf 60' lang='lat' dir='ltr'><strong>&#39;vulgo</strong></span> <span class='ocrx_word' id='word_1_818' title='bbox 2954 4656 3138 4737; x_wconf 70' lang='lat' dir='ltr'><strong>lucifer</strong></span> <span class='ocrx_word' id='word_1_819' title='bbox 3180 4669 3408 4735; x_wconf 90' lang='lat' dir='ltr'><strong>dicitur,</strong></span> 
     </span>
    </p>
   </div>
   <div class='ocr_carea' id='block_1_121' title="bbox 1763 4728 3404 4809">
    <p class='ocr_par' dir='ltr' id='par_1_121' title="bbox 1763 4728 3404 4809">
     <span class='ocr_line' id='line_1_122' title="bbox 1763 4728 3404 4809; baseline 0.009 -30"><span class='ocrx_word' id='word_1_820' title='bbox 1763 4750 1814 4809; x_wconf 68' lang='grc' dir='ltr'><strong>Ι)</strong></span> <span class='ocrx_word' id='word_1_821' title='bbox 1838 4728 2174 4809; x_wconf 58' lang='lat' dir='ltr'><strong>crediturqne</strong></span> <span class='ocrx_word' id='word_1_822' title='bbox 2197 4743 2379 4809; x_wconf 68' lang='lat' dir='ltr'><strong>tenere</strong></span> <span class='ocrx_word' id='word_1_823' title='bbox 2401 4734 2451 4786; x_wconf 93' lang='lat' dir='ltr'><strong>in</strong></span> <span class='ocrx_word' id='word_1_824' title='bbox 2473 4728 2707 4809; x_wconf 69' lang='lat' dir='ltr'><strong>reliquos</strong></span> <span class='ocrx_word' id='word_1_825' title='bbox 2729 4728 3000 4809; x_wconf 66' lang='lat' dir='ltr'><strong>daemones</strong></span> <span class='ocrx_word' id='word_1_826' title='bbox 3026 4728 3404 4805; x_wconf 74' lang='lat' dir='ltr'><strong>principatum,</strong></span> 
     </span>
    </p>
   </div>
   <div class='ocr_carea' id='block_1_122' title="bbox 1840 4798 3407 4881">
    <p class='ocr_par' dir='ltr' id='par_1_122' title="bbox 1840 4798 3407 4881">
     <span class='ocr_line' id='line_1_123' title="bbox 1840 4798 3407 4881; baseline 0.008 -30"><span class='ocrx_word' id='word_1_827' title='bbox 1840 4798 1951 4852; x_wconf 89' lang='lat' dir='ltr'><strong>sive</strong></span> <span class='ocrx_word' id='word_1_828' title='bbox 1978 4799 2256 4881; x_wconf 46' lang='lat' dir='ltr'><strong>privilegio.</strong></span> <span class='ocrx_word' id='word_1_829' title='bbox 2281 4798 2647 4881; x_wconf 75' lang='lat' dir='ltr'><strong>antecellentis</strong></span> <span class='ocrx_word' id='word_1_830' title='bbox 2677 4817 2898 4874; x_wconf 83' lang='lat' dir='ltr'><strong>naturae,</strong></span> <span class='ocrx_word' id='word_1_831' title='bbox 2928 4798 3295 4881; x_wconf 72' lang='lat' dir='ltr'><strong>sivequadam</strong></span> <span class='ocrx_word' id='word_1_832' title='bbox 3322 4798 3407 4881; x_wconf 56' lang='lat' dir='ltr'><strong>ty;</strong></span> 
     </span>
    </p>
   </div>
   <div class='ocr_carea' id='block_1_123' title="bbox 1839 4868 3407 4945">
    <p class='ocr_par' dir='ltr' id='par_1_123' title="bbox 1839 4868 3407 4945">
     <span class='ocr_line' id='line_1_124' title="bbox 1839 4868 3407 4945; baseline 0.011 -26"><span class='ocrx_word' id='word_1_833' title='bbox 1839 4868 2061 4945; x_wconf 58' lang='lat' dir='ltr'><strong>[annide</strong></span> <span class='ocrx_word' id='word_1_834' title='bbox 2091 4879 2211 4936; x_wconf 88' lang='lat' dir='ltr'><strong>post</strong></span> <span class='ocrx_word' id='word_1_835' title='bbox 2242 4870 2476 4942; x_wconf 87' lang='lat' dir='ltr'><strong>iniquam</strong></span> <span class='ocrx_word' id='word_1_836' title='bbox 2507 4875 2754 4939; x_wconf 89' lang='lat' dir='ltr'><strong>aliorum,</strong></span> <span class='ocrx_word' id='word_1_837' title='bbox 2787 4868 2921 4945; x_wconf 78' lang='lat' dir='ltr'><strong>quos</strong></span> <span class='ocrx_word' id='word_1_838' title='bbox 2951 4868 3283 4945; x_wconf 78' lang='lat' dir='ltr'><strong>sollicitavit,</strong></span> <span class='ocrx_word' id='word_1_839' title='bbox 3314 4868 3407 4936; x_wconf 53' lang='lat' dir='ltr'><strong>u&#39;e-</strong></span> 
     </span>
    </p>
   </div>
   <div class='ocr_carea' id='block_1_124' title="bbox 1839 4935 2146 4993">
    <p class='ocr_par' dir='ltr' id='par_1_124' title="bbox 1839 4935 2146 4993">
     <span class='ocr_line' id='line_1_125' title="bbox 1839 4935 2146 4993; baseline 0.007 -3"><span class='ocrx_word' id='word_1_840' title='bbox 1839 4935 2146 4993; x_wconf 72' lang='lat' dir='ltr'><strong>lectionem.</strong></span> 
     </span>
    </p>
   </div>
   <div class='ocr_carea' id='block_1_125' title="bbox 1909 5004 3408 5082">
    <p class='ocr_par' dir='ltr' id='par_1_125' title="bbox 1909 5004 3408 5082">
     <span class='ocr_line' id='line_1_126' title="bbox 1909 5004 3408 5082; baseline 0.011 -23"><span class='ocrx_word' id='word_1_841' title='bbox 1909 5004 2158 5082; x_wconf 71' lang='lat' dir='ltr'><strong>Creditur</strong></span> <span class='ocrx_word' id='word_1_842' title='bbox 2186 5017 2240 5064; x_wconf 91' lang='lat' dir='ltr'><strong>et</strong></span> <span class='ocrx_word' id='word_1_843' title='bbox 2269 5021 2516 5079; x_wconf 86' lang='lat' dir='ltr'><strong>parentes</strong></span> <span class='ocrx_word' id='word_1_844' title='bbox 2563 5015 2774 5068; x_wconf 85' lang='lat' dir='ltr'><strong>immani</strong></span> <span class='ocrx_word' id='word_1_845' title='bbox 2812 5016 3055 5082; x_wconf 80' lang='lat' dir='ltr'><strong>generis,</strong></span> <span class='ocrx_word' id='word_1_846' title='bbox 3088 5018 3311 5074; x_wconf 84' lang='lat' dir='ltr'><strong>collecta</strong></span> <span class='ocrx_word' id='word_1_847' title='bbox 3355 5021 3408 5077; x_wconf 90' lang='lat' dir='ltr'><strong>in</strong></span> 
     </span>
    </p>
   </div>
   <div class='ocr_carea' id='block_1_126' title="bbox 1840 5076 3407 5154">
    <p class='ocr_par' dir='ltr' id='par_1_126' title="bbox 1840 5076 3407 5154">
     <span class='ocr_line' id='line_1_127' title="bbox 1840 5076 3407 5154; baseline 0.011 -26"><span class='ocrx_word' id='word_1_848' title='bbox 1840 5076 1933 5154; x_wconf 80' lang='lat' dir='ltr'><strong>Dei</strong></span> <span class='ocrx_word' id='word_1_849' title='bbox 1974 5078 2165 5154; x_wconf 86' lang='lat' dir='ltr'><strong>ultoris</strong></span> <span class='ocrx_word' id='word_1_850' title='bbox 2211 5076 2495 5154; x_wconf 81' lang='lat' dir='ltr'><strong>imaginem</strong></span> <span class='ocrx_word' id='word_1_851' title='bbox 2538 5085 2702 5149; x_wconf 72' lang='lat' dir='ltr'><strong>rabie,</strong></span> <span class='ocrx_word' id='word_1_852' title='bbox 2753 5076 2846 5154; x_wconf 76' lang='lat' dir='ltr'><strong>per</strong></span> <span class='ocrx_word' id='word_1_853' title='bbox 2888 5102 2946 5139; x_wconf 89' lang='lat' dir='ltr'><strong>se</strong></span> <span class='ocrx_word' id='word_1_854' title='bbox 2984 5076 3239 5151; x_wconf 77' lang='lat' dir='ltr'><strong>tentasse,</strong></span> <span class='ocrx_word' id='word_1_855' title='bbox 3287 5076 3407 5145; x_wconf 88' lang='lat' dir='ltr'><strong>cum</strong></span> 
     </span>
    </p>
   </div>
   <div class='ocr_carea' id='block_1_127' title="bbox 1840 5146 3406 5221">
    <p class='ocr_par' dir='ltr' id='par_1_127' title="bbox 1840 5146 3406 5221">
     <span class='ocr_line' id='line_1_128' title="bbox 1840 5146 3406 5221; baseline 0.013 -23"><span class='ocrx_word' id='word_1_856' title='bbox 1840 5146 1978 5221; x_wconf 48' lang='lat' dir='ltr'><strong>alios</strong></span> <span class='ocrx_word' id='word_1_857' title='bbox 2001 5150 2171 5203; x_wconf 88' lang='lat' dir='ltr'><strong>soleat</strong></span> <span class='ocrx_word' id='word_1_858' title='bbox 2194 5146 2490 5207; x_wconf 78' lang='lat' dir='ltr'><strong>ministerio</strong></span> <span class='ocrx_word' id='word_1_859' title='bbox 2516 5146 2836 5221; x_wconf 65' lang='lat' dir='ltr'><strong>daemonum,</strong></span> <span class='ocrx_word' id='word_1_860' title='bbox 2870 5166 2927 5210; x_wconf 90' lang='lat' dir='ltr'><strong>ut</strong></span> <span class='ocrx_word' id='word_1_861' title='bbox 2956 5156 3143 5212; x_wconf 82' lang='lat' dir='ltr'><strong>Patres</strong></span> <span class='ocrx_word' id='word_1_862' title='bbox 3171 5146 3406 5218; x_wconf 82' lang='lat' dir='ltr'><strong>tradunt.</strong></span> 
     </span>
    </p>
   </div>
   <div class='ocr_carea' id='block_1_128' title="bbox 1843 5216 3411 5292">
    <p class='ocr_par' dir='ltr' id='par_1_128' title="bbox 1843 5216 3411 5292">
     <span class='ocr_line' id='line_1_129' title="bbox 1843 5216 3411 5292; baseline 0.011 -23"><span class='ocrx_word' id='word_1_863' title='bbox 1843 5216 1945 5269; x_wconf 89' lang='lat' dir='ltr'><strong>Per</strong></span> <span class='ocrx_word' id='word_1_864' title='bbox 1962 5233 2019 5270; x_wconf 88' lang='lat' dir='ltr'><strong>se</strong></span> <span class='ocrx_word' id='word_1_865' title='bbox 2035 5233 2244 5287; x_wconf 90' lang='lat' dir='ltr'><strong>quoque</strong></span> <span class='ocrx_word' id='word_1_866' title='bbox 2269 5222 2484 5289; x_wconf 90' lang='lat' dir='ltr'><strong>dicitur,</strong></span> <span class='ocrx_word' id='word_1_867' title='bbox 2508 5240 2614 5292; x_wconf 82' lang='lat' dir='ltr'><strong>prae</strong></span> <span class='ocrx_word' id='word_1_868' title='bbox 2636 5216 2924 5280; x_wconf 83' lang='lat' dir='ltr'><strong>invidentia</strong></span> <span class='ocrx_word' id='word_1_869' title='bbox 2950 5227 3001 5279; x_wconf 92' lang='lat' dir='ltr'><strong>in</strong></span> <span class='ocrx_word' id='word_1_870' title='bbox 3029 5229 3243 5285; x_wconf 90' lang='lat' dir='ltr'><strong>deserto</strong></span> <span class='ocrx_word' id='word_1_871' title='bbox 3258 5216 3411 5286; x_wconf 51' lang='lat' dir='ltr'><strong>Chri;</strong></span> 
     </span>
    </p>
   </div>
   <div class='ocr_carea' id='block_1_129' title="bbox 1842 5295 3408 5358">
    <p class='ocr_par' dir='ltr' id='par_1_129' title="bbox 1842 5295 3408 5358">
     <span class='ocr_line' id='line_1_130' title="bbox 1842 5295 3408 5358; baseline 0.013 -21"><span class='ocrx_word' id='word_1_872' title='bbox 1842 5296 1982 5358; x_wconf 79' lang='lat' dir='ltr'><strong>stum</strong></span> <span class='ocrx_word' id='word_1_873' title='bbox 2008 5301 2286 5357; x_wconf 84' lang='lat' dir='ltr'><strong>aggressus</strong></span> <span class='ocrx_word' id='word_1_874' title='bbox 2304 5303 2358 5346; x_wconf 89' lang='lat' dir='ltr'><strong>et</strong></span> <span class='ocrx_word' id='word_1_875' title='bbox 2374 5295 2422 5347; x_wconf 92' lang='lat' dir='ltr'><strong>in</strong></span> <span class='ocrx_word' id='word_1_876' title='bbox 2442 5297 2669 5349; x_wconf 89' lang='lat' dir='ltr'><strong>animam</strong></span> <span class='ocrx_word' id='word_1_877' title='bbox 2689 5296 2839 5351; x_wconf 87' lang='lat' dir='ltr'><strong>Judae</strong></span> <span class='ocrx_word' id='word_1_878' title='bbox 2863 5298 3145 5354; x_wconf 85' lang='lat' dir='ltr'><strong>immisisse</strong></span> <span class='ocrx_word' id='word_1_879' title='bbox 3167 5304 3408 5358; x_wconf 87' lang='lat' dir='ltr'><strong>tradendi</strong></span> 
     </span>
    </p>
   </div>
   <div class='ocr_carea' id='block_1_130' title="bbox 1844 5356 2517 5429">
    <p class='ocr_par' dir='ltr' id='par_1_130' title="bbox 1844 5356 2517 5429">
     <span class='ocr_line' id='line_1_131' title="bbox 1844 5356 2517 5429; baseline 0.013 -20"><span class='ocrx_word' id='word_1_880' title='bbox 1844 5356 2053 5429; x_wconf 82' lang='lat' dir='ltr'><strong>Domini</strong></span> <span class='ocrx_word' id='word_1_881' title='bbox 2082 5356 2383 5429; x_wconf 84' lang='lat' dir='ltr'><strong>consilium,</strong></span> <span class='ocrx_word' id='word_1_882' title='bbox 2414 5376 2517 5417; x_wconf 90' lang='lat' dir='ltr'><strong>etc.</strong></span> 
     </span>
    </p>
   </div>
   <div class='ocr_carea' id='block_1_131' title="bbox 1912 5426 3411 5502">
    <p class='ocr_par' dir='ltr' id='par_1_131' title="bbox 1912 5426 3411 5502">
     <span class='ocr_line' id='line_1_132' title="bbox 1912 5426 3411 5502; baseline 0.013 -24"><span class='ocrx_word' id='word_1_883' title='bbox 1912 5426 2005 5502; x_wconf 79' lang='lat' dir='ltr'><strong>ltle</strong></span> <span class='ocrx_word' id='word_1_884' title='bbox 2032 5437 2132 5495; x_wconf 86' lang='lat' dir='ltr'><strong>est,</strong></span> <span class='ocrx_word' id='word_1_885' title='bbox 2165 5446 2322 5497; x_wconf 88' lang='lat' dir='ltr'><strong>quem</strong></span> <span class='ocrx_word' id='word_1_886' title='bbox 2354 5426 2532 5502; x_wconf 83' lang='lat' dir='ltr'><strong>specie</strong></span> <span class='ocrx_word' id='word_1_887' title='bbox 2558 5434 2809 5490; x_wconf 89' lang='lat' dir='ltr'><strong>draconis</strong></span> <span class='ocrx_word' id='word_1_888' title='bbox 2833 5452 2953 5491; x_wconf 91' lang='lat' dir='ltr'><strong>cum</strong></span> <span class='ocrx_word' id='word_1_889' title='bbox 2984 5439 3243 5496; x_wconf 82' lang='lat' dir='ltr'><strong>Michaele</strong></span> <span class='ocrx_word' id='word_1_890' title='bbox 3264 5442 3411 5498; x_wconf 89' lang='lat' dir='ltr'><strong>velut</strong></span> 
     </span>
    </p>
   </div>
   <div class='ocr_carea' id='block_1_132' title="bbox 1842 5498 3412 5577">
    <p class='ocr_par' dir='ltr' id='par_1_132' title="bbox 1842 5498 3412 5577">
     <span class='ocr_line' id='line_1_133' title="bbox 1842 5498 3412 5577; baseline 0.013 -28"><span class='ocrx_word' id='word_1_891' title='bbox 1842 5498 2035 5577; x_wconf 64' lang='lat' dir='ltr'><strong>armqu</strong></span> <span class='ocrx_word' id='word_1_892' title='bbox 2064 5514 2364 5577; x_wconf 76' lang='lat' dir='ltr'><strong>pugnasse,</strong></span> <span class='ocrx_word' id='word_1_893' title='bbox 2386 5498 2439 5577; x_wconf 74' lang='lat' dir='ltr'><strong>et</strong></span> <span class='ocrx_word' id='word_1_894' title='bbox 2466 5519 2492 5555; x_wconf 72' lang='grc' dir='ltr'><strong>ιι</strong></span> <span class='ocrx_word' id='word_1_895' title='bbox 2529 5506 2730 5559; x_wconf 89' lang='lat' dir='ltr'><strong>victore</strong></span> <span class='ocrx_word' id='word_1_896' title='bbox 2761 5508 3030 5577; x_wconf 88' lang='lat' dir='ltr'><strong>alligatum</strong></span> <span class='ocrx_word' id='word_1_897' title='bbox 3061 5510 3294 5566; x_wconf 87' lang='lat' dir='ltr'><strong>Joannes</strong></span> <span class='ocrx_word' id='word_1_898' title='bbox 3336 5513 3412 5568; x_wconf 83' lang='lat' dir='ltr'><strong>A-</strong></span> 
     </span>
    </p>
   </div>
   <div class='ocr_carea' id='block_1_133' title="bbox 1842 5568 3411 5649">
    <p class='ocr_par' dir='ltr' id='par_1_133' title="bbox 1842 5568 3411 5649">
     <span class='ocr_line' id='line_1_134' title="bbox 1842 5568 3411 5649; baseline 0.011 -32"><span class='ocrx_word' id='word_1_899' title='bbox 1842 5568 2081 5649; x_wconf 70' lang='lat' dir='ltr'><strong>postolns</strong></span> <span class='ocrx_word' id='word_1_900' title='bbox 2113 5569 2314 5649; x_wconf 85' lang='lat' dir='ltr'><strong>inducit</strong></span> <span class='ocrx_word' id='word_1_901' title='bbox 2348 5573 2543 5645; x_wconf 82' lang='lat' dir='ltr'><strong>(Apoc.</strong></span> <span class='ocrx_word' id='word_1_902' title='bbox 2567 5590 2661 5641; x_wconf 82' lang='lat' dir='ltr'><strong>xu,</strong></span> <span class='ocrx_word' id='word_1_903' title='bbox 2694 5577 2787 5644; x_wconf 88' lang='lat'><strong>7),</strong></span> <span class='ocrx_word' id='word_1_904' title='bbox 2815 5568 3081 5649; x_wconf 71' lang='lat' dir='ltr'><strong>quemque</strong></span> <span class='ocrx_word' id='word_1_905' title='bbox 3107 5582 3180 5634; x_wconf 90' lang='lat' dir='ltr'><strong>ait</strong></span> <span class='ocrx_word' id='word_1_906' title='bbox 3200 5598 3411 5635; x_wconf 86' lang='lat' dir='ltr'><strong>accusa-</strong></span> 
     </span>
    </p>
   </div>
   <div class='ocr_carea' id='block_1_134' title="bbox 1842 5637 3410 5719">
    <p class='ocr_par' dir='ltr' id='par_1_134' title="bbox 1842 5637 3410 5719">
     <span class='ocr_line' id='line_1_135' title="bbox 1842 5637 3410 5719; baseline 0.013 -34"><span class='ocrx_word' id='word_1_907' title='bbox 1842 5645 1999 5719; x_wconf 64' lang='lat' dir='ltr'><strong>torem</strong></span> <span class='ocrx_word' id='word_1_908' title='bbox 2034 5637 2577 5719; x_wconf 47' lang='lat' dir='ltr'><strong>fratrumnnqstrnnum</strong></span> <span class='ocrx_word' id='word_1_909' title='bbox 2607 5637 3073 5719; x_wconf 10' lang='lat' dir='ltr'><strong>anter&#39;c&#39;orispectitm</strong></span> <span class='ocrx_word' id='word_1_910' title='bbox 3112 5650 3212 5705; x_wconf 87' lang='lat' dir='ltr'><strong>Dei</strong></span> <span class='ocrx_word' id='word_1_911' title='bbox 3252 5655 3410 5706; x_wconf 77' lang='lat' dir='ltr'><strong>nostri</strong></span> 
     </span>
    </p>
   </div>
   <div class='ocr_carea' id='block_1_135' title="bbox 1842 5707 3408 5787">
    <p class='ocr_par' dir='ltr' id='par_1_135' title="bbox 1842 5707 3408 5787">
     <span class='ocr_line' id='line_1_136' title="bbox 1842 5707 3408 5787; baseline 0.011 -29"><span class='ocrx_word' id='word_1_912' title='bbox 1842 5707 1922 5758; x_wconf 89' lang='lat' dir='ltr'><strong>die</strong></span> <span class='ocrx_word' id='word_1_913' title='bbox 1946 5722 2010 5787; x_wconf 80' lang='lat' dir='ltr'><strong>ac</strong></span> <span class='ocrx_word' id='word_1_914' title='bbox 2032 5718 2175 5762; x_wconf 88' lang='lat' dir='ltr'><strong>nocte</strong></span> <span class='ocrx_word' id='word_1_915' title='bbox 2205 5710 2375 5781; x_wconf 87' lang='lat' dir='ltr'><strong>(Ibid.</strong></span> <span class='ocrx_word' id='word_1_916' title='bbox 2398 5715 2517 5787; x_wconf 81' lang='lat' dir='ltr'><strong>tu),</strong></span> <span class='ocrx_word' id='word_1_917' title='bbox 2544 5725 2703 5786; x_wconf 87' lang='lat' dir='ltr'><strong>atque</strong></span> <span class='ocrx_word' id='word_1_918' title='bbox 2728 5717 2851 5773; x_wconf 91' lang='lat' dir='ltr'><strong>hinc</strong></span> <span class='ocrx_word' id='word_1_919' title='bbox 2875 5707 3071 5775; x_wconf 78' lang='lat' dir='ltr'><strong>diaboli</strong></span> <span class='ocrx_word' id='word_1_920' title='bbox 3104 5736 3295 5776; x_wconf 82' lang='lat' dir='ltr'><strong>nomen</strong></span> <span class='ocrx_word' id='word_1_921' title='bbox 3319 5737 3408 5776; x_wconf 88' lang='lat' dir='ltr'><strong>ac-</strong></span> 
     </span>
    </p>
   </div>
   <div class='ocr_carea' id='block_1_136' title="bbox 1842 5786 2000 5843">
    <p class='ocr_par' dir='ltr' id='par_1_136' title="bbox 1842 5786 2000 5843">
     <span class='ocr_line' id='line_1_137' title="bbox 1842 5786 2000 5843; baseline -0.032 -13"><span class='ocrx_word' id='word_1_922' title='bbox 1842 5786 2000 5843; x_wconf 82' lang='lat' dir='ltr'><strong>cepit.</strong></span> 
     </span>
    </p>
   </div>
   <div class='ocr_carea' id='block_1_137' title="bbox 1919 5845 3407 5930">
    <p class='ocr_par' dir='ltr' id='par_1_137' title="bbox 1919 5845 3407 5930">
     <span class='ocr_line' id='line_1_138' title="bbox 1919 5845 3407 5930; baseline 0.009 -31"><span class='ocrx_word' id='word_1_923' title='bbox 1919 5845 1937 5883; x_wconf 77' lang='grc' dir='ltr'>ί</span> <span class='ocrx_word' id='word_1_924' title='bbox 1979 5845 2180 5904; x_wconf 86' lang='lat' dir='ltr'><strong>Notant</strong></span> <span class='ocrx_word' id='word_1_925' title='bbox 2210 5852 2417 5922; x_wconf 84' lang='lat' dir='ltr'><strong>Patres,</strong></span> <span class='ocrx_word' id='word_1_926' title='bbox 2449 5857 2628 5913; x_wconf 81' lang='lat' dir='ltr'><strong>statim</strong></span> <span class='ocrx_word' id='word_1_927' title='bbox 2656 5857 2861 5928; x_wconf 82' lang='lat' dir='ltr'><strong>prolata</strong></span> <span class='ocrx_word' id='word_1_928' title='bbox 2893 5860 2943 5915; x_wconf 90' lang='lat' dir='ltr'><strong>in</strong></span> <span class='ocrx_word' id='word_1_929' title='bbox 2967 5868 3267 5930; x_wconf 84' lang='lat' dir='ltr'><strong>serpentem</strong></span> <span class='ocrx_word' id='word_1_930' title='bbox 3298 5874 3407 5912; x_wconf 81' lang='lat' dir='ltr'><strong>ma-</strong></span> 
     </span>
    </p>
   </div>
  </div>
