3996 6186
210 382 303 438 ΞΜ

962 370 1275 429 NESTORII
1316 367 1624 425 TlHCTAi
1641 366 1725 422 US
1762 361 2035 418 CONTRA
2078 358 2406 417 HERESIM
2448 356 2743 414 I’ELAGII.

3373 358 3478 412 909.

202 494 508 555 familiaris,
539 490 630 559 qui
681 489 815 544 illud
865 486 1282 555 chirographum
1329 482 1527 543 solvit,
1556 491 1611 533 et
1658 494 1779 532 cum
1817 489 1858 541 Α
1890 476 2151 543 baptizata
2184 485 2372 528 natura
2405 492 2417 526 :
2448 471 2759 527 Coexcitavit
2801 485 2913 533 nos,
2956 478 3005 522 et
3046 468 3320 523 consedere
3361 470 3483 540 fecit

204 598 309 654 ipso
340 589 614 641 cartorum
647 583 885 638 efficitur
916 580 1088 633 incola
1118 596 1131 632 :
1164 577 1249 631 ubi
1277 576 1410 628 enim
1436 590 1553 644 ego,
1588 570 1783 641 inquit,

202 682 299 734 illic
328 689 378 732 et
412 679 650 731 minister
676 691 817 728 meus
845 683 918 727 est
946 669 1128 741 (Joan.
1161 685 1257 731 sit,
1286 668 1405 733 26).

267 771 354 825 10.
402 768 582 823 Manet
609 779 786 819 autem
811 764 1021 817 debitor
1046 760 1485 822 catechumenos,
1517 764 1788 824 tamquam

199 864 304 933 ejus
350 862 446 927 qui
488 858 769 913 evacuavit
814 852 1253 920 chirographum,
1294 849 1535 907 alienus;
1574 856 1600 883 ⁸
1632 845 1787 912 cujus

197 954 371 1005 anima
407 966 531 1003 cum
563 949 631 1003 de
657 961 821 1002 carne
856 943 1185 1013 migraverit,
1214 940 1420 1008 angelis
1454 936 1787 1007 perducturi-

198 1048 286 1099 Ims
308 1044 625 1098 animarum
656 1057 716 1095 se
737 1041 1081 1109 interponens
1101 1034 1370 1099 diabolus,
1400 1031 1565 1095 lianc,
1593 1030 1784 1099 inquit,

196 1153 364 1192 meam
397 1143 703 1190 exstantem
743 1147 840 1184 cur
883 1127 1093 1196 eripitis
1134 1125 1407 1179 animam?
1454 1123 1626 1177 Meum
1672 1121 1782 1191 jus,

196 1248 365 1285 meam
402 1227 664 1282 invaditis
708 1223 1128 1294 possessionem,
1173 1234 1320 1274 meos
1353 1216 1604 1272 invaditis
1632 1215 1785 1269 debi-

195 1335 375 1384 tores;
407 1330 461 1373 et
504 1320 550 1372 si
585 1317 748 1372 etiam
789 1315 839 1369 id
871 1314 1102 1379 videtur,
1130 1312 1271 1381 quod
1306 1311 1362 1363 lit
1398 1307 1535 1377 apud
1568 1306 1785 1379 [Baluz.

194 1416 328 1467 sicut
348 1412 524 1463 etiam
571 1408 783 1461 videtur
827 1402 1295 1473 aliud]liontiiie~,
1343 1400 1532 1452 melior
1565 1398 1678 1450 ha-c
1720 1395 1788 1450 de

193 1502 604 1559 catechumenis
629 1498 806 1553 oratio
830 1494 1113 1555 obtinebit,
1139 1494 1368 1546 addente
1394 1489 1617 1562 [Baluz.
1650 1488 1787 1541 obti-

192 1610 295 1658 net,
332 1598 453 1648 ha-c
484 1588 749 1660 addente]
780 1588 1033 1643 diabolo:
1059 1586 1141 1641 ll-i
1166 1586 1243 1638 eis
1272 1587 1323 1637 in
1354 1584 1506 1638 terris
1535 1582 1786 1637 ecclesia-

192 1704 304 1741 rum
350 1686 559 1753 januas
596 1682 887 1740 claudunt;
940 1693 1038 1732 vos
1064 1688 1243 1729 autem
1286 1676 1351 1727 ad
1380 1689 1567 1728 eorum
1598 1687 1784 1726 susce-

193 1782 431 1846 ptionem
454 1777 526 1830 de
551 1775 704 1830 caelis
732 1771 1039 1827 occurritis.
1068 1769 1183 1826 Juri
1216 1783 1358 1831 meo,
1385 1782 1418 1822 ο
1445 1768 1644 1836 angeli,
1679 1767 1782 1819 vim

193 1874 393 1927 interro
421 1867 719 1925 cv‘tnamiui.

261 1964 349 2017 li.
394 1962 537 2029 Quid
578 1959 721 2014 enim
769 1957 923 2011 vobis
962 1970 1082 2010 cum
1123 1953 1529 2008 catechumenis
1575 1953 1785 2007 videtur

196 2068 306 2108 esse
336 2050 671 2106 conrnune?
710 2048 827 2103 Non
861 2057 989 2101 sunt
1021 2047 1190 2101 renati
1220 2061 1283 2100 ex
1313 2060 1449 2115 aqua
1479 2056 1529 2097 et
1552 2044 1741 2114 spiritu
1768 2086 1783 2109 ,

197 2159 243 2200 ut
271 2146 653 2215 perducantur
680 2158 709 2195 a
751 2140 904 2195 vobis
943 2140 1009 2194 ad
1063 2154 1228 2209 regna
1273 2140 1557 2192 cmiorum.
1604 2138 1786 2191 lla-re-

196 2240 375 2300 daati,
418 2254 544 2305 qua:
573 2235 809 2290 obnoxia
846 2234 976 2288 mihi
1023 2245 1135 2293 est,
1184 2248 1288 2287 nou
1322 2234 1781 2286 renuntiaverunt.

197 2331 219 2369 ⁸
246 2330 608 2385 EvectiOnem
643 2328 841 2395 regiam
867 2343 975 2378 non
1000 2325 1275 2387 habentes,
1301 2338 1458 2377 cursu
1490 2323 1655 2391 regali
1687 2322 1789 2377 iter

193 2440 298 2492 quo
334 2434 498 2491 pacto
526 2419 814 2475 conﬁcient
832 2419 855 2459 ν

263 2516 361 2569 13.
398 2512 511 2570 Sed
542 2514 626 2565 ba:
668 2526 810 2565 nunc
848 2509 1049 2565 diaboli
1097 2509 1358 2563 adversus
1401 2518 1644 2563 naturam
1692 2508 1787 2563 ob.

192 2620 448 2662 mutue-re
480 2604 858 2673 alh-gationes,
898 2602 983 2656 cui
1014 2615 1134 2655 cum
1166 2600 1359 2655 ﬁducia
1389 2600 1654 2654 reclamat
1700 2601 1787 2655 illa

1890 572 1947 623 in
1975 570 2264 623 curialibus
2294 569 2347 621 in
2377 567 2587 621 Christo
2614 565 2632 635 (
2657 564 2850 631 Epltes.
2881 577 2941 628 ll,
2972 560 3061 633 6),
3088 563 3174 617 cui
3200 571 3284 617 est
3307 562 3476 632 gloria

1892 662 1943 714 in
1974 660 2192 715 sarcula.

2496 748 2728 805 SERMO
2776 747 2869 802 ill.

1892 842 2025 896 Item
2051 853 2073 881 ε
2118 841 2347 911 ejusdem
2378 850 2625 892 tractatus
2654 836 2761 911 iretl
2784 839 2995 911 ecclesia
3023 839 3223 905 publice
3249 837 3471 900 habitus,

2174 916 2326 982 cujus
2347 912 2549 963 initium
2578 922 2672 976 est,
2704 909 2795 963 Sol
2823 910 3069 977 quidem,
3099 919 3196 962 etc.

1955 1003 2121 1053 Visum
2164 1012 2243 1053 est
2280 1004 2409 1051 hunc
2431 1014 2731 1063 sermonem,
2758 1000 3161 1063 quemadmodum
3188 1005 3237 1047 et
3257 1012 3473 1063 sequeri-

1890 1072 2015 1124 tem,
2043 1066 2257 1113 esscribi
2280 1064 2472 1111 debere
2493 1061 2871 1124 primum,prout
2887 1061 3203 1124 reperituer
3218 1062 3476 1124 ercerptis

1894 1120 2055 1185 Marii;
2101 1127 2285 1175 deinde
2329 1120 2597 1185 integrum,
2638 1120 2714 1172 ut'
2736 1120 2961 1185 habetur?
2990 1130 3119 1185 tonio
3142 1120 3230 1170 \‘il
3259 1120 3473 1185 Operam

1891 1183 2213 1248 Cbrysbstomi
2239 1183 2476 1236 editorum
2500 1199 2526 1233 a
2550 1186 2731 1233 Savilio
2753 1198 2763 1231 :
2791 1184 3004 1232 nonnihil
3035 1185 3168 1248 enim
3188 1183 3476 1248 discriminis

1894 1242 2154 1357 inte-meust
2168 1249 2340 1357 quod
2364 1250 2659 1309 conjectura:
2684 1255 2849 1309 postea
2877 1259 2971 1294 non
3006 1242 3309 1307 improbabili
3332 1254 3475 1292 occa-

1894 1324 2080 1357 smnem
2136 1324 2161 1357 a
2202 1319 2255 1357 ιι.

1888 1314 2080 1361 sionem
2103 1313 2255 1360 dabit.

1965 1415 2014 1467 1.
2044 1412 2136 1467 Sol
2160 1412 2375 1481 quidem
2406 1426 2568 1480 supra
2604 1418 2776 1466 terras
2802 1409 2960 1463 altior
2988 1408 3173 1473 lactus,
3202 1418 3257 1463 et
3283 1407 3348 1461 ad
3379 1423 3477 1461 nos

1892 1520 2060 1573 usque
2090 1519 2154 1561 ex
2177 1503 2398 1559 Oriente
2428 1505 2757 1565 discurrens.
2790 1512 3001 1557 noctem
3035 1510 3204 1556 mutat
3227 1503 3277 1555 in
3304 1501 3471 1568 dicm,

1890 1610 2137 1650 somnum
2189 1593 2395 1665 [Buluz.
2439 1592 2682 1666 somnos]
2727 1593 2950 1659 excutit,
2993 1600 3048 1647 et
3086 1608 3184 1647 nos
3224 1594 3476 1661 operibus

1891 1687 2101 1751 reddit;
2134 1686 2315 1741 lumen
2345 1696 2524 1739 autem
2558 1686 2801 1739 scientia:
2832 1686 2921 1738 Dei
2947 1685 3012 1737 de
3035 1700 3227 1737 somno
3256 1684 3476 1739 desidia:

1889 1779 2126 1831 aninmm
2156 1777 2404 1839 suscitat,
2436 1775 2796 1844 cogitationes
2838 1774 3136 1837 illuminat,
3169 1784 3224 1829 et
3251 1789 3344 1828 eas
3368 1775 3478 1829 cri-

1824 1870 1863 1926 Β
1891 1872 1969 1938 git
1997 1869 2062 1922 ad
2096 1869 2341 1922 virtutes.
2386 1867 2534 1921 Hanc
2582 1867 2735 1922 nobis
2783 1866 2957 1920 lucem
3005 1865 3321 1921 illucescere
3374 1869 3478 1921 crit

1890 1976 2107 2031 semper
2139 1962 2407 2031 optabile;
2450 1974 2506 2016 et
2547 1960 2715 2014 solem
2755 1958 2970 2029 quidem
3011 1960 3166 2013 istum
3210 1960 3475 2017 visibilem

1890 2053 1935 2108 si
1964 2054 2085 2122 quis
2125 2070 2229 2106 non
2272 2052 2471 2116 videat,
2505 2052 2660 2116 vivit,
2712 2051 2975 2120 siquidem
3006 2050 3132 2105 vivit
3162 2061 3218 2105 et
3266 2051 3473 2123 [Bolus.

1890 2160 1993 2197 om.
2025 2141 2099 2211 et]
2126 2156 2324 2210 caecus,
2354 2142 2535 2195 auditu
2569 2151 2773 2193 tantum
2803 2140 2933 2194 Solis
2966 2142 3209 2195 notitiam
3236 2144 3472 2206 habens;

1891 2236 2085 2289 animze
2119 2251 2269 2298 vero,
2302 2236 2345 2289 si
2377 2236 2627 2305 ignorent
2654 2235 2845 2298 lieutn,
2879 2238 2997 2289 sine
3022 2236 3140 2291 sole
3165 2248 3292 2290 sunt
3324 2255 3476 2306 pror-

1894 2341 1985 2381 sus
2018 2336 2265 2393 morture,
2295 2327 2505 2382 tametsi
2531 2327 2795 2396 quispiam
2824 2342 2917 2382 cas
2947 2328 3129 2384 vivere
3150 2332 3471 2399 suSpicetur,

1895 2420 1961 2474 de
1984 2418 2178 2489 quibus
2204 2420 2366 2474 etiam
2392 2420 2651 2474 Dominus
2674 2420 2750 2473 ait
2774 2435 2787 2475 :
2819 2418 2988 2474 Sinite
3010 2430 3239 2475 mortuos
3263 2424 3478 2493 sepelire

1895 2524 2125 2568 mortuos
2155 2530 2275 2567 suos
2309 2512 2528 2583 (Matth.
2555 2528 2670 2578 vui,
2697 2510 2818 2579 22).

1965 2605 2020 2659 2.
2057 2604 2275 2678 [Baluz.
2320 2603 2385 2658 Et
2416 2613 2530 2674 post
2558 2605 2824 2673 aliquanta
2870 2607 2939 2660 ibi
2962 2605 3014 2679 :]
3049 2616 3072 2644 ε
3114 2608 3220 2664 Sed
3254 2608 3344 2664 illc
3384 2611 3474 2679 qui

1385 2719 1938 2775 CASTIGATIONES
1981 2721 2068 2775 ET
2110 2720 2346 2776 NOTA‘J.

262 2830 289 2856 ι
339 2818 474 2871 Ιιεεο
517 2829 657 2886 pene
688 2815 894 2886 poetica
923 2813 1067 2886 ﬁctio
1108 2813 1226 2880 plus
1268 2810 1426 2886 habet
1453 2813 1595 2886 artis
1612 2821 1793 2886 orato-

192 2893 309 2950 ria,
349 2882 533 2956 quam'
548 2888 777 2941 sincera:
806 2882 1115 2956 theologize,
1139 2883 1383 2951 quamvis
1407 2898 1522 2956 non
1550 2883 1794 2939 absimile

193 2952 457 3039 quiddam
503 2958 713 3028 legatur
750 2955 913 3010 etiam
940 2954 1079 3023 apud
1126 2967 1375 3008 auctores
1404 2952 1651 3008 Nestorio
1681 2970 1796 3010 me-

193 3032 550 3155 lmieilludit
578 3098 644 3152 ad
673 3112 735 3152 ea
766 3109 887 3165 quas
918 3094 1180 3149 habentur
1212 3094 1305 3148 lib.
1338 3109 1409 3147 stt
1430 3092 1555 3148 Cod,
1590 3094 1788 3149 Justin.

1900 2828 2061 2875 nuus,
2091 2814 2140 2865 in
2174 2814 2312 2866 duos
2340 2811 2483 2881 apud
2512 2812 2863 2866 Mercatore-tn
2898 2813 3103 2870 dividi:
3136 2817 3477 2884 appOsitum-

1898 2898 2003 2949 que
2040 2884 2205 2937 fuisse
2245 2898 2398 2955 Suum
2442 2884 2729 2955 posteriori
2770 2886 3077 2946 exordium,
3109 2886 3319 2955 aliaque
3374 2905 3478 2943 non

1900 2968 2091 3022 pauca,
2127 2970 2246 3025 quae
2280 2956 2329 3007 in
2358 2952 2549 3007 Graeco
2576 2954 2718 3007 nulla
2752 2966 2897 3007 sunt.
2928 2956 3131 3025 Opinor
3159 2952 3338 3011 tamen
3372 2977 3479 3015 non

1899 3024 2330 3099 improbabiliter
2357 3025 2463 3077 dici
2497 3038 2677 3099 posse,
2711 3028 2792 3079 vel
2819 3043 2848 3077 a
2897 3024 3217 3099 Mercatore,
3252 3030 3337 3083 ναι
3379 3047 3477 3099 po-

1898 3096 2004 3149 tius
2027 3110 2055 3147 a
2083 3096 2314 3161 notario,
2364 3095 2681 3162 posterioris
2724 3098 2991 3151 sermonis
3026 3097 3325 3166 fragmento
3355 3095 3479 3155 sub-

194 3174 278 3227 tit.
312 3173 409 3235 5|,
453 3181 513 3224 et
550 3170 605 3223 in
634 3167 768 3221 Cod.
801 3166 1009 3221 Theod.
1038 3208 1053 3231 ,
1101 3167 1169 3220 de
1197 3166 1368 3218 Cursu
1410 3168 1555 3235 publ.
1603 3181 1786 3231 angar.
1827 3230 1860 3237 κ
1891 3166 2137 3232 junctum
2188 3170 2354 3237 luisse
2387 3167 2584 3237 prioris
2612 3178 2949 3233 excerptum,
2994 3185 3113 3237 quae
3146 3188 3270 3232 pars
3300 3175 3344 3224 si
3379 3190 3479 3226 ειιυ

194 3256 245 3297 et
277 3230 515 3312 parattg'.
548 3244 641 3312 ἔξει
670 3249 851 3312 autem
880 3230 1087 3312 evectio
1137 3236 1345 3312 licentia
1372 3230 1559 3312 cursus
1591 3230 1789 3303 publici
1820 3230 1874 3301 C_
1894 3230 2111 3312 corpori
2161 3236 2368 3312 reddita
2391 3230 2510 3300 Vsit,
2542 3230 2791 3312 nti-erle.
2814 3230 3024 3299 debet;
3055 3230 3217 3312 tutam
3246 3244 3474 3298 auferet.

197 3306 524 3380 usurpandi,
556 3310 682 3365 data
714 3310 793 3362 vel
825 3324 853 3361 a
886 3308 1126 3377 principe
1150 3349 1165 3371 ,
1195 3308 1279 3380 vel
1309 3322 1337 3360 a
1368 3306 1620 3380 praefecto
1652 3323 1781 3376 prte-

198 3377 366 3445 torio,
396 3383 600 3436 functis
627 3381 888 3449 dignitate
914 3379 1055 3433 civili
1079 3379 1401 3449 etmilitari.
1433 3377 1637 3432 Cursus
1665 3393 1793 3433 vero

196 3456 479 3519 publicus,
510 3466 672 3521 quem
689 3446 941 3521 'itscalem
972 3447 1313 3521 Spartianus,
1339 3446 1617 3521 Nestorius
1640 3465 1794 3520 rega-

197 3518 307 3579 lem
358 3518 543 3585 vocat,
576 3531 693 3576 erat
724 3520 1043 3590 obsequium
1093 3521 1260 3574 certis
1306 3518 1460 3579 locis,
1495 3520 1545 3573 in
1578 3518 1792 3590 publico

199 3597 417 3658 itinere,
444 3592 515 3646 ad
538 3592 784 3661 publicas
812 3592 1159 3645 necessitates
1181 3590 1564 3659 expediendas,
1593 3594 1793 3645 consti-

201 3676 397 3720 tutum.
431 3664 553 3719 Hoc
585 3664 673 3732 qui
703 3662 963 3717 curabant
994 3663 1045 3714 in
1078 3662 1369 3729 provincia,
1400 3662 1596 3714 curiosi
1647 3662 1794 3716 dice-

198 3739 431 3798 bantur;
462 3734 559 3802 qui
592 3731 643 3787 in
675 3732 903 3801 singulis
934 3734 1086 3796 locis,
1117 3731 1449 3793 stationarii;
1474 3734 1562 3802 qui
1591 3732 1641 3783 in
1677 3732 1789 3800 ipsa

199 3810 303 3867 via,
320 3800 654 3861 deductores
674 3800 1067 3857 seu’custodes.
1089 3801 1312 3857 Confert
1337 3802 1495 3871 igitur
1516 3800 1792 3855 Nestorins

201 3878 474 3945 baptismo
521 3876 867 3928 collationem
913 3888 1035 3926 cum
1076 3876 1374 3945 evectione.
1412 3874 1789 3945 transitumad

200 3943 484 4002 meliorem
534 3947 702 3999 vitam
750 3959 871 3997 cum
903 3959 1060 3997 cursu
1091 3944 1306 4012 publico
1347 3958 1441 3996 seu
1483 3943 1665 4009 regali,
1698 3943 1792 3997 ba-

200 4021 403 4085 ptismo
457 4017 657 4069 tinctos
687 4031 808 4067 cum
838 4014 1097 4083 dignitate
1135 4015 1537 4084 przestantibos,
1570 4014 1790 4080 angelos

201 4090 505 4141 animarum
527 4085 783 4141 custodes
802 4099 923 4140 cum
946 4085 1349 4150 deductoribus,
1374 4085 1644 4138 diabolum
1666 4100 1787 4138 cum

200 4159 453 4214 curiosis.

271 4242 289 4267 ε
321 4232 606 4283 Hactenus
638 4227 922 4294 quaesitum
953 4224 1055 4278 fuit
1093 4240 1255 4294 quem
1290 4224 1375 4278 hic
1408 4233 1668 4278 tractatus
1699 4224 1788 4277 ha-

204 4302 352 4354 l-eret
393 4309 709 4351 auctorem.
744 4296 977 4349 Savilius
1009 4309 1129 4365 post
1160 4294 1488 4349 Frontonem
1524 4296 1786 4365 Daca-um

203 4373 365 4423 sensit
408 4367 638 4437 quidem
688 4364 1020 4435 suppositum
1068 4368 1455 4435 Chrysostomo
1495 4364 1670 4437 (Tom.
1718 4381 1787 4420 ιιι

206 4440 433 4502 Operum
488 4437 825 4507 Chrysost.),
872 4437 967 4489 sed
1020 4454 1123 4491 non
1169 4437 1379 4505 aperuit
1428 4440 1584 4507 cuius
1627 4438 1785 4507 foret.

202 4514 475 4565 Asterium
525 4505 807 4574 parentem
859 4508 993 4561 dixit
1035 4508 1349 4561 Combelius
1389 4505 1571 4577 (Tom.
1626 4522 1662 4560 ιι
1698 4505 1788 4559 Bi-

204 4581 375 4633 blioth.
410 4577 878 4646 Coucionatoriw),
915 4591 1131 4647 propter
1158 4577 1564 4631 similitudinem
1590 4578 1783 4630 dictio-

203 4650 302 4711 nis;
353 4652 406 4705 ιι
430 4660 638 4701 ~rcator
670 4648 998 4712 Nestorium,
1042 4666 1139 4702 nec
1181 4649 1396 4701 dubiam
1430 4648 1557 4701 iacit
1594 4647 1775 4709 iidem,

202 4724 391 4789 quippe
426 4718 521 4785 qui
556 4731 608 4773 et
630 4719 886 4783 adfuerit,
916 4735 1035 4773 cum
1065 4720 1356 4781 diceretur,
1383 4728 1438 4772 et
1466 4718 1667 4773 editum
1701 4724 1779 4773 in-

206 4801 533 4859 terpretatus
576 4790 645 4843 sit
682 4789 893 4852 Latine,
927 4802 979 4842 et
1026 4805 1091 4843 ex
1143 4792 1258 4857 ipso
1303 4792 1634 4856 excerpserit
1673 4805 1780 4859 non

204 4858 387 4923 pauca,
422 4860 623 4925 quibus
649 4862 765 4925 ipso
794 4860 1002 4927 patroni
1033 4860 1342 4914 testimonio
1373 4860 1622 4913 bmresim
1656 4858 1780 4914 Coe-

205 4931 335 4985 lestii
362 4930 723 4983 confutaret:
772 4945 1120 4997 quamquam,
1156 4940 1210 4983 ut
1238 4939 1441 4983 tantum
1473 4929 1783 4984 Mercatoris

208 5000 579 5054 testimonium
627 4999 905 5062 deﬁceret,
958 5010 1168 5068 poterat
1218 5000 1330 5067 ipsa
1380 5016 1477 5066 per
1524 5015 1583 5053 se
1613 5000 1785 5054 oratio

209 5085 353 5123 suum
383 5074 523 5123 satis
551 5082 851 5133 aut-torem,
880 5070 963 5122 sin
992 5072 1169 5123 minus
1194 5070 1448 5138 prodere,
1476 5071 1667 5123 saltem
1697 5087 1788 5121 ac-

207 5154 392 5193 cusare
426 5139 767 5194 Nestorium:
808 5141 1135 5210 "apii-tatis;
1165 5141 1432 5210 siquidem
1468 5144 1537 5194 de
1573 5141 1787 5193 Christo

210 5211 437 5277 loquitur
470 5226 580 5262 non
610 5212 775 5263 semel
808 5224 1075 5277 tamquam
1105 5208 1173 5263 de
1204 5208 1337 5277 puro
1364 5210 1603 5263 homine.
1632 5210 1787 5277 Quod

209 5294 313 5333 cum
351 5286 499 5334 bene
522 5280 988 5334 animadverteret
1015 5282 1345 5346 Combelins,
1380 5283 1545 5335 miror
1572 5283 1662 5349 qui
1696 5297 1788 5347 po-

210 5352 361 5403 tuerit
392 5350 617 5404 Asterio
650 5349 911 5413 tribuere,
941 5352 1056 5402 viro
1080 5350 1325 5415 apprime
1354 5353 1644 5416 catholico,
1669 5367 1788 5405 ser-

210 5436 419 5473 monem
474 5432 581 5472 tam
631 5421 876 5485 impium.
922 5421 1155 5475 Observa
1203 5427 1455 5490 primum,
1512 5426 1703 5486 lector,
1738 5423 1788 5473 in

210 5491 396 5544 (ἰηιεο
427 5499 581 5544 testu
623 5491 808 5544 Szivil‘ti
850 5507 912 5545 ea
966 5500 1153 5545 tenore
1185 5494 1495 5547 continente
1535 5492 1785 5559 conjungi

210 5577 316 5623 qua:
364 5562 512 5629 apud
548 5561 774 5615 Marium
806 5561 1210 5629 disjnngnntur.
1249 5565 1546 5628 interiectis
1591 5564 1791 5615 solem-

214 5635 361 5684 nibus
396 5632 806 5697 excerpentinm
836 5648 917 5683 νο(
938 5632 1058 5684 ibus
1087 5650 1100 5685 :
1142 5642 1187 5686 et
1216 5644 1422 5703 postea,
1471 5644 1521 5685 et
1554 5644 1663 5699 post
1692 5633 1793 5685 nli-

213 5714 429 5763 qunta;
454 5718 783 5770 quamquam
810 5703 1042 5771 interja-i
1068 5716 1351 5771 potuerunt
1378 5704 1791 5766 crebriusqnam

212 5784 526 5840 oporteret,
559 5774 676 5826 Solo
726 5778 1061 5826 notariorum
1114 5776 1265 5827 vitio.
1320 5775 1558 5828 Observa
1597 5773 1796 5827 deinde

212 5856 543 5905 sermonem,
575 5843 666 5911 qui
696 5845 838 5913 apud
867 5844 1129 5898 Savilinm
1160 5861 1295 5899 unus
1324 5856 1402 5901 cst
1432 5856 1593 5915 atque
1620 5845 1797 5898 couti-

492 5936 762 5994 Ps‘rnoL.
817 5937 866 5994 Χ
881 5936 924 5994 L
941 5938 983 5991 Υ
1000 5937 1105 5996 Ill.

1898 3308 1983 3361 vel
2018 3308 2501 3375 perturbationem,
2530 3308 2617 3361 vel
2657 3308 3074 3363 dubitatioitem.
3116 3308 3353 3365 Observa
3384 3314 3479 3368 dc-

1898 3379 2060 3452 ngique
2095 3394 2405 3452 sermonum
2434 3378 2619 3452 titulos
2643 3379 2798 3452 ,sive
2824 3380 3132 3443 oscitantia,
3158 3384 3276 3437 sive
3312 3384 3478 3452 impe-

1897 3450 2018 3502 ritia
2050 3451 2402 3513 notariorum,
2434 3450 2506 3503 ita
2536 3449 2793 3505 conquos
2826 3466 2969 3516 esse,
3007 3462 3060 3504 ut
3089 3452 3173 3505 sin
3204 3449 3473 3509 minns'cx

1895 3520 2018 3574 aliis
2050 3522 2180 3574 locis
2213 3532 2383 3593 atque
2402 3521 2564 3593 etiam
2603 3520 2912 3588 conjectura
2944 3523 3315 3587 restituantur,
3353 3540 3477 3593 per-

1898 3601 2057 3656 petua
2088 3591 2424 3659 perturbatio
2452 3592 2623 3643 futura
2650 3593 2740 3644 sit.
2766 3593 2911 3646 Duos
2942 3593 3104 3659 igitur
3127 3596 3176 3647 in
3201 3591 3370 3650 Adam
3396 3597 3477 3649 di-

1895 3670 2012 3714 ειος
2039 3680 2064 3712 a
2098 3662 2351 3715 Nestorio
2373 3676 2651 3716 sermones
2674 3678 2830 3727 reor;
2854 3664 2989 3716 duos
3014 3665 3082 3717 de
3112 3666 3253 3718 locta
3279 3666 3475 3721 Christi

1895 3745 2019 3784 cum
2049 3732 2281 3785 diabolo.
2317 3731 2479 3784 Primi
2514 3732 2655 3784 hunc
2681 3747 2799 3786 esse
2835 3751 3018 3787 verum
3057 3735 3305 3790 titulum:
3344 3735 3473 3789 Tra-

1894 3812 2059 3875 ctqtus
2097 3805 2148 3854 in
2179 3803 2349 3875 Adam
2379 3804 2430 3853 in
2461 3803 2675 3875 ecclesia
2711 3805 2913 3871 publice
2957 3805 3193 3875 habitus.
3215 3807 3364 3875 cujus
3394 3809 3477 3859 in—

1894 3871 2047 3947 itium
2078 3882 2172 3935 est,
2206 3872 2656 3947 Multisqquidetn,
2702 3884 2834 3947 etc.;
2866 3875 3085 3947 secundi
3115 3891 3134 3947 ς
3171 3871 3305 3930 Item
3333 3881 3470 3947 ejus-

1895 3942 2010 4012 dem
2055 3953 2301 3996 tractatus
2348 3942 2481 3995 alius
2527 3942 2595 3993 ad
2641 3945 2906 4012 populum,
2940 3945 2990 3995 in
3040 3945 3239 4006 Adam;
3289 3942 3472 4000 tertii:

1896 4011 2029 4065 Item
2058 4016 2290 4085 ejusdem
2318 4022 2564 4065 tractatus
2588 4013 2640 4085 in
2667 4012 2879 4085 ecclesia
2900 4016 3101 4085 publice
3127 4015 3350 4077 habitus,
3380 4034 3471 4070 cu-

1883 4086 1979 4154 jus
2010 4085 2217 4154 iititium
2243 4084 2388 4154 istud,
2420 4095 2515 4143 est,
2543 4083 2633 4140 Sol
2666 4083 2908 4150 quidem,
2943 4098 3081 4149 etc.;
3111 4089 3285 4153 quarti
3324 4088 3475 4139 deni-

1892 4171 2000 4222 que
2043 4153 2213 4209 :ltem
2242 4153 2472 4222 ejusdem
2510 4155 2562 4206 in
2611 4154 2665 4206 id
2693 4158 2832 4223 quod
2883 4158 3131 4215 scriptum
3172 4166 3246 4209 est
3278 4172 3292 4209 :
3348 4158 3474 4211 llaec

1891 4227 2069 4278 omnia
2115 4226 2207 4278 tibi
2232 4225 2393 4287 dabo,
2433 4226 2477 4277 si
2523 4224 2811 4293 procidens
2838 4229 3150 4280 adoraveris
3182 4243 3287 4284 itte.
3320 4230 3472 4293 cuius

1891 4296 2098 4349 initium
2127 4296 2266 4349 istud
2296 4305 2402 4352 est,
2436 4296 2488 4347 In
2525 4295 2689 4346 alimn
2721 4308 3051 4350 scrmmiem.
3072 4327 3142 4337 —
3168 4297 3239 4350 Ita
3267 4296 3475 4352 Garne-

1894 4382 2024 4419 I‘IIIS.
2067 4368 2161 4421 (lui
2194 4365 2419 4417 usseutit
2450 4366 2725 4425 Baluzins,
2772 4365 2874 4417 nisi
2903 4368 3043 4433 quod
3079 4368 3276 4421 habent
3326 4370 3376 4421 itt
3412 4370 3474 4422 ti-

1894 4438 2003 4490 tulo
2034 4438 2175 4490 tertii
2218 4436 2555 4489 sermonis...
2591 4443 2833 4487 tractatus
2862 4439 2913 4489 in
2942 4439 3203 4499 Adum...,
3235 4454 3297 4492 ac
3329 4440 3473 4492 desio

1892 4508 2038 4561 deret
2067 4507 2383 4561 Garnerinm
2419 4521 2522 4557 non
2558 4505 2823 4559 indicas-e
2855 4524 2958 4571 qua
2982 4510 3303 4562 auctoritate
3325 4526 3474 4564 asse-

1899 4590 1975 4629 rat
1999 4578 2348 4630 Mercatorem
2377 4576 2428 4629 in
2454 4574 2697 4628 Ecclesia
2729 4576 2964 4632 adfuisse
2993 4595 3115 4632 cum
3139 4580 3414 4633 diceretur
3444 4596 3473 4634 a

1886 4646 2153 4702 Nestorio.
2190 4648 2340 4699 Eon.

1958 4718 1983 4753 ά
2011 4718 2063 4771 ld
2090 4727 2197 4780 est,
2223 4718 2275 4769 in
2308 4717 2527 4769 basilica
2571 4717 2628 4769 S.
2679 4717 2895 4785 Sophim
2925 4720 3061 4785 apud
3090 4718 3461 4773 Constantino-

1889 4789 2077 4858 polim,
2116 4803 2237 4856 quin
2265 4787 2553 4858 aliquando
2580 4803 2791 4857 magna,
2838 4788 3127 4854 aliquando
3160 4806 3253 4856 per
3296 4792 3475 4843 excel-

1892 4856 2109 4913 lentiam
2137 4856 2365 4911 ecclesia
2395 4856 2701 4919 dicebatur;
2740 4860 2789 4911 in
2821 4876 2879 4909 ea
2914 4860 3053 4911 enitn
3080 4861 3321 4912 solebant
3353 4861 3472 4921 epi-

1891 4931 2038 4994 scopi
2083 4928 2362 4981 orationes
2409 4928 2762 4982 solemniores
2811 4930 3008 4983 habere
3048 4931 3112 4981 ad
3169 4932 3425 4996 populum
3454 4969 3470 4990 ,

1892 5004 2036 5053 unde
2061 5010 2117 5053 et
2145 4998 2277 5065 ipsa:
2301 4999 2669 5069 inscribuntur
2697 4999 2894 5053 habitae
2928 5001 2978 5052 in
3002 5015 3189 5069 magna
3220 5002 3472 5053 ecclesia.

1895 5071 2049 5124 Hunc
2099 5072 2307 5123 titulum
2354 5068 2575 5134 pralert
2620 5071 2792 5122 oratio
2839 5068 3159 5124 Nazianzeui
3188 5076 3251 5122 ad
3287 5071 3474 5124 Patres

1894 5139 2050 5206 primi
2100 5137 2678 5205 Constantinopolitani
2743 5143 2997 5205 concilii;
3079 5143 3371 5208 proderunt
3420 5154 3477 5196 et

1893 5212 2099 5270 mulce,
2132 5219 2241 5262 tum
2273 5209 2665 5277 Cbrysostomi,
2699 5220 2807 5262 tttm
2841 5210 3039 5275 Procli,
3068 5223 3174 5266 etc.

1965 5290 1988 5317 ο
2011 5279 2282 5333 Christum
2315 5280 2585 5347 intelligit,
2615 5282 2701 5347 qui
2729 5296 3014 5349 utramque
3044 5293 3294 5345 mortem,
3331 5284 3479 5337 Ada~

1894 5351 1964 5403 mi
2006 5359 2229 5418 peccato
2259 5359 2614 5406 contractam.
2644 5354 2919 5417 superavit
2949 5368 2966 5406 :
3012 5354 3348 5420 spiritualcm
3398 5356 3480 5406 ni-

1898 5422 2120 5483 tnirmn,
2153 5436 2268 5489 quae
2298 5420 2393 5473 Dei
2434 5422 2502 5472 ab
2531 5422 2705 5473 anima
2740 5424 3009 5488 separatio
3038 5434 3154 5487 est;
3185 5433 3239 5476 et
3281 5439 3482 5491 corpo-

1897 5491 2087 5556 ralem,
2110 5507 2228 5559 qntc
2255 5494 2451 5543 anima:
2472 5506 2501 5544 a
2523 5506 2753 5556 corpore
2774 5492 2993 5545 solutio.
3016 5492 3319 5546 Notandum
3347 5510 3478 5545 vero

1897 5560 2134 5629 priorem
2169 5578 2273 5614 non
2305 5562 2607 5626 charitatis,
2661 5575 2711 5612 ut
2747 5564 3049 5629 oportebat,
3090 5567 3182 5617 sed
3234 5566 3477 5617 scientiae

1898 5635 2201 5699 privatione
2250 5647 2276 5683 τι
2332 5631 2581 5685 Nestorio
2627 5632 2843 5685 deliniri
2875 5651 2886 5685 :
2920 5634 3140 5697 Animus,
3199 5636 3403 5697 inquit,
3433 5635 3477 5685 si

1898 5701 2131 5771 ignorent
2181 5701 2366 5765 Deum,
2420 5704 2530 5756 sine
2579 5703 2685 5755 sole
2712 5712 2834 5755 sunt
2874 5718 3079 5768 prorsus
3127 5716 3361 5766 martum,
3398 5718 3476 5771 tu-

1902 5770 2047 5825 metsi
2100 5774 2351 5841 quispiam
2403 5790 2487 5826 eos
2543 5772 2704 5826 vivere
2748 5778 3052 5843 suspicetur,
3078 5786 3184 5828 etc.
3228 5776 3290 5827 Et
3319 5770 3476 5839 paulo

1906 5852 2072 5911 post:
2132 5845 2337 5912 Duplex
2387 5844 2518 5897 enim
2570 5844 2618 5895 in
2653 5859 2741 5897 nos
2788 5846 3077 5897 mortalitas
3107 5846 3471 5913 grassabatur:

2926 5937 2963 5992 7
