3996 6186
274 396 277 397 ν
352 328 483 408 ait

767 373 777 390 ι
862 349 1053 406 MAR“
1097 344 1541 403 MERCATORIS
1578 342 2150 400 TRANSLATIONES
2195 343 2551 400 VARIORUM
2594 336 3119 402 OPUSCULORUM.

3521 349 3636 404 203

350 469 552 535 Filius,
583 467 654 521 ait
681 465 792 527 ille,
824 476 996 531 nuper
1020 458 1322 529 appellatus
1350 472 1431 519 es,
1464 471 1584 510 cum
1613 471 1671 510 es
1702 456 1943 525 biptiza-

2117 457 2173 511 9.
2213 455 2285 510 ita
2316 455 2598 522 Christus,
2635 456 2700 510 ad
2741 458 2966 525 gratiam
3010 457 3102 511 Dei
3136 457 3291 512 nobis
3333 459 3639 514 concilian-

364 573 467 613 tus.
503 558 695 613 Audivi
725 553 1107 625 przedicantem
1132 565 1321 605 vocem
1350 567 1363 601 :
1390 548 1492 602 Hic
1514 558 1587 602 est
1612 547 1782 601 Filius
1810 564 1950 601 meus

362 652 611 715 dilectus,
662 647 715 699 in
759 660 856 713 quo
903 640 1032 695 mihi
1079 641 1202 695 bene
1246 641 1530 709 rontplacui
1576 638 1793 709 (Matth.
1837 638 1946 705 tn);

362 755 519 808 quant
552 751 650 805 ego
679 732 1153 803 compellationem
1178 740 1234 785 ut
1254 732 1584 785 adulationis
1608 741 1661 783 ct
1685 730 1946 799 magniﬁci

357 828 465 896 joci
512 827 748 894 plenam,
778 835 939 892 atque
980 832 1036 876 ut
1081 836 1261 891 operte
1307 821 1537 891 pretium
1573 820 1948 889 honoremque

356 934 487 973 sane
519 916 811 973 leviculam
859 915 1175 970 irridebam.
1204 913 1286 968 Tu
1332 913 1549 967 interim
1578 911 1852 982 gaudebas
1895 913 1947 965 in

359 1014 502 1076 sinu,
538 1008 744 1079 tibique
767 1008 877 1077 jam
921 1005 1214 1075 persuades
1244 1019 1365 1059 esse
1406 1014 1459 1057 te
1487 1004 1739 1059 dilectum
1772 1002 1945 1068 illum,

361 1117 425 1155 nc
448 1102 737 1171 praetidens
769 1099 1032 1158 exsultas,
1061 1096 1137 1149 sic
1161 1105 1431 1165 tamquam
1459 1095 1509 1148 in
1534 1095 1674 1149 caelo
1703 1094 1823 1164 ipso
1846 1094 1947 1158 sis,

360 1208 423 1247 ac
454 1193 565 1245 Deo
600 1207 709 1260 prze
736 1192 950 1244 czeteris
990 1197 1246 1256 acceptus
1287 1196 1342 1241 et
1383 1187 1435 1239 in
1472 1186 1704 1241 deliciis.
1752 1183 1950 1255 Ecquis

358 1294 541 1337 autem
576 1290 728 1353 pater
768 1281 859 1334 ille
889 1279 1196 1334 censendus
1236 1287 1355 1342 est,
1388 1278 1477 1346 qui
1519 1276 1813 1332 esurientis
1855 1274 1948 1328 lilii

362 1392 547 1430 curam
583 1375 783 1429 nullam
823 1372 1009 1443 gerat?
1036 1371 1223 1440 Qualis
1264 1380 1526 1440 patronus
1556 1370 1646 1425 ille
1675 1384 1738 1424 ac
1783 1378 1946 1434 tutor,

342 1470 448 1536 qui
481 1469 709 1523 clientes
746 1481 854 1520 non
885 1466 1107 1534 pascat?
1143 1462 1221 1516 Tu
1254 1477 1384 1516 vero
1418 1461 1531 1530 jam
1572 1460 1690 1516 dies
1720 1460 1956 1530 quadra-

361 1564 506 1632 ginta
530 1562 749 1633 jejunus
783 1557 1108 1630 produxisti,
1140 1568 1293 1627 patre
1318 1558 1387 1610 de
1414 1567 1499 1610 tua
1533 1556 1671 1610 fame
1704 1555 1834 1609 nihil
1866 1554 1950 1608 iu-

364 1659 517 1711 terim
547 1655 815 1717 sollicito,
848 1662 903 1707 et
933 1653 1222 1706 multorum
1266 1649 1477 1705 dierum
1523 1652 1756 1703 esuriem
1804 1648 1952 1700 nullo

360 1746 854 1803 contmiserationis
890 1759 1054 1799 sensu
1080 1742 1256 1797 Otiose
1292 1742 1716 1811 contemplante.
1752 1740 1953 1794 Paren-

2049 547 2202 611 dam,
2237 548 2424 601 iisdem
2457 550 2618 602 rebus
2649 562 2773 603 usus
2804 558 2919 613 est,
2958 551 3148 618 quibus
3185 549 3353 603 Adam
3385 554 3638 621 peccavit

2051 640 2103 693 in
2136 639 2302 693 Deum
2335 657 2347 691 :
2378 654 2499 693 cum
2528 639 2672 693 enim
2705 640 2792 693 hic
2819 639 3136 693 inﬁdelitate
3162 650 3216 694 et
3237 641 3340 695 cibi
3366 643 3508 697 vetiti
3530 659 3636 698 esu

2051 732 2331 800 prolapsus
2373 733 2424 785 in
2454 732 2656 787 crimen
2706 734 2775 784 sit
2816 732 2963 801 (nam
2991 733 3060 784 oh
3104 732 3529 787 incredulitatem
3578 748 3641 788 et

2049 824 2227 893 gulam
2254 823 2515 890 Corruit),
2546 822 2793 876 Christus
2816 860 2831 884 ,
2865 822 2955 890 qui
2994 830 3239 875 naturam
3283 832 3639 892 reparaturus

2049 924 2292 976 venerat,
2324 928 2351 965 a
2387 914 2490 967 ﬁde
2514 922 2571 967 et
2600 915 2953 983 temperantia
2984 913 3133 967 ducit
3162 913 3395 967 initium.
3430 915 3637 980 Quare,

2050 1007 2292 1075 deposita
2343 1005 2510 1058 veluti
2563 1005 2729 1065 larva,
2763 1004 2958 1058 bellum
3005 1015 3249 1072 apertum
3301 1006 3375 1058 illi
3420 1006 3634 1059 daemon

2049 1101 2223 1155 solitis
2272 1099 2479 1153 artibus
2525 1097 2729 1152 inferre
2776 1098 3088 1151 meditatur.
3135 1100 3436 1167 Antequam
3486 1110 3641 1152 esset

2052 1191 2138 1246 hic
2165 1192 2342 1245 editus
2374 1191 2426 1245 in
2460 1192 2668 1251 lucem.
2717 1191 2890 1260 inquit
2929 1206 3145 1257 secum,
3192 1191 3413 1246 insidias
3459 1195 3641 1263 partui

2052 1299 2149 1353 per
2185 1282 2548 1351 suspicionem
2580 1283 2829 1337 adulterii
2861 1283 3082 1336 molitus
3113 1298 3265 1348 sum;
3299 1300 3360 1338 ea
3398 1300 3494 1353 spe
3522 1285 3644 1340 fru-

2051 1385 2251 1429 stratus
2272 1414 2287 1440 ,
2323 1373 2570 1427 eumdem
2608 1375 2717 1443 jam
2748 1386 2929 1427 natum
2960 1374 3187 1429 Herodis
3212 1390 3372 1444 opera
3402 1379 3642 1431 cireum-

2055 1468 2241 1523 venire
2278 1478 2441 1537 atque
2472 1468 2783 1536 opprimere
2828 1468 3025 1519 tentavi
3060 1484 3073 1518 :
3107 1468 3206 1520 hac
3244 1483 3458 1537 quoque
3485 1479 3642 1538 parte

2052 1564 2234 1630 elapsa
2265 1560 2397 1614 mihi
2424 1560 2602 1628 praeda
2634 1569 2719 1615 est
2742 1576 2758 1617 :
2783 1562 2959 1613 victus
2988 1576 3136 1625 sum,
3177 1563 3430 1630 quamdiu
3462 1563 3640 1615 aliena

2055 1650 2287 1720 pugnavi
2335 1665 2532 1715 manu,
2581 1665 2725 1705 nunc
2773 1664 2868 1719 per
2896 1664 2982 1705 me
3012 1651 3125 1719 ipse
3172 1652 3307 1706 bella
3338 1666 3540 1719 geram.
3593 1654 3644 1705 υ

2053 1756 2254 1796 caecam
2300 1740 2572 1810 pugnandi
2598 1740 2989 1810 cupiditatem!
3021 1741 3067 1794 Α
3107 1757 3214 1811 quo
3254 1742 3468 1796 vixdum
3510 1753 3644 1797 nato

365 1857 471 1899 tem
501 1856 631 1896 sane
666 1840 766 1894 ﬁlii
795 1847 1092 1902 amantem,
1123 1836 1215 1907 qui
1258 1850 1324 1891 ne
1354 1850 1544 1905 panem
1573 1834 1789 1904 quidem
1820 1848 1951 1888 esu-
1983 1830 2024 1887 Β
2055 1836 2229 1889 victus
2280 1844 2358 1887 est
2384 1874 2401 1901 ,
2453 1848 2577 1887 eum
2632 1848 2775 1888 nunc
2823 1834 2997 1887 virum
3050 1835 3250 1888 factum
3308 1836 3641 1906 aggreditur.

366 1935 528 1990 rienti
577 1935 714 2004 proli
764 1931 1054 2003 largiatur!
1106 1929 1395 2000 Egregium
1443 1928 1635 1991 tilium,
1683 1942 1843 1996 quem
1884 1943 1953 1981 ne

366 2036 520 2096 pater
548 2024 759 2095 quidem
782 2023 891 2077 alat
919 2032 1160 2076 extrema
1192 2021 1244 2075 in
1270 2019 1433 2075 fame!
1456 2018 1787 2074 Charitatem
1821 2018 1873 2071 in
1900 2026 1954 2074 te

369 2132 520 2171 suam
552 2114 823 2180 ostendat,
860 2128 1161 2182 panemque
1192 2112 1452 2182 porrigat,
1477 2110 1684 2165 nutriat
1709 2109 1957 2164 esurien-

370 2219 476 2265 tem
510 2217 690 2263 natum
726 2208 780 2261 in
808 2207 1046 2261 deserto.
1074 2204 1303 2275 Lapides
1338 2212 1549 2257 mutare
1578 2202 1631 2256 in
1666 2217 1832 2272 panes
1865 2218 1957 2272 po-

370 2312 477 2357 test
510 2319 523 2355 :
554 2300 607 2355 id
638 2300 798 2355 modo
828 2300 895 2354 ab
919 2313 985 2354 eo
1017 2308 1160 2368 pete,
1196 2298 1307 2368 jam
1338 2312 1508 2366 prope
1538 2309 1761 2350 enectus
1794 2297 1955 2349 tame.

371 2394 486 2448 lloc
523 2393 845 2447 beneﬁcium
885 2391 953 2445 ab
980 2406 1044 2445 eo
1075 2389 1119 2444 si
1150 2403 1343 2445 exoras
1365 2429 1379 2453 ,
1413 2387 1546 2441 nihil
1586 2401 1779 2440 recuso
1826 2402 1960 2455 quo-

372 2484 550 2541 minus
578 2485 745 2540 Fitius
771 2484 862 2538 Dei
891 2484 991 2547 sis,
1014 2497 1189 2552 eoque
1216 2480 1434 2534 nomine
1461 2479 1655 2531 merito
1680 2478 1955 2546 glorieris;

373 2579 424 2633 id
472 2594 601 2632 vero
650 2578 962 2646 priusquam
1016 2572 1404 2642 consequaris,
1452 2568 1561 2622 noli
1608 2577 1815 2623 tantum
1861 2570 1959 2624 tibi

373 2686 567 2725 nomen
596 2682 872 2735 arrogare.

445 2766 500 2817 7.
542 2761 635 2816 Na:
675 2763 934 2815 honorem
968 2760 1080 2812 veri
1112 2758 1335 2813 honoris
1366 2767 1642 2827 expertem
1664 2798 1680 2823 ,
1714 2757 1961 2809 humani-

375 2866 650 2923 talemque
681 2852 1219 2907 inhumanissimam!
1257 2853 1573 2916 miseretur,
1607 2861 1663 2904 ut
1707 2850 1957 2915 occidat;

373 2962 557 3001 cii-ram
580 2946 827 3011 simulat,
864 2954 917 3000 et
954 2945 1177 2999 exitium
1209 2948 1391 3009 struit,
1419 2944 1747 3012 laudumque
1770 2945 1963 3013 poculo

372 3036 688 3092 dulcissimo
736 3052 1002 3091 venenum
1045 3037 1331 3106 propinat;
1376 3036 1650 3091 Christum
1700 3035 1766 3091 ad
1815 3034 1959 3090 dilﬁ-

374 3128 610 3183 dentiam
644 3137 914 3183 veterator
936 3127 1175 3197 instigat,
1206 3136 1463 3195 provocat
1490 3128 1555 3181 ad
1587 3128 1741 3182 cibus
1773 3139 1961 3196 peten-

2053 1928 2348 1991 Adesdum,
2376 1941 2590 1981 manum
2617 1942 2740 1981 cum
2770 1927 2887 1981 viro
2907 1927 3113 1993 confer,
3147 1943 3180 1982 ο
3200 1928 3443 1995 daemon;
3475 1944 3646 1999 expe-

2056 2021 2166 2075 rire
2206 2017 2431 2086 iterum,
2462 2025 2519 2073 et
2561 2018 2854 2088 periculum
2899 2018 3042 2075 illius
3070 2020 3268 2075 virium
3312 2038 3522 2076 rursum
3554 2022 3647 2076 ta-

2056 2111 2185 2165 cito.

2131 2202 2222 2258 l0.
2260 2202 2379 2258 Jam
2404 2200 2622 2273 quidem
2660 2202 2898 2258 domitus
2932 2211 2988 2259 et
3009 2201 3214 2259 tractus
3243 2203 3342 2259 fuit
3385 2206 3435 2259 in
3464 2206 3649 2276 primo

2059 2312 2352 2367 congressu
2374 2340 2389 2363 ,
2424 2312 2546 2351 eum
2590 2297 2655 2351 ad
2697 2298 3026 2353 esurientem
3058 2300 3285 2353 accessit
3322 2298 3452 2368 (quo
3483 2310 3651 2369 pacto

2060 2394 2232 2443 victus
2260 2388 2417 2443 fuerit
2457 2389 2791 2456 audivistis);
2823 2406 2964 2445 nunc
2991 2400 3173 2444 autem
3205 2403 3438 2459 accepta:
3468 2393 3651 2447 cladis

2062 2484 2419 2539 reSarcienda:
2439 2485 2688 2553 cupidus,
2717 2488 2856 2540 vires
2882 2486 3267 2555 audaciamque
3289 2488 3544 2556 duplit-at.
3574 2486 3649 2542 Et

2060 2580 2184 2643 qua
2218 2577 2391 2644 primo
2420 2576 2654 2631 artiﬁcio
2684 2577 2826 2631 inani
2872 2592 2998 2631 usus
3039 2589 3120 2632 Gal
3165 2590 3221 2633 et
3248 2579 3427 2643 irrito,
3464 2594 3651 2647 neque

2064 2667 2368 2721 lamelicnm
2411 2669 2663 2737 decipere
2691 2671 2889 2737 potuit,
2920 2672 3141 2725 alteram
3180 2672 3398 2727 adhibet
3438 2673 3650 2725 machi-

2064 2776 2208 2813 nam.
2236 2760 2375 2815 Nihil
2408 2772 2582 2815 actum
2613 2771 2715 2826 est,
2744 2763 2937 2831 inquit,
2966 2763 3093 2817 ntihi
3122 2766 3291 2833 prima
3320 2764 3404 2817 illa
3434 2764 3647 2827 fraude,

2063 2867 2182 2921 qua:
2225 2861 2401 2906 tamen
2436 2852 2699 2907 Adamum
2733 2854 3133 2923 proﬁigaverat;
3175 2854 3315 2908 hanc
3349 2855 3646 2923 deponam,

2064 2950 2119 2998 et
2140 2943 2385 2998 omittam
2416 2959 2539 2998 eum
2566 2946 2807 3000 inescare
2839 2946 2973 2999 velle
3001 2947 3292 3014 cupiditate
3321 2946 3447 2999 cibi.
3482 2945 3649 3000 Vide-

2065 3044 2152 3090 tur
2179 3039 2321 3091 enim
2356 3038 2689 3106 voluptatum
2718 3053 2840 3093 esse
2870 3048 3090 3108 potens,
3122 3039 3210 3108 qui
3248 3039 3516 3108 proposita
3545 3039 3650 3094 de-

2067 3127 2355 3184 lectatione
2385 3129 2673 3199 vescendi,
2705 3146 2771 3185 ne
2803 3131 2977 3184 induci
3025 3132 3239 3200 quidem
3288 3133 3551 3201 potuerit,
3590 3142 3650 3187 ut

375 3220 502 3286 dos,
535 3235 639 3275 non
684 3229 743 3275 ut
768 3219 1097 3276 esurientem
1125 3220 1403 3288 sublevet,
1438 3220 1532 3275 sed
1566 3230 1623 3275 ut
1662 3220 1958 3276 inescatam
1989 3198 2033 3257 Ο
2067 3233 2257 3287 panem
2280 3219 2488 3288 jejunio
2532 3221 2824 3274 multorum
2864 3198 3073 3276 dierum
3114 3198 3342 3277 levando
3373 3232 3647 3290 posceret,

375 3325 428 3371 et
456 3313 521 3369 ad
564 3312 851 3383 petendum
882 3312 1191 3383 instigatum
1212 3353 1226 3378 ,
1265 3328 1388 3368 mox
1417 3322 1688 3382 tamquam
1713 3314 1966 3368 difﬁden-

376 3416 517 3470 tem,
552 3405 794 3475 impellat
837 3404 904 3459 ad
949 3403 1283 3474 peccandum
1315 3404 1519 3474 aliquid
1564 3404 1617 3459 in
1659 3404 1865 3471 Deum;
1907 3414 1965 3458 ut

375 3498 467 3569 qui
498 3499 612 3552 huic
636 3498 763 3551 olim
796 3495 934 3553 falso
961 3496 1192 3552 dixisset
1226 3514 1241 3549 :
1279 3495 1383 3550 Hic
1407 3507 1481 3550 est
1511 3495 1683 3551 Filius
1711 3513 1854 3551 meus
1882 3498 1964 3549 di-

376 3590 553 3652 lectus,
576 3588 628 3641 in
650 3604 746 3652 quo
776 3586 902 3641 mihi
933 3587 1053 3641 bene
1076 3586 1389 3655 complacui.

447 3682 500 3736 8.
542 3681 680 3748 Quid
720 3680 785 3735 ad
828 3681 943 3736 haec
988 3678 1235 3736 Christus
1290 3681 1583 3735 Dominus?
1630 3697 1736 3735 non
1781 3684 1958 3737 statim

374 3775 542 3829 Deum
574 3775 626 3828 in
655 3789 714 3828 se
742 3773 1001 3829 latentem
1038 3774 1246 3843 prodit,
1273 3790 1339 3828 ne
1369 3774 1602 3843 praedam
1634 3775 1958 3840 absterreat,

374 3869 469 3924 sed
501 3876 559 3922 ut
582 3868 781 3937 aliquis
806 3867 874 3922 de
900 3868 1062 3937 vulgo
1092 3868 1388 3933 hominum,
1421 3868 1669 3935 reponit:
1702 3867 1961 3938 Scriptum

372 3968 447 4014 est
476 3961 610 4015 enim
629 4001 643 4025 ,
677 3960 885 4030 inquit,
925 3975 1024 4012 non
1053 3960 1104 4011 in
1133 3958 1243 4011 solo
1270 3975 1400 4028 pane
1421 3960 1538 4011 vivit
1567 3958 1752 4025 homo,
1790 3961 1880 4012 sed
1911 3963 1960 4013 in

374 4055 513 4107 omni
542 4057 691 4107 uerbo
718 4053 853 4118 quod
881 4051 1109 4121 procedit
1139 4052 1201 4101 de
1227 4066 1313 4102 ore
1340 4050 1453 4103 Dei.
1481 4050 1623 4104 Nihil
1646 4052 1959 4119 admodum,

375 4146 568 4214 inquit,
605 4144 883 4211 perturbat
915 4156 1000 4194 me
1027 4142 1273 4195 ciborum
1307 4140 1519 4209 inopii;
1552 4159 1655 4196 non
1693 4144 1820 4197 milti
1862 4148 1963 4198 nti-

373 4251 492 4290 rum
516 4244 609 4288 aut
634 4236 1063 4301 inexspectatum
1092 4232 1319 4293 accidit,
1347 4233 1486 4301 quod
1526 4232 1615 4288 hic
1640 4236 1869 4288 esuriam
1909 4241 1959 4291 in

371 4327 628 4389 deserto;
662 4339 835 4393 neque
875 4334 932 4377 ut
967 4324 1203 4377 existant
1235 4338 1399 4393 panes
1444 4342 1474 4378 e
1515 4325 1805 4393 lapidibus,
1836 4343 1957 4383 oro.

372 4415 551 4469 Multa:
582 4425 710 4469 sunt
735 4414 929 4485 quibus
956 4414 1101 4469 Deus
1131 4415 1286 4469 nobis
1315 4417 1596 4484 provideat
1628 4419 1759 4481 vim;
1785 4434 1960 4489 neque

370 4508 533 4562 unius
564 4506 780 4576 generis
822 4506 988 4571 modi,
1021 4506 1215 4575 quibus
1260 4508 1565 4576 indigenti-.2
1594 4519 1792 4563 nostra:
1830 4526 1960 4563 cun-

370 4600 533 4654 sulat.
562 4600 730 4654 Cibos
766 4600 832 4652 ad
859 4598 1185 4652 vescendum
1213 4598 1362 4652 dedit
1392 4600 1725 4667 hominibus,
1752 4600 1954 4655 fercula

370 4695 580 4748 scilicet
606 4691 754 4747 carni
784 4700 839 4746 et
874 4693 1090 4759 corpori
1118 4692 1500 4757 congruentia;
1545 4692 1793 4747 eumdem
1829 4709 1959 4748 vero

369 4796 577 4843 naturae
608 4786 853 4840 terminis
878 4800 941 4839 ac
968 4784 1232 4839 limitibus
1256 4799 1360 4837 non
1383 4786 1781 4851 circumscribi,
1806 4802 1956 4843 sacra

368 4895 455 4935 me
496 4882 688 4950 pagina
719 4878 933 4943 docuit;
966 4890 1142 4945 neque
1172 4876 1373 4931 excidit
1411 4892 1441 4931 e
1483 4878 1744 4933 memoria
1777 4880 1957 4934 divina

366 4973 454 5027 illa
489 4990 589 5028 vox
621 4972 866 5025 homines
888 4969 1207 5033 admonens,
1232 4968 1300 5023 de
1325 4968 1462 5022 l‘ame
1492 4970 1708 5025 solliciti
1733 4987 1804 5026 ne
1825 4972 1955 5033 sint.

367 5081 486 5119 cum
523 5065 664 5118 Deus
714 5063 762 5115 id
807 5061 1023 5117 abunde
1053 5071 1225 5116 curet.
1260 5062 1619 5129 Quamobrem
1662 5079 1822 5133 parce
1863 5080 1956 5135 ge-

371 5174 491 5214 rere
512 5172 698 5213 curam
724 5155 1036 5219 esurientis,
1060 5163 1153 5208 aut
1181 5156 1310 5208 mihi
1341 5155 1614 5210 desertum
1641 5157 1953 5223 ostendere,

367 5260 424 5306 ut
449 5254 515 5304 ad
546 5248 984 5318 desperationem
1018 5262 1105 5302 me
1134 5247 1404 5311 adducas;
1452 5250 1745 5316 providerit
1770 5253 1954 5320 utique

367 5345 544 5409 Deus,
576 5342 787 5396 tametsi
838 5356 1004 5409 panes
1050 5339 1150 5408 ipsi
1186 5340 1313 5393 nulli
1349 5348 1547 5408 priesto
1597 5341 1727 5394 sint.
1775 5342 1955 5395 Enim-

363 5454 495 5493 vero
537 5436 655 5492 sine
698 5437 833 5490 cinis
874 5437 1038 5488 vitam
1073 5434 1162 5488 ille
1191 5444 1431 5487 nostram
1465 5436 1599 5489 tueri
1654 5449 1857 5506 potest,
1900 5448 1955 5492 et

360 5532 568 5599 absque
605 5529 807 5583 carnali
848 5527 1028 5583 edulio
1076 5541 1204 5580 caro
1256 5528 1430 5590 vivet,
1477 5542 1596 5580 eum
1643 5543 1762 5582 eam
1812 5529 1955 5581 Deus

362 5628 546 5680 vivere
582 5623 821 5691 jusserit.
853 5622 943 5676 Sic
970 5620 1228 5688 scriptum
1263 5629 1383 5683 est,
1418 5620 1618 5690 inquit,
1649 5623 1725 5675 sic
1753 5622 1949 5687 credo,

359 5715 563 5770 divinis
603 5714 783 5767 verbis
834 5710 1037 5775 fretus;
1087 5726 1263 5781 neque
1303 5713 1463 5765 vitam
1509 5728 1684 5766 meam
1732 5729 1794 5769 ex
1830 5713 1949 5768 unis

361 5816 539 5877 aptam
565 5819 684 5862 esse
710 5804 868 5869 cibis,
902 5817 1330 5872 suspensamque
1360 5818 1503 5857 reor.

1991 4568 2041 4626 Ι)

2063 3312 2275 3367 carneis
2312 3314 2429 3368 istis
2462 3315 2630 3368 armis
2660 3314 2801 3369 vinci
2829 3316 3060 3370 nescius.
3092 3315 3274 3370 Inveni
3305 3315 3650 3370 callidiorem

2063 3404 2374 3460 decertandi
2408 3407 2548 3461 viam
2570 3448 2585 3473 ,
2620 3408 2856 3477 suppetit
2894 3408 3021 3461 mihi
3077 3410 3267 3462 hamus
3293 3407 3501 3462 dulcior
3527 3409 3657 3478 glo-

2063 3497 2172 3560 ria,
2198 3511 2304 3567 qua
2337 3497 2469 3553 nihil
2505 3499 2702 3553 sectari
2741 3498 3033 3568 jucundius
3064 3500 3321 3554 mortales
3346 3499 3558 3563 solent;
3592 3499 3650 3554 in

2063 3605 2166 3659 qua
2197 3605 2300 3644 non
2332 3599 2537 3645 tantum
2568 3591 2709 3646 inest
2735 3592 3106 3646 illecebrarum
3138 3593 3421 3661 plurimum
3453 3592 3518 3646 ad
3547 3607 3652 3649 eos

2064 3681 2433 3752 illaqueandos
2455 3724 2471 3749 ,
2501 3683 2596 3738 sed
2628 3692 2709 3738 est
2746 3682 2910 3738 etiam
2938 3683 3135 3752 duplex
3165 3699 3344 3752 operre
3376 3685 3614 3751 pretium
3633 3726 3649 3751 ,

2066 3784 2248 3844 utpote
2275 3791 2393 3845 qua:
2424 3776 2667 3829 inanitati
2708 3790 2819 3829 sua:
2848 3776 3171 3830 dementiam
3200 3790 3262 3829 ac
3290 3774 3651 3828 temeritatem

2063 3868 2372 3934 adiunctam
2407 3867 2587 3934 habet,
2619 3883 2738 3923 cum
2768 3867 2881 3922 fere
2908 3869 2996 3937 qui
3032 3866 3324 3933 cupiditate
3350 3867 3532 3936 glurim
3556 3866 3650 3919 io-

2063 3962 2331 4024 cenditur,
2361 3964 2428 4015 ad
2474 3963 2665 4016 fastum
2708 3963 2778 4015 sit
2814 3962 3209 4030 elationemque
3253 3975 3513 4029 prmceps.
3550 3960 3651 4015 Est

2063 4065 2242 4109 autem
2270 4054 2412 4108 unde
2446 4055 2545 4108 iste
2565 4055 2748 4123 gloriae
2772 4055 3015 4107 videatur
3036 4067 3157 4106 esse
3178 4051 3375 4105 debere
3396 4051 3609 4104 avidior
3632 4068 3649 4106 :

2066 4147 2307 4214 proclive
2337 4146 2534 4216 quippe
2557 4156 2640 4199 est
2671 4155 2728 4199 ut
2756 4147 2842 4213 qui
2867 4146 2977 4214 jam
3018 4153 3095 4197 tot
3130 4143 3246 4198 dies
3269 4143 3483 4211 jejunus
3516 4158 3653 4209 per-

2063 4245 2190 4303 stat,
2220 4237 2286 4291 de
2312 4252 2372 4291 se
2396 4237 2593 4291 sentiat
2613 4238 2903 4306 jactantius
2933 4236 3132 4305 aliquid
3164 4252 3178 4288 :
3210 4234 3482 4290 hominem
3512 4234 3652 4288 titil-

2064 4329 2219 4395 labo;
2250 4328 2503 4383 accedam
2545 4330 2622 4384 sic
2668 4340 2934 4395 tamquam
2967 4328 3033 4381 ad
3072 4328 3242 4380 virum
3283 4325 3514 4394 aliquem
3559 4326 3655 4393 ju-

2063 4430 2225 4485 stum,
2272 4430 2326 4474 et
2351 4437 2537 4475 ansam
2571 4422 2744 4475 inanis
2772 4421 2958 4489 gloria:
2991 4418 3433 4479 subministrabo,
3465 4418 3649 4486 aliqua

2064 4514 2392 4583 psalmorum
2434 4512 2721 4580 sententia,
2759 4529 2917 4582 quam
2957 4512 3075 4579 ejus
3113 4526 3274 4565 causa
3312 4511 3480 4565 multo
3517 4520 3653 4566 ante

2067 4606 2467 4673 pronuntiatam
2497 4620 2618 4660 esse
2664 4606 2888 4674 lingam;
2934 4606 3012 4657 sic
3052 4603 3474 4672 interrogatione
3516 4604 3652 4655 sub-

2061 4696 2185 4751 dola
2218 4695 2493 4751 inescabo.
2522 4694 2603 4749 Ad
2636 4693 3111 4763 interrogationem
3150 4707 3309 4760 porro
3341 4692 3647 4747 faciendam

2061 4788 2340 4856 appositus
2395 4787 2497 4841 erit
2524 4786 2673 4840 locus
2703 4786 2898 4854 aliquis
2940 4796 3200 4852 pimceps,
3232 4782 3485 4852 arripiam
3516 4798 3648 4837 eum

2062 4890 2117 4934 et
2151 4880 2457 4949 protraliam
2489 4879 2540 4932 in
2574 4878 2759 4947 templi
2785 4878 3146 4947 pinnaculum,
3169 4891 3400 4945 cumque
3429 4890 3650 4931 summo

2064 4971 2276 5042 fastigio
2309 4972 2597 5035 insederit,
2632 4982 2742 5024 tum
2792 4983 2891 5039 ego
2935 4983 3217 5038 suggeram
3258 4967 3398 5022 istud
3437 4983 3647 5036 oppor-

2066 5075 2191 5119 tune
2224 5081 2238 5118 :
2272 5066 2333 5120 Si
2372 5064 2543 5117 Filius
2588 5062 2680 5116 Dei
2721 5080 2802 5127 es,
2836 5062 2979 5114 mitte
3007 5070 3055 5114 te
3082 5062 3355 5123 deorsum;
3396 5061 3647 5130 scriptum

2062 5171 2137 5213 est
2164 5160 2297 5213 enim
2332 5158 2578 5229 quoniam
2619 5156 2815 5225 augrlis
2855 5155 2960 5207 suis
2999 5155 3264 5205 mandavit
3301 5152 3365 5205 de
3402 5163 3483 5217 te,
3512 5163 3559 5205 et
3593 5154 3649 5206 in

2063 5251 2296 5304 manibus
2325 5250 2505 5302 tollent
2531 5258 2599 5315 te,
2626 5264 2689 5299 ne
2712 5252 2844 5316 forte
2868 5244 3096 5312 oﬂ'endas
3118 5244 3186 5296 ad
3213 5245 3437 5313 lapidem
3465 5244 3648 5312 pedem

2063 5353 2226 5396 tuum.
2256 5340 2489 5396 Omnino
2532 5340 2759 5392 alterum
2800 5339 3075 5405 continget
3113 5352 3143 5389 e
3181 5337 3422 5398 duobus,
3450 5345 3511 5390 ut
3550 5346 3649 5390 aut

2061 5435 2242 5487 verbis
2282 5433 2413 5485 meis
2456 5431 2661 5495 credat,
2698 5439 2790 5484 aut
2834 5444 2896 5484 ea
2947 5427 3192 5495 repudiet
3230 5446 3241 5480 :
3282 5428 3326 5480 si
3359 5427 3552 5480 bonam
3588 5427 3648 5481 in

2062 5536 2264 5593 partem
2296 5523 2593 5576 orationem
2639 5536 2812 5575 meam
2839 5520 3103 5588 accipiet,
3130 5534 3192 5573 ac
3232 5519 3333 5572 sibi
3368 5530 3645 5583 tamquam

2050 5619 2198 5688 justo
2229 5615 2554 5680 adulabitur,
2591 5629 2818 5682 pronum
2851 5614 2954 5665 erit
2989 5623 3064 5677 ut,
3096 5611 3252 5666 sieuti
3287 5625 3645 5680 proposuero,

2056 5709 2148 5762 det
2198 5722 2257 5761 se
2301 5703 2631 5775 prmcipitein
2661 5709 2675 5750 ξ
2710 5704 2778 5757 ita
2825 5703 3069 5771 projieiet
3119 5718 3315 5771 corpus
3352 5716 3382 5755 c
3429 5715 3651 5755 summo

2056 5802 2229 5871 apice,
2253 5809 2305 5854 et
2335 5797 2598 5868 siquidem
2632 5796 2895 5851 interierit
2924 5810 2955 5850 e
2998 5796 3173 5865 lapsu,
3206 5802 3474 5849 mortuum
3496 5791 3651 5847 deri-
