3996 6186
250 356 347 415 309

988 348 1302 407 NESTORII
1342 343 1754 402 TIMC'I‘ATUS
1792 342 2064 397 CUNTRA
2110 343 2441 400 Il/ERESIM
2482 342 2775 400 PELXGII.

3403 347 3509 401 ΕΗιῖ

246 480 415 542 debo;
442 479 529 529 sin
553 489 685 531 vero
705 482 864 529 etiam
893 480 1076 540 postea
1116 474 1387 532 superstes
1419 464 1601 527 fuerit,
1633 463 1682 515 id
1730 461 1821 513 ha-
1854 462 1896 517 Α
1928 460 2136 514 tametsi
2169 470 2412 513 mortuus
2436 460 2642 527 jaceret
2666 475 2729 515 ac
2775 460 2998 525 fetidus;
3038 471 3091 515 tu
3137 462 3305 516 instar
3339 462 3510 519 leonis

244 573 395 628 bebit
418 570 634 630 saltem,
678 575 738 622 ut
775 582 802 619 ιι
837 580 923 619 me
952 563 1124 618 inanis
1155 562 1336 631 gloria:
1368 561 1571 628 plagam
1602 571 1827 624 acet-pe-

244 669 329 721 rit.
363 664 617 717 inductus
660 659 909 713 videlicet
938 657 1182 712 oratione
1213 669 1366 716 mea,
1412 661 1469 705 ut
1513 666 1574 705 se
1622 658 1825 702 temere

245 761 396 810 daret
412 753 768 824 prmcipitem.
803 751 917 805 Jam
963 749 1008 804 si
1042 756 1375 801 recusantem
1407 754 1464 800 et
1493 745 1820 797 abnuentem

246 849 462 915 videbo,
512 844 721 899 vorabo
770 843 918 896 illum
967 842 1019 895 iu
1070 839 1324 894 invidiam
1374 848 1429 892 et
1457 837 1635 888 odium
1681 834 1821 898 apud

243 944 435 1001 Deum.
460 950 519 994 ut
542 939 671 993 olim
690 937 909 999 Jobum,
934 935 1127 989 divina:
1162 932 1467 998 adoptionis
1505 930 1819 992 dignitatem

240 1046 291 1088 et
317 1031 648 1089 beneficium
678 1031 747 1082 ab
777 1044 841 1080 eo
871 1026 1123 1081 violatum
1147 1025 1452 1079 obtrectans
1474 1023 1524 1076 in
1552 1021 1693 1074 htmc
1716 1035 1823 1073 mo-

238 1130 364 1181 dum
398 1146 410 1180 :
446 1126 690 1181 Recitavi
720 1124 793 1178 illi
823 1122 1076 1190 scriptam
1113 1134 1143 1173 a
1175 1127 1226 1174 te
1252 1119 1593 1181 sententiam,
1618 1115 1725 1168 dixi
1758 1130 1817 1167 ea

238 1219 400 1272 verba
428 1216 626 1284 quibus
650 1224 853 1270 certam
885 1213 959 1266 illi
990 1212 1218 1266 salutem
1241 1209 1566 1275 spondebas,
1592 1217 1645 1261 ct
1669 1207 1821 1261 dubi-

236 1311 371 1365 tavit
397 1318 582 1364 tamen
610 1306 871 1373 projicere
906 1318 1027 1358 sese
1050 1304 1101 1356 in
1130 1301 1426 1367 subiectam
1459 1298 1819 1352 altitudinem.

236 1404 478 1471 Apparet
500 1415 623 1454 eum
649 1397 925 1467 promissis
951 1396 1059 1450 tuis
1089 1408 1423 1463 nequaquam
1458 1392 1643 1446 fidere.
1674 1392 1817 1455 Quo-

234 1512 360 1549 nam
387 1511 522 1562 ergo
567 1502 723 1558 pacto
749 1507 868 1545 eum
898 1490 987 1551 qui
1019 1497 1124 1543 tam
1156 1503 1342 1557 parum
1375 1485 1496 1541 ﬁdei
1523 1484 1625 1540 tuis
1656 1483 1816 1538 habet

232 1590 440 1652 verbis,
477 1588 646 1641 filium
673 1583 995 1652 appellasti?

306 1682 392 1734 ll.
424 1679 564 1748 Quid
597 1682 826 1731 strueret
849 1672 1207 1732 adversarius,
1235 1670 1479 1725 Christus
1508 1684 1615 1722 non
1637 1667 1811 1721 nesci-

232 1776 326 1826 vit.
363 1770 635 1826 Permittit
662 1768 738 1822 illi
768 1781 887 1822 sese
912 1764 1247 1823 trahendum,
1271 1769 1450 1815 etnon
1474 1773 1628 1815 secus
1656 1770 1815 1826 atque

1930 553 2070 607 illius
2097 554 2200 606 mel
2228 568 2259 607 e
2298 554 2590 621 Scriptnris
2628 554 3002 623 depromptum
3048 554 3221 609 stillas
3265 555 3333 609 ab
3373 569 3507 623 ore',

1927 644 2176 712 idemque
2206 659 2463 713 responso
2488 645 2697 700 Domini
2724 647 2950 702 subinde
2981 656 3282 716 prostratus
3314 647 3466 717 jaces
3491 666 3505 702 :

1928 736 2188 806 Scriptum
2217 749 2289 791 est
2333 741 2494 801 enim,
2540 740 2751 807 inquit:
2803 741 2925 796 Non
2969 744 3182 796 lentabis
3229 742 3508 798 Dominum

1925 827 2090 884 Deum
2112 841 2272 884 tuum.
2312 831 2493 897 Neque
2520 833 2693 886 renuit
2724 833 2968 888 Christus
3001 834 3264 904 projicere
3290 851 3378 902 se,
3409 850 3508 891 ne-

1924 938 2028 987 que
2052 922 2239 976 annuit
2264 940 2277 976 :
2306 923 2348 975 si
2381 923 2524 976 enim
2551 923 2869 991 abnegasset
2902 926 3237 994 przecipitare
3280 942 3339 982 se
3360 968 3375 990 ,
3416 926 3504 983 de-

1923 1011 2093 1067 disset
2130 1027 2315 1067 ansam
2344 1013 2559 1069 diabolo
2580 1014 2865 1069 accusandi
2889 1015 2990 1081 sui,
3016 1026 3068 1068 ut
3091 1018 3177 1082 qui
3204 1018 3298 1072 Dei
3325 1019 3526 1073 verbis'

1923 1104 2221 1170 diffideret;
2249 1107 2293 1158 si
2318 1121 2455 1160 vero
2476 1108 2771 1170 annuisset,
2804 1108 2952 1162 visus
2976 1118 3129 1164 esset
3149 1111 3500 1179 arrogantiae,

1922 1207 1976 1250 et
2004 1197 2071 1251 ad
2098 1200 2510 1253 ostentationem
2544 1201 2848 1267 proclivior.
2877 1202 3007 1255 Eam
3039 1218 3168 1272 ergo
3199 1205 3507 1271 responsio-

1922 1304 2043 1342 nem
2074 1289 2244 1352 dedit,
2272 1306 2375 1358 qua
2405 1306 2501 1345 nec
2535 1293 2783 1345 assentiri
2809 1308 2908 1348 nec
2936 1308 3189 1349 recusare
3210 1294 3501 1351 videretur:

1922 1381 2045 1435 Non
2068 1384 2299 1448 tentabis,
2331 1384 2426 1447 ait,
2462 1384 2734 1439 Dominum
2764 1386 2929 1439 Deum
2956 1396 3120 1440 tuum.
3157 1386 3502 1457 Nequaquam

1918 1472 2015 1536 ait,
2046 1472 2165 1526 Non
2196 1475 2415 1529 tentabis
2448 1492 2526 1529 me
2574 1474 2849 1531 Dominum
2898 1486 3079 1531 tuum:
3127 1478 3230 1534 hoc
3274 1479 3415 1534 enim
3460 1480 3515 1535 si-

1918 1566 2162 1621 diabolus
2189 1568 2498 1627 audivisset.
2541 1585 2645 1623 non
2696 1571 2922 1624 adortus
2964 1581 3107 1626 esset
3150 1572 3396 1628 eumdem
3446 1584 3504 1627 ιιι

1919 1659 2187 1714 hominem
2234 1675 2417 1730 postea
2469 1662 2615 1717 hisce
2667 1663 2985 1729 promissis:
3040 1664 3167 1719 "(vc
3211 1667 3382 1721 omnia
3412 1667 3503 1719 tibi

1918 1752 2070 1819 dabo,
2097 1753 2142 1805 si
2169 1754 2352 1807 cadens
2382 1755 2672 1809 adoraveris
2702 1772 2798 1810 me.
2830 1757 2965 1824 Quid
3010 1772 3140 1827 ergo
3179 1759 3503 1822 respondit?

233 1868 395 1919 homo
417 1863 712 1924 hominem,
737 1858 1013 1927 sequitur:
1042 1855 1133 1910 ubi
1155 1871 1284 1909 vero
1311 1853 1573 1916 fastigium
1602 1851 1812 1910 institit,
1851 1830 1895 1888 Β
1925 1842 2275 1905 Psalmorum,
2312 1848 2501 1911 inquit,
2530 1862 2713 1911 voces,
2743 1857 2929 1915 utpote
2957 1864 3147 1919 veras,
3185 1852 3500 1917 amplector,

233 1970 341 2011 tum
372 1958 586 2009 daemon
614 1956 854 2024 proferre
898 1948 1145 2004 meditata
1184 1946 1385 2001 verba:
1427 1943 1488 1999 Si
1521 1942 1689 1997 Filius
1726 1943 1817 1996 Dei

232 2067 301 2107 es.
327 2050 473 2101 mitte
498 2057 546 2101 te
572 2048 827 2100 deorsum.
858 2041 1300 2109 Respondeamus
1334 2037 1531 2091 dicenti
1560 2037 1773 2091 diabolo
1798 2055 1810 2089 :

232 2143 283 2197 Si
317 2142 423 2195 hoc
451 2155 573 2195 esse
600 2137 875 2209 proprium
905 2134 1138 2189 hominis
1164 2132 1307 2187 illius
1331 2130 1510 2211 credis
1531 2171 1545 2190 ,
1583 2129 1671 2198 qui
1705 2128 1815 2181 Dco

232 2231 387 2285 Patre
412 2229 667 2299 gaudeat,
698 2237 757 2282 ut
789 2228 842 2281 in
888 2226 1005 2291 ipso
1043 2222 1283 2294 periculo
1326 2237 1559 2291 casuque
1606 2231 1815 2275 maneat

229 2326 405 2378 omnis
432 2322 616 2377 damni
647 2337 711 2377 ac
738 2320 967 2390 periculi
997 2333 1189 2387 expers
1212 2361 1226 2385 ,
1277 2316 1441 2372 babes
1489 2316 1628 2372 unde
1675 2315 1813 2370 istud

228 2426 409 2481 pateat
436 2415 579 2484 quod
604 2413 801 2483 quzeris
827 2430 839 2466 :
872 2412 974 2467 hoc
1000 2411 1141 2467 enim
1168 2410 1286 2477 ipso
1309 2419 1533 2477 apparet
1551 2423 1670 2462 eum
1696 2422 1816 2462 esse

227 2508 323 2564 Dei
349 2509 573 2576 Filium,
605 2507 745 2571 quod
779 2506 929 2561 illum
958 2504 1043 2571 qui
1076 2503 1173 2559 tibi
1203 2512 1285 2557 est
1315 2503 1380 2556 ad
1410 2503 1545 2555 latus
1567 2543 1580 2561 .
1622 2512 1677 2557 et
1716 2502 1817 2556 sub

226 2601 337 2654 ictu
365 2615 427 2654 ac
459 2615 644 2659 manu,
675 2615 779 2652 non
801 2598 1061 2690 deturbas
1090 2604 1265 2650 tamen
1310 2594 1529 2662 agisque
1571 2595 1816 2663 prazcipi-

225 2706 359 2752 tem,
382 2694 703 2762 jamdudum
734 2688 1019 2747 deturbare
1043 2690 1316 2760 gestiens:
1359 2688 1451 2743 sed
1494 2688 1633 2742 aliud
1684 2689 1816 2743 nihil

225 2796 380 2853 potes
400 2786 609 2840 scilicet
629 2799 786 2853 quam
814 2782 1015 2837 hortari
1042 2792 1092 2837 et
1117 2781 1347 2836 suadere
1374 2783 1603 2847 lapsum,
1627 2780 1821 2842 impel-

226 2878 341 2932 lere
368 2892 479 2930 non
506 2884 682 2940 potes.
714 2874 849 2940 Quid
882 2882 983 2937 est,
1017 2872 1217 2943 inquit,
1250 2887 1355 2925 non
1397 2879 1588 2933 sponte
1627 2870 1723 2924 das
1769 2881 1820 2924 te

230 2972 287 3024 in
314 2967 599 3036 praeceps?
624 2966 693 3021 At
720 2980 840 3034 age,
873 2964 1076 3034 projice
1104 2971 1156 3017 te
1183 2962 1309 3016 nihil
1350 2962 1601 3016 haesitans
1623 3005 1637 3028 ,
1680 2964 1820 3018 mitte

230 3072 282 3116 te
299 3064 543 3117 deorsum
568 3079 582 3114 :
608 3061 853 3127 scriptum
879 3066 952 3113 est
981 3058 1112 3112 enim
1138 3057 1274 3125 quod
1298 3055 1493 3128 angelis
1528 3057 1633 3110 suis
1677 3074 1821 3109 man-

228 3159 364 3210 davit
387 3157 455 3209 de
482 3165 551 3215 te,
583 3170 644 3206 ne
674 3155 802 3222 forte
832 3150 1063 3217 offendas
1087 3149 1156 3202 ad
1182 3149 1405 3218 lapidem
1436 3148 1617 3214 pedem
1654 3159 1814 3202 tuum.

221 3254 357 3320 Quae
408 3248 536 3299 dum
587 3244 755 3299 hostis
794 3244 1033 3306 diceret,
1084 3243 1313 3297 ostendit
1352 3256 1411 3296 se
1436 3242 1645 3295 nescire
1670 3241 1819 3295 illum

226 3354 385 3407 quem
418 3336 801 3399 alloquebatur
820 3335 986 3389 Deum
1014 3349 1163 3399 esse;
1208 3335 1251 3388 si
1301 3334 1444 3387 enim
1486 3334 1655 3388 Deum
1703 3349 1826 3389 esse

231 3438 453 3493 nosset,
494 3442 605 3481 non
647 3426 711 3479 ad
751 3427 955 3493 lapsum
985 3440 1015 3477 e
1041 3439 1252 3478 summo
1287 3423 1497 3492 fastigio
1525 3424 1821 3479 incitasset.

229 3520 385 3575 Norat
414 3518 589 3573 Deum
623 3532 796 3587 neque
825 3515 1105 3571 altitudine
1136 3516 1237 3569 nlla
1271 3515 1663 3581 depressiorcm
1683 3560 1697 3584 ,
1732 3531 1824 3570 nc-

230 3629 332 3681 que
355 3613 464 3667 ulla
489 3611 576 3679 pla
588 3612 717 3665 uitie
744 3626 848 3664 non
873 3619 994 3678 pate
1036 3610 1224 3663 tiorem
1252 3625 1405 3675 esse;
1431 3611 1524 3663 sed
1550 3611 1821 3676 eumdem,

230 3716 287 3761 ut
313 3719 605 3771 assurgere
643 3719 764 3758 cum
800 3703 1021 3756 summis
1063 3703 1359 3772 quibusque
1406 3702 1565 3756 rebus
1589 3746 1604 3767 ,
1652 3703 1826 3769 iisque

229 3796 530 3862 exaequari,
562 3796 633 3849 ita
662 3811 783 3850 cum
817 3793 1107 3862 aequalibus
1149 3802 1202 3846 et
1244 3792 1415 3859 planis
1457 3792 1661 3862 pariter
1704 3809 1823 3861 pro-

232 3891 411 3955 tendi,
443 3889 689 3957 adeoque
717 3888 861 3939 omni
903 3885 1205 3939 offendendi
1239 3884 1480 3953 periculo
1515 3900 1736 3953 vacare;
1771 3896 1824 3941 et

233 3986 536 4053 impingere
570 3982 758 4050 pedem
787 3978 1041 4042 hominis,
1076 3995 1179 4031 non
1214 3979 1381 4032 Deum
1416 3979 1589 4044 ipsum
1638 3994 1818 4048 posse.

234 4079 572 4141 Argumento
600 4081 726 4124 sunt
755 4070 913 4139 igitur
942 4070 1054 4123 hmo
1082 4068 1281 4122 diaboli
1312 4070 1473 4123 verba
1499 4113 1512 4134 ,
1551 4084 1654 4123 non
1699 4086 1822 4126 eum

230 4168 408 4235 egisse
433 4181 560 4218 cum
585 4163 800 4217 Christo
827 4172 880 4215 ut
909 4177 1025 4216 cmn
1061 4162 1185 4214 lico.

300 4265 389 4317 1‘2.
423 4260 548 4315 Jam
579 4257 866 4311 verborum
907 4253 1227 4309 sententiam
1263 4262 1317 4306 et
1362 4264 1594 4306 mentem
1640 4253 1824 4305 audia-

233 4370 368 4410 mus.
427 4353 662 4407 Dicebas
702 4347 862 4403 modo
885 4388 901 4414 ,
950 4345 1158 4416 inquit:
1201 4344 1457 4414 Scriptum
1482 4353 1556 4397 est
1577 4362 1595 4398 :
1624 4344 1743 4397 Non
1773 4346 1825 4397 in

234 4448 339 4502 solo
368 4460 508 4513 pane
536 4441 656 4496 vivit
688 4440 858 4502 homo,
888 4438 975 4492 sed
990 4439 1052 4491 ‘in
1085 4436 1223 4489 omni
1248 4434 1395 4489 verba
1422 4436 1557 4504 quod
1598 4434 1825 4500 procedit

235 4542 292 4591 de
316 4555 410 4592 ore
443 4534 563 4589 Dei.
596 4531 781 4600 Neque
806 4545 911 4584 non
954 4529 1066 4597 ipse
1109 4527 1315 4581 laudavi
1363 4537 1506 4580 tuam
1558 4528 1609 4579 in
1659 4527 1821 4579 Deum
1856 4562 1903 4619 D

236 4632 394 4685 tidem
418 4645 433 4692 ;
468 4624 591 4689 sed,
617 4623 879 4693 siquidem
903 4622 1067 4675 altera
1094 4621 1183 4675 Dei
1210 4636 1308 4675 vox
1332 4634 1390 4674 ea
1416 4628 1497 4674 est
1519 4634 1638 4684 qum
1663 4628 1824 4673 testa-

237 4734 319 4777 tur
345 4721 495 4789 quod
529 4717 725 4790 angelis
750 4718 855 4770 suis
877 4714 1131 4768 mandavit
1158 4714 1220 4767 de
1239 4722 1304 4776 te,
1336 4729 1399 4766 ne
1427 4712 1558 4777 forte
1594 4711 1825 4779 o/fendas

236 4818 299 4864 ad
329 4810 566 4881 lapidem
596 4808 774 4878 pedem
805 4816 984 4871 tuum;
1010 4804 1235 4859 ostende
1266 4813 1317 4857 te
1344 4804 1434 4857 Dei
1465 4803 1632 4857 verbo
1662 4802 1822 4857 fidem

237 4903 556 4971 adiungere,
588 4910 747 4965 teque
776 4896 998 4951 demitte
1033 4910 1258 4950 securus
1300 4893 1477 4947 omnis
1512 4894 1822 4947 detrimenti

238 5009 296 5047 ac
323 4991 577 5060 periculi.
615 4991 689 5043 En
721 4987 1059 5041 commodum
1086 4988 1234 5041 locus
1264 5000 1500 5053 praeceps
1527 4986 1614 5053 qui
1646 4993 1698 5039 te
1735 4985 1825 5039 Fi-

239 5086 367 5138 bum
400 5097 526 5138 esse
554 5081 645 5135 Dei
669 5087 909 5141 asserat;
938 5094 1002 5133 en
1049 5077 1229 5146 lapsus
1265 5077 1352 5144 qui
1396 5076 1492 5131 Dei
1535 5091 1720 5130 curam
1760 5078 1827 5131 de

241 5187 288 5231 te
319 5174 682 5239 comprobet:
725 5171 768 5226 si
814 5171 955 5225 enim
1006 5169 1131 5224 hinc
1174 5168 1551 5236 prmcipitans,
1604 5169 1827 5237 crigeris

242 5268 437 5323 deinde
483 5266 669 5318 salvus
714 5272 769 5317 et
813 5261 1095 5316 incolumis
1116 5305 1129 5325 ,
1164 5274 1290 5315 vera
1318 5258 1502 5328 procul
1532 5258 1697 5311 dubio
1728 5258 1829 5310 erit

241 5360 325 5414 illa
356 5374 489 5420 vox,
519 5374 635 5427 qua;
682 5366 735 5410 te
779 5354 969 5409 Filium
1022 5353 1112 5407 Dei
1164 5351 1502 5419 prmdicavit;
1559 5350 1824 5419 siquidem

243 5453 381 5507 Deus
412 5451 518 5503 hoc
547 5448 638 5502 tibi
668 5458 827 5501 antea
851 5443 1157 5513 spopondit,
1188 5458 1248 5496 se
1276 5457 1455 5494 curam
1491 5441 1567 5494 tui
1605 5442 1823 5493 deman-

240 5543 488 5596 daturum
512 5538 739 5609 angelis,
762 5546 823 5589 ut
840 5534 1143 5589 custodiant
1163 5543 1213 5587 te
1237 5533 1287 5585 in
1306 5532 1554 5585 omnibus
1576 5532 1675 5585 viis
1700 5532 1821 5585 tuis.

306 5634 398 5689 15.
430 5634 505 5687 Ex
529 5631 700 5689 olenti
730 5626 952 5683 vasculo
991 5626 1200 5693 profers
1239 5635 1566 5693 unguentum
1590 5665 1604 5686 ,
1648 5639 1681 5677 o
1714 5624 1825 5676 dia-

245 5726 393 5791 bole,
424 5736 773 5789 veteremque
813 5732 1047 5773 renovas
1077 5716 1375 5770 historiam.
1408 5716 1514 5769 Leo
1544 5714 1759 5784 quidam
1794 5730 1824 5766 a

246 5815 501 5874 Sazusnne
530 5812 879 5872 interfectus.
908 5809 1079 5863 mellis
1122 5808 1298 5863 favum
1344 5808 1564 5873 gcrcbst
1604 5808 1654 5861 in
1697 5823 1820 5868 ore.

1921 1950 2245 2006 prorsusque
2270 1954 2417 2001 spem
2445 1940 2615 1993 habeo
2641 1941 2691 1993 in
2726 1941 2836 1996 Deo
2859 1983 2874 2002 ,
2903 1942 2993 2009 qui
3042 1957 3102 1996 se
3147 1942 3348 1995 auxilio
3396 1957 3501 1997 non

1916 2027 2221 2083 defuturum
2260 2031 2508 2099 spondet.
2548 2032 2674 2087 Scio
2716 2033 2919 2102 angelis
2965 2033 3338 2087 demandatam
3380 2048 3505 2088 esse

1917 2116 2192 2172 hominum
2240 2134 2454 2184 curam;
2508 2131 2561 2173 at
2607 2136 2712 2174 non
2752 2120 2822 2174 ita
2865 2123 2907 2175 si
2941 2122 3186 2177 homines
3206 2122 3336 2177 dent
3362 2136 3422 2177 se
3448 2122 3503 2175 in

1915 2218 2076 2276 caput
2104 2209 2422 2278 prrecipites,
2450 2225 2554 2264 non
2596 2210 2644 2266 si
2684 2212 2784 2267 sibi
2829 2228 3020 2267 manus
3068 2213 3328 2269 violentas
3368 2212 3500 2268 affet

1915 2309 2057 2361 rant,
2089 2316 2196 2354 non
2226 2301 2272 2354 si
2302 2309 2503 2356 temere
2522 2301 2691 2357 Deum
2720 2311 2948 2357 tentent.

1992 2394 2079 2447 14.
2113 2393 2191 2446 En
2222 2392 2384 2461 igitur
2412 2395 2611 2449 victum
2664 2394 2948 2464 fusumque
2977 2396 3211 2451 secunda
3242 2396 3360 2451 vice
3385 2396 3499 2451 dia-

1918 2484 2101 2539 bolum
2128 2503 2141 2537 :
2174 2485 2240 2539 ad
2262 2487 2474 2540 tertiam
2504 2487 2853 2541 tentationem
2900 2487 3144 2554 insurgit.
3180 2487 3345 2556 llujtts
3367 2503 3501 2556 quo-

1917 2589 2023 2644 que
2044 2574 2217 2629 tertia:
2247 2575 2558 2629 tentationis
2612 2577 2807 2632 seriem
2836 2577 2988 2632 vobis
3024 2577 3185 2633 debet
3226 2578 3499 2644 explicare

1917 2680 2151 2735 sequens
2192 2666 2387 2726 oratio.
2442 2681 2601 2735 quam
2630 2668 2673 2721 si
2702 2668 3004 2735 absolvero,
3048 2667 3286 2723 debitum
3316 2683 3493 2733 omne,

1918 2756 2063 2827 quod
2112 2772 2234 2812 meo
2283 2760 2570 2827 promisso,
2623 2759 2777 2828 quasi
2828 2760 3213 2831 chirographo,
3265 2761 3497 2821 firmavi.

1920 2860 2399 2917 repraasentavcro.
2431 2849 2594 2920 Cujus
2624 2851 2837 2922 quidem
2876 2852 3039 2907 debiti
3082 2854 3397 2923 persolutio,
3442 2865 3501 2908 ut

1922 2944 2051 2998 mihi
2083 2945 2342 3015 vobisque
2398 2946 2748 3014 perjucuuda,
2786 2946 2865 3001 sic
2908 2948 2995 3001 uni
3045 2947 3261 3001 diabolo
3304 2948 3495 3001 acerba

1921 3044 2078 3091 estet
2098 3036 2262 3090 invisa
2290 3052 2305 3091 :
2339 3038 2537 3105 quippe
2560 3038 2642 3088 citi
2666 3037 2895 3104 pretium
2927 3052 3036 3092 διιεῖ)
3068 3039 3386 3094 temeritatis
3404 3054 3507 3091 sna-

1922 3129 1991 3181 sit
2022 3128 2189 3193 ipsitts
2216 3127 2369 3182 clade
2410 3129 2760 3194 persolutum.
2789 3128 2914 3183 Mihi
2937 3130 3151 3197 quidem
3171 3140 3319 3185 certe
3342 3131 3509 3185 video

1922 3219 2032 3289 jam
2060 3234 2181 3274 esse
2207 3219 2342 3274 duas
2365 3220 2647 3287 promissa:
2676 3221 2939 3275 orationis
2971 3222 3263 3276 stulutiones
3292 3223 3457 3278 factas
3481 3242 3495 3279 :

1925 3320 2093 3365 restat
2120 3309 2436 3379 pensitanda
2466 3312 2642 3377 tertia,
2674 3313 2908 3375 caeteris,
2956 3314 3169 3381 opinor.
3198 3315 3413 3383 gravior
3436 3330 3502 3368 ac

1925 3400 2223 3466 difficilior;
2265 3401 2333 3455 de
2377 3401 2535 3455 tertio
2573 3402 2778 3458 scilicet
2814 3404 3038 3458 artificio
3084 3404 3312 3469 diaboli,
3358 3406 3501 3473 quod

1925 3492 2118 3547 ordine
2146 3492 2360 3561 quidem
2388 3493 2627 3559 tertium,
2661 3495 2851 3548 astutia
2888 3506 2942 3550 et
2965 3494 3227 3565 gravitate
3268 3497 3497 3565 primum

1926 3597 2028 3651 est;
2057 3587 2301 3641 ultimum
2331 3603 2576 3650 numero,
2598 3588 2862 3657 ejusmodi
2888 3598 3063 3644 tamen
3095 3601 3149 3643 ut
3179 3589 3318 3645 inter
3341 3601 3503 3646 ciete-

1925 3696 1985 3733 ra
2011 3681 2081 3733 ob
2110 3679 2374 3734 vafritiem
2409 3681 2611 3747 primas
2643 3680 2798 3735 facile
2828 3681 2957 3734 ferat
2986 3698 2999 3734 :
3051 3680 3102 3733 iu
3134 3681 3501 3748 superioribus

1925 3770 2066 3824 enim
2098 3770 2478 3825 tentationibus
2522 3769 2742 3825 ferenda
2771 3782 2886 3824 erat
2938 3772 3079 3824 illius
3128 3773 3347 3827 malitia.
3382 3773 3497 3827 Non

1926 3860 2247 3916 sollicitabat
2270 3860 2334 3914 ad
2381 3861 2720 3916 manifestam
2760 3877 2788 3916 a
2841 3863 2951 3917 Deo
2999 3863 3373 3929 defectionem;
3403 3866 3508 3919 sed-

1925 3954 2121 4009 divinis
2148 3962 2353 4009 tantum
2381 3955 2605 4008 abutens
2629 3957 2990 4009 monumentis
3020 3970 3081 4009 ac
3108 3956 3421 4026 Scripturis,
3443 3969 3498 4009 et

1928 4046 2042 4100 hate
2069 4046 2253 4110 veiba,
2307 4046 2368 4102 Si
2418 4044 2587 4100 Filius
2628 4046 2725 4100 Dei
2775 4064 2849 4113 es,
2879 4047 3092 4101 Christo
3122 4048 3508 4117 oggerens,ita~

1926 4139 2193 4207 pugnabat
2216 4139 2377 4208 impie
2402 4151 2590 4194 contra
2623 4140 2809 4199 Deum.
2846 4150 2902 4192 ιιι
2930 4150 3100 4192 artem
3132 4148 3311 4193 tamen
3334 4138 3498 4192 dissi-

1928 4234 2156 4287 mularet
2183 4248 2279 4300 per
2300 4233 2535 4300 speciem
2567 4248 2892 4301 causamque
2916 4231 3143 4300 pietatis.

2003 4324 2085 4377 i5.
2120 4325 2175 4378 lu
2208 4326 2303 4378 hac
2328 4324 2480 4378 tertia
2516 4325 2812 4378 tentatiOue
2837 4323 3032 4377 nudam
3065 4324 3267 4378 rabiem
3303 4333 3359 4377 et
3388 4339 3501 4377 tua.

1929 4414 2096 4468 litiam
2143 4415 2363 4483 aperit,
2412 4414 2680 4482 nullisque
2728 4414 3109 4483 integumentis
3160 4424 3506 4481 personatam

1930 4507 2216 4574 nequitiam
2249 4522 2361 4573 pne
2389 4519 2447 4559 se
2474 4503 2596 4570 fert;
2622 4505 2835 4559 adorari
2876 4521 2936 4561 se
2965 4506 3199 4574 postulat
3227 4506 3294 4560 ab
3320 4522 3385 4560 eo
3410 4507 3509 4576 qui

1928 4600 2263 4655 abomnibus
2286 4600 2561 4660 aduratur.
2604 4609 2659 4655 et
2687 4616 2754 4655 ex
2810 4600 2878 4654 iis
2904 4616 3021 4670 qure
3066 4600 3174 4669 jam
3224 4600 3423 4655 audivit
3472 4616 3502 4654 a

1927 4694 2162 4756 Christo,
2205 4695 2256 4747 in
2289 4710 2408 4746 eam
2438 4708 2588 4762 spem
2618 4695 2786 4758 venit,
2818 4705 2877 4748 ut
2924 4695 3292 4748 adorationem
3323 4703 3503 4747 extor-

1927 4802 2091 4854 quere
2132 4800 2191 4838 se
2213 4785 2279 4838 ah
2316 4786 2507 4839 eodem
2540 4800 2699 4852 posse
2727 4796 2896 4855 putet.
2924 4785 3023 4841 Ubi
3063 4785 3205 4839 enim
3264 4783 3399 4838 vidit
3433 4800 3501 4837 ex

1927 4877 2159 4932 oraculis
2185 4876 2308 4931 fidei
2332 4876 2508 4929 omnia
2542 4878 2683 4944 loqui
2712 4876 3018 4938 Dominum,
3042 4885 3097 4929 et
3119 4890 3313 4944 negare
3334 4874 3499 4927 Deum

1929 4988 2048 5028 esse
2091 4970 2426 5039 tentandum,
2456 4970 2661 5039 putavit
2689 4969 2837 5023 illum
2868 4983 3092 5037 pronum
3126 4982 3248 5021 esse
3281 4967 3346 5019 ad
3386 4982 3502 5018 cre-

1929 5064 2184 5126 dendum,
2224 5077 2399 5129 neque
2451 5060 2738 5116 admodum
2779 5059 3024 5115 laborare
3054 5059 3107 5113 in
3155 5058 3500 5127 explorandis

1928 5157 2087 5209 anxie
2123 5152 2518 5224 probandlsque
2559 5150 2718 5205 rebus
2747 5168 2866 5220 qua:
2895 5151 2996 5205 sibi
3051 5157 3496 5218 proponerentur.

1929 5250 2088 5314 Igitur
2112 5247 2411 5315 composita
2455 5260 2639 5299 rerum
2673 5244 2857 5311 specie
2887 5243 3242 5311 pulcherrima
3281 5256 3503 5310 progre-

1928 5341 2107 5406 ditur,
2165 5337 2244 5392 sic
2299 5346 2567 5405 tamquam
2635 5334 2929 5405 spectaculi
2988 5334 3221 5387 novitate
3265 5333 3501 5385 animum

1935 5430 2075 5484 illius
2104 5428 2400 5495 oculosque
2432 5426 2835 5494 perstrictnrus.
2885 5424 3107 5477 Assumit
3134 5422 3283 5476 illum
3324 5422 3504 5475 diabo-

1932 5523 2033 5589 lus,
2069 5522 2241 5592 inquit
2282 5536 2432 5576 sacra
2460 5520 2672 5589 pagina,
2726 5520 2778 5571 in
2806 5526 3024 5570 montem
3051 5515 3306 5569 excelsum
3332 5515 3501 5576 valde,

1931 5627 1979 5670 et
2033 5614 2251 5669 ostendit
2295 5614 2375 5667 illi
2402 5613 2573 5666 omnia
2602 5628 2763 5681 regna
2792 5609 2969 5662 mundi
2997 5618 3041 5662 et
3064 5608 3280 5680 gloriam
3304 5624 3501 5661 eorum.

1934 5707 2200 5761 Fictitiam
2233 5704 2518 5759 adumbrat
2559 5702 2867 5772 imaginem,
2909 5710 2963 5755 et
2992 5714 3084 5753 eas
3116 5716 3238 5768 qua:
3283 5698 3413 5751 fiunt
3436 5713 3501 5751 ex

1933 5814 2058 5854 aere
2103 5800 2341 5865 picturas
2390 5813 2571 5852 rerum
2596 5806 2649 5852 et
2701 5796 2898 5849 formas
2943 5792 3202 5851 imitatus.
3231 5790 3505 5869 componit
