3996 6186
474 321 582 379 iis

473 452 638 508 scopo
666 436 848 507 Oppidi
880 434 1194 490 Eclattcnsis
1228 434 1535 487 ltmrcticum
1568 434 1931 503 Pclagianum,
1958 449 2051 487 seu
2087 451 2122 498 Α

475 532 881 593 Cm'estiantun,
914 528 1057 581 hunc
1086 537 1327 581 t-et-utum
1367 542 1487 581 esse
1518 527 1863 582 Theodorum
1885 567 1900 592 ,
1932 534 1955 562 ⁸
1984 524 2051 578 ad

473 640 633 691 quem
688 620 984 691 peragratis
1041 619 1231 684 terris,
1287 628 1341 674 et
1391 630 1613 674 exarato
1663 618 1839 683 mari,
1894 627 2055 686 atque

472 714 699 770 Oriente
724 712 972 774 lustrato,
1006 726 1125 764 cum
1172 711 1335 765 sociis
1366 721 1420 766 et
1450 710 1821 781 participibus,
1852 722 1904 766 et
1934 733 2057 766 συν-

471 807 813 880 ταλαιπὼροις
842 801 975 867 suis,
1011 818 1204 871 magno
1232 803 1372 867 nisu,
1413 814 1681 871 tamquam
1713 802 1779 857 ad
1809 803 2059 858 christia-

474 913 664 950 norum
697 897 1007 966 dogmatum
1043 895 1391 964 pradicmum
1423 897 1760 965 magistrum,
1792 896 2053 961 tetendit;

471 999 527 1042 ut
554 988 621 1042 de
655 987 849 1041 haeresi
877 985 1189 1055 Pelagiana,
1217 1002 1313 1041 seu
1338 987 1682 1053 Ctelestiana,
1714 1004 1874 1058 quam
1904 986 1931 1025 ι»
1958 987 2051 1042 de-

468 1080 790 1134 fendendam
842 1088 896 1134 et
939 1079 1265 1147 sequendam
1306 1079 1570 1147 suscepit,
1600 1078 1669 1133 ab
1701 1079 1821 1149 ipso
1852 1078 2050 1133 Conﬁr-

472 1182 740 1239 oraretur;
770 1183 931 1242 atque
975 1172 1121 1234 inde,
1157 1173 1305 1225 velut
1341 1172 1675 1237 instructior,
1704 1183 1826 1225 octo
1866 1181 2053 1226 contra

470 1267 631 1322 ﬁdem
664 1267 982 1320 catholicam
1018 1263 1195 1334 p0tius
1221 1279 1379 1333 quam
1409 1274 1591 1319 contra
1624 1275 1823 1319 sancite
1856 1280 2058 1318 memo-

471 1358 565 1411 ria:
602 1359 959 1425 AuguStinum
994 1355 1265 1409 volumina
1304 1354 1415 1421 illa,
1453 1364 1511 1409 ut
1550 1364 1720 1425 putat,
1754 1356 2057 1425 prudentis-

466 1452 603 1506 sima
630 1450 908 1506 conderet.

973 322 1163 377 Malm
1208 320 1651 376 MERCATORlS
1690 318 2262 375 TRANSLATIONES
2302 319 2663 375 VARIORL'M
2701 319 3234 379 OPUSCULORUM.

3643 325 3747 385 216

2225 433 2282 487 5.
2322 434 2591 503 Agnoscat
2642 436 2799 504 igitur
2846 437 3186 507 supradictus
3236 437 3486 495 Julianus
3531 456 3598 497 ex
3649 444 3749 499 hac

2156 536 2540 602 translatione,
2561 538 2603 591 si
2640 538 2822 609 legere
2844 554 2952 594 non
2983 539 3293 609 fastidierit,
3327 554 3580 599 manente
3609 545 3750 615 apud

2161 650 2516 694 memoratum
2548 640 2893 696 Theodorum
2936 642 3027 702 illa
3059 658 3165 714 qua
3194 659 3317 700 eum
3350 645 3582 700 diximus
3612 648 3747 705 mala

2160 740 2263 795 title
2307 755 2489 796 secum
2536 742 2841 797 Nestorium
2882 744 3184 813 decepisse,
3214 752 3376 800 etiam
3424 746 3527 801 sibi
3578 749 3749 817 magis

2159 856 2365 912 suoque
2393 841 2654 912 dogmati,
2685 842 2754 897 de
2784 859 2891 914 quo
2920 845 3061 899 male
3090 844 3335 915 turgidus
3362 852 3418 900 et
3446 846 3752 900 malesauus

2163 943 2330 998 libros
2365 942 2619 1007 confecit,
2650 959 2771 1001 esse
2800 946 3167 1013 contrarium;
3200 961 3367 1016 seque
3412 946 3598 1015 etiam,
3630 960 3751 1017 post

2160 1045 2229 1099 de
2259 1044 2447 1098 Cilicia
2474 1044 2811 1112 abscessum,
2852 1046 2923 1099 ab
2953 1060 3042 1110 eo,
3074 1054 3097 1083 ε
3128 1047 3181 1099 in
3212 1046 3590 1116 episcoporum
3624 1061 3751 1113 pro-

2155 1147 2344 1201 vinciae
2369 1161 2482 1201 suae
2512 1159 2801 1214 conventu,
2833 1149 3178 1204 anathemate
3207 1164 3328 1204 esse
3356 1149 3695 1205 damnatum.

2227 1248 2281 1301 4.
2321 1245 2436 1301 Νοη
2476 1248 2658 1316 itaque
2690 1247 2955 1303 irascatur
3002 1249 3086 1303 vel
3126 1260 3449 1304 succenseat
3480 1250 3667 1319 nobis,
3702 1250 3748 1307 si

2156 1364 2278 1401 eum
2310 1362 2431 1402 cum
2464 1348 2753 1403 Theodoro
2776 1389 2789 1411 ,
2831 1345 2857 1385 ¹¹
2901 1348 3053 1418 cujus
3084 1350 3136 1403 in
3171 1349 3326 1403 libris
3364 1350 3477 1403 suis
3507 1348 3749 1403 inﬁnitas

2162 1450 2348 1503 Iaudes
2384 1449 2729 1519 exsequitur,
2764 1449 3025 1520 cujusque
3054 1464 3114 1505 se
3142 1450 3239 1503 niti
3272 1451 3595 1505 auctoritate
3620 1466 3747 1505 sett-

1629 1540 2177 1597 CASTIGATIONES
2223 1542 2310 1594 ET
2349 1542 2580 1596 NOTAE.

468 1645 627 1697 tram,
659 1634 775 1697 ipso
804 1641 940 1688 teste
983 1631 1257 1693 Cliiﬂetio,
1287 1631 1630 1686 Corheiensis
1672 1640 1728 1685 et
1759 1632 2009 1686 Jurensis
2040 1649 2051 1683 :

470 1708 635 1759 immo
677 1704 728 1759 in
758 1703 1074 1758 Corbeiensi
1115 1704 1308 1765 legitur
1350 1720 1363 1754 :
1395 1701 1638 1755 Julianus
1669 1703 1745 1754 vir
1771 1719 1888 1755 acer
1914 1704 2055 1770 inge-

468 1778 574 1841 nio,
606 1786 736 1839 etc.;
777 1777 828 1829 in
854 1774 1072 1830 Jurensi
1103 1792 1115 1826 :
1148 1773 1399 1827 Julianus
1428 1773 1696 1840 episcopus
1725 1774 1800 1825 vir
1825 1789 1941 1826 acer
1977 1775 2057 1826 in-

507 1864 641 1900 εηιο.

537 1864 641 1899 nt.

469 1864 767 1979 geDginde.
802 1913 945 1970 unde
974 1922 1207 1975 constat,
1252 1914 1597 1979 ProSpernm,
1633 1914 1675 1965 si
1709 1921 1889 1967 tamen
1921 1912 2053 1967 Pio-

468 2002 594 2056 sper
618 1996 723 2051 est,
757 1988 806 2039 in
839 1986 1082 2041 versibus
1111 1985 1289 2037 allatis
1317 1984 1385 2037 de
1414 1984 1628 2039 Juliano
1660 1982 1834 2056 loqui,
1866 1994 1918 2056 et
1950 1999 2055 2056 non

472 2054 652 2127 petitis
675 2060 742 2111 de
771 2056 1050 2127 leestio,
1071 2056 1160 2123 qui
1196 2059 1330 2108 forte
1358 2056 1662 2127 Campanus
1683 2054 1925 2127 exstitit?
1958 2054 2059 2108 Fe-

469 2125 665 2182 runtur
704 2130 847 2180 enim
876 2126 983 2180 duo
1010 2129 1426 2193 epigrammata,
1458 2125 1509 2179 in
1540 2125 1880 2187 Cassianum,
1911 2127 2059 2179 velut

466 2200 519 2251 in
548 2206 934 2251 obtrectatorem
958 2200 1118 2248 sancti
1145 2197 1437 2265 Augustini,
1461 2194 1685 2265 scripta,
1717 2195 1913 2262 quibus
1936 2196 2056 2249 Cas-

467 2269 620 2321 siano
649 2269 882 2324 societas
926 2266 1151 2332 alicujus
1193 2264 1436 2320 creditur
1483 2264 1663 2333 olijici.
1702 2268 1859 2333 Atqui
1891 2280 2057 2319 verus

468 2340 703 2408 Prosper
733 2338 992 2391 Cassiano
1024 2337 1153 2389 nihil
1182 2336 1470 2408 adtnodu-n
1502 2334 1812 2408 exprobrat_
1828 2338 1999 2390 societ
2017 2358 2056 2385 l-

469 2410 535 2463 iis
563 2406 685 2463 cum
722 2408 972 2475 Juliauo,
1007 2409 1232 2461 multum
1280 2423 1402 2459 cum
1438 2406 1651 2475 Pelagio
1695 2418 1746 2459 et
1776 2406 2051 2461 leeatio.

467 2481 607 2546 Quid
657 2482 801 2548 quod
853 2492 1042 2547 poeta,
1071 2478 1313 2547 quisquis
1356 2477 1448 2548 ille
1486 2491 1602 2541 est,
1636 2476 2054 2548 obtrectatorem

466 2546 689 2605 accusat
716 2546 1005 2618 superbiai,
1043 2546 1101 2603 in
1131 2547 1492 2618 cppuguando
1528 2548 1645 2600 viro
1696 2546 1864 2618 totius
1907 2549 2057 2601 orbis

470 2616 822 2674 uobil=s<imo.
854 2619 1057 2673 Scitum
1102 2630 1185 2673 est
1212 2616 1358 2671 vero
1384 2616 1663 2672 Ciceronis
1690 2616 1759 2670 de
1781 2616 2053 2686 Campana

468 2693 718 2759 superbia
750 2690 999 2754 clintum;
1034 2707 1138 2743 non
1167 2689 1327 2757 igitur
1363 2688 1431 2743 de
1470 2688 1683 2742 Juliano
1721 2688 1927 2758 Apulo,
1961 2690 2055 2743 sed

467 2765 534 2817 de
562 2762 816 2815 C(Blestio
839 2762 1117 2831 Campano
1138 2774 1318 2813 sermo
1348 2771 1449 2831 est.

542 2832 783 2900 Denique
829 2827 1182 2900 Betlafdicere
1226 2830 1413 2884 maluit
1441 2828 1710 2883 lulianum
1740 2827 2055 2898 episcopum

471 2899 824 2956 Eclanensem
855 2901 922 2955 de
965 2899 1283 2969 Campania,
1317 2915 1475 2967 quam
1517 2900 1585 2954 de
1632 2900 1903 2967 Hirpinis;
1938 2918 2055 2965 par-

469 2974 563 3026 tim
608 2973 730 3041 quia
779 2974 1129 3026 contermina:
1159 2980 1284 3025 snnt
1332 2972 1642 3040 provinci-.13,
1671 2969 1963 3037 Campania
2004 2983 2058 3025 et

472 3043 712 3110 llirpiui,
743 3043 943 3111 vixque
986 3058 1091 3099 non
1132 3051 1217 3099 est
1246 3041 1298 3096 in
1330 3041 1461 3110 ipsis
1500 3048 1778 3110 utriusque
1808 3042 2057 3095 confiniis

2165 1630 2426 1695 Quaeritur
2471 1649 2501 1683 a
2548 1631 2692 1685 nobis
2736 1648 2826 1685 cur
2857 1647 2957 1685 non
2998 1630 3343 1683 assentiamur
3378 1633 3613 1685 naturale
3640 1649 3747 1688 esss

2161 1714 2439 1770 peccatum.
2475 1702 2863 1772 Respondemus
2884 1743 2895 1760 .
2927 1705 3044 1763 quia
3074 1704 3274 1754 nullum
3316 1702 3462 1753 habet
3494 1704 3747 1757 verisimi-

2160 1773 2426 1832 litudinis,
2472 1773 2660 1827 nedum
2709 1773 2964 1834 veritatis;
3011 1774 3214 1824 nullum
3254 1774 3496 1832 iustitiae,
3544 1775 3747 1828 nullum

2158 1845 2364 1912 pietatis
2395 1846 2649 1907 colorem;
2676 1848 2796 1913 quia
2834 1844 3095 1896 diabolum
3132 1843 3450 1896 conditorem
3484 1844 3745 1899 hominum

2158 1914 2282 1982 facit
2304 1915 2407 1967 vidi
2422 1918 2487 1973 ri,
2513 1928 2619 1969 etc.

2231 1996 2253 2022 ο
2285 1985 2361 2039 De
2404 1997 2671 2039 conventu
2715 1985 3090 2052 episcoporum
3138 1982 3391 2036 secunda:
3422 1982 3617 2036 Cilicia!
3639 1985 3747 2031 mi-

2160 2071 2275 2108 rntn
2326 2057 2600 2109 silentium
2646 2056 2697 2109 in
2734 2056 2874 2109 hunc
2920 2070 3088 2124 usque
3133 2054 3308 2119 diem;
3341 2056 3461 2121 quia
3508 2068 3605 2106 nec
3636 2055 3747 2109 ulla

2160 2128 2365 2179 mentio
2396 2135 2481 2179 est
2514 2126 2655 2192 apud
2693 2126 2855 2179 alium
2886 2126 3132 2194 quemvis
3160 2124 3497 2192 scriptorem,
3528 2139 3625 2177 uec
3648 2124 3747 2177 ad-

2159 2197 2376 2250 modum
2409 2197 2616 2263 prolixa
2647 2196 2785 2264 apud
2809 2196 3188 2251 MCI‘CMOI'CIII.
3217 2196 3307 2248 His
3332 2195 3475 2264 enim
3505 2195 3747 2258 pauculis

2159 2267 2338 2321 verbis
2367 2263 2871 2331 attingitur,8eaue
2901 2268 3076 2331 etiam,
3103 2278 3215 2335 post
3242 2266 3304 2319 de
3328 2263 3511 2317 Cilicia
3540 2264 3747 2317 absces-

2156 2354 2301 2390 sum.
2349 2338 2411 2390 ab
2459 2354 2518 2390 eo
2562 2339 2613 2390 in
2652 2338 3006 2406 episcoporum
3046 2352 3156 2389 sua:
3185 2336 3457 2404 prom‘nciae
3495 2346 3747 2389 concentu

2158 2410 2478 2461 anathemate
2506 2424 2613 2459 esse
2650 2411 2969 2461 damnatura.
3006 2408 3274 2462 Utendum
3305 2421 3432 2474 ergo
3470 2406 3746 2472 conjectu-

2160 2478 2234 2529 ris
2264 2480 2329 2531 ad
2364 2479 2788 2547 investigandum
2818 2494 3046 2545 tempus,
3070 2492 3310 2543 causam,
3348 2477 3519 2547 locum
3550 2486 3605 2528 et
3648 2477 3747 2529 Pa-

2161 2559 2299 2600 trum
2330 2565 2543 2602 nomen.
2568 2546 2716 2617 quini
2745 2566 2845 2601 suo
2873 2551 2989 2601 loco
3017 2566 3120 2600 non
3152 2546 3577 2617 impru-babilitet'
3609 2562 3747 2613 prir-

2158 2620 2343 2689 stitunt
2374 2634 2450 2670 est
2488 2615 2735 2689 (Dissert.
2769 2622 2801 2673 5
2832 2622 2894 2672 de
2922 2619 3131 2689 synodts
3157 2620 3208 2670 in
3238 2634 3394 2670 causa
3418 2615 3647 2689 Pelag).

2229 2686 2255 2725 ἀ
2286 2689 2531 2743 ΙιιΙίνηιυς
2564 2694 2613 2741 in
2646 2688 2819 2756 Opere
2842 2686 3746 2759 ptuit'etttolaudatquitletnr'l‘lteo-

2159 2758 2384 2823 dorum,
2427 2762 2520 2814 sed
2570 2756 3103 2828 ltreviter,veutuque
3144 2759 3241 2813 SS.
3272 2758 3464 2812 Joanui
3501 2756 3746 2828 Cliryso.

2160 2842 2337 2885 stomo
2364 2840 2418 2883 et
2449 2831 2647 2885 Basilio
2676 2830 2863 2895 Magno
2898 2827 3154 2885 accenset
3186 2829 3270 2883 bis
3298 2830 3476 2883 verbis
3504 2827 3665 2898 (Lib.
3692 2844 3748 2886 ut

2163 2901 2263 2970 ορ.
2295 2900 2512 2968 Imperi.
2543 2919 2659 2972 cap.
2687 2901 2813 2970 115)
2847 2918 2859 2953 :
2895 2901 3086 2955 Omitto
3107 2917 3164 2953 ea
3189 2916 3306 2969 quae
3329 2912 3432 2952 tam
3456 2898 3748 2972 Scriptum.

2158 2981 2350 3025 sancta!
2371 2988 2499 3040 quas
2529 2971 2810 3041 prophetia,
2841 2990 2967 3041 quas
2995 2972 3334 3042 evangelista,
3366 2986 3491 3035 quas
3517 2971 3749 3036 apostoli

2161 3043 2506 3111 protulerunt,
2529 3060 2682 3109 quam
2720 3043 3062 3111 disputatores
3100 3042 3355 3094 catholica
3382 3042 3603 3093 sanitate
3630 3043 3745 3109 ful-

470 3105 697 3182 positunt
743 3105 1034 3178 Eclauum;
1078 3113 1272 3184 p‘ll'liln
1300 3105 1483 3184 ,_qttia
1534 3105 1707 3182 longe'
1733 3114 1910 3184 notior
1937 3122 2058 3167 erat
2086 3105 2131 3167 C
2161 3105 2357 3184 gentes.
2388 3105 2638 3175 Joannes,
2666 3105 2893 3167 Basilius
2912 3156 2927 3179 ,
2965 3112 3283 3170 Theodorus,
3316 3121 3363 3164 et
3390 3112 3571 3184 horum
3599 3105 3749 3165 simi-

472 3185 706 3249 llirpinis
736 3185 1061 3249 Campania,
1081 3182 1272 3240 Vimmo
1312 3182 1618 3251 Ctimpnnia:
1656 3182 1900 3245 nomine,
1931 3199 2053 3237 cum

468 3257 657 3309 latiore
704 3254 1094 3326 signiﬁcatione
1126 3256 1384 3320 sumitur,
1437 3254 1536 3323 ipsi
1586 3269 1799 3323 quoque
1847 3253 2055 3323 Hirpini

466 3335 779 3382 censentur.

539 3408 563 3433 ⁸·
594 3397 671 3451 De
704 3406 942 3465 tempore
971 3395 1322 3465 proieCtionis
1350 3396 1546 3451 Juliani
1594 3397 1644 3449 in
1672 3393 1913 3449 Cilicmm
1944 3396 2057 3464 agi—

466 3478 553 3521 tur
580 3468 797 3522 abunde
824 3469 875 3523 itt
906 3468 1290 3521 dissertatione
1335 3483 1453 3519 tnox
1482 3468 1662 3529 citata,
1698 3466 1784 3518 ubi
1814 3468 2057 3520 ostendi-

464 3548 551 3593 tur
596 3540 847 3593 incidisse
900 3540 952 3592 in
1003 3554 1130 3592 ann.
1165 3538 1361 3591 ChriSti
1395 3536 1517 3591 4'23.
1555 3538 1629 3591 De
1675 3536 1903 3592 consilio
1948 3555 2055 3602 quo

463 3622 712 3677 snsCepta
754 3620 865 3675 est,
892 3608 1113 3681 (Marius
1141 3609 1438 3669 Mercator.
1470 3623 1589 3661 enm
1619 3607 1673 3665 in
1718 3613 1819 3667 hac
1862 3610 2023 3681 prtel'a
2044 3644 2056 3654 -

462 3681 629 3745 tione,
661 3695 771 3740 tum
802 3682 856 3740 in
889 3680 1027 3740 libro
1056 3680 1514 3741 Subnotationum
1543 3684 1698 3754 (Cap.
1723 3684 1776 3743 9.
1805 3701 1947 3738 num.
1970 3687 2051 3752 5),

462 3770 648 3825 aperte
675 3760 802 3813 satis
838 3758 1109 3825 loquitur;
1158 3756 1253 3811 sed
1294 3759 1347 3809 in
1398 3758 1695 3821 posteriore
1743 3756 1864 3809 loco
1905 3756 2054 3811 addit

465 3843 683 3896 insuper
709 3829 856 3896 Opus
898 3838 1227 3896 postremum
1258 3842 1288 3880 a
1315 3826 1530 3882 Juliano
1560 3828 1823 3880 adversus
1867 3830 2049 3889 Angu-

463 3899 665 3952 stinum
698 3900 1032 3954 elaboratum
1066 3898 1230 3954 fuisse
1270 3900 1323 3952 in
1354 3899 1564 3961 Cilicia,
1597 3908 1652 3952 et
1694 3896 1820 3950 inde
1869 3899 1919 3950 in
1950 3898 2053 3952 Ita-

464 3969 588 4024 liam
622 3971 849 4025 relatum
882 3985 945 4025 ac
973 3971 1175 4025 editum
1212 3986 1226 4023 :
1255 3984 1375 4040 qua:
1404 3972 1502 4023 tria
1538 3972 1765 4038 primum
1807 3984 1871 4023 ex
1914 3969 2053 4025 Mer—

464 4053 648 4095 catore
678 4042 957 4096 discimus.

536 4111 563 4150 δ
592 4112 838 4167 Julianus
867 4122 1110 4180 apertam
1148 4111 1374 4166 bmresis
1408 4110 1748 4166 Coelest‘anm
1779 4108 2051 4163 defensio-

466 4198 590 4237 nem
626 4183 901 4245 professus
928 4194 1011 4237 est
1038 4185 1268 4252 primum
1297 4183 1347 4236 in
1378 4182 1561 4235 libello
1587 4197 1699 4235 suae
1730 4180 1877 4234 Fidei
1907 4182 2051 4251 (Uis-

463 4264 587 4325 sert.
616 4253 648 4307 6
676 4271 792 4325 cap.
822 4255 901 4323 6).
935 4255 1211 4324 Suscepta:
1242 4263 1425 4323 po-tea
1451 4266 1645 4307 causas
1673 4256 1883 4325 aperuit
1916 4253 2051 4325 dno-

464 4324 563 4377 bus
601 4320 897 4388 praesertim
941 4320 1199 4391 locis,—et
1239 4320 1411 4393 primo
1443 4324 1660 4390 quidem
1702 4320 1838 4391 (Lib.
1875 4338 1911 4377 tt
1948 4323 2047 4392 0p.

464 4394 682 4464 Imperi.
712 4412 827 4461 cap.
858 4398 983 4456 ii):
1016 4395 1169 4449 Nunc
1196 4406 1497 4465 postquam,
1531 4396 1728 4464 inquit,
1758 4410 1850 4462 pro
1888 4396 2047 4447 meai.

463 4465 663 4518 camine
692 4466 838 4535 ctepit
862 4466 1058 4532 offerri,
1082 4476 1129 4519 et
1157 4468 1480 4520 delectationi
1509 4466 1717 4519 accessit
1744 4467 2045 4528 auctoritas,

464 4545 517 4587 ut
545 4550 788 4588 concessu
810 4552 936 4603 pene
955 4537 1135 4589 mundi
1165 4539 1552 4601 membripotens
1578 4536 1757 4605 regina
1778 4536 2046 4597 mentium,

462 4606 814 4677 expugnatritc
845 4607 1123 4677 honestatis
1142 4648 1156 4670 ,
1200 4616 1247 4659 et
1280 4606 1469 4661 invicta
1497 4610 1785 4661 animorum
1822 4608 2049 4659 omnium

462 4676 771 4731 cantiuatrix
800 4676 1063 4748 turpitudo
1103 4677 1433 4732 baccharetur
1452 4720 1466 4741 ,
1498 4679 1644 4732 nobis
1672 4689 1862 4740 quanto
1893 4679 2051 4730 hone-

461 4748 610 4811 stior,
642 4757 785 4801 tanto
812 4749 1024 4811 durior,
1058 4748 1256 4801 tuenda:
1295 4751 1519 4801 veritatis
1560 4766 1719 4802 causa
1761 4750 1897 4817 facta
1924 4759 1999 4801 est
2029 4764 2048 4801 :

461 4821 583 4883 quia
614 4830 791 4873 contra
820 4820 1099 4889 pracipites
1128 4820 1363 4889 populos.
1402 4833 1447 4872 et
1478 4820 1582 4871 suis
1615 4820 1853 4871 remediis
1882 4821 2049 4886 infen-

461 4906 582 4954 sos,
632 4907 737 4944 non
779 4891 995 4943 multum
1023 4891 1152 4943 valet
1194 4891 1382 4943 raritas
1425 4891 1624 4943 ratione
1665 4891 2042 4943 mcdicantium.

468 4960 606 5025 Quid
636 4962 829 5033 igitur?
857 4960 1126 5033 Horuntne
1161 4961 1351 5033 intuitu
1386 4961 1608 5033 receptui
1640 4977 1820 5014 canere
1848 4960 2047 5013 debebi-

462 5046 597 5093 mus,
626 5031 671 5084 et
698 5031 1034 5085 contumelias
1063 5040 1262 5084 nostras
1285 5031 1463 5085 ulcisci
1489 5033 1711 5091 silentio,
1744 5047 1803 5083 ac
1833 5033 1897 5084 de
1925 5048 2045 5084 con-

462 5100 692 5173 scientia:
731 5112 878 5173 portu
909 5101 1128 5155 aliorum
1158 5102 1324 5154 ridere
1352 5103 1667 5172 naufragia?
1701 5100 1887 5153 Verum
1925 5118 2048 5154 con-

462 5170 671 5242 tradicit
700 5170 819 5225 huic
847 5174 963 5225 odio
990 5176 1215 5242 primunt
1254 5170 1719 5241 benignitas—quam
1754 5174 1926 5239 generi
1958 5173 2047 5225 de-

462 5238 639 5293 bemus
683 5244 945 5305 humano;
990 5238 1229 5312 deinceps
1268 5254 1313 5295 et
1352 5244 1479 5311 ﬁdes
1521 5238 1669 5312 quam
1716 5238 1961 5296 habemus
1991 5245 2044 5296 in

462 5314 629 5363 Deum
673 5314 799 5385 quid
866 5324 1009 5365 extra
1062 5314 1148 5385 id,
1194 5314 1333 5385 quod
1382 5318 1671 5385 frequenter
1719 5312 2047 5378 desperantes

463 5384 749 5446 temporum
783 5384 960 5435 Lvavit
986 5384 1162 5467 ruinas
1188 5384 1386 5467 (Fort.,
1422 5386 1619 5467 etiamsi
1644 5384 1931 5464 frequenter
1956 5384 2046 5437 de-

459 5462 691 5521 speratos
728 5468 1006 5522 temporum
1037 5452 1219 5508 levavit
1253 5452 1474 5524 ruinas],
1506 5456 1845 5507 constantiam
1876 5464 2044 5508 tamen

462 5524 638 5595 (quam
664 5542 824 5595 usque
845 5526 912 5577 ad
938 5526 1113 5579 mortis
1140 5524 1318 5578 horam
1348 5527 1570 5579 exerceri
1595 5524 1801 5593 uoluit),
1833 5525 1912 5577 sin
1936 5525 2047 5577 nul-

458 5591 571 5646 lum
610 5591 1065 5668 impraesentiarum
1096 5606 1392 5668 sequeretur
1435 5596 1691 5664 elfcctum,
1734 5591 2044 5668 ἀυτεῖ-παγε-

458 5666 814 5722 muneratione
860 5668 1090 5720 donavit.
1143 5666 1261 5721 Hac
1318 5668 1477 5737 igitur
1527 5668 1647 5734 ﬁdei
1700 5666 2045 5721 consolatione

460 5740 755 5808 gaudentes,
779 5740 1131 5790 immineamus
1161 5748 1319 5808 rapto
1348 5739 1509 5806 operi,
1537 5750 1642 5791 etc.

529 5807 587 5862 in
624 5810 924 5883 lostetiore
947 5825 1075 5865 vero
1100 5809 1247 5869 (Lib.
1276 5825 1332 5863 ut
1363 5811 1531 5871 cjusd.
1572 5809 1727 5868 Oper.
1760 5826 1874 5867 cap.
1902 5807 1997 5865 1οὶ
2026 5828 2037 5862 ;

2162 3183 2235 3236 les
2279 3186 2760 3238 commendauet'uut
2800 3200 2819 3239 :
2864 3186 3023 3238 multo
3069 3200 3175 3237 esse
3217 3184 3465 3248 maiorem
3512 3182 3749 3236 laborem

2160 3256 2468 3309 committere
2512 3258 2728 3309 crimina
2768 3272 2921 3324 quam
2958 3270 3151 3309 cauere.
3176 3253 3385 3324 Quibus
3409 3254 3748 3321 Augustinus

2160 3324 2229 3377 ita
2260 3328 2545 3392 reSpondet
2581 3345 2593 3380 :
2630 3322 3038 3380 Utinamhorum
3062 3325 3214 3393 [idem
3237 3322 3448 3390 teneres,
3476 3336 3748 3394 peccatum

2157 3396 2210 3447 in
2246 3399 2474 3466 parvulis
2516 3415 2615 3451 non
2668 3414 2903 3469 negares.
2943 3398 3149 3463 Quibus
3177 3395 3356 3469 verbis
3385 3408 3607 3454 sanctus
3652 3401 3749 3456 do-

2158 3457 2276 3521 cto'r
2308 3470 2472 3523 videri
2506 3478 2685 3547 potest
2716 3457 3073 3547 Theodorum
3099 3459 3296 3547 ponere
3312 3472 3463 3547 inter
3491 3472 3748 3547 defenso-

2159 3552 2243 3615 res
2275 3552 2471 3611 peccat;
2515 3542 2815 3615 originalis,
2847 3561 2947 3599 nec
2991 3546 3168 3598 adhuc
3193 3543 3417 3615 Scivisse
3444 3542 3574 3613 quid
3600 3544 3747 3597 scri-

2159 3613 2351 3682 psisset
2377 3633 2539 3683 super
2558 3613 2623 3669 ea
2652 3632 2710 3670 re
2738 3617 2997 3670 adversus
3024 3616 3181 3669 tidem
3208 3613 3553 3667 catholicam.

2227 3689 2559 3756 Quamquam
2591 3697 2733 3740 totus
2782 3687 2869 3741 hic
2906 3688 3052 3741 locus
3098 3687 3303 3756 laborat
3328 3684 3467 3752 apud
3509 3699 3597 3737 me
3631 3700 3744 3739 non

2156 3755 2262 3810 levi
2311 3755 2639 3823 suspicione,
2672 3760 2864 3826 partim
2906 3759 3030 3826 quia
3061 3755 3431 3826 Theodorum
3452 3756 3630 3808 adhuc
3664 3756 3745 3811 vi-

2156 3836 2372 3882 ventem
2402 3830 2641 3898 attjungit
2674 3824 2889 3884 duobus
2917 3824 3036 3881 aliis
3084 3827 3331 3881 Patribus
3358 3864 3373 3898 ,
3415 3824 3743 3898 jampridem

2154 3898 2262 3951 vita
2315 3897 2722 3968 functis,quod
2771 3900 2860 3953 vix
2908 3899 3203 3968 contingit;
3239 3897 3429 3963 partim
3475 3897 3595 3965 quia
3627 3913 3741 3951 non

2155 3980 2270 4021 erat
2301 3970 2615 4024 Theodorus
2664 3970 2746 4023 his
2790 3971 2950 4025 etiam
2997 3969 3329 4038 tempmibus
3369 3977 3475 4019 tam
3529 3968 3743 4036 integer

2157 4039 2313 4093 fama:
2340 4041 2390 4093 in
2418 4042 2539 4095 aliis
2570 4041 2690 4095 lidei
2724 4043 2963 4109 partibus
2984 4080 2999 4104 ,
3031 4049 3089 4093 ut
3118 4038 3236 4093 sine
3264 4040 3438 4106 aliqua
3481 4040 3740 4092 cautione

2155 4110 2403 4164 debuerit
2421 4112 2487 4166 ab
2515 4115 2809 4175 Augustino
2836 4112 3224 4165 commendari.

2226 4181 2427 4235 Motmit
2470 4183 2711 4236 eruditus
2761 4183 3045 4251 Vignerius
3097 4179 3413 4251 legenduim
3441 4178 3586 4251 forte
3630 4195 3738 4250 pro

2152 4248 2441 4304 Theodoro
2494 4248 2906 4319 Theodoretum;
2963 4248 3171 4307 verunf
3207 4252 3309 4305 etsi
3357 4248 3738 4305 Theodoretns

2152 4336 2336 4375 sanam
2369 4324 2526 4377 [idem
2573 4325 2641 4378 de
2686 4336 2905 4394 peccato
2930 4322 3178 4394 originali
3225 4330 3453 4394 teneret,
3483 4322 3643 4394 quod
3679 4326 3731 4374 in

2150 4395 2499 4459 quaestionem
2537 4392 2812 4449 nunc—non
2844 4411 3003 4458 voco,
3034 4392 3167 4448 satis
3199 4404 3377 4446 tamen
3408 4392 3593 4446 videre
3625 4409 3735 4447 non

2158 4479 2372 4530 possum
2413 4468 2683 4535 quomodo
2710 4469 2994 4536 episcopus
3025 4479 3216 4536 recens
3242 4476 3475 4528 creatus,
3509 4479 3608 4517 nec
3632 4464 3735 4536 ad-

2155 4540 2371 4589 modum
2396 4534 2555 4591 tetate
2584 4534 3065 4605 provectus—certe
3085 4534 3259 4587 adhuc
3286 4536 3425 4605 inter
3454 4535 3734 4605 mortales,

2154 4610 2312 4660 tantis
2361 4609 2490 4662 viris
2536 4604 2750 4673 tamque
2792 4610 2995 4663 sanctis
3050 4606 3365 4660 doctoribus
3406 4604 3734 4673 jampridem

2153 4677 2258 4730 vita
2293 4677 2507 4741 functis,
2537 4679 2655 4743 jure
2682 4689 3085 4733 annumeretur.

2222 4750 2358 4813 Quid
2390 4751 2435 4802 si
2483 4750 2749 4804 Diodorus
2785 4764 2885 4819 pro
2913 4747 3202 4803 Theodoro
3228 4744 3534 4819 legeretur?
3558 4744 3734 4819 siqui-

2150 4817 2271 4871 dem
2303 4820 2392 4873 ille
2422 4829 2476 4873 et
2506 4821 2634 4873 oliui
2665 4816 2922 4882 tibiisset,
2953 4832 3008 4874 et
3038 4834 3223 4887 magna
3276 4817 3535 4870 doctrinae
3586 4816 3730 4868 fama

2149 4889 2325 4943 adhuc
2356 4890 2593 4954 ﬂoreret,
2625 4901 2678 4945 et
2708 4891 2775 4945 de
2826 4892 2992 4959 ipsius
3040 4890 3263 4959 scriptis
3305 4887 3537 4939 nondum
3581 4898 3733 4940 esset

2152 4970 2291 5013 mota
2341 4964 2591 5029 quaistio,
2637 4972 2692 5014 et
2718 4962 2783 5014 ad
2818 4958 3168 5031 Augu~tinum
3216 4958 3475 5031 nihildum
3528 4967 3734 5031 prafter

2151 5032 2383 5103 nominis
2409 5031 2776 5087 celebritatem
2821 5028 3173 5103 pervenisset,
3217 5028 3436 5097 scriptis
3484 5028 3728 5082 nondum

2148 5099 2435 5155 Latinitate
2465 5104 2697 5157 donatis.

2219 5172 2367 5237 Quod
2387 5172 2430 5226 si
2459 5175 2540 5224 cui
2573 5174 2778 5239 placeat
2800 5172 3217 5241 conjecturaista
3244 5171 3310 5224 de
3338 5168 3577 5231 nomine,
3603 5183 3732 5241 per-

2146 5253 2237 5309 gat
2265 5244 2350 5297 ille
2372 5243 2644 5309 conjicere
2665 5260 2833 5313 ipsum
2858 5240 3425 5313 quoqttchteodotum
3447 5256 3473 5291 a
3492 5240 3731 5313 Diodoro

2149 5315 2404 5381 magiStro
2427 5312 2699 5382 acet-pisse
2728 5316 2997 5376 literesim,
3021 5329 3175 5380 quam
3204 5312 3441 5376 Juliano,
3476 5326 3569 5378 per
3589 5312 3730 5367 alios

2150 5384 2376 5450 primum
2400 5429 2412 5451 ,
2449 5396 2629 5451 postea
2686 5400 2779 5452 per
2825 5388 3063 5452 seipsum
3100 5383 3397 5437 tradiderit.
3432 5382 3623 5433 Verum
3658 5383 3730 5435 de

2150 5457 2249 5507 hac
2270 5471 2327 5508 re
2354 5456 2646 5509 viderimus
2687 5455 2845 5524 paulo
2874 5455 3183 5524 diligentius
3226 5454 3276 5507 in
3306 5453 3537 5508 secunda
3568 5462 3732 5519 parte

2147 5526 2378 5592 Operum
2412 5526 2747 5580 Mercator-is.

2221 5596 2273 5649 ln
2306 5607 2447 5649 tanta
2474 5600 2548 5649 rei
2574 5598 2942 5666 ambiguitate.
2970 5596 3143 5666 donec
3172 5594 3419 5665 aﬂulgeat
3448 5608 3576 5646 nova
3603 5590 3728 5666 ius,

2148 5667 2431 5740 retinenda
2462 5676 2543 5721 est
2573 5665 2936 5740 vetuslectio,
2968 5665 3167 5740 saltem
3189 5681 3406 5740 prOpu-r
3432 5665 3726 5740 auctorita-

2151 5750 2255 5790 tetn
2276 5739 2587 5791 Mercatoris
2618 5739 2962 5791 Theodorum
2995 5753 3023 5790 a
3062 5738 3277 5791 Juliano
3304 5736 3527 5808 inlini_t_is
3554 5734 3740 5808 landif

2148 5809 2247 5864 bus
2294 5809 2541 5865 atiectutn
2594 5812 2873 5863 testantis.
2924 5810 3221 5878 pra-serum
3268 5826 3389 5859 cum
3444 5802 3741 5856 Mercatori
