3996 6186
234 360 336 419 117

843 361 1216 421 δγιιιιοιυιι
1256 363 1603 418 THEODORI
1643 364 1827 420 MUPS

1940 365 2119 420 STENI
2163 366 2245 420 ΕΤ
2289 367 2449 422 EJUS
2490 364 2887 422 REFUTATIO

3406 368 3514 421 2l8

235 476 421 530 tentia
443 476 505 531 in
528 490 629 532 suo
656 492 846 532 errore
873 478 1158 547 gloriatur,
1188 477 1420 531 alienum
1445 492 1473 529 a
1506 477 1611 532 lide
1638 477 1829 532 catho-
1855 491 1902 546 Α
1934 480 2121 533 Omnis
2161 480 2249 549 qui
2280 494 2463 534 contra
2499 482 2615 535 haec
2660 484 2821 535 sentit
2842 523 2857 547 ,
2888 481 3172 536 anathema
3205 480 3295 536 sit.
3327 482 3348 552 (
3365 480 3519 535 Exci-

235 569 333 622 lica
368 584 497 623 esse
517 609 533 634 ,
554 569 810 641 justeque
836 570 1151 625 damnatum
1191 568 1523 639 delegimus,
1552 570 1828 624 convinci-

234 675 387 724 mus,
433 672 596 729 atque
638 661 942 727 deﬂemus,
969 664 1093 732 quia
1140 663 1310 732 magis
1354 661 1640 717 dcllendus
1668 677 1829 732 quam

235 750 351 804 ullo
382 751 516 807 odio
544 753 974 823 persequendus.

379 884 746 942 EXPOSITIO
784 885 1042 941 PRAVIE
1083 884 1264 941 FIDE!
1302 885 1679 941 THEODORI.

299 996 409 1064 Qui
437 1009 533 1050 aut
563 1011 709 1051 nunc
742 998 974 1067 primum
1008 998 1063 1050 in
1093 996 1482 1052 ecclesiasticis
1513 997 1835 1052 erudiuntur

232 1089 586 1159 dogmatibus
627 1089 829 1158 liquido
867 1090 1280 1160 cognoscendis,
1336 1099 1433 1143 aut
1462 1088 1530 1143 ab
1578 1089 1833 1143 baeretico

231 1195 423 1235 errore
450 1182 703 1236 converti
732 1181 1077 1238 decreverint
1100 1182 1167 1235 ad
1198 1183 1502 1248 veritatem,
1527 1181 1710 1238 doceri
1740 1198 1836 1238 eos

231 1284 453 1343 oportet
480 1278 738 1343 quoniam
768 1275 1057 1330 credimus.
1088 1273 1190 1345 (Et
1219 1285 1404 1329 uetera
1431 1291 1548 1344 qua:
1577 1286 1719 1343 parte
1743 1292 1837 1347 po-

228 1366 443 1420 steriore
502 1368 822 1437 referuntur.
853 1365 1091 1436 Symboti
1141 1366 1249 1419 [uec
1295 1374 1557 1436 postrema
1584 1365 1735 1419 verba
1769 1365 1832 1436 :)

1931 571 2006 641 pit
2042 572 2290 641 refutatio
2340 570 2647 626 Mercatoris
2686 588 2706 627 :
2735 571 2755 643 )
2787 575 2954 628 Immo
3000 588 3100 628 nos
3142 572 3237 627 tibi
3267 573 3519 629 Catholici

1931 662 2183 730 dicimus,
2210 664 2300 732 qui
2334 664 2456 717 talia
2490 679 2584 718 ore
2631 664 2999 731 impurissimo
3040 675 3095 719 et
3123 665 3299 736 lingua
3344 665 3520 721 scele-

1933 756 2169 810 stissiina
2200 758 2494 825 protulisti,
2528 756 2923 812 incessabiliter
2964 758 3274 824 anathema,
3315 766 3372 811 et
3399 773 3520 812 om-

1935 848 2094 903 nibus
2124 852 2507 903 coosentaiieis
2534 851 2668 912 suis,
2694 860 2797 903 etc.
2825 850 2993 920 (Tum
3016 853 3180 922 pergit
3203 851 3459 905 Mercator
3474 850 3519 920 :)

1936 940 2101 1011 Cujus
2126 952 2306 997 autem
2329 943 2569 1012 perﬁdiae
2600 942 2672 997 sit
2702 945 2863 998 etiam
2901 945 3152 1011 pral'atns
3176 946 3516 1009 Theodorus,

1936 1049 2006 1089 ex
2039 1034 2259 1103 scriptis
2287 1035 2427 1104 ejus,
2456 1050 2579 1105 quae
2626 1035 2693 1090 de
2738 1035 2949 1091 Graecis
2995 1038 3388 1105 transtulimus,
3419 1052 3518 1107 ap-

1936 1124 2253 1194 probemus.

2151 1255 2572 1313 sxcsnrruu
2605 1242 2871 1313 PRIMUM
2905 1269 2929 1295 ιι
2956 1257 3307 1313 Τιιιςοιιοιιι

1938 1364 2016 1420 De
2042 1366 2275 1421 secundo
2302 1368 2500 1434 codice,
2534 1369 2664 1422 libro
2683 1382 2867 1440 quarto
2889 1412 2904 1436 ,
2936 1371 3065 1440 folio
3094 1371 3313 1437 decimo,
3340 1382 3520 1427 contra

1421 1502 1462 1556 C
1476 1499 1969 1558 ASTIGATIONES
2009 1501 2100 1557 ET
2139 1503 2368 1559 NOTAE.

230 1618 543 1674 con~entiat
590 1627 770 1674 textus
817 1615 1013 1673 Iuliani
1068 1617 1138 1672 ab
1174 1616 1480 1686 Augustino
1512 1615 1747 1681 relatus,
1781 1616 1826 1669 si

231 1690 504 1759 accipitur
530 1700 689 1760 prout
718 1700 802 1743 est
822 1687 1059 1760 iniiliris
1080 1686 1380 1760 impressis.
1406 1686 1655 1760 Ostendit
1682 1688 1825 1742 enim

233 1757 511 1829 quomodo
531 1757 586 1816 et
613 1761 863 1829 Julianus
881 1757 1138 1812 Theodori
1159 1759 1422 1829 sententia:
1450 1758 1545 1810 niti
1571 1775 1624 1811 se
1647 1768 1822 1809 aucto-

233 1828 383 1885 ritate
412 1832 473 1884 in
496 1849 590 1887 suo
612 1847 788 1903 errore
816 1828 1110 1903 gloriatur;
1139 1838 1197 1903 et
1231 1828 1435 1903 iiiliiiita
1476 1839 1567 1903 est,
1586 1831 1699 1882 laus
1725 1829 1823 1903 viri

2005 1616 2080 1670 Ea
2112 1616 2406 1683 diSpiitatio
2435 1619 2672 1688 quinque
2704 1620 2857 1674 libris
2901 1620 3231 1688 absolvitur,
3262 1638 3396 1688 quos
3424 1624 3519 1676 ad-

1934 1701 2123 1759 versus
2152 1688 2535 1745 Occidentales
2569 1691 2668 1744 hac
2707 1690 2827 1745 labe
2855 1692 3080 1746 infectos
3108 1693 3343 1759 scripsit.
3388 1693 3519 1747 liiilo

1936 1756 2079 1810 enim
2114 1759 2399 1813 oriundum
2434 1761 2659 1815 haeresis
2689 1762 2845 1828 hujus
2870 1774 3168 1826 auctorem,
3202 1756 3251 1816 in
3282 1764 3520 1818 Orientis

1936 1828 2439 1903 modoregionibns
2471 1833 2697 1895 versari,
2729 1833 3002 1903 librosque
3031 1833 3100 1889 dc
3139 1850 3333 1889 recens
3363 1838 3430 1887 ab
3461 1851 3520 1889 si:

235 1904 626 1996 connumerari
652 1899 1043 1985 Ohrysostotno
1070 1912 1125 1956 et
1168 1899 1385 1996 Bailin.
1412 1899 1628 1996 ln'te'rim
1653 1901 1823 1996 corri-
1860 1938 1904 1996 Β
1933 1902 2234 1996 excogitata
2281 1900 2471 1982 ἣξει-εξςί
2515 1904 2844 1971 compositos
2866 1899 2931 1957 ad
2950 1977 2962 1988 .
2988 1906 3273 1996 populares
3293 1920 3441 1996 'suos
3467 1906 3518 1958 in

238 1974 449 2044 genitus
476 1974 712 2044 Vignerii
754 1972 957 2036 textus,
982 1984 1035 2027 et
1058 1988 1155 2043 pro
1176 1973 1342 2027 verbo
1372 1972 1711 2039 pertulerunt,
1736 1984 1828 2024 re-

242 2043 554 2111 ponendum
587 2044 934 2113 protulerunt.

305 2124 333 2151 ι
374 2111 644 2170 Theodori
688 2111 1303 2185 Mopsuesteni.....libro
1321 2119 1622 2185 quarto..."
1649 2122 1829 2185 contra

240 2184 712 2256 Augustinum"...
741 2182 791 2238 et
815 2185 983 2256 Adam
1030 2199 1121 2256 per
1173 2183 1645 2256 transgressionem.
1669 2210 1741 2221 —
1771 2182 1825 2256 ιτ

243 2252 501 2310 Theodori
535 2257 911 2323 llopsuesteni.
962 2252 1167 2308 Inlioita
1221 2252 1385 2323 prope
1435 2252 1683 2322 scripsit,
1728 2253 1826 2306 sed

238 2327 345 2380 duo
373 2328 685 2395 praesertim
711 2327 868 2393 plena
907 2341 1191 2386 errorum;
1222 2326 1453 2395 alterum
1483 2323 1549 2377 de
1581 2324 1829 2378 lncarna-

241 2394 387 2452 tione
417 2398 584 2454 Verbi
628 2412 788 2468 quam
819 2411 1007 2451 revera
1037 2396 1282 2468 sustulit;
1309 2394 1543 2468 alterum
1570 2395 1826 2468 adversus

238 2470 298 2523 ὃ.
354 2464 725 2540 Augustinum
784 2465 1457 2540 defensorem_catliolict_e
1498 2464 1668 2540 _lide_i,
1724 2481 1826 2534 qua

240 2535 480 2594 creditur
508 2549 790 2607 peccatum
822 2538 1099 2608 originale.
1127 2538 1205 2592 Ex
1234 2535 1472 2591 secundo
1498 2536 1698 2590 Marius
1734 2552 1829 2589 ex-

238 2616 443 2677 cerpsit
473 2628 596 2679 qua:
624 2624 764 2664 nunc
786 2608 1040 2679 eduntur.

306 2682 445 2735 Cum
478 2677 612 2735 vero
658 2680 966 2735 meditatius
995 2678 1314 2745 inspicerem
1344 2686 1511 2730 totum
1543 2677 1645 2732 hoc
1669 2693 1829 2745 opus-

236 2754 442 2816 culum,
477 2752 722 2807 intellexi
758 2765 843 2805 me
881 2750 1086 2805 versari
1118 2748 1170 2802 in
1202 2755 1517 2818 argumento
1546 2747 1701 2802 valde
1730 2748 1827 2801 ob—

237 2839 419 2882 scuro.
446 2824 594 2891 quod
623 2837 799 2891 neque
826 2820 1187 2891 communiter
1218 2831 1399 2891 notum
1429 2820 1519 2881 sit,
1544 2833 1726 2891 neque
1745 2818 1827 2873 vel

238 2889 481 2948 auditum
506 2895 639 2963 ipsis
669 2889 830 2948 etiam
860 2892 1097 2947 historia:
1128 2889 1426 2958 Pelagiana:
1448 2889 1830 2963 scriptoribus;

238 2959 594 3033 quamobrem
617 2964 946 3034 exquirenda
971 2965 1176 3032 putavi,
1206 2962 1307 3034 etsi
1332 2959 1669 3034 laboriosius,
1686 2974 1826 3034 _om-

239 3030 320 3088 nia
349 3039 495 3103 apud
549 3030 805 3098 probatos
832 3030 1098 3093 auctores.
1132 3049 1250 3100 quae
1280 3033 1467 3103 lucem
1502 3032 1604 3084 huc
1634 3030 1826 3085 all-:rre

238 3102 470 3174 possint.
523 3106 711 3173 Neque
741 3121 868 3160 vero
906 3121 1054 3173 spem
1089 3105 1244 3157 labor
1270 3102 1554 3174 frustratus
1599 3110 1702 3159 est.
1730 3103 1823 3154 sed

238 3173 572 3244 diligentiam
604 3177 990 3231 incredibiliter
1035 3175 1183 3228 vicit.
1230 3173 1428 3242 Collegi
1477 3188 1583 3225 non
1634 3188 1822 3239 pauca,

239 3264 351 3316 qua
374 3250 506 3304 licet
537 3248 700 3301 nimia
728 3246 869 3303 forte
898 3247 1201 3305 videantur,
1228 3260 1324 3312 pro
1353 3260 1412 3297 re
1434 3256 1481 3316 ei
1514 3245 1664 3307 loco;
1691 3259 1823 3297 cen-

1932 1980 2160 2037 patriain
2191 1974 2572 2038 transmittere,
2600 1984 2812 2033 narrat;
2844 1983 2904 2028 ut
2943 1977 3054 2042 jam
3085 1976 3156 2028 ibi
3200 1976 3399 2031 multos
3424 1992 3521 2043 per

1933 2043 2075 2093 hanc
2103 2049 2273 2094 artem
2321 2042 2373 2096 in
2423 2058 2577 2099 suam
2623 2045 2949 2110 pertraxerit
2991 2049 3337 2105 sententiain.
3387 2042 3521 2100 inte-

1930 2125 2159 2185 grasqno
2205 2111 2342 2167 adeo
2374 2113 2643 2168 Ecclesias
2672 2116 2925 2171 absurdis
2961 2116 3072 2171 illis
3119 2116 3370 2171 imbuerit
3399 2117 3521 2185 opi-

1932 2180 2206 2235 nionibus.

2002 2255 2160 2303 Aram
2190 2267 2319 2326 vero
2352 2253 2568 2308 illorum
2618 2255 2881 2310 librorum
2925 2266 3203 2310 auctorem
3250 2255 3388 2326 (sive
3417 2271 3519 2309 no-

1932 2321 2115 2397 mine,
2165 2323 2282 2397 sive
2327 2327 2656 2397 cognomine
2708 2328 2997 2397 incertum)
3051 2321 3310 2395 appellat.
3368 2328 3520 2382 llunc

1929 2395 2097 2466 etiam
2126 2394 2372 2460 quintum
2411 2394 2764 2466 Evangeliutn
2797 2394 3045 2451 lictitium
3078 2394 3364 2466 adiecisse,
3395 2414 3518 2451 cum

1932 2462 2180 2533 ﬁngeret,
2214 2479 2274 2518 se
2306 2468 2432 2519 illud
2482 2468 2535 2520 in
2570 2462 2809 2522 'Eusebii
2858 2462 3520 2523 l’altcstini'bibliothecis

1931 2537 2225 2603 reperisse.
2258 2536 2482 2605 Rejecta
2514 2547 2773 2606 pra-terea
2806 2538 2975 2592 divini
3007 2554 3070 2591 ac
3102 2543 3301 2592 veteris
3329 2541 3521 2595 Testa-

1934 2607 2101 2657 menti
2137 2621 2407 2678 versione,
2440 2625 2599 2666 quam
2629 2611 2968 2678 septuaginta
3000 2612 3327 2676 interpretes
3354 2611 3518 2665 simul

1929 2676 2323 2750 convenientes
2348 2680 2658 2743 ediderunt,
2686 2676 2744 2733 ut
2770 2676 3181 2750 ct‘Symmachi,
3207 2691 3261 2735 et
3282 2681 3519 2748 Aquilat,

1927 2745 2270 2812 aliorumque
2337 2752 2826 2819 interpretatione,
2889 2745 3165 2820 prepriaiii
3224 2745 3517 2820 quamdam

1927 2831 2084 2891 suam
2117 2834 2423 2891 novamque
2461 2822 2736 2877 conﬁcere
2767 2837 2957 2875 ausum
2992 2838 3005 2874 :
3041 2837 3161 2875 cum
3197 2836 3373 2891 neque
3407 2824 3517 2877 lle-

1928 2886 2130 2943 braicae
2178 2886 2395 2960 liiiguie,
2431 2901 2488 2945 ut
2535 2892 2636 2955 illi,
2683 2908 2712 2946 a
2762 2908 2932 2961 puero
2960 2886 3309 2955 assucvisset,
3343 2910 3521 2961 neque

1929 2970 2166 3014 mentem
2197 2976 2366 3016 sacra:
2407 2962 2710 3029 Scriptura:
2752 2964 3063 3027 didicisset;
3115 2964 3358 3018 Hebraeis
3403 2975 3521 3017 tan-

1930 3030 2212 3103 tummodo
2253 3033 2573 3100 quibusdam
2612 3034 2840 3103 abjcctae
2869 3036 3035 3088 sortis
3076 3035 3128 3088 iii
3170 3034 3518 3103 disciplinam

1928 3113 1988 3153 se
2019 3101 2340 3175 tradidisse,
2386 3113 2549 3173 atque
2597 3101 2724 3161 hinc
2768 3106 3043 3175 propriam
3086 3104 3189 3160 sibi
3223 3101 3518 3162 editionem

1926 3172 2274 3243 conscribere
2301 3172 2636 3243 aggressum.

1999 3242 2173 3297 Secta:
2214 3260 2344 3298 vero
2376 3242 2543 3300 illius
2590 3261 2797 3300 summa
2829 3246 3006 3315 capita
3046 3245 3162 3302 haec
3190 3244 3306 3300 l'ere
3344 3258 3471 3299 sunt
3501 3264 3516 3300 :

240 3311 315 3371 sui
343 3329 532 3375 tamen
569 3321 934 3387 proponenda,
967 3327 1023 3371 et
1045 3316 1258 3385 quidem
1290 3331 1396 3368 non
1430 3314 1825 3387 dissertationis
1852 3313 1894 3375 C
1931 3311 2186 3367 Homines
2217 3326 2438 3383 natura,
2475 3334 2575 3370 non
2620 3311 3148 3386 voluntate’peccare.
3178 3317 3404 3379 Natura,
3438 3318 3520 3371 iii-

238 3392 419 3451 tnndo,
450 3385 595 3460 quod
622 3385 894 3445 nonnemo
917 3390 1201 3451 suasisset,
1225 3387 1316 3441 sed
1343 3385 1599 3460 adhibitis
1623 3388 1822 3460 adsiti-

238 3462 387 3529 gulas
410 3456 553 3515 tituli
576 3476 742 3515 voces
778 3461 1268 3523 observationibus,
1297 3473 1401 3527 quo
1430 3457 1592 3529 simul
1618 3467 1670 3529 et
1699 3456 1821 3510 bre-

240 3534 385 3586 vitati
412 3532 816 3598 consolentur,
848 3540 1103 3602 quantum
1138 3530 1217 3584 fas
1242 3538 1406 3593 e~set,
1438 3539 1493 3581 et
1524 3528 1658 3602 nihil
1687 3544 1823 3595 pra:-

238 3603 636 3658 tcrmitteretur
662 3604 802 3671 quod
852 3598 1036 3657 nOtatu
1067 3602 1288 3670 dignum
1339 3602 1494 3653 foret.
1529 3598 1660 3671 Boni
1692 3614 1823 3668 ergo

237 3676 483 3729 consulat
513 3669 710 3739 lector,
746 3690 852 3728 non
883 3688 1078 3743 parvas
1106 3669 1171 3725 ad
1214 3686 1432 3743 parvum
1465 3669 1674 3743 titulum
1726 3686 1824 3743 tio-

238 3745 588 3869 :sillfgendi
633 3740 908 3800 fastidium
955 3742 1310 3815 proculdubio
1355 3740 1433 3796 rei
1474 3740 1684 3795 novitas
1723 3740 1820 3794 de-

286 3841 310 3864 ιι
355 3834 388 3869 8
420 3855 435 3869 ο

238 3826 435 3871 ιικυει.

302 3886 357 3941 2.
391 3886 560 3941 Libro
600 3896 806 3957 quarto.
843 3885 955 3941 Hoc
992 3886 1139 3953 Opus
1164 3885 1397 3957 quinque
1424 3880 1649 3937 omnino
1673 3879 1824 3935 libris

237 3954 639 4023 continebatur,
687 3973 919 4027 quorum
973 3969 1151 4012 tamen
1203 3954 1421 4012 tertium
1473 3961 1542 4027 et,
1570 3962 1823 4021 quartum

238 4030 518 4103 Mercator
534 4024 834 4103 memorat;
870 4028 1211 4103 nequeenim
1253 4024 1764 4103 censeo‘diversum
1792 4039 1821 4075 a

236 4101 476 4169 quinque
504 4099 684 4164 libris,
714 4116 849 4167 quos
874 4117 902 4153 a
926 4093 984 4153 se
1012 4101 1178 4154 lectos
1204 4098 1420 4163 scripsit
1447 4094 1690 4169 Photius,
1720 4093 1824 4169 hoc

238 4162 432 4225 t'tulo':
468 4162 744 4224 Theodori
762 4170 1060 4225 Antiocheni
1088 4171 1155 4224 ad
1176 4162 1331 4224 'ersus
1358 4175 1637 4221 asserentes
1657 4162 1826 4216 homi-

234 4261 345 4296 nem
374 4258 593 4311 peccare
622 4253 829 4306 natura,
849 4259 950 4294 non
979 4242 1263 4307 voluntate,
1287 4241 1402 4293 libri
1428 4239 1647 4311 quinque
1666 4233 1821 4303 (Cod.

237 4315 334 4367 177
354 4308 400 4383 )’.
430 4312 622 4381 Neque
644 4313 802 4366 etiam
846 4312 1032 4367 dubito
1061 4313 1186 4379 quin
1234 4313 1299 4367 ad
1330 4311 1497 4363 libros
1538 4308 1774 4383 quinque
1793 4323 1821 4359 a

236 4379 435 4439 Pboiio
478 4379 652 4437 lectos
684 4385 988 4453 pertineant
1028 4395 1281 4451 excerpta
1310 4397 1430 4451 qua:
1460 4379 1820 4453 reperiuntur,

236 4468 343 4510 tum
378 4456 432 4508 in
456 4449 771 4509 Constituto
788 4454 983 4523 Vigilii,
1009 4456 1125 4509 sine
1149 4449 1821 4524 appellationelibrornni;

235 4536 344 4581 tum
381 4526 671 4597 iniquinta
702 4521 911 4597 synodo
949 4521 1235 4597 collatione
1263 4538 1477 4597 quails,
1520 4522 1642 4597 hoc‘
1668 4521 1825 4597 t_i_tiilo

236 4596 412 4667 (Tom.
446 4596 468 4669 ι
500 4590 658 4669 Cone.
690 4590 829 4669 Cen.
850 4596 976 4669 edit.
1008 4595 1195 4669 Labb.)
1228 4616 1243 4651 :
1382 4592 1643 4669 Theodori
1666 4590 1822 4661 Map-

235 4663 463 4722 suesteni
508 4668 663 4729 libro,
691 4667 829 4739 quod
860 4667 996 4721 Deus
1023 4663 1233 4721 mortem
1269 4663 1644 4739 introduxerit,
1688 4670 1737 4716 et
1763 4678 1827 4739 ea:

237 4741 367 4793 libro
396 4739 582 4807 quinto
610 4739 674 4791 de
700 4735 960 4799 creatura,
988 4756 1079 4793 seu
1107 4741 1243 4807 quod
1275 4739 1410 4792 Deus
1456 4736 1587 4807 bona
1616 4744 1662 4787 et
1691 4735 1831 4787 mala

238 4806 439 4878 fecerit,
467 4819 603 4875 etc.;
638 4819 747 4863 tum
780 4810 1010 4879 denique
1043 4806 1181 4878 apud
1214 4806 1828 4879 Leontium_Scholasti-

237 4876 357 4935 cum
409 4880 583 5005 (
639 4896 693 4934 ιιι
749 4876 993 4934 αάεεηίιε
1042 4876 1343 4936 Nestorian.
1385 4889 1432 4932 et
1477 4876 1831 4948 Eutychianos

238 4968 381 5004 nam.
551 4991 565 5005 .

238 4968 381 5004 nam.
423 4968 499 5005 Ζδ
529 4968 565 5006 Ι.

306 4951 501 5088 3.332
523 4950 601 5075 )et
629 5021 894 5090 integrum
954 5021 1126 5076 Photii
1183 5022 1447 5082 codicem,
1499 5020 1620 5093 quia
1661 5022 1842 5093 plura

238 5095 377 5147 scitu
400 5095 564 5163 digna
586 5093 982 5158 t-oiiiplectitur,
1009 5103 1064 5147 et
1085 5106 1357 5159 excerpta,
1374 5090 1879 5159 qtimdixi,duot'um

238 5181 507 5232 generum
534 5163 806 5217 all'erenda
836 5167 1037 5231 putavi,
1060 5164 1213 5231 quasi
1244 5167 1542 5230 lragmenta
1571 5173 1676 5215 non
1711 5170 1826 5215 lan-

240 5247 353 5289 tum
390 5234 648 5289 Marianis
677 5244 925 5303 cognata,
961 5236 1100 5303 quod
1135 5246 1312 5289 tamen
1334 5238 1465 5285 satis
1487 5241 1633 5285 esset
1652 5246 1829 5286 causa:

240 5320 335 5360 cur
382 5306 746 5369 inferrentur,
783 5319 968 5358 verum
1016 5315 1074 5358 ut
1119 5312 1510 5374 complementa
1557 5303 1826 5372 quaedam,

243 5378 384 5430 unde
419 5390 617 5447 magna
667 5379 792 5442 lux,
832 5377 948 5430 sive
992 5375 1277 5444 Marianis,
1313 5378 1425 5431 sive
1468 5374 1707 5427 historia:
1752 5374 1832 5427 al-

242 5450 463 5517 lulgeat.

458 5556 527 5595 Εἰ
563 5553 911 5596 ιιιιιιοτιιεολ
946 5553 1121 5595 PBOTII
1153 5552 1343 5594 CODICE
1382 5550 1618 5593 οιιιινιι.

318 5657 541 5709 lectum
571 5663 654 5707 est
675 5669 808 5721 opus
829 5653 1098 5707 Theodori
1121 5652 1465 5718 Antiocheni,
1482 5651 1574 5722 qui
1598 5651 1837 5718 Mopsue-

243 5737 436 5779 stenns
462 5727 749 5794 episcopus
782 5736 884 5787 est,
913 5738 966 5777 tit
995 5740 1057 5777 ex
1099 5725 1215 5792 ers
1245 5724 1563 5794 quihusdam
1593 5725 1835 5791 epistolis

242 5799 583 5865 colligimus,
641 5802 741 5853 hoc
789 5800 991 5850 titulo:
1046 5794 1235 5850 Contra
1282 5805 1562 5851 asserentes
1608 5795 1833 5850 homines

250 5886 455 5939 peccare
481 5882 695 5938 natura,
724 5887 826 5925 non
855 5866 1132 5923 voluntate.

1857 4705 1908 4764 D

1928 3400 2112 3452 quam,
2146 3400 2252 3439 non
2296 3402 2382 3455 ea,
2421 3403 2520 3454 qua
2558 3388 2816 3456 praeditus
2847 3389 2915 3443 ab
2959 3388 3112 3442 initio
3156 3389 3518 3455 conditusque

1929 3463 2015 3508 est
2042 3456 2211 3509 Adam
2257 3457 2425 3525 (illam
2473 3460 2620 3513 enim
2654 3461 2883 3524 bonam,
2913 3469 2968 3513 et
3012 3460 3208 3514 bonum
3240 3459 3333 3514 Dei
3381 3475 3518 3527 opus

1929 3541 2048 3600 esse
2075 3529 2372 3597 asserunt),
2405 3530 2499 3584 sed
2530 3546 2593 3584 ea
2636 3546 2793 3599 quam
2840 3540 2957 3599 post
2986 3538 3261 3600 peceatum
3292 3530 3518 3598 adeptus

1928 3598 2031 3670 sit,
2061 3600 2275 3665 quando
2317 3615 2413 3668 per
2461 3598 2961 3669 prmvaricationem
2990 3598 3171 3670 atque
3213 3612 3514 3669 peccatum,

1930 3668 2125 3741 malam
2157 3684 2252 3737 pro
2282 3670 2417 3724 bona
2438 3668 2877 3741 ,mortaletnquc
2908 3688 3006 3741 pro
3047 3668 3340 3727 imtnortali
3369 3688 3517 3725 com-

1930 3739 2175 3812 mutavit.
2211 3741 2319 3794 Hac
2364 3743 2563 3810 quippe
2609 3739 2819 3797 ratione
2853 3739 3038 3795 natura
3069 3757 3284 3812 quoque
3313 3745 3516 3812 impro—

1928 3806 2028 3861 bos
2056 3810 2308 3880 ellectos,
2337 3806 2426 3880 qui
2458 3806 2617 3867 antea
2648 3826 2840 3866 natura
2890 3814 3013 3866 boni
3060 3806 3304 3879 fuissent,
3339 3806 3403 3867 iti'
3424 3831 3518 3867 iia-

1929 3886 2048 3959 tura
2064 3879 2199 3948 jam,
2226 3890 2279 3935 et
2312 3879 2417 3936 noii
2449 3883 2501 3937 in
2531 3884 2813 3939 voluntate
2853 3893 3132 3953 peccatum
3156 3884 3260 3938 sibi
3290 3884 3518 3954 acquisi~

1928 3963 2092 4004 νιδεθ.

1999 4023 2241 4095 Alterum
2265 4021 2460 4077 deinde
2489 4034 2650 4095 caput
2675 4041 2742 4082 ex
2770 4025 2863 4080 illo
2889 4024 3179 4078 deductum
3205 4039 3221 4078 :
3255 4022 3515 4093 Infantes,

1929 4094 2132 4167 tametsi
2160 4109 2334 4147 recens
2363 4104 2511 4150 natos
2535 4094 2775 4167 ,ipeccati
2819 4100 3070 4149 immunes
3101 4112 3199 4147 non
3226 4111 3369 4160 esse,
3402 4111 3517 4147 cum

1929 4162 1994 4235 ob,
2012 4164 2139 4216 Adte
2170 4162 2662 4233 praevaricationem,
2688 4178 2876 4221 natura
2898 4170 2950 4220 in
2977 4167 3194 4235 peccatis
3217 4167 3514 4234 constituta,

1928 4234 1995 4284 ad
2021 4250 2193 4287 omnes
2224 4238 2334 4306 ejus
2361 4250 2589 4304 posteros
2621 4242 2880 4302 peccatrix
2921 4238 2940 4306 (
2959 4234 3015 4290 ut
3056 4237 3155 4304 ipsi
3191 4238 3515 4304 loquuntur)

1929 4313 2116 4375 natura
2159 4319 2495 4375 propagetur.
2526 4309 2735 4363 Aﬂ'erre
2764 4319 2942 4363 autem
2985 4309 3130 4375 ipsos
3159 4318 3213 4362 et
3241 4307 3370 4362 illud
3397 4314 3470 4361 ait
3500 4326 3514 4362 :

1932 4374 2063 4430 Ecce
2091 4374 2529 4447 ininiquitatibus
2557 4387 2830 4448 conceptus
2859 4395 2970 4431 sunt
3004 4374 3177 4447 (Psal.
3201 4395 3254 4443 ι..
3284 4379 3362 4449 7),
3393 4387 3447 4432 et
3472 4381 3516 4434 si

1928 4461 2048 4527 quin
2090 4456 2215 4501 sunt
2262 4450 2477 4527 generis
2523 4450 2806 4527 ejusdem;
2857 4460 3101 4527 saucium
3153 4452 3217 4527 ad
3265 4454 3380 4505 hinc
3420 4452 3518 4503 ba-

1932 4520 2127 4585 ptisma
2147 4558 2162 4583 ,
2195 4520 2447 4591 sacrique
2467 4522 2710 4591 corporis
2731 4522 3166 4575 communionem
3192 4522 3246 4575 iii
3272 4532 3521 4590 peccato-

1931 4602 2050 4660 rum
2097 4590 2505 4654 remissionem,
2553 4590 2887 4660 etiamipsis
2937 4591 3260 4656 infantibus,
3289 4592 3518 4658 collata,

1932 4657 2048 4713 hanc
2088 4661 2429 4730 prietendere
2468 4662 2535 4716 ad
2577 4657 2807 4733 propria:
2844 4662 3115 4730 Opinionis
3151 4657 3518 4718 conﬁrmatio;

1934 4744 2079 4784 nem.

2008 4800 2278 4857 Neminem
2325 4815 2571 4873 pra'terea
2617 4804 2912 4857 mortalium
2951 4819 3058 4856 esse
3097 4804 3317 4874 justum.
3367 4802 3519 4868 Quod

1935 4871 2268 4944 ipsumiiem
2298 4871 2360 4928 ex
2394 4889 2457 4929 eo
2478 4917 2493 4939 ,
2524 4875 2666 4944 quod
2696 4875 2847 4928 initio
2878 4871 3165 4942 posuerunt
3189 4916 3203 4939 ,
3236 4876 3518 4944 consequi-

1933 4950 2020 4995 tnr
2059 4961 2073 4997 :
2108 4942 2229 4997 Non
2273 4950 2408 4999 enim
2442 4942 2870 5017 justi/imbitur,
2896 4946 3069 5012 inquit
3116 4942 3435 5017 Propheta,
3466 4945 3520 5017 in

1933 5027 2207 5135 conspectu
2243 5026 2330 5068 tuo
2359 5013 2522 5069 omnis
2557 5013 2682 5068 caro
2711 5013 2892 5083 (Psal.
2931 5030 3093 5079 chit,
3122 5014 3188 5085 2)
3207 5056 3222 5080 ,
3252 5023 3307 5069 et
3335 5014 3417 5070 his
3448 5016 3522 5068 si-

1933 5098 2003 5135 mi
2032 5098 2105 5135 ia.

1933 5098 2105 5137 nulla.

2003 5156 2265 5221 Quartum
2301 5173 2314 5208 :
2358 5155 2424 5227 (ο
2455 5155 2800 5225 blaSphemas
2846 5171 3009 5211 voces
3051 5166 3105 5210 et
3152 5156 3408 5227 impias!)
3440 5156 3525 5211 Ne

1934 5223 2198 5297 Christum
2238 5223 2446 5297 quidem
2487 5223 2651 5281 Deum
2694 5229 2977 5297 (assumpta
3018 5223 3261 5281 nimirum
3303 5223 3525 5297 peccatis

1937 5296 2128 5369 infecta
2154 5295 2365 5367 natura)
2393 5298 2595 5352 sceleris
2623 5315 2811 5369 purum
2851 5295 2980 5353 esse.
3012 5295 3347 5369 Quamquam
3387 5311 3441 5354 et
3470 5300 3523 5354 in

1936 5367 2058 5420 aliis
2080 5368 2323 5440 ipsorum
2352 5367 2702 5438 blasplieniiis
2730 5370 3023 5424 observare
3048 5367 3389 5440 Iicet,inquit
3410 5371 3522 5437 ille,

1940 5452 2045 5491 non
2078 5454 2204 5493 vere
2238 5438 2336 5492 hos
2377 5449 2432 5493 et
2458 5452 2670 5503 natura,
2699 5443 2793 5494 sed
2834 5445 2999 5510 ligura
3029 5438 3307 5496 dumtaxat
3338 5444 3527 5497 huma-

1942 5522 2063 5562 nain
2091 5511 2190 5578 ipsi
2223 5522 2465 5564 naturam
2492 5512 2806 5565 attribuere.

2011 5581 2265 5655 Quintum
2294 5599 2305 5634 :
2342 5580 2751 5655 Matrimonium,
2777 5582 2855 5635 vel
2883 5592 3015 5636 certe
3043 5582 3411 5655 congrediendi
3431 5601 3523 5637 cu-

1940 5653 2241 5721 piditatem,
2279 5662 2327 5705 et
2376 5654 2582 5705 seminis
2618 5656 2940 5724 missionem,
2987 5653 3256 5724 omniaque
3303 5655 3520 5719 similia,

1938 5724 2125 5790 quibus
2153 5725 2471 5777 successione
2498 5740 2657 5793 genus
2691 5723 2975 5777 humanum
3002 5736 3352 5795 propagatur,
3381 5742 3520 5779 asse-

1939 5805 2057 5847 runt
2086 5811 2194 5847 esse
2221 5812 2372 5865 opera
2401 5810 2650 5866 perversa:
2692 5807 2911 5859 naturw,
2952 5799 3006 5848 in
3043 5812 3199 5863 quam
3226 5812 3318 5863 per
3346 5812 3517 5866 pecca-

1940 5874 2047 5918 tum
2077 5868 2251 5935 lapsus
2275 5866 2463 5932 Adam,
2490 5874 2686 5919 natura:
2714 5881 2830 5919 mox
2871 5868 2990 5917 vitio
3018 5867 3267 5917 titulorum
3298 5865 3521 5917 omnium
