3996 6186
426 303 536 360 223

936 302 1131 359 MAR“
1170 300 1616 358 MERCATOBIS
1654 297 2042 355 TBANSLATI

2153 297 2225 353 ES
2266 297 2625 355 γΑιιιυιιιιιι
2664 298 3199 357 οιιυενοιιωιιυιι.

3598 304 3713 362 ἳὶῧ

429 432 611 493 gniate
635 438 785 485 vero,
814 429 839 457 ι
870 419 1179 474 seductorio
1198 434 1264 474 ex
1288 417 1588 481 mendacio.
1612 415 2018 470 advocationem
2048 429 2096 482 Α
2196 414 2249 468 2.
2283 414 2310 452 ι’
2338 414 2455 469 Non
2479 416 2555 469 ait
2586 415 2747 481 Deus,
2782 416 3036 471 Mortales
3064 416 3249 483 eritis,
3279 418 3371 473 sed
3400 418 3566 475 Morte
3595 437 3713 474 nio-

434 517 680 588 iungens,
708 527 814 570 etc.

2130 509 2337 562 riezm'ni
2369 507 2591 577 (Cenes.
2617 526 2676 575 ιι,
2706 512 2846 581 l7);
2874 526 3095 580 prorsus
3127 512 3485 568 existentibus
3522 525 3714 569 natura

1615 646 2164 703 CASTIGATiONES
2205 644 2290 702 ET
2330 644 2560 700 NOT/E.

436 766 694 818 adversus
723 762 1130 833 Hieronymum,
1180 762 1305 817 dum
1353 762 1527 815 adhuc
1555 763 1780 824 viveret,
1812 773 1863 816 et
1890 761 2013 831 qui-

436 839 554 887 dem
580 836 759 888 statim
788 835 1079 900 publicatis
1107 834 1330 899 dialogis
1363 834 1554 891 tribus.
1581 833 1777 886 deinde
1806 848 2018 900 partitu—

439 922 532 968 per
555 905 861 960 immutatos
878 904 1305 960 edideritcoutra
1331 904 1707 970 Augustinum,
1735 914 2016 972 postquam

438 995 466 1027 ει
498 976 711 1030 Juliauo
736 986 1034 1030 conventus
1062 977 1186 1031 est?
1234 976 1431 1040 Quidni
1477 976 1709 1038 denique
1763 974 1898 1027 duas
1931 972 2018 1026 uni

440 1048 626 1109 tlperi,
654 1059 748 1099 aut
775 1048 973 1100 formas
1019 1045 1289 1105 indidi-rit.
1323 1055 1414 1099 aut
1464 1046 1862 1110 inscriptiones,
1924 1045 2023 1097 sub

442 1134 667 1186 quarum
702 1132 801 1169 una
836 1118 1111 1170 Mercatori
1136 1121 1309 1170 visunt
1340 1120 1427 1179 sit,
1463 1118 1562 1169 sub
1586 1120 1751 1169 altera
1784 1116 2022 1168 Pliotio?

518 1187 579 1241 Et
624 1204 749 1240 vero
774 1203 894 1241 cum
929 1201 1153 1255 uterque
1197 1197 1436 1247 sant-tos,
1470 1187 1852 1255 Hieronymum
1902 1186 2025 1239 dico

447 1268 501 1312 et
534 1259 908 1323 Augustinum,
966 1259 1286 1312 catholicam
1338 1258 1495 1311 [idem
1552 1275 1655 1309 non
1704 1258 1875 1310 Solum
1925 1271 2032 1309 uno

449 1328 660 1391 spiritu,
689 1329 780 1381 sed
817 1329 1001 1382 iisdem
1038 1345 1248 1397 quoque
1277 1330 1393 1383 site
1424 1329 1745 1381 testimoniis
1789 1328 2035 1391 Scriptu-

454 1416 549 1461 ηιξ,
574 1402 687 1453 sive
710 1401 1034 1460 argumento
1058 1399 1383 1459 deft'tttlt‘ril,
1412 1400 1656 1468 quisquis
1682 1400 1838 1452 Iidem
1865 1415 2033 1467 oppu-

451 1472 712 1535 gnavo-rit,
771 1487 877 1524 non
936 1472 1204 1525 immerito
1260 1471 1362 1523 dici
1413 1480 1590 1539 potest
1639 1471 1691 1524 in
1748 1470 2036 1539 utrumque

452 1546 773 1605 disputasse.

526 1611 688 1683 Certe
722 1612 1097 1683 Hieronymus,
1121 1628 1241 1667 cum
1265 1611 1553 1682 aliquando
1578 1612 1872 1677 gratulatus
1893 1618 2041 1683 esset

456 1682 756 1749 Augustino
785 1682 970 1737 odium
1018 1684 1391 1751 aPelagiaiiis,
1426 1684 1665 1750 ejusdem
1711 1699 1770 1735 se
1823 1682 2035 1749 partici-

2144 810 2157 819 ,
2195 760 2432 813 Tertiam
2472 758 2704 828 denique
2754 760 2985 815 coniicio
3027 778 3090 817 ex
3136 762 3221 817 his
3276 764 3430 818 Marii
3485 767 3716 822 verbis:

2124 829 2288 902 Cujus
2323 840 2506 907 autem
2552 831 3065 907 per/iditesitﬂetiam
3096 836 3344 907 prtefatus
3376 835 3676 891 Theodorus
3698 881 3719 907 ,

2126 901 2204 978 ex?
2234 901 2435 971 scriptis
2462 904 2594 971 ejus,
2622 917 2736 963 qua:
2763 901 2827 954 de
2866 901 3061 958 Gra’cis
3090 901 3449 960 transtulimus
3470 949 3485 971 ,
3522 901 3719 978 appro;

2130 972 2320 1025 bemus.

2200 1042 2255 1096 4.
2287 1040 2355 1094 Ει
2386 1041 2553 1095 Adam
2602 1045 3176 1117 per_transgressionem
3205 1047 3473 1101 mortalem
3501 1049 3713 1117 factum.

2133 1112 2325 1168 Uitam.
2356 1125 2412 1165 ut
2441 1128 2584 1181 sirpe
2612 1113 2745 1179 dixi,
2772 1112 3121 1179 quiestionem
3148 1112 3685 1174 veliementer'adver
3708 1153 3721 1158 -

2134 1198 2227 1237 sus
2274 1182 2592 1252 Pelagianos
2642 1200 2834 1251 urgere
2873 1185 3041 1239 voluit
3071 1186 3369 1251 Mercator;
3408 1189 3474 1243 de
3504 1189 3601 1245 hac
3636 1196 3717 1250 vtl

2135 1255 2248 1327 sola
2284 1254 2365 1327 vel
2410 1256 2645 1307 maxime
2676 1254 3026 1324 interrogavit
3048 1259 3427 1325 Augustinum,
3456 1261 3527 1313 ab
3550 1277 3722 1327 eoque

2136 1325 2368 1379 obtinuit
2401 1339 2757 1397 responsum;
2791 1334 2966 1394 neque
2990 1341 3056 1380 ex
3084 1328 3237 1381 libris
3285 1330 3583 1397 Theodori,
3626 1325 3723 1385 aut

2138 1396 2478 1469 sermonibus
2529 1396 2759 1469 Nestorii
2809 1398 3077 1465 excerpsit
3130 1400 3232 1452 alia
3283 1418 3443 1467 quam
3489 1396 3607 1469 qua:
3652 1405 3723 1457 ad

2137 1468 2382 1520 eamdem
2438 1468 2809 1535 pertinerent:
2859 1469 2927 1521 ad
2974 1472 3112 1522 hanc
3154 1470 3298 1524 velut
3349 1472 3416 1526 ad
3456 1468 3723 1528 summam

2141 1539 2351 1610 redigit,
2377 1550 2430 1592 et
2458 1538 2652 1592 merito
2678 1539 2918 1608 quidem,
2977 1548 3143 1593 totum
3203 1543 3348 1606 Opus
3390 1555 3721 1610 postremum

2141 1607 2335 1661 Juliani
2386 1610 2685 1685 contra_S_.
2739 1610 3097 1678 Augustinum
3133 1628 3173 1685 ;r
3208 1607 3440 1685 denique
3493 1625 3728 1685 quatuor

2144 1690 2414 1747 excerptts
2436 1695 2555 1749 quae
2590 1679 2849 1735 habemus
2894 1697 3001 1748 pra:
3031 1684 3283 1737 manibus
3310 1684 3363 1739 id
3387 1679 3548 1740 unum
3588 1702 3726 1741 con-

458 1772 573 1827 peiu
605 1755 960 1822 gloriabatur,
996 1765 1136 1808 tanta
1169 1749 1285 1808 erat
1312 1749 1590 1827 doctorum
1643 1754 1897 1807 Ecclesia:
1950 1767 2038 1804 so-
2074 1754 2116 1812 Β
2144 1750 2333 1827 tendit,
2363 1749 2828 1827 Tlieodoruiii_sic
2878 1751 3181 1827 afﬁrmasse
3235 1755 3487 1809 hominem
3517 1767 3728 1827 peccato

456 1826 647 1880 victas.
683 1836 823 1878 tanta
857 1827 1118 1879 bonorum
1150 1841 1279 1878 vere
1318 1826 1750 1893 cVaugelicorum
1797 1839 2038 1877 commu—

460 1896 549 1949 nio
580 1913 592 1947 :
630 1894 820 1959 Macte,
858 1895 1037 1965 inquit
1083 1895 1325 1963 (Epist.l
1373 1896 1426 1957 5,
1452 1897 1592 1962 apud
1620 1900 1835 1964 August.
1864 1896 1903 1964 ),
1936 1899 2040 1946 vir-

459 1977 582 2029 tute,
611 1968 881 2020 celebraris
906 1967 959 2019 in
980 1967 1096 2019 orbe
1114 1986 1133 2020 ε
1165 1968 1469 2020 catholicite
1489 1968 1803 2019 conditorem
1820 1966 2045 2034 antiqua:

460 2053 662 2089 rursum
692 2037 814 2104 ﬁdei
844 2047 1140 2091 venerantur
1184 2049 1333 2107 atque
1371 2038 1691 2105 suspiciunt;
1723 2049 1793 2100 et,
1819 2038 1953 2105 quod
1978 2039 2045 2089 si-

460 2123 620 2173 gnum
651 2108 865 2190 majoris
894 2109 1074 2175 gloria
1097 2118 1191 2174 est,
1217 2124 1395 2190 omnes
1424 2108 1648 2190 hieretici
1672 2109 1995 2190 detestantur
2025 2146 2041 2171 ,

461 2188 509 2230 ct
526 2195 603 2230 me
621 2180 737 2250 pari
764 2189 1141 2250 persequuntur
1161 2180 1317 2244 odio;
1341 2186 1395 2232 ut
1411 2196 1539 2245 quos
1560 2180 1747 2250 gladiis
1767 2187 2043 2247 nequeunt,

464 2193 603 2230 etme
623 2194 737 2247 part
827 2195 941 2245 rseq

464 2256 575 2301 voto
609 2193 942 2317 inter/figant.

541 2318 728 2373 Posset
756 2319 934 2374 aﬂerri
965 2320 1070 2374 alia
1096 2318 1260 2375 etiam
1281 2319 1616 2389 conjectura,
1645 2336 1766 2389 qua:
1794 2328 1849 2375 et
1871 2335 1966 2387 per
1986 2336 2048 2375 se

463 2388 537 2443 sit
567 2391 879 2457 probabilis,
912 2400 966 2445 et
994 2391 1219 2445 alterum
1250 2393 1434 2457 juvet:
1464 2388 1696 2461 scriptos
1726 2391 1860 2445 St'lll'
1878 2400 1934 2445 et
1964 2407 2050 2444 re-

470 2475 595 2514 vera
630 2461 726 2513 bos
751 2462 914 2514 libros
941 2462 1201 2517 adversus
1226 2462 1580 2531 Augustinum
1616 2472 1733 2529 post
1767 2463 2049 2516 elucubra-

470 2541 553 2584 tus
605 2532 769 2585 libros
796 2533 862 2584 de
917 2544 1256 2600 peccatorum
1307 2535 1508 2587 Meritis
1585 2542 1639 2587 et
1685 2533 2044 2597 “emissione,

467 2602 608 2670 quod
638 2613 783 2656 recte
812 2603 1165 2657 in'e'lexisset
1188 2608 1482 2667 Mercator;
1506 2602 1682 2659 editos
1707 2615 1905 2662 tamen.
1938 2606 2048 2656 sal-

470 2682 578 2727 tem
608 2674 660 2726 in
688 2674 927 2735 Oriente,
955 2686 1161 2738 postea,
1194 2685 1413 2728 mt‘ltlllﬂ
1438 2676 1615 2742 specie
1645 2686 1834 2728 contra
1864 2675 2053 2728 lliero—

472 2760 725 2811 nymuui;
760 2754 869 2798 tum
902 2747 1022 2810 quia
1070 2746 1338 2800 celebrior
1366 2756 1484 2799 erat
1529 2749 1581 2799 in
1609 2745 1827 2799 Oriente
1859 2746 2043 2799 Hiero.

449 2815 616 2884 ~uyuii
664 2813 802 2885 fama
853 2832 1010 2883 quam
1063 2815 1380 2882 Augustini;
1441 2829 1551 2871 tum
1607 2817 1749 2885 quod
1804 2816 2050 2871 Griecnm

472 2886 624 2952 (lpus
654 2884 860 2956 [aelios
903 2887 1265 2954 recipiendum
1325 2888 1483 2952 foret,
1541 2884 1930 2956 legendumque
1985 2888 2054 2941 ab

477 2955 780 3008 hominibus
810 2955 998 3011 Gr:rce
1026 2958 1341 3020 srientibus,
1378 2962 1673 3025 priesertini
1709 2959 1762 3012 in
1808 2960 1873 3012 iis
1921 2958 2053 3012 locis

474 3025 527 3079 in
555 3026 747 3098 quibus
780 3026 1137 3098 Hieronymus
1169 3030 1342 3094 magni
1375 3030 1590 3097 quidem
1640 3036 1755 3083 erat
1798 3029 2051 3092 nominis,

474 3096 569 3151 sed
600 3112 704 3150 non
730 3096 1072 3154 mediocriter
1098 3100 1349 3153 invidiosi
1370 3116 1383 3155 :
1404 3106 1596 3170 partim
1623 3102 1760 3166 apud
1788 3102 2049 3169 quosdam

477 3169 789 3227 monachos.
823 3177 933 3222 tum
958 3171 1287 3240 Urigeuistas
1314 3169 1421 3224 tnui
1458 3172 1631 3224 Ilulini
1664 3174 1842 3224 annuli
1883 3182 2056 3225 set-ta-

479 3247 652 3302 tores;
686 3242 909 3312 partim,
930 3249 985 3295 et
1012 3243 1244 3295 maxime
1267 3242 1504 3309 quidem,
1541 3244 1678 3304 apud
1714 3243 2057 3312 presbyteros

476 3323 539 3381 ac
577 3312 857 3381 episeopos
885 3311 1107 3365 Joannis
1157 3313 1619 3379 llierostilyntitaui
1649 3311 1884 3376 audens;
1936 3329 2058 3381 pir-

481 3379 575 3432 Iim
610 3379 771 3433 etiam
798 3382 935 3448 apud
966 3383 1109 3435 viros
1137 3383 1369 3448 alioquin
1396 3387 1584 3444 bonos,
1621 3384 1713 3435 sed
1748 3379 2055 3453 Pelagiano-

479 3464 596 3524 rum
626 3464 843 3503 causam
875 3453 1167 3524 elevantes,
1200 3455 1353 3522 quasi
1376 3454 1751 3508 vehementius
1772 3469 1932 3524 quam
1962 3471 2057 3524 pro

480 3522 862 3591 reirimoniento
895 3523 1210 3591 agitaretur.

547 3590 751 3666 Opinor
782 3590 947 3661 igitur
970 3594 1308 3666 Theodorum
1337 3594 1726 3664 conscripsisse
1754 3595 1857 3651 hoc
1884 3595 2054 3666 Opus,

481 3661 1137 3736 Pelagianorumirogatu,
1166 3665 1429 3720 adversus
1472 3661 1756 3736 Augustini
1802 3661 1969 3721 libros
1988 3668 2057 3723 de

479 3747 830 3808 [meatorum
858 3735 1063 3790 Meritis
1091 3748 1144 3791 et
1175 3737 1352 3798 Item"
1403 3735 1630 3805 primum
1677 3739 1971 3808 praesertim
2003 3750 2058 3793 et

479 3803 727 3869 tertium;
750 3807 979 3878 edidisse
1003 3823 1153 3871 vero,
1180 3810 1300 3862 licet
1324 3803 1459 3861 forte
1478 3811 1657 3878 aliqua
1677 3803 1836 3876 parte
1867 3810 2056 3863 immu-

479 3887 651 3951 tatos,
684 3887 739 3929 ut
766 3877 992 3944 dialogis
1037 3879 1347 3950 Hieronymi
1389 3877 1739 3951 epistolaaque
1780 3881 1847 3934 ad
1879 3880 2054 3935 Ctesi-

476 3947 730 4011 phontem
776 3952 1142 4017 responderet.
1176 3947 1312 4017 Quin
1361 3952 1520 4004 etiam
1578 3947 1665 4004 vix
1715 3967 1819 4005 non
1868 3967 2056 4006 assero

476 4017 699 4072 Marium
736 4019 1090 4075 Mercatoreni
1144 4038 1249 4075 non
1298 4021 1593 4089 fragmenta
1639 4032 1882 4082 tantum,
1936 4038 2056 4090 quae

471 4098 705 4160 quatuor
728 4091 1068 4156 exhibemus,
1096 4096 1188 4145 scd
1208 4092 1368 4147 etiam
1397 4102 1565 4145 totum
1588 4094 1753 4160 Opus,
1778 4094 1968 4145 saltem
1992 4109 2053 4147 ea

474 4159 647 4281 εὐῗιιιιι
680 4178 782 4232 qua
810 4164 860 4217 in
883 4164 1237 4235 Augustinum
1264 4166 1551 4234 pugnabat,
1588 4178 1619 4218 e
1640 4159 1856 4218 ’Grtecis
1882 4172 2057 4219 trans-

499 4246 530 4281 l]
557 4245 682 4281 I886.

475 4240 682 4285 tulisse.

547 4302 778 4356 Primam
838 4306 1106 4373 opinionis
1161 4322 1293 4361 mete
1324 4317 1551 4371 partem,
1598 4304 1740 4375 quod
1792 4303 2054 4361 adversus

476 4373 753 4445 Augu~tini
778 4375 943 4430 libros
967 4378 1035 4431 de
1060 4388 1396 4445 peccatorum
1413 4373 1687 4431 Meritis‘et
1709 4377 1860 4429 Item.
1880 4377 2055 4432 Theo-

470 4442 927 4517 dorusidlahoris
952 4442 1274 4515 susceperit,
1298 4449 1489 4517 probat
1512 4448 1694 4500 titulus
1711 4447 2047 4502 Mercatoris:

2144 1822 2404 1873 mortalem
2434 1837 2538 1873 non
2568 1837 2675 1876 esse
2704 1823 2921 1891 factum,
2952 1833 3008 1877 ut
3030 1823 3185 1877 simul
3209 1838 3476 1880 assereret
3495 1822 3731 1882 catholi-

2142 1894 2509 1968 cutii_ilognt:i_,
2564 1906 2642 1968 ex
2664 1894 2937 1962 Scriptura
2988 1898 3126 1949 male
3168 1898 3438 1962 concludi,
3469 1910 3730 1968 excerpta

2148 1963 2171 2035 l
2199 1978 2212 2026 ;
2246 1964 2445 2015 divinae
2473 1962 2695 2035 justitia:
2727 1979 2985 2033 pugnare.
3011 1975 3268 2034 excerpto
3294 1974 3357 2035 2;
3383 1980 3437 2023 et
3464 1962 3732 2025 adversus

2148 2033 2295 2101 leges
2322 2033 2601 2105 sapientim
2627 2050 2871 2100 peccare,
2904 2047 3159 2105 excerpto
3182 2033 3242 2091 ⁷5.

2218 2105 2272 2180 5_.
2304 2103 2571 2180 Catholica
2598 2103 3135 2180 disserentemzleiis
3177 2108 3348 2163 fuerat
3393 2111 3733 2180 Augustinus

2149 2174 2290 2251 (Lib.
2320 2176 2573 2251 tdepecc.
2606 2174 2781 2230 Merit.
2806 2177 3013 2251 cap._2)
3038 2178 3238 2251 celebri
3262 2174 3554 2251 Scriptura:
3575 2184 3734 2237 testi-

2148 2243 2351 2306 monio.
2415 2243 2480 2316 In
2527 2262 2844 2316 quacumque
2872 2243 3353 2316 rdie'comederitis,
3385 2243 3570 2307 'niortc
3614 2270 3731 2306 mo-

2147 2316 2350 2387 riemini
2383 2315 2589 2385 (Cenes.
2623 2332 2686 2379 lt,
2722 2319 2828 2387 Π).
2883 2318 2949 2372 ad
2983 2320 3311 2386 probandam
3342 2315 3731 2377 mortalitatem

2152 2385 2425 2440 hominum
2457 2403 2521 2441 ex
2551 2404 2769 2453 peccato
2791 2385 3055 2444 'lluxisste.
3086 2391 3377 2449 Contendit
3409 2394 3735 2449 Theodorus

2153 2460 2793 2535 priiiiiini,_Aiigust_inum
2826 2476 2977 2535 usuin
3010 2475 3132 2535 esse
3164 2478 3439 2535 perperam
3462 2466 3731 2533 ejusmodi

2151 2530 2460 2607 testimoitio
2493 2533 2685 2607 :__qnia
2729 2531 2886 2607 Deus.
2924 2532 3099 2607 inquit
3149 2530 3177 2602 (ἡ
3192 2550 3225 2607 ιι
3248 2530 3392 2607 parte
3419 2530 3682 2606 ercerpti)
3712 2576 3732 2600 ,

2153 2614 2257 2652 non
2313 2600 2468 2654 aliter
2505 2600 2610 2655 dici
2656 2602 2819 2655 debet
2867 2602 3099 2657 minatus
3138 2600 3345 2661 Ada'nio
3396 2600 3734 2662 inobedienti

2154 2678 2400 2744 mortem,
2426 2687 2582 2744 quam
2614 2671 2886 2739 quomodo
2912 2681 2967 2726 et
2993 2675 3110 2743 ipse
3150 2678 3486 2744 postmodum
3526 2678 3737 2733 .ludzeis

2154 2740 2206 2794 in
2238 2741 2373 2813 lege.
2405 2751 2460 2795 et
2514 2743 2759 2796 homines
2808 2744 2967 2812 vulgo
3013 2740 3189 2800 solent
3224 2750 3596 2813 peccatoribus
3630 2750 3733 2803 ini-

2156 2812 2293 2877 nari,
2338 2814 2516 2887 idest,
2579 2829 2680 2887 non
2710 2815 2907 2887 _ipsa_m
2956 2812 3360 2887 possibilitatem
3418 2821 3735 2887 moriendi,

2154 2897 2312 2958 quam
2364 2884 2588 2952 quisque
2636 2883 2801 2938 habet
2844 2884 3158 2954 ingenitam,
3203 2891 3300 2945 sed
3344 2883 3736 2958 experientiam

2159 2954 2366 3016 mortis,
2399 2970 2557 3022 quam
2591 2971 2780 3009 omnes
2810 2958 3125 3012 exliorrent.
3183 2961 3380 3016 Deinde
3408 2954 3737 3016 sententiam

2159 3023 2251 3077 Dei
2279 3026 2878 3099 reum‘condemnantis
2910 3029 3101 3083 eodem
3152 3044 3311 3086 sensu
3363 3033 3737 3099 accipiendam

2160 3109 2352 3164 pugnat
2383 3094 2556 3165 (Part.
2594 3112 2669 3159 ιιι,
2695 3096 2737 3171 ιλ
2761 3107 2808 3171 et
2833 3096 2888 3167 5)
2915 3113 3016 3165 qua
3043 3110 3195 3168 parte
3236 3105 3462 3171 pertinet
3482 3094 3552 3157 ad
3585 3120 3738 3157 moro

2164 3176 2289 3228 tein,
2341 3185 2497 3232 quam
2544 3185 2647 3237 qua
2676 3169 2739 3219 ad
2791 3168 3032 3221 laborem
3061 3180 3116 3226 et
3143 3168 3297 3227 terrm
3349 3175 3633 3229 culturam.
3664 3179 3744 3229 At

2161 3240 2458 3306 posteriore
2495 3242 2615 3314 ista»
2643 3242 2820 3314 procul
2851 3240 3022 3314 dubio
3044 3257 3148 3314 non
3181 3245 3441 3314 signiﬁcat
3470 3245 3742 3300 Adaniunt

2163 3317 2270 3361 tom
2299 3315 2524 3374 primum
2556 3310 3027 3382 addictumglabori
3054 3312 3176 3382 ipsi,
3209 3310 3303 3370 scd
3332 3316 3499 3370 labori
3526 3316 3747 3370 sudori-

2162 3383 2263 3433 bus
2292 3397 2398 3456 non
2433 3382 2802 3456 respondenti.
2834 3380 2965 3435 Nam
2993 3380 3173 3439 statim
3202 3401 3230 3439 a
3258 3388 3564 3441 conditione
3586 3387 3747 3456 posi-

2161 3461 2245 3504 tus
2290 3452 2482 3523 legitur
2510 3453 2563 3505 in
2594 3452 2859 3521 paradiso,
2918 3462 2975 3505 ut
3027 3467 3327 3523 aperaretur
3376 3466 3423 3510 et
3461 3452 3748 3511 custodiret

2159 3537 2271 3574 cum
2295 3522 2501 3596 (Cenes.
2534 3539 2594 3587 ιι,
2625 3524 2737 3591 15).
2772 3523 2910 3596 Ergo
2932 3539 3106 3593 neque
3134 3530 3314 3596 priote
3343 3528 3539 3583 indicat
3565 3529 3747 3582 homi-

2161 3607 2283 3667 nem
2306 3594 2481 3667 statim
2521 3609 2551 3647 a
2583 3605 2803 3663 peccato
2847 3595 3045 3667 factum
3099 3594 3386 3652 obnoxium
3420 3600 3577 3653 morti
3611 3600 3744 3667 ipsi,

2160 3664 2253 3740 sed
2286 3666 2444 3719 morti
2466 3667 2734 3740 violente,
2764 3674 2955 3719 etante
2978 3666 3119 3720 diem
3145 3672 3407 3735 patienda“:
3433 3688 3445 3720 :
3470 3664 3745 3740 siquidem

2160 3746 2214 3788 et
2242 3736 2401 3787 homo
2430 3752 2492 3789 ex
2527 3747 2669 3790 terra
2703 3738 2895 3798 lactus,
2929 3747 2983 3789 et
3005 3740 3146 3791 fatali
3188 3740 3509 3795 necessitate
3538 3736 3599 3794 in
3629 3754 3746 3793 ter-

2160 3822 2271 3859 ram
2304 3822 2619 3861 reversurus
2649 3816 2753 3864 est.
2786 3806 2927 3861 unde
2954 3810 3083 3862 dixit
3117 3811 3279 3875 Deus,
3329 3810 3487 3863 Terra
3513 3828 3584 3875 es,
3616 3814 3748 3863 etin

2159 3887 2347 3930 terram
2369 3878 2466 3930 ibis
2489 3876 2701 3945 (Cenes.
2728 3893 2805 3941 nt,
2841 3878 2954 3947 19),
2985 3895 3090 3932 non
3114 3881 3262 3946 item,
3291 3880 3445 3934 Terra
3467 3883 3589 3946 eris,
3614 3885 3747 3950 quia

2159 3950 2400 4019 peccasti,
2434 3950 2677 4003 dicturus
2708 3949 2911 4018 utique,
2946 3951 2990 4004 si
3019 3960 3144 4005 tunc
3177 3955 3401 4019 primum
3456 3949 3747 4006 mortalem

2160 4017 2397 4085 leciSset,
2426 4017 2856 4089 quandoquidem
2886 4023 2938 4075 in
2964 4017 3237 4087 communi
3291 4038 3542 4077 sermone
3596 4023 3743 4076 idem

2158 4092 2379 4143 omnino
2408 4101 2511 4162 est,
2546 4102 2742 4145 terram
2790 4108 2931 4158 esse,
2982 4092 3124 4161 quod
3176 4093 3523 4148 resolitbilem
3573 4108 3742 4162 esse,

2158 4169 2317 4228 atque
2354 4161 2490 4215 adeo
2524 4163 2829 4215 mortalem.

2230 4239 2267 4305 αλ
2296 4230 2529 4297 Carpere
2554 4232 2767 4287 videtur
2790 4233 3163 4305 Augustinum,
3195 4235 3413 4305 perinde
3443 4237 3590 4302 quasi
3639 4250 3745 4299 pro

2157 4302 2337 4355 verbis
2363 4305 2453 4357 Dei
2484 4305 2644 4358 verba
2664 4302 3230 4370 diaboli'sumpsisset.
3258 4304 3316 4359 Si
3348 4307 3489 4359 enim
3539 4321 3745 4359 consu-

2160 4375 2299 4427 latur
2338 4374 2631 4429 llebraicus
2684 4386 2883 4437 textus,
2932 4377 3196 4441 lectioque
3253 4375 3438 4429 Latina
3485 4377 3699 4443 vulgata
3727 4417 3744 4438 .

2159 4445 2324 4499 immo
2350 4460 2402 4499 et
2427 4448 2611 4499 Grmca
2640 4447 2967 4516 Symmachi,
3006 4461 3134 4499 usus
3158 4459 3239 4501 est
3271 4457 3502 4501 tentatur
3544 4449 3745 4515 plurali

473 4495 2050 4587 Tlieodo‘rii
2083 4495 2131 4554 υ
2906 4495 3221 4587 peccatum;
3265 4519 3519 4586 singulari
3544 4495 3745 4583 rDeus,

470 4586 599 4651 {alio
654 4584 875 4651 decimo,
921 4599 1101 4659 contra
1154 4599 1388 4642 sanctum
1438 4589 1799 4659 Augustinum,
1833 4598 1938 4644 etc.
1985 4591 2053 4645 Et.

471 4670 601 4709 vero
614 4671 718 4729 suo
760 4660 934 4725 primo
983 4658 1249 4728 tertioque
1276 4659 1413 4713 libro
1439 4658 1771 4729 Augustinus
1796 4662 2051 4728 quaistio-

471 4742 567 4781 nes
592 4727 660 4781 de
686 4741 858 4785 morte
890 4730 1078 4784 Adaini
1103 4727 1197 4799 per
1219 4727 1628 4796 peccatuui,‘de
1656 4727 1902 4800 originali
1929 4747 2051 4799 pec—

467 4811 613 4869 cato,
672 4808 728 4854 et
781 4801 1048 4871 baptismo
1098 4800 1378 4855 infantium
1436 4812 1766 4866 pertractat:
1826 4802 2048 4858 l’h0tius

466 4880 644 4924 autem
675 4873 841 4926 libros
860 4874 1097 4942 quinque
1125 4887 1260 4937 quos
1287 4873 1415 4941 legit
1442 4872 1607 4926 fuisse
1634 4874 1797 4927 tradit
1830 4874 1898 4927 de
1925 4889 2049 4943 pee-

466 4952 604 5023 rato.
637 4943 1013 5014 baptistnoque
1053 4942 1358 5010 infantium,
1409 4953 1465 4999 ct
1510 4943 1815 5001 adulterum
1847 4942 2051 5013 impec-

464 5023 661 5065 cantta.

535 5084 864 5151 Secundam,
897 5084 1038 5153 quod
1080 5084 1210 5139 editi
1238 5083 1438 5140 fuerint
1482 5084 1742 5139 adversus
1782 5084 2049 5154 Hierony-

464 5168 632 5219 mum,
658 5155 782 5210 licet
806 5155 943 5211 forte
967 5157 1298 5226 aliquatenus
1321 5157 1603 5220 immutati,
1633 5156 2046 5222 indieautsatis,

464 5234 576 5297 t_nm
608 5227 769 5297 verba
802 5227 975 5280 Pliotii
997 5228 1065 5281 de
1092 5238 1335 5293 auctore,
1362 5243 1521 5297 quem
1544 5228 1804 5282 ementito
1830 5230 2047 5284 nomine

460 5294 775 5368 Theodorus
801 5298 1106 5367 impugnat;
1154 5308 1262 5351 tum
1289 5294 1431 5368 quod
1464 5309 1615 5354 certo
1655 5306 1869 5352 constet
1892 5297 2046 5353 Pela-

471 5365 671 5440 gianos.
702 5378 756 5424 et
785 5365 1028 5433 epistolae
1061 5365 1369 5440 Hieronymi
1413 5371 1478 5423 ad
1516 5368 1946 5437 Ctesiphontem,
1992 5381 2047 5425 et

462 5434 630 5491 tribus
648 5440 874 5510 dialogis
896 5434 1279 5509 respondisse;
1308 5440 1403 5494 fuit
1424 5442 1566 5495 enim
1590 5434 1731 5508 apud
1758 5440 2044 5496 factionem

456 5512 746 5582 ejusmodi,
806 5513 919 5566 sive
945 5512 997 5566 in
1041 5527 1193 5566 more
1250 5513 1507 5582 positum,
1554 5513 1668 5565 sive
1699 5511 1833 5581 legis
1876 5511 2045 5566 instar

454 5580 831 5653 constitutum,
862 5582 993 5637 nihil
1025 5583 1230 5653 scripti,
1250 5580 1264 5582 ⁷
1289 5598 1396 5652 quo
1446 5580 1778 5652 peterentur,
1806 5583 1926 5636 sine
1959 5598 2045 5637 re-

453 5665 655 5712 sponso
684 5652 988 5717 dimittere;
1041 5652 1207 5709 immo
1234 5654 1569 5708 adversarios
1615 5654 1700 5706 vel
1727 5655 2040 5721 responsio-

454 5738 579 5777 uum
628 5724 786 5779 minis
832 5740 863 5778 a
904 5725 1191 5781 scribendo
1238 5728 1549 5787 deterrere,
1583 5725 1691 5788 vel,
1736 5724 1821 5780 sin
1864 5725 2039 5781 minus

454 5806 694 5855 nossent.
720 5795 1057 5854 multitudine
1079 5798 1337 5856 librorum
1362 5808 1726 5862 prosternere.

2153 4602 2273 4641 cum
2315 4589 2471 4643 daret
2520 4588 2832 4643 mandatum
2889 4589 3192 4641 abstinendi
3239 4591 3307 4642 ab
3359 4604 3453 4642 esu
3508 4589 3743 4644 fructus.

2151 4663 2482 4729 Quamquam
2523 4659 2869 4729 Septuaginta
2925 4658 3113 4726 plurali
3144 4674 3357 4728 quoque
3397 4674 3627 4714 numero
3656 4661 3746 4714 iti-

2152 4736 2430 4798 terpretati
2455 4741 2578 4783 sunt
2605 4730 2925 4785 llebraicum
2955 4740 3179 4799 textum,
3207 4746 3314 4799 quo
3338 4731 3389 4783 in
3422 4731 3538 4783 loco
3568 4732 3745 4787 latere

2150 4814 2405 4854 arcanum
2464 4801 2718 4870 quiddam
2748 4800 2977 4856 credidit
3005 4798 3322 4855 Ambrosius
3352 4800 3492 4871 (Lib.
3526 4801 3589 4854 de
3629 4800 3744 4855 Pu-

2148 4872 2261 4923 rad.
2297 4888 2413 4940 cap.
2442 4874 2517 4939 5).

2222 4941 2248 4980 b
2292 4944 2363 4995 Ex
2399 4942 2500 4997 hoc
2526 4942 2756 4998 Genesis
2783 4942 2903 4997 loco
2950 4942 3215 4997 conclusit
3244 4942 3374 4997 olim
3403 4943 3742 5011 Augustinus

2149 5011 2286 5079 (Lib.
2322 5014 2384 5066 de
2411 5031 2553 5083 perc.
2590 5012 2767 5068 Merit.
2799 5030 2913 5083 cap.
2945 5014 3025 5081 2),
3058 5024 3284 5068 mortem
3314 5014 3560 5081 corpmis
3607 5030 3743 5081 pec-

2148 5095 2269 5137 cato
2301 5085 2462 5138 fuisse
2488 5096 2839 5140 contractam.
2877 5084 2977 5150 Qui
2996 5084 3175 5136 dicunt
3200 5086 3363 5138 Adam
3388 5088 3461 5137 sic
3482 5095 3737 5153 creatum,

2148 5158 2395 5227 utetiam
2444 5156 2554 5209 sine
2604 5157 2795 5227 peccati
2842 5157 3020 5208 merito
3064 5167 3387 5218 moreretur,
3440 5173 3545 5209 non
3587 5173 3741 5224 pana

2148 5226 2334 5296 culpat,
2368 5228 2456 5279 sed
2483 5226 2776 5280 necessitate
2800 5238 3019 5292 naturw,
3057 5230 3285 5295 profecto
3324 5227 3459 5280 illud
3495 5229 3631 5296 quod
3678 5229 3734 5280 in

2149 5296 2257 5362 lege
2307 5298 2498 5349 dictum
2544 5307 2638 5362 est,
2674 5298 2787 5360 Qua
2845 5299 2925 5350 die
2971 5297 3198 5362 ederitis,
3240 5307 3401 5349 morte
3444 5298 3736 5351 moriemini

2149 5365 2355 5432 (Cenes.
2390 5382 2447 5427 ll,
2480 5370 2590 5435 Π),
2622 5385 2722 5421 non
2753 5370 2822 5420 ad
2861 5377 3071 5421 mortem
3104 5368 3355 5436 corporis,
3398 5369 3487 5420 sed
3517 5377 3734 5419 mortem

2146 5440 2352 5501 animae,
2383 5454 2497 5504 qua:
2525 5440 2577 5491 in
2615 5450 2822 5508 peccato
2852 5441 2932 5507 ﬁt,
2956 5442 3148 5507 referre
3188 5449 3462 5501 conantur,
3493 5448 3598 5492 ctc.
3630 5437 3735 5493 Le-

2145 5510 2338 5576 gendi,
2371 5526 2488 5577 qua:
2521 5509 2780 5563 habentur
2836 5511 2887 5562 in
2938 5509 3181 5563 eamdem
3235 5524 3347 5564 rem
3382 5509 3473 5562 lib.
3520 5523 3615 5562 xm
3663 5509 3737 5563 dc

2146 5580 2303 5633 Civit.
2336 5595 2455 5647 cap.
2482 5579 2571 5641 '25,
2601 5590 2655 5634 et
2683 5581 2780 5636 lib.
2812 5597 2863 5634 xi
2888 5580 2955 5634 de
3002 5581 3196 5634 Genesi
3228 5582 3292 5631 ad
3322 5582 3554 5633 litteram
3604 5595 3730 5647 cap.

2144 5651 2232 5704 25.
2271 5653 2434 5704 l‘orro
2460 5652 2815 5722 Symmachus
2845 5652 2915 5705 ita
2945 5652 3106 5705 vertit
3126 5652 3295 5712 Θνητὸς
3330 5650 3423 5709 ἴση
3448 5693 3461 5715 ,
3500 5653 3738 5705 mortalis

2144 5725 2265 5790 sris,
2298 5738 2457 5793 quam
2486 5724 2787 5778 versionem
2815 5723 3025 5778 caeteris
3042 5731 3319 5793 anteponit
3343 5722 3735 5792 Hieronymus.
