3996 6186
181 333 279 389 ἥδ

784 327 1153 386 SYMBOLUM
1191 327 1536 383 TllEODORI
1582 327 2058 386 MOPSUESTENI
2101 326 2188 380 ET
2229 327 2393 383 EJUS
2432 327 2846 385 REFUTATIO.

3362 334 3461 388 2'26

180 446 520 507 mortalibus,
546 443 748 498 inferre
769 445 963 498 mortis
980 428 1367 512 experientiam
1388 440 1770 505 comminatus,
1803 446 1848 501 Λ
1948 438 2002 492 4.
2029 439 2184 494 Unde
2211 440 2277 492 ad
2311 450 2638 505 postremum
2668 450 3068 511 consequenter
3088 442 3306 513 adjecit,
3340 449 3461 513 quia

177 552 333 603 quam
383 538 556 592 etiam
598 535 749 603 juxta
778 550 986 588 morem
1035 534 1263 603 proprias
1313 530 1663 601 benignitatis
1706 531 1772 585 ad

177 630 428 683 effectum
463 628 762 696 perducere
811 626 1045 680 distulit.
1077 624 1227 680 Sicut
1271 624 1416 679 enim
1447 638 1570 678 cum
1602 623 1772 678 dicit:

181 722 276 786 Qui
296 718 555 784 eﬂ'uderit
586 717 809 770 hominis
835 718 1166 786 sanguinem,
1200 717 1411 785 sanguis
1436 718 1551 787 ejus
1591 732 1686 781 pro
1717 732 1775 768 eo

181 812 427 879 {nudetur
457 808 686 877 (Cenes.
719 824 793 873 Ix,
818 806 887 877 6)
913 823 928 872 ;
960 823 1062 859 non
1095 808 1196 861 hoc
1223 806 1374 869 dicit,
1416 808 1537 875 quia
1565 806 1652 875 qui
1684 820 1777 860 oc-

178 904 369 956 ciderit
417 902 699 955 hominem
732 899 838 953 erit
870 899 1140 960 mortalis,
1173 899 1266 953 sed
1298 899 1422 967 quia
1453 898 1646 965 dignus
1689 907 1773 950 cst

178 991 489 1060 hujusmodi
521 1000 698 1046 morte
740 991 1022 1055 damnari;
1050 990 1131 1043 sic
1177 1000 1229 1044 et
1260 990 1312 1042 in
1363 990 1771 1057 praesentiarum

176 1087 321 1148 dixit,
350 1084 532 1139 Morte
558 1084 884 1149 moriemini;
916 1098 1022 1137 non
1052 1082 1194 1153 quod
1240 1092 1366 1136 tunc
1394 1082 1651 1135 mortales
1682 1082 1775 1133 lie-

176 1186 313 1241 rent,
339 1176 440 1233 sed
475 1176 621 1247 quod
668 1175 815 1245 digni
867 1182 1052 1230 essent
1094 1174 1188 1244 qui
1220 1174 1415 1229 mortis
1444 1173 1770 1229 sententiam

176 1283 194 1309 ε
222 1289 318 1340 per
344 1270 843 1341 transgressionem
868 1267 1161 1324 referrent.

233 1368 287 1421 5.
325 1364 437 1419 Sed
467 1374 524 1418 et
544 1362 785 1417 divinam
807 1360 1134 1416 sententiam
1166 1373 1327 1428 quam
1349 1364 1474 1427 post
1494 1364 1770 1426 peccatum

177 1458 313 1514 Deus
341 1457 484 1512 Adae
537 1454 741 1510 inferre
783 1453 1001 1507 videtur
1047 1451 1291 1505 adverte.
1321 1450 1411 1505 Sic
1459 1449 1602 1504 enim
1645 1449 1774 1504 dicit

175 1550 381 1619 (Cenes.
418 1565 504 1613 ιιι,
550 1547 689 1616 17);
725 1545 862 1613 Quia
910 1544 1104 1598 audisti
1133 1558 1308 1597 vocem
1347 1542 1524 1596 uxoris
1572 1556 1697 1607 tute,
1726 1550 1775 1595 et

174 1644 444 1697 comediin
476 1643 541 1695 de
568 1640 711 1711 ligno
739 1641 803 1694 de
828 1655 929 1707 quo
960 1653 1299 1709 praeceperant
1326 1637 1416 1690 tibi
1441 1637 1505 1691 de
1543 1637 1637 1689 Itoc
1661 1635 1772 1690 solo

175 1754 268 1789 non
307 1735 607 1801 comedere,
630 1749 696 1787 ea:
741 1748 800 1786 eo
849 1731 1213 1785 manducasti:
1243 1730 1520 1784 maledicta
1553 1740 1690 1783 terra
1717 1731 1771 1782 in

1878 542 2014 586 terra
2041 548 2116 595 es,
2144 542 2191 584 et
2217 533 2482 585 reverteris
2514 534 2565 585 in
2595 544 2784 601 terram
2814 534 2832 603 (
2858 534 3042 588 lienes.
3074 551 3152 600 Ill,
3186 535 3304 605 17),
3338 538 3461 591 hinc

1879 627 2038 679 etiam
2073 623 2451 678 mortalitatem
2502 637 2709 681 natura:
2763 629 3104 698 signiﬁcans;
3158 648 3262 685 non
3312 635 3456 688 enim

1878 715 2192 781 immortali,
2230 724 2287 769 et
2334 732 2476 770 nunc
2528 720 2756 783 primum
2807 720 3082 789 incipienti
3132 729 3458 781 sententiam

1877 806 2068 860 niortis
2096 807 2367 875 excipere,
2402 809 2544 860 sicut
2583 811 2963 877 sapientissimi
2992 814 3306 871 defensores
3331 833 3457 885 pec-

1876 897 1985 951 cati
2014 897 2324 966 originalis,
2360 898 2525 953 immo
2570 900 2748 967 potius
2793 912 2970 970 patrcs
3005 908 3209 972 peccati
3242 910 3459 963 mirabi-

1877 990 1975 1054 les,
2007 1000 2344 1057 asseverant,
2391 993 2712 1047 vocabulum
2760 995 2883 1049 huic
2930 1004 3077 1051 terra:
3123 1004 3457 1070 composuit;

1875 1084 1969 1139 sed
1999 1095 2055 1137 ut
2084 1084 2152 1137 ab
2179 1085 2404 1138 exordio
2435 1085 2757 1141 naturaliter
2781 1086 2973 1141 ellecto
3004 1091 3240 1159 mortali,
3274 1096 3460 1163 appel-

1878 1180 2133 1235 lationem
2163 1180 2298 1234 hanc
2326 1196 2626 1252 congruere
2658 1182 2911 1237 indicavit
2937 1184 3115 1238 divina
3161 1186 3460 1255 Scriptura,

1878 1274 1978 1328 hoc
2022 1273 2088 1328 de
2119 1273 2429 1327 hominibus
2467 1274 2790 1328 vocabulum
2836 1276 2900 1328 ad
2941 1278 3308 1333 ostensionem
3342 1295 3463 1334 cor-

1877 1371 2146 1441 ruptibilis
2172 1380 2227 1425 et
2258 1372 2564 1426 resolubilis
2593 1388 2780 1427 eorum
2822 1383 3027 1427 naturae
3072 1375 3268 1443 sat-pius
3305 1389 3460 1427 assu—

1877 1478 2049 1517 mens.
2082 1462 2216 1517 Nam
2250 1465 2546 1517 recordatus
2567 1473 2660 1532 cst,
2696 1464 2885 1533 inquit,
2915 1466 3038 1533 quia
3065 1468 3226 1533 pulvis
3249 1482 3461 1529 smmis;

1877 1556 2025 1609 homo
2046 1598 2060 1621 ,
2090 1558 2225 1611 sicut
2273 1557 2477 1626 fenum,
2530 1558 2637 1610 dies
2676 1562 2817 1628 ejus,
2842 1567 2889 1610 et
2919 1558 3044 1610 sicut
3074 1560 3171 1627 ﬂos
3200 1559 3339 1628 agri,
3387 1560 3461 1611 ita

1873 1648 2113 1716 ﬂorebit,
2144 1650 2266 1718 quia
2310 1651 2523 1717 spiritus
2574 1650 2902 1719 pertransivit
2949 1652 2998 1702 in
3028 1667 3116 1714 ρο,
3147 1660 3194 1703 ct
3232 1668 3335 1704 nou
3364 1653 3461 1704 erit

1876 1741 2101 1809 amplius
2132 1740 2273 1795 locus
2295 1744 2408 1813 ejus
2432 1740 2451 1812 (
2471 1740 2611 1794 Psal.
2641 1758 2732 1807 cn,
2770 1744 2835 1796 15
2856 1741 2896 1813 ).
2930 1743 3057 1797 Vult
3080 1753 3256 1797 autem
3281 1744 3461 1797 diecre

175 1826 405 1894 operibus
430 1826 566 1889 tuis,
598 1825 652 1877 in
682 1822 898 1876 tristitia
928 1823 1158 1876 comedes
1187 1837 1301 1874 eam
1342 1821 1572 1875 omnibus
1599 1820 1772 1873 diebus

1881 1833 2016 1903 quod
2046 1834 2430 1902 corruptibiles
2479 1842 2534 1888 et
2562 1833 2883 1889 resolubiles
2912 1850 3101 1887 omnes
3131 1850 3317 1887 snmns
3342 1876 3357 1898 ,
3408 1835 3458 1887 in

176 1922 283 1972 titur
311 1931 462 1984 tace;
507 1918 686 1987 spinas
732 1926 781 1970 et
808 1914 1021 1968 tribulos
1064 1914 1289 1983 proferet
1314 1912 1426 1978 tibi,
1460 1922 1507 1965 et
1541 1912 1773 1966 comedes

179 2018 340 2080 {anum
365 2011 515 2083 agri,
545 2019 598 2063 et
645 2010 699 2062 in
750 2009 941 2061 sudore
983 2008 1155 2061 vultus
1198 2006 1275 2060 tui
1327 2006 1559 2060 comedes
1589 2021 1773 2076 partem

178 2119 340 2172 tum,
372 2106 547 2158 donec
567 2103 840 2157 revertaris
862 2103 916 2155 in
947 2110 1156 2156 terram.
1180 2101 1292 2156 Hoc
1319 2111 1498 2156 antem
1539 2116 1636 2169 per
1657 2104 1775 2154 haec

178 2201 543 2252 comminatus
581 2204 689 2264 est,
728 2194 871 2265 quod
900 2209 1264 2249 aerumnosam
1298 2195 1460 2248 vitam
1494 2192 1775 2248 habiturus

174 2304 337 2360 essu,
379 2308 509 2346 cum
536 2291 725 2346 labore
750 2289 1007 2358 deinceps
1033 2288 1237 2343 fructus
1266 2287 1334 2341 de
1356 2296 1501 2342 terra
1533 2292 1775 2353 sumptu-

174 2399 278 2445 rus,
310 2384 515 2454 quibus
543 2383 786 2437 aleretur
816 2392 872 2435 et
919 2378 1267 2443 subsisteret,
1302 2389 1644 2449 nequaquam
1678 2374 1776 2429 ha-

173 2478 344 2539 bens,
402 2488 468 2531 ut
519 2476 755 2543 pridem,
806 2483 1009 2528 tantam
1055 2473 1388 2543 propositam
1439 2472 1771 2542 largitatem,

172 2579 371 2637 quanta
422 2584 490 2623 ex
522 2566 762 2636 paradisi
806 2565 957 2635 copia
987 2564 1288 2620 fruebatur.
1330 2564 1446 2619 Non
1472 2565 1615 2618 enim
1647 2578 1775 2631 ope-

174 2662 275 2713 rari
331 2668 548 2713 terram
584 2672 685 2726 pro
716 2657 980 2726 supplicio
1006 2656 1155 2712 dedit
1207 2656 1372 2719 Deus,
1400 2654 1550 2723 quasi
1580 2670 1645 2709 ex
1674 2653 1776 2708 im-

175 2750 395 2805 mortali
426 2758 624 2803 natura
650 2750 702 2802 in
733 2746 1116 2802 mortalitatem
1149 2748 1398 2801 homines
1421 2747 1769 2812 transferens,

175 2839 623 2910 quandoquidem
659 2849 716 2894 et
758 2838 1067 2907 paradisum
1110 2839 1158 2893 ei
1188 2848 1242 2892 ut
1288 2848 1587 2908 operaretur
1609 2848 1656 2893 et
1685 2856 1776 2893 cu-

173 2936 413 2997 stodiret,
450 2934 647 2989 indixit
681 2931 905 3005 (Cenes.
938 2950 994 2999 ll,
1029 2934 1095 2989 15
1119 2933 1174 3004 );
1204 2948 1305 3002 pro
1333 2942 1475 2986 tanta
1502 2948 1634 2987 vero
1666 2932 1773 3002 pri-

174 3029 313 3082 stina
362 3027 625 3097 largitate
671 3035 726 3081 et
770 3025 1046 3096 voluptate
1089 3024 1367 3096 paradisi,
1414 3039 1770 3080 aerumnosam

175 3120 292 3188 ejus
337 3119 460 3173 fore
504 3119 957 3173 sustentationem
1008 3117 1075 3173 de
1120 3127 1278 3173 terrae
1326 3116 1598 3173 fructibus
1625 3131 1775 3173 com-

1877 1923 2095 1979 modum
2121 1922 2234 1979 feni
2284 1940 2571 1993 parumper
2600 1925 2865 1991 florentis,
2912 1926 3295 1995 peri-utilisque
3345 1936 3461 1994 post

1876 2016 2170 2084 paululum.
2201 2015 2331 2069 Nam
2364 2016 2427 2069 ad
2480 2016 2648 2070 breve
2679 2015 2893 2084 quidem
2931 2026 3139 2085 tempus
3164 2020 3327 2071 vitam
3356 2019 3460 2071 du-

1875 2105 2082 2170 cimus;
2116 2105 2181 2160 ad
2226 2122 2335 2160 non
2376 2106 2713 2160 existcndum
2760 2122 2887 2161 vero
2933 2107 3189 2178 deinceps
3239 2110 3461 2165 omnino

1877 2200 2349 2269 pervenimus.Sic
2376 2199 2709 2255 etAbrabam
2735 2212 2751 2253 :
2780 2199 2889 2271 Ego
2917 2218 3050 2265 sum,
3076 2201 3267 2269 inquit,
3302 2212 3459 2266 terra,

1875 2310 1937 2347 ac
1965 2294 2094 2346 cinis
2125 2292 2337 2363 (Genes.
2369 2309 2519 2357 xvnt,
2549 2293 2674 2362 27),
2706 2308 2803 2361 pro
2832 2307 2898 2347 eo
2921 2308 2984 2348 ac
3012 2293 3057 2347 si
3087 2294 3309 2358 diceret,
3343 2294 3459 2349 Non

1876 2403 1996 2443 sum
2029 2387 2224 2457 dignus
2251 2402 2373 2441 cum
2419 2397 2565 2442 tanto
2600 2389 2708 2441 Deo
2741 2386 3004 2458 colloqui,
3039 2387 3200 2442 homo
3231 2388 3402 2444 factus
3429 2405 3460 2443 e

1878 2487 2043 2544 terra,
2071 2488 2125 2534 et
2151 2478 2473 2533 omnimodis
2503 2479 2607 2535 hoc
2646 2480 2876 2534 futurus.
2928 2480 3094 2551 Magis
3123 2497 3250 2547 ergo
3278 2481 3460 2535 dicere

1876 2569 2083 2637 debuit,
2114 2571 2235 2639 quia
2274 2578 2413 2623 terra
2443 2572 2562 2632 eris,
2593 2579 2639 2624 et
2668 2573 2718 2623 in
2748 2581 2937 2624 terram
2964 2573 3258 2636 re"erteris,
3289 2572 3461 2641 siqui-

1877 2661 1998 2717 dem
2024 2676 2166 2717 nunc
2193 2662 2423 2730 primum
2453 2662 2603 2716 ﬁeret
2635 2672 2825 2715 natura
2860 2664 3123 2716 mortalis.

2046 2770 2466 2827 EXCERPTUM
2504 2770 2873 2827 SECUNDUM
2917 2771 3288 2827 THEODORI.

1943 2862 2027 2919 Eat
2053 2865 2273 2919 secundo
2303 2866 2498 2932 codice,
2531 2864 2659 2989 [fibra
2678 2865 2851 2987 (tirio,
2885 2875 3003 2917 ante
3027 2875 3249 2932 quatuor
3281 2868 3405 2934 folia

2574 2951 2651 2987 ms
2701 2953 2713 2987 ι
2750 2951 2816 2989 t't.

2574 2936 2651 2987 nis
2678 2936 2816 2989 libri.

1950 3026 2000 3077 1.
2036 3036 2058 3064 ε
2094 3024 2199 3081 Sed
2234 3024 2360 3078 nihil
2397 2936 2611 3078 illortfm
2646 3026 2948 3093 perspicere
2993 3024 3199 3096 [Baluz.
3250 3027 3465 3096 proSpi-

1878 3116 2022 3189 cere]
2054 3116 2226 3187 potuit
2250 3114 2275 3153 ἀ
2309 3117 2570 3171 mirabilis
2608 3117 2811 3185 peccati
2859 3116 3136 3186 originalis
3183 3128 3422 3170 assertor
3447 3158 3463 3181 ,

178 3212 438 3264 minatur.
473 3210 610 3263 Nam
635 3224 858 3279 prorsus
888 3208 914 3247 δ
944 3210 1190 3265 mortalis
1217 3209 1411 3278 lactus,
1443 3219 1498 3266 et
1529 3221 1653 3265 tunc
1682 3225 1773 3281 pa-
1802 3189 1847 3252 Ο
1877 3212 2073 3283 quippe
2120 3210 2210 3281 qui
2256 3211 2309 3265 in
2357 3210 2553 3265 divinis
2598 3210 2888 3278 Scriptnris
2932 3226 3268 3280 nequaquam
3300 3210 3464 3264 fuerit

177 3303 341 3357 radisi
384 3303 662 3357 fructibus
698 3302 992 3371 indigebat,
1039 3304 1177 3358 sicut
1211 3320 1353 3359 nunc
1378 3315 1537 3360 terrae
1567 3305 1772 3362 fructus

175 3396 439 3465 inquirit;
472 3404 532 3451 et
555 3410 658 3466 pro
684 3394 955 3465 supplicio
978 3395 1217 3465 pristinis
1244 3396 1516 3451 fraudatus
1541 3397 1771 3465 deliciis,

176 3485 278 3541 hac
305 3486 783 3542 aruuinosissima
806 3478 1341 3558 laboriiisissimaque
1361 3488 1774 3544 conversatione

177 3579 497 3634 mulctatur.

1880 3305 2226 3367 exercitatus,
2256 3319 2355 3359 nec
2373 3304 2698 3374 abinfantia.
2727 3304 2877 3372 juxta
2904 3305 3045 3357 beati
3069 3303 3217 3358 Pauli
3253 3320 3462 3367 vocem,

1875 3414 2049 3453 sacras
2076 3398 2308 3452 didicerit
2338 3399 2534 3452 litteras
2561 3398 2636 3468 (ll
2669 3397 2802 3451 Tim.
2837 3413 2912 3460 ιιι,
2954 3397 3065 3467 i8).
3098 3396 3204 3451 Sed
3245 3398 3358 3451 sive
3397 3396 3464 3450 de

1877 3490 2168 3561 Scriptura:
2188 3489 2454 3551 sensibus.
2470 3489 2585 3545 sive
2605 3488 2672 3545 de
2696 3489 2946 3559 dogmate
2967 3504 3111 3559 saepe
3132 3489 3464 3549 declamans,

1876 3583 2042 3637 multa
2073 3582 2381 3650 ireqttenter
2411 3584 2588 3652 inepta
2620 3591 2644 3619 ο
2675 3582 2890 3651 proprie
2917 3583 3368 3646 communitcrve,
3399 3582 3466 3633 de

1369 3667 1914 3726 CASTIGATIONES
1956 3671 2043 3725 ET
2082 3670 2314 3726 ΝΟΤᾹΞ.

252 3774 275 3801 ⁸
314 3765 581 3818 Baluzius
610 3763 772 3818 liabet
798 3781 888 3831 pro
918 3768 1332 3835 transgressione.
1380 3768 1533 3820 Eutr.

248 3834 273 3873 δ
313 3836 495 3888 liabet
530 3844 585 3887 ut
611 3838 843 3889 mortalis
892 3834 1158 3900 Baluztus,
1204 3837 1604 3902 snbnotatque:
1638 3856 1657 3888 ι
1695 3837 1768 3892 lta

176 3916 389 3961 veteres
416 3906 565 3959 libri.
597 3906 887 3962 Garnerins
916 3910 1096 3961 omisit
1123 3922 1305 3961 vocent
1339 3917 1423 3974 ut,
1457 3907 1616 3962 Noris
1647 3924 1766 3963 eam

178 3978 407 4029 mutavit
437 3976 491 4029 in
518 3976 614 4031 ita.
655 3995 673 4029 ι
712 3977 863 4033 Eot'r.

249 4059 272 4087 ε
302 4046 654 4118 Catholicam
684 4048 873 4116 dogma
899 4047 966 4103 de
992 4048 1316 4102 mortalitate
1348 4047 1579 4104 hominis
1601 4062 1770 4118 appu-

175 4132 300 4183 gnat
328 4117 695 4183 Theodorus,
725 4120 803 4174 vel
852 4136 917 4173 eo
964 4122 1193 4173 maxime
1240 4120 1359 4185 quia
1408 4120 1584 4186 iniqua
1632 4117 1768 4173 foret

175 4189 448 4244 sententia
482 4191 599 4254 Dei,
632 4190 717 4257 qui
748 4200 945 4243 tantam
984 4204 1197 4259 poenam
1243 4188 1505 4257 ejusmodi
1553 4201 1772 4255 peccato

176 4261 445 4323 irrogarel
474 4300 492 4325 ,
543 4275 663 4313 cum
712 4263 868 4315 unius
909 4264 1063 4329 culpa
1112 4261 1351 4315 lueretur
1392 4262 1459 4312 ab
1488 4262 1769 4324 omnibus;

175 4334 316 4395 quod
348 4332 559 4399 justum
592 4340 747 4400 negat
774 4330 1067 4397 Scriptura.
1105 4331 1297 4384 Levctn
1322 4331 1555 4399 culpam,
1581 4346 1772 4398 nempe

176 4418 329 4456 esum
356 4401 532 4469 pomi,
555 4406 730 4469 gravis
753 4418 931 4470 poena,
959 4418 1103 4457 mors
1128 4404 1768 4469 nimirnm,seqnerentr;

174 4474 321 4538 quod
351 4472 588 4539 aequitas
621 4482 781 4531 vetat.
816 4473 894 4526 Ad
929 4487 1117 4527 omnes
1140 4515 1155 4533 .
1194 4487 1330 4538 quos
1373 4473 1515 4525 inter
1555 4475 1771 4540 plurimi

174 4546 439 4597 exstitere
464 4544 660 4605 Sancti,
690 4542 822 4609 Noe,
854 4544 1142 4604 Abraham,
1169 4543 1397 4613 Moyses,
1424 4542 1612 4605 David,
1638 4552 1771 4608 ctc.,

176 4617 258 4665 ira
311 4615 408 4667 Dei
457 4616 796 4681 pertineret,
849 4612 1044 4667 frustra
1088 4612 1469 4667 obsistentibus
1499 4626 1569 4667 tot
1602 4624 1774 4669 tanto-

174 4701 410 4752 rumque
438 4686 675 4737 virorum
702 4685 906 4738 meritis
932 4697 1091 4752 atque
1118 4684 1401 4738 virtutibus
1424 4701 1439 4738 :
1468 4686 1606 4750 quod
1638 4686 1769 4739 divi-

179 4772 265 4808 ιιι
290 4758 602 4810 εἰειιιθιιιίτε
634 4764 907 4825 repugnat.
943 4754 1153 4809 Primus
1175 4754 1351 4823 justus
1381 4756 1512 4809 Abel
1549 4755 1770 4821 primam

175 4828 487 4893 κερνᾶς-ει
512 4827 700 4879 alienae
729 4827 997 4895 injustitite
1024 4825 1347 4888 vindictam;
1374 4826 1510 4890 quod
1539 4829 1772 4889 cogitatu

176 4897 335 4950 nefas
365 4910 473 4950 est.
512 4896 759 4950 Diabolus
790 4897 989 4966 peccati
1022 4899 1225 4964 primus
1264 4906 1452 4949 auctor
1488 4905 1647 4964 atque
1692 4899 1773 4950 in-

175 4977 403 5031 centor,
450 4969 773 5033 pcr~titisset
818 4967 1164 5021 nihilominus
1197 4967 1543 5030 immortalis;
1573 4967 1712 5034 quod
1741 4984 1772 5022 a

178 5044 392 5092 ratione
422 5039 659 5091 alienum
692 5049 772 5092 est
829 5039 1010 5092 Enoclt
1054 5049 1295 5091 mortuus
1340 5054 1445 5090 non
1492 5050 1605 5101 est,
1650 5053 1771 5092 cum

179 5116 249 5161 stt
284 5122 465 5163 tamen
494 5109 780 5163 virtutibus
810 5109 965 5176 longe
994 5110 1216 5163 interior
1246 5108 1448 5179 Moyse,
1476 5112 1774 5175 pr0phetis,

180 5180 467 5244 apostolis.
503 5180 819 5247 ceterisque
848 5194 876 5231 a
912 5181 1075 5234 Paulo
1100 5182 1384 5250 celebratis
1413 5182 1770 5250 martyribus:

184 5251 383 5310 Quibus
427 5252 621 5320 dignus
645 5267 763 5320 non
807 5261 913 5303 erat
957 5251 1178 5304 mundus
1209 5248 1366 5319 (fleb.
1399 5266 1474 5308 xl.
1503 5248 1613 5308 58).
1646 5249 1777 5315 Quae

184 5320 345 5387 igitur
371 5319 601 5387 aquilas
642 5319 772 5385 Dei,
820 5330 913 5374 aut
950 5321 1220 5389 quomodo
1258 5323 1394 5388 apud
1444 5323 1615 5388 ipsum
1670 5336 1774 5373 non

184 5396 320 5446 locet
357 5396 606 5457 acceptio
644 5406 1025 5459 personarum,
1065 5407 1185 5444 cum
1228 5407 1293 5444 ex
1332 5390 1559 5456 posteris
1585 5391 1774 5445 Adami

186 5478 324 5515 unus
349 5466 567 5531 quidam
604 5464 777 5514 tninns
804 5471 1021 5515 sanctus
1051 5462 1348 5527 eriperetur
1393 5470 1599 5525 morte,
1646 5476 1773 5514 san-

181 5536 445 5588 ctioribns
475 5532 779 5587 damnatis?
808 5532 864 5586 Si
899 5546 1043 5585 mors
1072 5547 1225 5601 [mna
1255 5532 1455 5593 peccati
1488 5542 1589 5591 est.
1621 5531 1779 5586 Chri-

180 5618 323 5663 stus,
354 5610 530 5671 potius
556 5604 647 5672 qui
678 5602 1049 5657 sanctissimus
1073 5619 1230 5672 quam
1257 5603 1459 5666 Enoclt,
1483 5603 1572 5670 qni
1608 5603 1781 5655 Initio-

178 5692 261 5729 τις
287 5675 529 5743 Ῑιιειίιίπι,
562 5674 807 5728 debuerit
848 5687 877 5725 a
918 5673 1183 5727 communi
1224 5674 1541 5728 necessitate
1587 5673 1775 5741 eximi,

172 5748 332 5815 juxta
362 5747 639 5814 sapientia!
665 5744 857 5798 divinae
886 5744 1050 5812 leges.

258 5817 388 5872 lude
415 5816 691 5872 concludit
721 5817 1018 5870 naturalem
1050 5830 1170 5868 esse
1198 5814 1504 5869 hominibus
1539 5815 1777 5869 mortali-

1878 3777 2075 3831 tatem;
2122 3766 2282 3835 idque
2326 3767 2595 3828 sapienter
2633 3780 2663 3818 a
2708 3767 2817 3819 Deo
2858 3765 3237 3829 constitutum,
3270 3765 3465 3831 qniopo

1876 3853 1997 3893 cum
2030 3837 2158 3891 u'iie
2192 3837 2261 3890 sit
2293 3837 2449 3890 nobis
2485 3853 2549 3890 ex
2582 3838 2903 3889 mortalitate
2922 3837 2986 3888 ad
3013 3837 3463 3889 immortalitatem

1875 3909 2229 3975 aspirare:ita
2248 3908 2543 3976 ntprimnni
2573 3914 2768 3961 terreni
2793 3919 2839 3959 et
2867 3908 3104 3959 mortalis
3128 3906 3463 3967 Adami,tuni

1873 3978 2067 4032 deinde
2087 3980 2318 4033 ctelestis
2349 3991 2397 4031 et
2431 3980 2749 4030 immortalis
2776 3980 3060 4045 imaginem
3099 3992 3364 4045 geramus.
3404 3977 3462 4027 lit

1873 4050 2272 4103 verotlhristus
2295 4050 2404 4117 ipse
2428 4065 2489 4102 ex
2518 4049 2844 4115 imperfectis
2878 4050 2941 4101 ad
2981 4046 3210 4109 perlecta
3247 4062 3465 4113 progre-

1885 4120 2133 4174 diendum
2158 4135 2296 4187 esse,
2321 4123 2570 4188 exemplo
2596 4135 2694 4173 Sno
2717 4120 3029 4172 inittstravit
3054 4135 3065 4168 :
3094 4134 3212 4169 nam
3241 4117 3464 4180 primum

1876 4205 1935 4245 Se
1973 4200 2174 4244 natura:
2216 4193 2452 4260 legisque
2494 4192 2798 4244 ttcm‘ssitati
2837 4187 3110 4260 submisit,
3139 4202 3361 4260 nascens
3401 4203 3464 4239 cx

1878 4261 2122 4327 muliere,
2156 4257 2451 4332 augescens
2487 4265 2807 4323 crementis,
2839 4258 3188 4332 circumcisus
3209 4298 3224 4316 ,
3254 4257 3463 4309 oblatus

1880 4332 1931 4384 in
1961 4334 2179 4401 templo,
2214 4329 2515 4400 parentibus
2542 4332 2822 4393 obtulit-ns,
2858 4344 2910 4383 et
2944 4329 3155 4383 tandem
3203 4338 3465 4383 mortuus.

1880 4401 2086 4456 Deinde
2119 4415 2321 4456 natura:
2364 4404 2598 4470 iugisque
2627 4401 2909 4454 Dominum
2953 4414 3010 4454 se
3043 4401 3314 4470 ostendit,
3344 4416 3464 4453 cum

1864 4473 2196 4526 immortalis
2224 4468 2453 4526 surrexit
2486 4468 2752 4538 sepulcro,
2781 4485 2834 4525 et
2863 4470 2929 4525 ad
2972 4471 3244 4525 dexteram
3291 4468 3463 4524 Patris

1880 4543 2203 4597 consiitutus
2246 4547 2480 4595 omnium
2527 4551 2790 4607 potestate
2830 4547 3044 4611 potitur.
3082 4543 3159 4595 A-I
3200 4546 3309 4593 tia-c
3340 4556 3464 4594 con-

1881 4614 2069 4679 tendil,
2102 4630 2165 4667 ex
2194 4629 2261 4668 eo
2292 4613 2432 4684 quod
2464 4612 2693 4666 Verbum
2719 4628 2838 4665 cuiu
2867 4624 3056 4666 natttra
3088 4616 3463 4666 mortalitatem

1878 4686 2250 4753 assumpserit,
2286 4699 2381 4738 nec
2406 4695 2579 4737 tamen
2611 4685 2960 4749 assumpserit
2992 4698 3262 4750 peccatum
3284 4723 3296 4744 ,
3333 4700 3465 4734 ron-

1881 4756 1965 4808 iici
2014 4756 2390 4809 mortalitatem
2443 4756 2495 4808 in
2540 4765 2723 4807 natura
2778 4769 2919 4819 esse,
2963 4762 3236 4822 peccatum
3267 4753 3317 4804 iit
3352 4753 3463 4806 sola

1882 4826 2172 4880 voluntate.

1950 4893 1977 4932 ἀ
2013 4896 2294 4960 Incertum,
2328 4894 2391 4949 ad
2418 4910 2576 4964 quem
2601 4910 2631 4949 e
2658 4894 2867 4948 duobus
2910 4893 3216 4947 doctoribus
3255 4904 3461 4959 spectet

1879 4967 2073 5021 oratio.
2109 4966 2462 5031 Exprobratio
2487 4966 2627 5019 enim
2660 4980 2779 5034 quae
2808 4966 3073 5032 sequitur,
3105 4980 3295 5031 nempe
3321 4965 3461 5032 quod

1880 5049 2117 5093 assertor
2143 5039 2232 5092 ille
2264 5037 2465 5104 peccati
2492 5036 2788 5105 originalis,
2823 5037 2888 5087 ab
2921 5035 3135 5087 Infantia
3168 5050 3345 5085 sai-ras
3379 5036 3462 5086 lit-

1880 5117 2023 5163 teras
2053 5124 2161 5162 non
2191 5106 2461 5171 didicerit,
2495 5120 2547 5160 ut
2586 5118 2803 5171 tango-re
2853 5105 3022 5173 possit
3055 5105 3459 5176 llieronynunu,

1879 5179 2328 5247 quemadmodum
2363 5189 2506 5247 patet
2548 5193 2611 5231 ex
2661 5178 2852 5230 Photio
2878 5218 2893 5239 ,
2943 5177 3133 5231 melius
3164 5189 3356 5247 tamen
3414 5179 3464 5230 in

1883 5251 2234 5317 Augustinum
2260 5246 2422 5310 cadit,
2450 5248 2601 5317 juxta
2636 5259 2867 5300 mentem
2905 5246 3197 5307 Theodori,
3240 5256 3330 5299 aut
3370 5247 3460 5298 ini-

1879 5322 2048 5389 perite
2084 5332 2174 5373 aut
2203 5320 2433 5388 maligne
2465 5320 2642 5386 p0titts
2670 5319 2973 5389 loquentis:
3008 5319 3145 5370 sicut
3165 5327 3220 5370 et
3243 5317 3370 5370 illud
3403 5318 3467 5371 ile

1879 5388 2132 5460 potentia:
2182 5401 2327 5443 motu
2375 5391 2655 5446 intentato.
2704 5388 2833 5442 Nam
2899 5399 3180 5460 utrumque
3209 5389 3465 5460 _tnaxiine

1879 5457 2220 5516 sanctissimo
2247 5461 2453 5514 doctori
2482 5476 2576 5527 per
2608 5461 2929 5512 calumniam
2969 5457 3167 5524 olijecit
3201 5457 3461 5523 Julianus,

1878 5535 1966 5599 qui
1996 5532 2062 5586 ad
2090 5532 2431 5586 Theodorum
2456 5532 2523 5583 de
2554 5532 2868 5598 Augustino,
2900 5529 3113 5599 scriptis
3142 5532 3368 5593 primum
3402 5544 3462 5599 ex

1879 5597 2190 5665 Occidente,
2220 5600 2415 5655 deinde
2441 5597 2686 5654 familiari
2710 5615 2959 5653 sermone
2983 5602 3032 5650 in
3054 5597 3234 5651 Cilicia
3266 5598 3461 5651 retulit.

1955 5682 1977 5710 ε
2002 5673 2180 5736 Noris,
2213 5673 2502 5743 proposuit,
2536 5676 2794 5743 contraria
2823 5669 3050 5743 uidelicet
3083 5669 3206 5737 ipsis
3240 5666 3469 5743 Scriptu-

1877 5759 1952 5796 ra:
1979 5739 2321 5811 dogmatibus,
2353 5759 2466 5811 qua:
2503 5743 2735 5812 pluribus
2772 5741 3093 5811 impudenter
3134 5739 3467 5807 exprompsit.

1879 5815 2073 5869 Bswz.
