3996 6184
462 261 555 318 231

458 382 629 435 Adam
653 422 666 441 ,
697 390 767 434 sit
796 383 984 435 horum
1016 381 1531 447 sapientissimorum
1565 382 1773 455 [linluz.
1797 386 1921 439 add.
1952 383 2031 455 et]
2064 395 2107 448 Λ

461 472 562 525 ista
595 474 903 538 restiousio,
934 472 1074 540 quod
1114 472 1217 527 hoc
1261 474 1661 529 insanissimum
1702 487 1821 541 est,
1855 480 1937 531 vel
1984 480 2034 531 in

461 563 782 631 cogitatione
838 562 1154 630 percipere,
1205 563 1546 617 manifestum
1602 574 1728 628 est,
1784 570 1925 637 quod
1981 581 2033 623 et

457 665 797 722 peccaturum
843 668 964 706 eum
1020 665 1276 717 noverat,
1325 666 1377 708 et
1431 669 1652 725 propter
1698 657 1799 712 hoc
1852 660 2031 726 procul

453 743 616 797 dubio
648 742 983 797 moriturum.
1018 745 1297 811 Quomodo
1340 760 1467 815 ergo
1510 762 1615 800 non
1656 758 1739 800 est
1777 760 2034 803 extrema:

452 833 737 887 dementia:
764 832 987 886 credere
1016 833 1157 903 quod
1193 835 1440 899 primitus
1468 851 1590 889 cum
1618 845 1641 872 ³·
1670 837 2030 892 immortalem

452 934 509 988 in
540 947 634 985 sex
668 933 827 985 horas
858 931 1079 1003 [Baluz.
1113 934 1278 1005 horis]
1312 934 1501 990 fecerit
1532 936 1688 1006 (nam
1724 948 1884 993 tanta:
1913 941 2028 995 lue-

451 1043 579 1087 runt
608 1047 638 1085 a
668 1032 979 1087 conditione
1026 1032 1141 1101 ejus
1185 1047 1354 1102 usque
1397 1034 1462 1088 ad
1497 1034 1523 1072 δ
1554 1039 1987 1093 commissionem
2010 1082 2027 1106 ,

448 1137 884 1207 quandoquidem
928 1147 1085 1191 sexto
1129 1138 1215 1192 die
1264 1136 1434 1194 factus
1481 1155 1513 1195 e
1559 1152 1734 1208 terra,
1766 1152 1820 1198 et
1848 1160 2028 1199 come-

447 1238 581 1292 dens
608 1249 792 1291 contra
821 1238 1060 1291 divinum
1092 1238 1399 1293 mandatum
1422 1281 1436 1306 ,
1464 1240 1533 1295 de
1565 1242 1813 1310 paradiso
1838 1245 2029 1313 pulsus

447 1336 578 1408 est),
612 1337 892 1390 mortalem
924 1352 1053 1391 vero
1085 1348 1206 1406 post
1238 1350 1516 1408 peccatum
1551 1346 1974 1399 monstraverit?

516 1435 571 1488 2.
620 1438 837 1489 Certum
885 1446 967 1489 est
1008 1440 1188 1502 enim,
1231 1442 1353 1509 quia
1400 1442 1447 1495 si
1495 1458 1619 1497 eum
1663 1444 2023 1502 immortalem

445 1551 568 1590 esse
609 1537 902 1599 voluisset,
935 1552 1003 1590 ne
1035 1537 1207 1604 ipsum
1238 1539 1455 1608 quidem
1501 1542 1838 1599 intercedens
1879 1546 2024 1618 [Ba-

442 1640 548 1692 luz.
576 1656 671 1693 nec
701 1640 1064 1712 interc-edens]
1095 1656 1370 1713 peccatum
1400 1646 1494 1701 Dei
1524 1649 1847 1703 sententiam
1876 1666 2025 1704 com-

1008 268 1099 325 AD
1145 266 1403 325 PRIMAM
1443 264 1726 324 PARTEM
1764 270 2046 327 OPERIJM
2088 273 2277 329 MAR“
2317 274 2759 334 MERCATORIS
2797 278 3165 335 APPENDIX.

3610 285 3726 341 9.31

2335 388 2754 444 EXCERI’TUM
2798 390 3132 456 QUARTUM
3171 392 3517 447 TllEODURl

2143 481 2384 535 Secundo
2409 484 2581 535 codice
2610 499 2672 536 ea:
2700 484 2829 537 libro
2861 486 3038 548 tertio,
3084 486 3212 554 [alio
3249 488 3490 558 vigesimo
3516 490 3719 555 quinto.

2213 576 2260 627 l.
2297 585 2319 612 ε
2354 575 2467 628 Non
2499 577 2640 629 enim
2665 618 2677 637 ,
2714 577 2921 645 inquit.
2965 577 3048 631 liis
3091 582 3179 648 qui
3218 581 3286 632 ali
3329 581 3498 636 Adam
3547 600 3721 655 usque

2138 673 2203 715 at
2235 664 2520 717 adventum
2551 665 2750 719 Christi
2797 667 3005 719 Domini
3053 668 3105 720 in
3151 669 3315 722 tantis
3360 670 3574 726 luerunt
3613 675 3719 728 int-

2140 756 2435 824 pietatibus
2482 767 2537 811 et
2587 758 2960 827 iniquitatibus
3005 772 3234 829 quantas
3280 762 3468 815 beatus
3514 764 3717 820 Paulus

2139 848 2369 916 propriis
2419 850 2600 903 verbis
2646 851 2953 919 expressit,
3010 860 3071 904 ut
3122 852 3173 905 in
3226 854 3593 922 superioribus
3643 873 3713 911 ex

2135 941 2250 1008 ejus
2294 942 2625 995 declaratum
2667 942 2925 1004 vocibus,
2960 953 3229 1014 tamquam
3262 962 3510 1015 magnum
3549 948 3711 1017 quid-

2133 1031 2254 1084 dam
2286 1034 2690 1087 resurrectionis
2729 1034 3020 1089 collaturus
3063 1044 3147 1089 est
3186 1038 3500 1104 praemium,
3530 1043 3573 1092 si
3614 1054 3715 1095 eos

2132 1120 2413 1190 suppliciis
2456 1122 2777 1191 quibusdam
2819 1124 2935 1179 sine
2975 1126 3080 1179 line
3119 1136 3172 1179 et
3212 1127 3329 1180 sine
3368 1132 3709 1183 correctione

2133 1216 2431 1269 tradiderit.
2465 1215 2595 1269 Nam
2638 1215 2725 1269 ubi
2768 1218 2876 1284 jam
2927 1218 3045 1271 loco
3097 1218 3335 1271 innueris
3382 1222 3710 1276 resurrectio

2134 1307 2407 1377 potabitur
2434 1308 2651 1380 [Boium
2680 1309 3111 1381 m-mputabitur]
3133 1351 3148 1373 ,
3178 1311 3221 1366 si
3254 1325 3407 1380 poena
3438 1314 3555 1367 sine
3582 1329 3707 1368 cor-

2131 1402 2369 1454 rectione
2397 1400 2798 1470 resurgentibus
2830 1401 3090 1455 inferatur
3114 1402 3138 1455 ἲ

2200 1492 2253 1545 2.
2286 1492 2350 1545 Et
2379 1502 2490 1560 post
2518 1493 2805 1561 paululum.
2838 1493 2999 1559 Quis,
3029 1494 3234 1562 inquit,
3264 1494 3334 1547 ita
3362 1495 3612 1559 demens,
3646 1508 3705 1549 ιιι

2131 1598 2333 1641 tantum
2375 1585 2573 1640 bonum
2604 1587 2790 1640 credat
2820 1586 3097 1640 materiam
3135 1586 3250 1640 fieri
3296 1590 3704 1658 resurgentibus

2129 1678 2320 1732 infiniti
2370 1677 2655 1748 supplicii,
2703 1678 2894 1747 quibus
2940 1677 3124 1731 utilius
3171 1685 3290 1731 erat
3329 1680 3549 1732 omnino
3591 1694 3702 1732 non

444 1749 747 1841 "uitasset;
800 1740 922 1809 (illia
972 1757 1070 1836 ξιθθ
1116 1743 1387 1798 ἀίκδθ¹¹¹¹¹¹
1440 1745 1565 1801 rec"
1614 1763 1680 1803 επ
1730 1751 2017 1805 ίη¹¹¹¹⁰⁹¹³η
2050 1770 2095 1829 Β
2122 1787 2381 1839 surgere,
2412 1740 2569 1841 quam
2603 1740 2873 1825 tantorum
2915 1779 2969 1824 et
3011 1770 3193 1823 talium
3236 1771 3534 1835 malorum,
3579 1784 3702 1840 post

440 1839 728 1892 mortalem
756 1880 771 1901 ,
802 1851 857 1894 et
889 1821 1103 1910 quidem
1139 1855 1454 1899 cunctorum
1484 1847 1749 1902 malorum
1780 1852 2019 1905 existen-

438 1951 545 1994 tcm
579 1941 920 2010 principium.

2124 1864 2610 1929 resurrectionem,
2663 1862 2764 1917 sub
2813 1862 3035 1917 inﬁnitis
3083 1863 3256 1932 ptenis
3296 1863 3693 1932 experientiam

2120 1955 2389 2010 sustinere
2410 1956 2432 2008 ?

1593 2062 2139 2123 CASTIGATIUNES
2180 2067 2266 2122 ET
2304 2065 2535 2123 NOTAE.

436 2161 553 2223 rum
582 2163 598 2201 :
633 2148 703 2199 ita
728 2162 872 2223 _v_e.ro
903 2149 1269 2223 restituendus
1304 2169 1317 2203 :
1369 2151 1634 2223 Numquid
1686 2168 2007 2221 peccaturum

438 2220 575 2269 Deus
606 2219 849 2293 nesciebat
878 2220 1079 2273 Adam?
1106 2221 1210 2273 Sed
1238 2238 1350 2273 curn
1378 2225 1445 2293 sit
1476 2219 1659 2277 horum
1687 2219 2009 2293 sapientissi-

435 2303 634 2339 morum
665 2298 709 2340 et
740 2290 838 2340 ista
870 2292 1131 2359 responsio
1155 2331 1169 2352 ,
1200 2295 1334 2355 quod
1365 2292 1459 2347 hoc
1488 2290 1866 2347 insanissimum
1894 2309 1968 2351 est
1992 2338 2007 2360 ,

433 2360 508 2409 vel
539 2360 589 2431 i_n
617 2360 921 2429 cogitatione
950 2364 1226 2430 percipere,
1258 2365 1582 2431 manifestum
1612 2376 1687 2418 est
1708 2406 1720 2424 .
1756 2379 1859 2418 etc.

504 2436 528 2501 εξ
553 2428 704 2482 Licet
726 2428 977 2501 agnoscat
997 2428 1336 2485 ititmortalent
1355 2428 1533 2487 veram
1558 2450 1676 2488 esse
1701 2438 2004 2501 lcetiottem,

431 2499 829 2573 retittet_ta_tnet|
861 2500 1110 2573 llaluzius
1138 2503 1438 2569 mortalem,
1468 2520 1626 2573 quam
1659 2507 1859 2560 habent
1889 2499 2002 2561 0m;

433 2583 529 2619 nes
558 2569 647 2621 alii
681 2569 824 2621 lihrt.
861 2570 1013 2621 Ευιτ.

501 2636 527 2675 δ
572 2636 651 2691 lta
698 2641 867 2692 codex
924 2639 1248 2705 Vaticanus;
1301 2652 1353 2694 at
1403 2644 1797 2700 Bellovacensis
1848 2647 2006 2701 habet

426 2709 873 2787 commixtionem.‘
907 2709 1166 2787 Henricus
1192 2715 1273 2787 Δμθ
1318 2712 1513 2779 Noris,
1565 2728 1756 2779 putans
1800 2718 1999 2787 aliquid

427 2779 617 2856 deesse
648 2778 699 2856 in
727 2779 833 2856 hoc
864 2780 979 2856 loco
1001 2818 1013 2837 ,
1044 2780 1251 2856 addidit
1282 2798 1463 2837 vocem
1501 2778 1722 2852 peccati.
1771 2778 2001 2856 Ego-la-

429 2848 530 2901 cile
556 2847 876 2901 crediderim
909 2851 1188 2917 legendum
1219 2866 1339 2907 esse
1379 2847 1752 2910 comestionem.
1796 2847 1998 2913 linus.

2189 2170 2209 2195 ο
2255 2158 2605 2222 Theodorus,
2655 2159 2865 2227 opinor,
2916 2158 3065 2226 quasi
3114 2160 3397 2212 miraretur
3439 2174 3535 2227 pro
3584 2158 3694 2211 im-

2116 2231 2445 2282 tnoualitale
2481 2230 2685 2282 Adamo
2715 2232 2980 2282 innocenti
3012 2230 3299 2282 asserenda
3332 2231 3693 2297 Augustinum

2116 2299 2279 2352 tmuis
2308 2300 2510 2352 viribus
2545 2315 2777 2369 pugnare
2797 2342 2811 2363 ,
2842 2310 3067 2353 conatus
3098 2312 3179 2352 est
3213 2301 3440 2367 probare
3472 2301 3697 2352 immor-

2114 2370 2373 2421 talilatetu
2418 2386 2509 2427 per
2550 2385 2607 2422 se
2649 2369 3029 2423 numerandum
3076 2384 3180 2422 non
3230 2385 3351 2422 esse
3394 2370 3445 2422 iu
3490 2369 3688 2433 bonis,

2111 2440 2205 2516 sed
2233 2438 2373 2493 inter
2395 2438 2676 2516 ἀδιάφορα,
2710 2440 3020 2516 nee-magni
3051 2438 3389 2516 iaciendum,
3424 2438 3525 2491 nisi
3557 2454 3697 2516 con-

2106 2509 2497 2577 jnugaturcum
2523 2509 2966 2577 inipeccahilitate
2989 2524 3035 2562 et
3060 2509 3399 2563 beatitudinis
3433 2509 3691 2576 pramio;

2109 2580 2535 2648 quandoquidem
2587 2581 2718 2648 ipsis
2760 2596 2971 2648 quoque
3016 2580 3194 2644 impiis
3239 2580 3687 2633 communicanda

2108 2661 2191 2702 est
2214 2690 2227 2711 ,
2258 2650 2323 2702 ad
2358 2654 2743 2704 incrementum
2776 2650 3023 2718 supplicii
3053 2666 3067 2713 ;
3098 2664 3202 2702 non
3235 2648 3689 2703 communicanda

2110 2720 2330 2787 utique,
2362 2722 2406 2773 si
2454 2732 2656 2774 tantum
2689 2734 2831 2773 esset
2862 2722 3057 2790 lmltutn
3088 2730 3341 2790 quantum
3374 2734 3404 2772 a
3433 2718 3693 2774 delenSo-

2106 2794 2254 2844 ribus
2287 2794 2490 2858 peccati
2520 2792 2792 2859 originalis
2822 2789 3042 2845 dicitur.

1227 3080 2189 3193 APPENDIX
2261 3082 2874 3194 PRIMA

1631 3271 1737 3331 AD
1794 3269 2117 3334 PARTEM
2161 3274 2349 3334 PRIM
2360 3275 2472 3334 AM

732 3427 1455 3557 OPERUM
1549 3433 2063 3563 MARII
2158 3429 3360 3574 MERCATORIS,

1865 3648 2205 3712 Complectens
2224 3662 2236 3696 :

419 3764 771 3853 Ερίειοίαιῖι
802 3769 1117 3853 Anastasii
1138 3790 1317 3853 papa:
1342 3772 1422 3832 ad
1447 3776 1751 3835 Joannem
1774 3776 2409 3853 Hierosolymitanum
2428 3774 2498 3833 de
2530 3775 2757 3848 Ruﬁno
2782 3767 3183 3853 Aquilefensi.
3202 3762 3477 3853 φιτ.ῖίἀεί
3508 3766 3686 3825 I’ro—

708 3848 1027 3923 fessionem
1054 3844 1377 3911 duodecim
1401 3856 1925 3915 anathematismis
1957 3844 2335 3914 constantem
2362 3872 2541 3931 quam
2575 3844 3113 3931 Itiiﬁnus'quidam
3141 3844 3332 3903 edidit

1760 4136 1790 4174 ³
1830 4130 2346 4203 EPISTOLA

412 4281 748 4334 ANASTASII
800 4284 1080 4336 ROMANE
1135 4285 1319 4335 URBIS
1355 4285 1636 4335 EPISCOPI
1704 4286 1790 4333 Al)
1842 4285 2131 4335 JOANNE“
2187 4286 2776 4337 HIEROSOLYMORUM
2815 4288 3161 4339 EPISCOPUM
3222 4290 3679 4340 RESCRIBENTIS

1638 4368 1841 4417 SUPER
1877 4368 2119 4419 NOMINE
2160 4369 2497 4419 COELESTII.

494 4472 736 4538 Quamvis
767 4474 873 4524 hmc
904 4471 1121 4538 cpistola
1164 4474 1291 4525 nihil
1330 4472 1587 4524 contineat
1628 4472 1773 4539 afﬁne
1813 4470 2020 4523 hwresis
2062 4468 2379 4537 Pelagianae.
2422 4470 2568 4523 habet
2613 4480 2778 4522 (unum
2821 4472 2977 4522 multa
3027 4472 3287 4524 observata
3318 4472 3490 4539 digna,
3523 4480 3573 4523 et
3607 4474 3687 4525 ad

414 4544 680 4596 historiam
709 4560 809 4595 non
843 4559 1023 4603 parum
1048 4544 1415 4606 conducentia;
1465 4544 1675 4607 ideoque
1704 4544 1810 4593 visa
1851 4555 2049 4611 estnon
2081 4542 2369 4611 abjicienda
2396 4542 2637 4611 omnino,
2657 4541 2787 4593 velut
2819 4555 3080 4603 extranea,
3112 4545 3199 4593 sed
3230 4544 3281 4594 in
3314 4544 3446 4593 hunc
3477 4552 3685 4605 postre-

413 4631 549 4665 mum
572 4614 737 4667 locum
766 4613 1068 4683 rejiciemla,
1102 4613 1217 4664 licet
1245 4617 1295 4665 in
1338 4612 1700 4678 manuscriptis
1744 4609 2006 4683 codicibus
2030 4609 2254 4683 primmn
2305 4612 2541 4683 obtineat.
2588 4610 2697 4663 Nec
2741 4612 2874 4662 enim
2914 4629 3073 4680 iptum
3115 4613 3296 4676 opinor
3320 4629 3350 4663 α
3380 4611 3684 4683 Mercatore

410 4686 520 4736 suis
552 4684 784 4750 aperibns
814 4679 1110 4749 prie/imum,
1139 4684 1327 4753 quippe
1354 4700 1465 4751 qui?
1495 4683 1561 4732 nd
1590 4698 1692 4734 rem
1722 4682 1824 4732 sive
1861 4680 2213 4753 Pelagianam.
2245 4683 2351 4733 sive
2396 4679 2756 4733 Nestorianam
2805 4679 2996 4747 furiat;
3026 4682 3113 4732 scd
3142 4700 3171 4732 a
3201 4684 3471 4753 collectore
3499 4682 3689 4748 aliquo

413 4771 513 4805 non
545 4756 908 4815 eruditissimo,
954 4757 1034 4804 cui
1066 4769 1181 4804 cum
1218 4750 1391 4804 nullus
1432 4753 1650 4817 Ruﬁnus
1688 4762 1870 4821 prteter
1900 4750 2301 4819 Aquileienscm,
2344 4760 2495 4803 notus
2537 4752 2694 4817 foret.
2741 4758 2909 4802 statim
2937 4770 2996 4803 ac
3023 4753 3243 4803 occurrit
3274 4752 3449 4820 Ruﬁni
3489 4767 3688 4805 nomen

408 4825 845 4877 anathematismis
875 4824 1163 4889 prwlatum,
1198 4835 1471 4892 utrumque
1496 4838 1622 4892 opus
1651 4828 1717 4873 ait
1746 4838 1903 4873 unum
1935 4822 2265 4892 eamdemque
2292 4834 2433 4874 ratus
2473 4834 2547 4874 est
2580 4821 2828 4887 Ruﬁnum
2860 4833 3130 4889 pertinere.

482 4981 532 5033 l.
566 4980 806 5032 Prohatte
828 4980 1039 5047 quidem
1067 4978 1365 5033 affectionis
1385 4980 1610 5045 esthoc,
1632 4993 1692 5034 ut
1713 4981 1779 5034 de
1802 4995 1985 5033 sacer-
2013 4983 2057 5045 C
2090 4979 2381 5050 prmconio,
2435 4980 2574 5049 quod
2624 4980 2891 5032 immerito
2923 4979 2975 5031 in
3009 4995 3094 5031 me
3122 4978 3500 5031 ell‘usissimum
3531 4994 3678 5033 con-

406 5072 534 5124 dote
565 5072 815 5122 Sacerdos
847 5070 1185 5124 laudabiliter
1211 5073 1470 5141 loquaris.
1502 5072 1602 5126 Pro
1644 5082 1789 5125 tanto
1819 5074 1981 5142 igitur

2089 5073 2279 5137 tulisti,
2310 5082 2362 5127 ut
2392 5073 2561 5125 amori
2595 5085 2683 5124 tuo
2712 5072 2911 5140 gratias
2942 5087 3060 5140 ago,
3089 5073 3158 5123 ita
3189 5072 3286 5138 sph
3308 5072 3529 5123 ndorem
3564 5082 3682 5126 tua:

1566 5186 2015 5242 CASTIGA'I‘ION
2027 5186 2105 5242 ES
2147 5186 2237 5240 ΕΤ
2277 5185 2504 5239 NOTAE.

476 5288 501 5317 ⁸
522 5279 688 5348 llujus
713 5282 950 5333 meminit
976 5282 1330 5352 llieronymns
1357 5282 1407 5352 in
1433 5281 1686 5351 Apologia
1716 5283 1973 5335 adversus

408 5350 678 5412 Rulhnnn,
708 5367 863 5413 quem
898 5354 964 5402 ita
1000 5350 1329 5420 alloquitur:
1363 5351 1467 5404 Cur
1488 5350 1832 5405 translaturus
1871 5354 1977 5404 Ine-

403 5422 582 5492 retica,
613 5420 665 5472 in
689 5420 1033 5492 defensionem
1065 5438 1240 5474 eorum
1267 5424 1533 5492 prtcmittis
1555 5423 1700 5490 quasi
1733 5423 1973 5490 martyris

402 5490 675 5561 librum,et
698 5491 751 5541 id
778 5491 1021 5543 Romanis
1051 5490 1493 5561 auribus-ingeris,
1509 5493 1643 5561 quod
1666 5494 1973 5544 translatum

402 5570 536 5632 totus
551 5560 683 5612 orbis
697 5563 934 5629 expavit?
946 5563 1045 5613 Aul
1063 5573 1194 5616 certe
1210 5564 1252 5615 si
1271 5560 1384 5615 ideo
1405 5563 1772 5632 interpretaris,
1786 5573 1839 5615 ut
1860 5579 1974 5614 eum

400 5630 692 5683 hwrt'ticunt
714 5646 925 5699 arguas,
952 5634 1079 5685 nihil
1101 5634 1165 5685 de
1193 5632 1372 5692 Graeco
1400 5630 1582 5697 mntis,
1611 5645 1655 5686 et
1683 5633 1779 5685 hoc
1807 5636 1974 5701 ipsum

399 5701 702 5769 irwfutione
730 5711 939 5766 testare,
983 5704 1122 5767 quod
1151 5705 1546 5768 prudentissime
1586 5721 1721 5769 papa
1754 5701 1977 5769 Anasta-

2082 5282 2266 5334 sinsin
2296 5280 2511 5348 epistola
2554 5296 2704 5346 quam
2747 5289 2923 5330 comm
2972 5290 3016 5331 te
3047 5280 3218 5330 scribit
3260 5279 3328 5329 ad
3372 5278 3680 5348 episcopum

2079 5350 2352 5413 Joanmm,
2382 5367 2474 5402 suo
2507 5366 2737 5403 sermone
2769 5348 3070 5412 complexus
3097 5360 3190 5400 est.
3222 5349 3461 5401 Meminit
3498 5349 3676 5402 etiam

2081 5422 2414 5475 Ju~tinianus
2461 5420 2772 5485 imperator,
2816 5435 2910 5471 seu
2959 5418 3136 5484 potius
3168 5418 3499 5485 Theophilus
3542 5420 3682 5471 Alc-

2082 5492 2375 5544 xandrinus
2413 5506 2440 5543 a
2481 5490 2783 5543 Justiniauo
2825 5488 3070 5542 laudatus
3113 5490 3162 5543 in
3200 5491 3423 5556 cpistola
3450 5489 3515 5541 ad
3550 5487 3679 5541 ble-

2082 5578 2254 5625 nam.,
2288 5570 2348 5615 ut
2378 5575 2497 5614 mox
2526 5563 2756 5613 dicetur.
3540 5618 3545 5621 ν

2155 5630 2328 5700 Ipsam
2376 5632 2443 5683 ab
2510 5631 2835 5699 Ilieronymo
2885 5627 3217 5700 querebatur
3286 5627 3681 5700 Rnlinns__t_rel

2082 5694 2359 5767 scriptam,
2389 5701 2471 5769 re]
2518 5694 3074 5767 suppositamfunde
3119 5698 3479 5765 Hieronymus
3525 5694 3682 5763 (Ubi
