3996 6186
502 336 607 395 9-55

1003 346 1091 399 Αἰ)
1133 343 1394 396 ιιιιηιλλῐ
1435 340 1714 395 PARTEM
1757 338 2037 393 OPEltUM

2190 336 2632 391 MERCATORIS
2676 341 2712 387 Α
2726 336 2897 390 l’PEN
2910 335 3019 389 DIX
3062 336 3291 392 PRIMA.

3634 339 3744 396 236

502 481 598 531 par
640 478 760 516 esse
811 461 1016 515 meritis
1065 471 1244 510 sermo
1297 469 1401 507 non
1456 454 1645 521 possit.
1680 454 1847 506 Porro
1892 462 2067 504 autem
2100 459 2144 513 Α
2179 450 2451 514 patefecit,
2483 449 2767 517 quamdam
2812 449 2955 517 puris
3004 450 3272 504 mentibus
3297 450 3459 505 veluti
3492 452 3743 506 nebulam

500 566 647 611 tanto
672 554 944 606 titulorum
979 560 1188 598 tuorum
1209 547 1390 613 rapior
1412 544 1780 607 incitamento,
1801 552 1857 594 ut
1884 542 2063 606 etiam,

498 643 635 711 quod
665 642 883 704 imp'ere
914 651 1142 703 nequeo,
1183 635 1380 687 audere
1408 649 1510 687 non
1542 633 1807 687 desinam.

564 729 618 780 2.
648 728 765 779 Jatn
798 728 898 776 hoc
926 724 994 777 de
1022 722 1267 775 laudibus
1301 723 1403 775 tuis
1433 733 1535 784 est,
1565 724 1705 789 quod
1739 733 1941 776 tantum
1983 737 2067 775 me

491 816 558 867 de
603 814 838 867 caelestis
890 812 1051 865 istius
1097 810 1259 863 animi
1309 810 1604 864 serenitate
1655 810 1906 863 laudasti.
1966 810 2068 864 Tui

489 902 689 959 etenim
730 903 1076 970 episcOpatus
1116 899 1249 952 ordo
1279 898 1592 967 perspicuus
1636 914 1729 967 per
1757 900 2064 955 universum

489 994 675 1049 orbem
716 993 860 1047 velut
905 992 1136 1056 radians,
1182 990 1342 1044 etiam
1385 990 1449 1043 ad
1495 1005 1590 1043 nos
1639 990 1947 1058 splenderis
1990 992 2065 1045 tui

487 1086 679 1139 detulit
715 1084 1013 1137 claritatem
1054 1098 1067 1133 :
1114 1081 1165 1134 itt
1220 1096 1304 1133 me
1353 1080 1548 1148 quippe
1594 1090 1763 1133 totum
1814 1080 2064 1134 amicitiae

487 1178 601 1247 ipse
632 1175 844 1239 tribuis,
874 1172 1108 1227 examini
1140 1172 1271 1225 nihil
1304 1172 1587 1240 relinquis,
1622 1182 1714 1225 aut
1756 1171 1800 1225 si
1826 1172 1947 1240 jure
1978 1187 2064 1227 me

486 1268 695 1330 laudas,
725 1274 782 1319 tu
814 1279 1031 1334 quoque
1058 1262 1219 1316 simili
1249 1272 1435 1315 tenore
1466 1260 1759 1315 laudandus
1792 1276 1869 1315 es.
1895 1262 2063 1315 Obse-

484 1373 579 1412 cro
603 1358 765 1426 igitur
783 1356 852 1409 ob
874 1365 1178 1423 utrumque,
1206 1362 1263 1407 ut
1286 1353 1547 1422 meipsum
1571 1352 1708 1422 apud
1736 1367 1819 1406 me
1842 1354 2061 1407 laudate

484 1450 589 1522 jam
622 1449 837 1502 desinas
862 1464 875 1501 :
900 1446 1097 1514 duplex
1127 1445 1328 1499 etenim
1360 1456 1411 1499 te
1438 1459 1597 1497 causa
1630 1445 1966 1514 constringit,
1995 1462 2059 1499 nc

484 1540 891 1595 consacerdotis
941 1538 1014 1593 tui
1045 1536 1328 1601 sensibus,
1356 1546 1447 1590 aut
1495 1536 1737 1591 dolorem
1772 1536 1904 1590 falsa
1945 1537 2060 1592 laus

483 1632 712 1695 ingerat,
742 1639 834 1683 aut
864 1628 1129 1697 pudorem
1159 1641 1285 1681 vera
1315 1627 1633 1681 succendat.

552 1724 606 1775 5.
656 1722 761 1777 Sed
803 1729 861 1773 ut
902 1719 968 1773 ad
1013 1732 1230 1772 causam
1262 1726 1543 1772 revertar:
1577 1718 1822 1780 Ruﬁnus,
1855 1717 1921 1773 de
1952 1732 2058 1787 quo

479 1829 566 1869 nte
594 1813 875 1866 consulere
904 1811 1154 1880 dignatus
1203 1824 1282 1873 es,
1332 1818 1358 1846 ι
1408 1810 1753 1863 conscientiae
1782 1824 1892 1863 sua:
1921 1810 2058 1863 divi-

481 1922 602 1959 natn
634 1903 799 1957 habet
826 1903 1079 1956 arbitram
1113 1899 1475 1969 maiestatem,
1502 1900 1642 1967 apud
1668 1915 1825 1968 quam
1858 1914 1935 1953 se.
1970 1899 2054 1951 itt-

482 2006 630 2065 legro
662 1992 966 2048 devotionis
997 1990 1197 2058 ofticio,
1233 1990 1346 2059 ipse
1376 1988 1575 2043 viderit
1614 1989 1842 2059 qualiter
1864 1990 2058 2045 debeat

480 2088 803 2159 approbare.

548 2178 599 2230 4.
635 2175 946 2246 ttOrigenes
994 2182 1196 2234 autem,
1243 2172 1396 2241 cujus
1437 2172 1488 2225 in
1540 2179 1776 2225 nostram
1820 2172 2053 2241 linguam

480 2269 774 2337 Composita
807 2266 1087 2328 derivavit,
1118 2272 1271 2317 antea
1306 2272 1360 2316 et
1402 2262 1520 2329 quis
1560 2261 1740 2324 fuerit,
1776 2272 1830 2315 et
1858 2263 1908 2315 in
1937 2278 2055 2330 qua!

478 2361 804 2432 processerit
842 2360 1026 2420 verba,
1075 2366 1319 2409 nostrum
1363 2353 1594 2408 studium
1645 2356 1866 2417 nesciit;
1915 2356 2054 2423 quod

478 2468 605 2507 vero
637 2454 705 2505 sit
749 2450 912 2503 animi
946 2446 1049 2502 mei
1093 2446 1461 2515 propositum,
1497 2460 1618 2500 cum
1650 2454 1737 2499 tua
1780 2446 2057 2515 paulisper

476 2560 640 2614 super
679 2543 778 2595 hoc
807 2540 1081 2595 conferam
1114 2537 1423 2590 sanctitate.

546 2636 601 2689 5,
634 2637 744 2688 lloc
800 2633 963 2701 igitur
1018 2640 1197 2683 mente
1242 2627 1482 2695 concipi,
1516 2636 1537 2664 ο
1570 2626 1721 2681 illum
1768 2628 1857 2696 qui
1908 2628 2055 2684 urbis

476 2740 677 2786 nostra:
720 2726 932 2798 populis
976 2737 1141 2793 opera
1188 2720 1447 2776 translata
1497 2719 1766 2791 Origenis,
1819 2724 2056 2785 lectione

2171 540 2428 593 caecitatis
2454 540 2694 607 injicere,
2723 540 2989 607 fidemque
3012 542 3374 609 apostolorum
3401 553 3453 595 et
3477 544 3743 611 majorum

2173 631 2458 685 traditione
2481 630 2765 696 ﬁrmatam,
2791 632 2937 687 velut
2964 631 3133 686 deviis
3156 634 3264 686 anft
3280 634 3486 689 actibus
3508 636 3747 691 voluisse

2169 722 2481 775 dissnlvere.

2238 816 2291 867 6.
2328 814 2517 866 Dicere
2549 812 2651 867 hoc
2680 814 2800 867 loco
2824 816 2990 870 libet:
3015 816 3150 882 Quid
3182 826 3322 885 aget,
3356 818 3407 871 in
3440 817 3740 875 Romanam

2168 902 2401 971 linguam
2428 906 2525 957 ista
2551 906 2937 959 translatione?
2960 908 3233 975 Approbo,
3255 908 3300 962 si
3322 921 3534 963 accusat
3555 920 3742 967 aucto-

2166 1008 2303 1056 rem,
2331 1000 2383 1048 et
2413 994 2746 1048 exsecranda
2779 994 2997 1061 factum,
3038 1012 3255 1052 exosum
3298 1000 3504 1070 populis
3536 1003 3738 1068 prodit,

2166 1095 2223 1136 ut
2266 1083 2426 1152 justis
2471 1085 2684 1139 tandem
2732 1085 2870 1140 odiis
2916 1094 3164 1142 teneatur
3217 1104 3377 1158 quem
3421 1091 3737 1159 jamdudum

2167 1174 2304 1227 fama
2335 1176 2755 1231 constrinxerat.
2788 1176 2845 1232 Si
2875 1193 3007 1232 vero
3030 1179 3295 1248 interpres
3321 1179 3435 1249 ipse
3463 1189 3737 1237 tantorum

2163 1265 2428 1318 malorum
2456 1267 2731 1321 erroribus
2777 1282 3097 1323 consensum
3149 1281 3363 1338 prestat
3386 1313 3398 1336 ,
3429 1280 3484 1327 et
3512 1272 3735 1341 legenda

2164 1355 2325 1423 impia
2367 1356 2615 1425 dogmata
2664 1358 2841 1425 prodit
2883 1358 2950 1413 ad
2996 1360 3241 1430 populos,
3292 1362 3425 1416 nihil
3473 1364 3617 1418 aliud
3649 1364 3739 1420 sui

2160 1460 2324 1513 opera
2354 1446 2553 1501 laboris
2592 1449 2893 1511 exstruxit,
2927 1450 3029 1505 nisi
3075 1459 3133 1504 ut
3173 1452 3403 1520 propria:
3442 1453 3737 1510 voluntatis

2160 1536 2403 1603 arbitrio,
2424 1536 2556 1600 haac,
2579 1541 2607 1580 (ι
2622 1554 2738 1605 qua:
2757 1540 2897 1604 sola,
2920 1554 3038 1607 qua:
3056 1541 3247 1608 prima,
3266 1557 3379 1609 qua:
3397 1543 3533 1611 apud
3550 1544 3738 1598 catho-

2159 1627 2291 1681 licos
2321 1627 2657 1682 CliriStianos
2687 1644 2810 1683 vera
2843 1629 2966 1695 title,
3004 1631 3111 1698 jam
3145 1631 3265 1684 inde
3294 1630 3359 1686 ab
3390 1633 3645 1700 apostolis
3677 1635 3737 1690 in

2162 1717 2262 1771 hoc
2292 1734 2461 1787 usque
2504 1727 2718 1789 tempus
2750 1730 3023 1786 tenentur,
3055 1721 3211 1775 titulo
3239 1722 3551 1778 assertionis
3576 1739 3737 1779 ever-

2092 1817 2134 1875 ις
2164 1819 2322 1863 teret.

2231 1905 2283 1957 7.
2317 1903 2471 1958 Absit
2495 1904 2596 1958 hoc
2624 1903 2690 1957 ab
2716 1904 2973 1959 Ecclesiae
3006 1902 3259 1959 Romana:
3285 1905 3546 1960 catholica
3571 1904 3737 1960 disci-

2164 1995 2343 2063 plina,
2396 2011 2687 2065 numquam
2735 1996 2976 2065 prolecto
3019 1999 3239 2051 eveniet
3284 1997 3460 2064 aliqua
3509 2007 3565 2050 ut
3607 1995 3737 2052 hinc

2162 2086 2504 2141 adntittamus
2530 2088 2753 2154 ratione,
2779 2103 2897 2156 qua:
2915 2088 3032 2157 jure
3056 2089 3352 2157 meritoque
3378 2088 3689 2142 damnamus
3716 2104 3734 2142 :

2162 2190 2485 2248 quapropter
2534 2179 2647 2245 illa,
2694 2196 2811 2250 qua:
2841 2188 2953 2234 toto
2978 2180 3109 2234 orbe
3139 2179 3329 2235 dill‘usa
3372 2189 3484 2245 est,
3528 2177 3732 2235 Christi

2161 2268 2371 2323 Domini
2402 2270 2571 2325 nosui
2602 2271 2931 2340 providentia
2972 2271 3200 2340 probare
3226 2270 3548 2341 dignabitur,
3581 2271 3734 2324 acci-

2161 2378 2284 2429 pere
2318 2378 2416 2415 nos
2442 2364 2659 2416 omnino
2690 2378 2795 2416 non
2843 2376 3021 2431 posse,
3070 2376 3191 2429 qua:
3222 2361 3516 2415 Ecclesium
3546 2375 3737 2415 macu-

2158 2454 2293 2515 Ιυηι,
2323 2470 2440 2523 qua:
2479 2455 2733 2522 probatos
2775 2470 2952 2508 mores
2990 2463 3256 2520 evertant,
3288 2470 3407 2523 quae
3437 2468 3588 2508 aures
3620 2454 3735 2507 cir-

2158 2546 2537 2598 cumstantium
2566 2547 2867 2611 vulnerent,
2898 2554 2951 2600 et
2972 2545 3163 2615 iurgia,
3193 2545 3298 2600 iras
3326 2545 3735 2601 dissensiones-

2157 2653 2259 2706 que
2286 2637 2593 2705 disponant.

2230 2730 2284 2786 8.
2328 2738 2351 2767 ⁸
2384 2729 2496 2795 Qua
2527 2744 2585 2783 re
2611 2728 2739 2783 moti
2760 2769 2774 2796 ,
2806 2728 3037 2801 Origeuis
3064 2727 3265 2798 quidem
3291 2730 3481 2798 scriptu
3506 2737 3552 2783 et
3576 2742 3735 2782 erro-

1645 2856 2189 2918 CASTIGATIONES
2230 2861 2315 2916 ΕΤ
2353 2861 2579 2918 NOTAE.

547 2982 838 3035 Damnatus
860 2981 1005 3028 certe
1032 2978 1111 3024 cst
1133 2976 1254 3024 ante
1282 2977 1505 3021 mortem
1529 2965 1596 3020 ab
1626 2965 1928 3032 Anastasio,
1954 2982 2046 3021 ac-

475 3049 784 3107 cusantibus
812 3044 1118 3112 Hieronymi
1146 3040 1332 3112 amicis
1357 3056 1370 3103 ;
1394 3039 1906 3112 damnatusquoqste
1931 3048 2047 3106 post

476 3130 703 3177 mortem
734 3133 765 3171 a
790 3109 1026 3177 Gelasio,
1054 3110 1195 3182 quod
1227 3111 1559 3182 delibertate
1588 3109 1793 3182 arbitrii
1822 3120 2041 3162 contra-

2147 2986 2263 3024 rum
2297 2968 2627 3041 dogmatum)
2656 2980 2881 3023 nostrum
2904 2970 3131 3024 studium
3166 2969 3371 3023 nescivit
3395 2986 3412 3035 ;
3440 2969 3575 3041 quod
3601 2986 3727 3025 vero

2148 3042 2211 3093 sit
2261 3043 2417 3093 animi
2464 3044 2564 3094 mei
2612 3044 2958 3111 propositum,
2991 3057 3106 3093 cum
3148 3051 3268 3105 tua,
3298 3047 3399 3111 etc.
3434 3042 3728 3095 Testantur

2152 3112 2292 3163 enim
2327 3124 2532 3165 veteres
2559 3154 2572 3177 ,
2604 3109 2887 3180 Origenem
2918 3112 3117 3165 Latinis
3138 3154 3151 3178 ,
3196 3121 3322 3165 ante
3353 3109 3525 3163 ltulini
3555 3112 3728 3166 inter-

473 3196 553 3249 ria
584 3193 910 3259 Hieronymo
942 3178 1217 3259 sensisset.
1264 3180 1441 3259 Nolim
1476 3193 1577 3248 ego
1617 3179 1866 3259 dirimere
1914 3183 2049 3259 hanc
2078 3178 2121 3240 C
2157 3184 2503 3259 pretationem
2533 3223 2545 3245 ,
2581 3178 2903 3259 incognitum
2936 3180 3105 3235 fuisse
3126 3221 3139 3244 ,
3172 3196 3274 3259 non
3303 3180 3729 3259 quidetnnomnl.

474 3266 655 3325 litem;
687 3250 869 3313 verum
898 3256 1081 3309 credat
1111 3253 1246 3325 forte
1272 3251 1533 3325 quispiam
1560 3287 1573 3312 ,
1620 3264 1716 3325 nec
1756 3250 2044 3325 admodum

476 3320 714 3395 temere,
764 3340 982 3399 propter
1028 3323 1289 3399 masimas
1329 3320 1794 3399 a‘ltullnondatas
1841 3321 2041 3399 laudes,

474 3406 636 3460 etiam
668 3389 947 3453 α’διῖηηὶιίς
971 3393 1326 3462 pontillctbus,
1360 3389 1621 3462 Anastasii
1650 3392 2047 3462 datnuationem

474 3470 934 3527 comminatoriam
968 3460 1130 3518 fuisse
1160 3464 1459 3524 dumtaxat,
1487 3460 1751 3528 justiSque
1778 3461 1845 3511 de
1870 3460 2046 3513 causis

475 3560 582 3597 non
612 3542 847 3595 evasisse
876 3533 1215 3606 postmodum
1245 3531 1300 3584 in
1323 3530 1670 3606 sententiam.
1701 3528 1897 3583 Gelasii
1925 3544 2049 3606 pro:

475 3618 616 3668 tecto
643 3600 915 3665 decretum
948 3623 1049 3659 non
1084 3605 1315 3669 pertinet
1356 3600 1422 3653 ad
1472 3613 1755 3669 personam
1783 3640 1796 3663 ,
1848 3601 1941 3652 sed
1980 3600 2044 3653 ad

477 3684 663 3746 lituos,
692 3694 794 3750 qua
821 3678 1025 3750 ratione
1050 3672 1287 3750 damnati
1324 3679 1647 3750 suntme-pe,
1679 3670 1823 3750 nulli)
1849 3672 2047 3724 sancti-

478 3754 598 3807 tatis
630 3740 942 3821 prtejudicio
964 3746 1061 3821 viri
1093 3744 1327 3821 moribus
1358 3740 1731 3821 probatissimi.
1771 3740 1930 3794 Forte
1956 3758 2045 3821 pa:

474 3826 607 3877 riter
632 3810 1076 3889 'suspectail'uerit
1109 3828 1210 3867 non
1259 3814 1377 3867 sine
1424 3825 1609 3889 causa.
1637 3810 2037 3889 _Nott__nw_t.i_tiui

478 3880 785 3962 Hieronymi
817 3891 868 3942 in
900 3888 1143 3941 ltul‘tnutu
1175 3882 1553 3962 acneensaluelo
1584 3880 1864 3962 tideibilis.
1890 3881 2041 3961 γωδ,

472 3966 642 4018 lector
672 3951 907 4015 veritatis
950 3971 1166 4018 amans,
1213 3952 1543 4007 Cenuadium
1575 3965 1626 4004 et
1657 3954 1791 4003 alios
1818 3951 2045 4015 scripto-

472 4050 589 4089 rum
618 4029 1097 4087 ecclesiasticttrutn
1131 4023 1580 4087 nomenclatores,
1633 4022 1716 4075 ubi
1756 4022 1822 4075 de
1850 4021 2041 4076 Ruﬁno

472 4117 777 4160 sermonem
808 4099 1024 4153 habent.

547 4184 573 4211 ⁸
604 4172 790 4226 Utrum
817 4169 1042 4233 scilicet,
1072 4165 1155 4218 vel
1182 4163 1399 4217 incresis
1431 4160 1741 4231 spargenda
1771 4163 2039 4221 causa,vel

474 4244 542 4299 0b
571 4244 726 4297 aliam
759 4240 1016 4295 rationem
1037 4236 1279 4299 Origenis
1310 4234 1474 4285 libros
1505 4234 1622 4303 Περὶ
1648 4239 1847 4302 ’Λρχῶν
1880 4234 2040 4284 inter-

476 4322 714 4380 pretatus
756 4314 845 4371 sit,
899 4320 1057 4377 atque
1098 4307 1257 4359 etiam
1309 4313 1494 4380 utrum
1539 4305 1782 4368 Urigents
1828 4316 2038 4380 err-Ores

471 4374 681 4435 Sincere
706 4391 758 4433 et
785 4395 847 4431 ex
877 4374 1076 4439 attitno,
1122 4393 1186 4429 an
1219 4374 1447 4442 maligne
1486 4383 1540 4424 et
1587 4386 1681 4424 Ore
1711 4381 1863 4424 tenus
1891 4375 2040 4425 dete-

473 4461 724 4504 staretur.
760 4448 870 4502 Huc
900 4449 1163 4513 pertinent
1195 4448 1351 4499 verba
1383 4442 1689 4512 Hieronymi
1726 4442 1871 4510 prius
1905 4444 2039 4494 alla-

474 4532 525 4575 ta
556 4538 570 4573 :
600 4520 702 4575 Cur
730 4516 1090 4579 translaturus,
1114 4524 1217 4569 etc.

546 4590 573 4628 ι)
604 4588 785 4641 Codex
822 4586 1103 4638 Vaticanus
1134 4602 1146 4635 :
1183 4583 1425 4653 Origenes
1454 4590 1644 4646 autem,
1678 4585 1828 4652 cujus
1856 4583 1906 4634 in
1949 4598 2038 4634 no-

469 4669 631 4715 stram
662 4659 887 4727 linguam
909 4654 1187 4727 composita
1208 4654 1477 4716 derivavit,
1506 4663 1621 4704 ante
1647 4654 1758 4727 quis
1788 4654 1958 4720 fuerit,
1984 4662 2037 4727 et

470 4733 522 4784 in
554 4745 665 4799 qua
695 4723 987 4799 processerit
1015 4724 1164 4799 verba
1187 4763 1202 4785 ,
1249 4732 1474 4776 nostrum
1523 4723 1835 4799 propositum
1862 4724 2033 4799 nescit,

469 4792 576 4855 etc:
601 4792 783 4853 Codex
818 4796 1017 4850 Bellov.
1053 4792 1293 4859 Origenes
1322 4805 1585 4844 autem...
1614 4800 1703 4843 aut
1728 4792 1838 4857 quis
1861 4792 2034 4860 fuerit,

469 4881 516 4925 et
546 4872 597 4924 in
624 4884 737 4938 qua:
767 4864 1077 4938 processerit,
1111 4873 1213 4915 etc.
1244 4862 1459 4938 Vulgata
1484 4861 1668 4938 lectio:
1696 4861 2033 4931 0rigenes....

467 4953 584 4993 ante
609 4930 721 5009 quis
750 4930 918 5009 fuerit,
944 4936 994 4988 in
1013 4949 1123 5009 quit?
1152 4932 1444 5001 processerit
1473 4930 1638 5009 verba,
1664 4930 1892 5009 nostrum
1919 4948 2036 4999 pra-

465 5000 685 5079 positum
713 5000 1064 5079 itesciviILetc.
1096 5000 1291 5079 Locus,
1314 5010 1470 5079 prout
1496 5011 1574 5079 est
1600 5000 1926 5079 inmunibus
1953 5017 2036 5055 co-

468 5069 696 5142 dicibus,
724 5086 845 5145 eget
879 5074 1107 5145 OEtlipo.
1158 5072 1293 5137 Quid
1322 5074 1473 5145 enim
1496 5069 1798 5145 signiﬁcant
1825 5070 1907 5123 he
1937 5087 2033 5145 vo-

469 5164 584 5209 ces,
611 5138 837 5201 nostrum
880 5138 1195 5215 propositum
1234 5138 1859 5215 nesciviti‘_N0n__dubito
1903 5144 2033 5215 quin

466 5220 695 5286 primum
737 5209 1010 5281 exenipla'r
1038 5254 1052 5286 ,
1084 5228 1149 5286 ex
1179 5227 1282 5286 quo
1327 5209 1512 5286 reliqui
1543 5210 1755 5286 codices
1780 5212 2031 5286 exscripti

467 5281 611 5351 sunt,
644 5288 1007 5356 perturbatum
1041 5282 1294 5356 habuerit
1309 5281 1789 5356 ordinemduarum
1813 5282 2030 5335 istarum

466 5351 658 5411 vocum
682 5399 696 5422 ,
729 5356 1043 5427 propositum
1070 5362 1121 5405 et
1160 5352 1381 5405 studium
1406 5390 1439 5427 ,_
1461 5364 1691 5427 cumque
1727 5351 1890 5427 altera
1923 5366 2026 5405 vox

465 5427 620 5481 alteri
644 5419 981 5493 superposita
1008 5424 1167 5483 foret,
1201 5419 1496 5493 przcsertitn
1521 5421 1574 5493 in
1598 5420 1700 5473 llne
1744 5421 2026 5493 linearum,

465 5496 787 5554 incuriosus.
810 5491 872 5549 'ut
903 5494 981 5558 ﬁt,
1016 5493 1208 5545 notarii
1251 5492 1605 5546 exscribentis
1652 5494 1839 5545 oculus
1869 5491 2032 5546 dece-

465 5576 589 5635 ptus
611 5566 697 5619 sit.
721 5566 910 5619 Clarus
937 5566 1076 5618 enim
1110 5562 1256 5616 locus
1278 5570 1381 5635 est,
1411 5562 1455 5614 si
1478 5561 1797 5635 restituatur
1816 5562 1869 5635 in
1896 5562 2035 5617 hunc

464 5631 680 5690 inodum
714 5653 726 5688 :
781 5636 1022 5705 Origenes
1060 5642 1245 5695 autem,
1271 5632 1434 5705 ‘cujus
1470 5632 1523 5684 in
1554 5631 2034 5705 nostramlinguum

462 5706 744 5775 composita
770 5701 1029 5768 derivavit,
1062 5712 1179 5776 ante
1221 5706 1239 5771 (
1269 5702 1761 5776 interpretationem
1916 5707 2034 5776 Περὶ

485 5772 692 5855 Αρχῶν)
722 5776 832 5846 quis
859 5776 1031 5844 fuerit,
1056 5785 1103 5826 et
1121 5774 1171 5826 in
1195 5789 1309 5843 qua:
1337 5773 1630 5842 processerit
1653 5772 2029 5841 vcrba(impio.

2153 3267 2243 3318 no,
2276 3267 2392 3304 cum
2426 3254 2628 3320 aliquot
2656 3252 2899 3304 liotuilits
2927 3291 2942 3316 ,
2990 3263 3205 3318 petente
3234 3250 3485 3320 Datnaso,
3525 3251 3724 3305 lliero-

2153 3338 2345 3392 nymus
2375 3319 2559 3375 Latino
2606 3337 2852 3376 sermone
2882 3322 3130 3389 legendas
3163 3319 3415 3392 Romanis
3456 3320 3599 3387 prius
3625 3321 3730 3374 de-

2151 3391 2341 3466 disset,
2370 3394 2460 3446 sed
2492 3393 2663 3466 quoad
2691 3407 2902 3466 errores
2950 3395 3000 3445 in
3034 3392 3185 3445 libris
3217 3393 3334 3466 Πιρὶ
3362 3391 3565 3462 ’Λρχῶν
3612 3400 3729 3446 tam

2150 3464 2374 3530 Spissos,
2409 3471 2618 3529 tamque
2647 3463 2857 3531 impios.

2227 3543 2248 3570 ε
2278 3534 2598 3586 Etuendatus
2628 3540 2710 3585 est
2738 3548 2765 3585 a
2788 3530 2941 3585 nobis
2963 3547 3066 3585 non
3086 3532 3201 3585 sine
3226 3530 3408 3585 labore
3432 3530 3518 3586 hic
3544 3531 3726 3597 locus,

2150 3616 2269 3655 cum
2323 3619 2425 3655 non
2474 3605 2650 3655 minus
2702 3617 2855 3666 quam
2901 3602 3206 3671 prmcedeps
3233 3611 3513 3665 corruptus
3548 3613 3725 3658 esset.

2150 3672 2370 3727 Codices
2416 3675 2557 3725 enim
2608 3672 2891 3726 Vaticanus
2934 3683 2987 3724 et
3029 3671 3419 3727 Bell0vacensis
3470 3672 3723 3728 habent:

2153 3743 2301 3805 Quod
2330 3744 2465 3795 urbis
2488 3752 2671 3795 nostrae
2693 3743 2891 3809 pupulis
2913 3742 2976 3795 de
2994 3743 3251 3795 translatis
3281 3739 3514 3812 Origcnis
3542 3741 3727 3796 lectio-

2151 3829 2211 3865 ne
2238 3816 2471 3882 patefecit
2496 3858 2508 3879 ,
2557 3815 2829 3881 quamdam
2849 3814 2999 3882 puris
3029 3814 3273 3865 mentibus
3302 3812 3450 3864 veluti
3479 3812 3721 3866 nebulam

2149 3881 2389 3935 (recitatis
2419 3886 2676 3954 injectum,
2710 3892 2813 3937 etc.
2844 3881 3138 3954 Legebatur
3160 3884 3289 3954 olim
3321 3883 3372 3935 in
3417 3882 3567 3954 libris
3598 3883 3724 3954 edi-

2148 3954 2215 4006 tis
2249 3970 2260 4004 :
2299 3954 2444 4016 Quod
2467 3951 2560 4022 qui
2588 3953 2722 4005 urbis
2754 3963 2934 4005 nostra
2973 3951 3175 4020 populis
3209 3952 3271 4005 de
3320 3953 3567 4005 translata
3596 3952 3728 4005 Uri-

2147 4026 2287 4091 gcm's
2314 4025 2524 4076 lectione
2550 4022 2805 4092 patefecit,
2826 4023 3093 4089 quamdam
3122 4025 3264 4089 puris
3290 4023 3559 4087 mentibus,
3580 4022 3725 4075 velut

2148 4092 2379 4144 nebulam
2408 4096 2629 4145 excitans
2664 4095 2899 4160 injectum
2921 4133 2935 4157 ,
2975 4092 3126 4159 ﬁdem
3170 4092 3516 4159 apostolorum
3547 4094 3724 4160 majoo

2146 4179 2356 4231 rumque
2384 4161 2655 4215 traditione
2680 4162 2933 4231 firmatam
2956 4204 2971 4225 ,
3016 4162 3147 4216 velut
3187 4162 3343 4215 deviis
3374 4161 3717 4229 anfractibus,

2145 4230 2291 4284 illum
2336 4235 2551 4285 voluisse
2584 4230 2871 4285 dissolvere.
2920 4230 3152 4297 Sensus,
3195 4232 3239 4285 si
3281 4241 3455 4286 tamen
3494 4231 3716 4300 aliquis,

2148 4302 2340 4371 ubique
2367 4304 2663 4371 implicatus
2688 4311 2795 4367 est,
2821 4311 3036 4369 apertus
3075 4316 3202 4357 vero
3232 4310 3349 4370 post
3377 4301 3718 4357 emendatio-

2147 4387 2265 4425 nem
2296 4382 2547 4425 nostram.

2216 4441 2241 4479 ἀ
2273 4442 2531 4509 Corrupto
2561 4444 2609 4495 in
2639 4441 2909 4497 codicibus
2938 4441 3166 4507 vulgatis
3197 4458 3208 4492 :
3244 4440 3394 4493 Hanc
3435 4456 3547 4507 qua:
3573 4440 3718 4505 sola,

2144 4524 2190 4564 et
2212 4530 2324 4581 quae
2341 4516 2500 4579 prima
2530 4513 2667 4579 apud
2695 4513 2966 4565 catholicos
2993 4512 3309 4567 Christianos
3331 4526 3444 4563 veru
3464 4512 3591 4578 ﬁdes
3599 4514 3720 4577 jam

2145 4584 2207 4635 ab
2235 4582 2479 4650 apostolis
2525 4583 2706 4635 exinde
2742 4599 2897 4649 usque
2926 4583 2993 4634 ad
3020 4597 3237 4649 presens
3264 4594 3458 4647 tempus
3487 4591 3719 4647 tenetur,

2144 4654 2419 4734 inopinati:
2444 4652 2592 4705 titulo
2622 4653 2909 4734 assertionis
2962 4661 3245 4734 everteret.“
3268 4651 3713 4734 Cinettdat‘imus,

2143 4721 2246 4776 nisi
2274 4725 2430 4777 fallor
2451 4739 2597 4785 vere,
2630 4722 2836 4775 collatis
2866 4721 3001 4777 inter
3026 4736 3085 4777 se
3129 4722 3424 4775 codicibus.

2217 4802 2240 4829 °
2267 4795 2469 4847 llabent
2500 4791 2694 4861 vulgati
2742 4792 2956 4845 codices
3000 4801 3182 4845 contra
3215 4791 3370 4844 ﬁdem
3414 4789 3719 4844 manuscri-

2142 4872 2349 4931 ptorutn
2370 4904 2382 4925 ,
2414 4875 2467 4917 et
2500 4860 2616 4917 sine
2658 4860 2766 4915 ullo
2797 4861 3054 4929 probabili
3084 4876 3241 4916 sensu
3272 4877 3285 4913 :
3338 4862 3507 4925 Quare
3557 4876 3718 4914 nosce

2140 4933 2341 5055 ({Iualem
2380 4934 2641 5004 epistolam
2667 4933 2731 4984 ad
2764 4934 2969 5003 fratrem
2996 4943 3044 4985 et
3077 4932 3427 5001 coepiscopum
3477 4940 3715 4983 nostrum

2196 5004 2418 5055 enerium
2444 5003 2758 5055 diliaentiore
2786 5018 2906 5054 cura
2938 5004 3264 5055 perscriptum
3294 5001 3511 5055 varvitas
3534 5009 3715 5053 nostra

2196 5001 2418 5055 enerium
2444 5001 2906 5072 diligentiore'cura
2938 5004 3264 5072 perscriptum
3292 5001 3511 5072 paruitas
3534 5009 3715 5053 nostra

2141 5073 2494 5136 transmiserit,
2529 5071 2716 5137 sibique
2745 5074 2874 5123 hanc
2903 5072 3256 5125 conscientiam
3290 5071 3529 5139 fecerim,
3569 5072 3715 5138 quod

2140 5158 2241 5196 non
2272 5144 2531 5211 super/tua
2559 5143 2779 5195 laborem
2814 5141 3105 5210 formidine,
3127 5150 3226 5194 etc.

2211 5208 2524 5279 Suspicatus
2554 5227 2669 5264 sum
2700 5208 2823 5277 ego,
2858 5225 2955 5264 nec
2982 5208 3109 5264 sane
3136 5209 3353 5273 leviter,
3384 5208 3549 5261 fuisse
3574 5208 3709 5262 olim

2140 5280 2384 5335 lacunam
2408 5322 2421 5344 ,
2473 5282 2687 5334 omissis
2719 5281 2896 5333 verbis
2934 5281 3123 5348 quibus
3161 5280 3713 5348 comprehenderetur

2138 5352 2402 5406 sententia
2443 5350 2802 5405 damnationis
2847 5346 3100 5403 adversus
3145 5349 3425 5406 Origenem
3472 5356 3524 5401 et
3560 5346 3714 5401 Ridi-

2138 5438 2263 5475 num
2311 5425 2434 5487 lata,
2482 5430 2571 5474 aut
2602 5422 2720 5473 lata:
2770 5420 2967 5472 mentio
2992 5461 3006 5483 ,
3062 5419 3200 5472 hunc
3241 5419 3355 5472 fere
3386 5424 3434 5471 tn
3466 5420 3710 5480 modum,

2135 5508 2293 5561 quem
2342 5493 2530 5545 litteris
2576 5491 2694 5543 aliis
2721 5491 3102 5561 expressimus.
3152 5487 3465 5561 Suspicandi
3514 5502 3710 5561 causas

2138 5557 2262 5616 liii-te
2284 5563 2506 5629 accipio.
2540 5560 2773 5614 Primum
2804 5560 2870 5612 ab
2896 5559 3141 5629 omnibus
3184 5557 3537 5629 scriptoribus
3563 5557 3709 5611 diei-

2138 5642 2223 5685 tur
2247 5627 2558 5685 Anastasius
2586 5629 2831 5698 Origcuis
2863 5643 3074 5682 errores
3103 5628 3401 5698 damnasse.
3439 5627 3585 5681 Unus
3609 5642 3714 5695 pro

2135 5704 2340 5756 cunctis
2371 5696 2745 5769 Hieronymus,
2779 5698 3018 5769 scribens
3052 5698 3130 5769 ad!
3165 5696 3561 5769 Demetriadem
3597 5699 3714 5769 vir-

2135 5776 2335 5840 ginem,
2364 5782 2418 5827 et
2439 5774 2489 5827 in
2518 5765 2671 5826 istam
2694 5768 2971 5839 epistolam
2992 5767 3281 5837 reSpiciens
3309 5765 3501 5837 (Epist.
3531 5766 3565 5821 6
3586 5809 3605 5833 ,
3644 5767 3712 5821 de
