3996 6186
470 369 575 427 Ξ59

473 579 638 630 tentia
674 571 996 643 prinvipum,
1029 582 1185 637 quem
1218 566 1379 619 lectio
1410 581 1559 619 reum
1608 564 1831 634 profana
1876 562 2058 632 prodi-

474 671 635 731 derit,
669 670 926 721 hactenus
957 661 1243 717 sententia:
1273 675 1405 715 mea:
1436 660 1605 712 forma
1638 658 1995 728 praecesserit.

544 762 633 815 11.
669 758 818 824 Quod
852 768 904 811 te
936 771 1064 809 vero
1097 755 1235 822 vulgi
1275 754 1344 806 de
1378 753 1572 805 Ruﬁno
1613 752 1832 821 querela
1864 751 2063 806 sollici-

476 862 572 916 tat,
611 859 635 886 ⁸
663 860 719 903 ut
748 848 1013 919 quosdam
1059 846 1209 913 vagis
1256 843 1658 913 suspicionibus
1689 844 2063 912 persequaris,

475 944 611 994 hanc
656 949 799 994 tuam
836 940 1148 1008 opinionem
1174 937 1540 1005 constringam
1583 934 1778 988 divinzn
1820 934 2068 989 lectionis

479 1033 746 1100 exemplo.
782 1032 871 1086 Sic
916 1031 1058 1083 enim
1090 1028 1349 1095 scriptum
1393 1035 1513 1081 cst:
1544 1025 1665 1078 Non
1695 1026 1767 1079 sic
1812 1026 1983 1093 homo,
2014 1035 2068 1078 ut

484 1126 620 1178 Deus
634 1141 652 1189 ;
668 1139 786 1175 nam
804 1121 941 1175 Deus
955 1120 1087 1174 ridet
1104 1121 1152 1173 in
1166 1119 1339 1188 corde,
1357 1118 1510 1171 homo
1524 1117 1575 1170 in
1591 1116 1769 1189 facie(l
1790 1116 1915 1191 Reg.
1935 1116 2066 1190 xvr).

977 366 1064 420 Al)
1107 361 1371 419 l‘RlilAM
1411 359 1687 416 PARTE“
1728 358 2012 415 ()li‘EllUil
2054 358 2121 414 Μ.
2166 357 2611 414 MERCA'I'ORIS
2654 354 3002 413 APPENDIX
3042 354 3276 413 PRIMA.

470 485 537 537 ab
563 481 812 551 Origonis
842 478 1070 533 lectione
1100 489 1414 538 revoce'ur;
1463 472 1883 542 damnatumque
1919 487 2058 525 sen—
2092 479 2135 534 Α

3645 352 3752 411 ξω

2239 472 2327 526 1‘2.
2372 470 2397 508 ι)
2430 470 2649 540 Itaque,
2681 471 2847 526 frater
2887 471 3229 534 charissima,
3267 470 3413 525 omni
3444 472 3755 542 suspicione

2162 565 2422 635 seposita,
2451 552 2701 619 Rufinum
2731 567 2869 619 scito
2895 564 3034 634 quod
3061 565 3276 635 propria
3300 574 3482 621 mente
3502 565 3756 636 Origenis

2164 656 2304 711 dicta
2331 657 2382 709 in
2413 656 2658 709 Latinum
2685 656 2958 709 transtulit
2983 669 3045 709 ac
3072 656 3336 725 probavit,
3359 670 3456 712 nec
3476 656 3756 712 dissimilis

2165 764 2195 802 a
2243 764 2334 804 reo
2374 759 2455 804 est
2483 749 2572 816 qui
2604 749 2795 803 alienis
2827 749 2975 803 vitiis
3018 760 3239 818 praastat
3278 764 3584 805 assensum.
3621 752 3759 807 Illud

2169 851 2351 897 tamen
2387 853 2571 896 tenere
2604 852 2654 895 te
2686 841 2873 909 cupio,
2902 842 2974 895 ita
3006 840 3193 896 haberi
3223 856 3255 895 a
3288 841 3485 897 nostris
3512 844 3760 912 partibus

2172 936 2434 1001 alienum,
2466 944 2544 1001 ut,
2594 934 2723 1003 quid
2764 942 2909 1005 agat,
2940 934 3031 989 ubi
3070 932 3163 999 sit,
3204 936 3417 991 nescire
3457 935 3758 1005 cupiamus.

2177 1029 2297 1098 Ipse
2322 1027 2560 1099 denique
2585 1028 2783 1083 viderit
2810 1028 2899 1082 ubi
2931 1027 3101 1098 possit
3129 1027 3359 1083 absolvi.

1642 1232 2199 1293 CASTIGATIONES
2240 1238 2329 1292 ΕΤ
2368 1237 2594 1295 ΝΟΤᾸΕ.

480 1329 785 1383 sanctiones
838 1324 1180 1396 principum._
1218 1324 1334 1396 sive
1363 1324 1824 1396 constitutiones,
1877 1331 1932 1376 et
1977 1338 2070 1378 re-

481 1416 678 1467 sponsa
709 1414 801 1451 seu
825 1394 1106 1465 rescripta;
1130 1394 1234 1447 ill:e
1254 1395 1570 1467 edebantur,
1596 1394 1923 1467 quasimotu
1947 1409 2066 1467 pro-

483 1465 624 1537 prin,
657 1487 689 1529 τι
718 1468 1083 1537 principibus;
1134 1469 1232 1519 i5ta
1263 1466 1347 1519 vel
1378 1465 1871 1537 consultationibus
1899 1465 2069 1537 magi-

482 1536 768 1600 Stratuum,
817 1539 900 1593 vel
952 1537 1181 1590 aliormn
1242 1536 1495 1603 precibus
1530 1536 1834 1604 libellisque
1876 1536 2069 1591 redde-

486 1619 697 1665 bantur.
732 1610 786 1665 Si
828 1623 956 1678 ergo
985 1609 1295 1678 sanctiones
1324 1605 1652 1675 principum,
1685 1620 1910 1678 quarum
1956 1621 2068 1659 me-

484 1683 641 1735 minit
680 1675 940 1749 pomiferi,
982 1675 1498 1749 restionsafuerint,
1533 1678 1733 1749 utique
1751 1675 1910 1749 missa
1946 1685 2071 1730 sunt

487 1732 608 1821 post
648 1732 885 1804 libellum
925 1732 963 1801 ἰι
995 1732 1425 1821 ἹἸιὶξοριιὶιοΑνρ-ιξ
1452 1732 1657 1821 legatos
1708 1744 1941 1821 Arcadio
1972 1749 2072 1821 im-
2104 1732 2148 1793 Β

487 1816 725 1891 peratori
759 1822 992 1874 oblatum
1044 1834 1172 1891 ann.
1222 1816 1350 1891 illi).
1385 1816 1539 1872 Unde
1568 1816 1905 1891 concluditur
1936 1819 2072 1891 ratio

489 1888 751 1961 temporis
781 1907 886 1956 quo
914 1890 1261 1961 Anastasium
1292 1888 1487 1961 .lo:m_ni
1521 1888 1809 1961 scripsisse
1840 1888 2074 1961 diximus

490 1956 651 2035 (Vide
688 1962 898 2015 Pallad.
930 1962 982 2013 in
1025 1960 1222 2035 dialog.
1257 1961 1374 2035 vitta
1403 1956 1563 2035 Joan.
1594 1957 1921 2028 Chrysost.);
1951 1974 2074 2012 cum

488 2030 631 2087 enim
684 2034 752 2086 de
803 2032 1077 2099 responsis
1130 2031 1433 2098 principum
1481 2030 1753 2097 loquatur,
1803 2038 2075 2098 tamquam

489 2108 555 2157 de
588 2120 643 2159 re
676 2103 965 2157 admodum
1003 2100 1229 2166 recenti,
1274 2114 1496 2153 necesse
1523 2107 1608 2153 est
1631 2099 1918 2169 scripsisse
1948 2115 2074 2153 ann.

489 2177 615 2240 40!,
663 2173 927 2238 siquidem
974 2184 1231 2237 responsa
1264 2169 1739 2237 Constantinopoli
1794 2170 1917 2223 data
1971 2173 2080 2224 sint

484 2265 617 2298 mm.
651 2246 777 2307 4ου,
803 2256 855 2298 et
881 2242 1005 2296 inde
1036 2241 1088 2294 in
1131 2240 1482 2295 Occidentem
1533 2241 1699 2295 missa
1745 2241 2081 2295 innutuerint

496 2314 921 2384 pontiliciiinitio
945 2327 1071 2384 ann.
1098 2310 1224 2384 492.

569 2397 592 2422 σι
618 2387 840 2439 Videtur
861 2384 1005 2453 loqui
1036 2383 1103 2437 de
1130 2381 1481 2453 llieronymo,
1502 2380 1927 2453 Hieronymique
1952 2380 2085 2435 ami-

493 2458 569 2511 cis
620 2450 987 2519 Pammachio,
1037 2455 1254 2508 Oceano
1303 2450 1358 2505 ei.
1408 2450 1680 2508 Marcella.
1712 2450 1806 2519 nui
1857 2454 2081 2506 multant

496 2530 667 2596 reipm
700 2527 1047 2579 contulerunt
1076 2522 1143 2576 ad
1174 2521 2079 2596 prornovendatnOrigenistarum

495 2591 1037 2658 roademnationem;
1086 2610 1190 2647 non
1237 2603 1417 2645 tamen
1464 2591 1679 2659 impulsi
1727 2592 1849 2645 odio
1880 2592 2080 2653 Rufini,

495 2670 635 2735 quod
667 2667 989 2735 opinabatur
1017 2664 1275 2735 Joannes.
1308 2664 1403 2716 sed
1433 2665 1807 2735 exsecratione
1837 2678 2082 2735 errorum

497 2732 586 2808 qui
612 2754 675 2791 ex
708 2732 939 2809 lectione
964 2734 1107 2809 libri
1146 2735 1270 2809 μερί
1294 2732 1813 2809 ‘Apxeiahborrorem
1844 2733 2085 2809 fecerant

498 2802 780 2862 .iatltolieis
811 2804 1108 2874 mentibus.
1146 2802 1440 2874 \ltdeapud
1474 2802 1859 2874 l_lier0nymnm
1888 2805 2085 2872 episto-

500 2883 602 2930 lam
634 2878 723 2941 64,
756 2892 877 2942 (μιίε
916 2881 1000 2929 est
1036 2872 1363 2927 Pammachii
1392 2882 1447 2927 et
1476 2871 1775 2927 Oceani'ad
1824 2871 2088 2943 Hierony-

504 2963 683 3009 mum;
724 2958 776 3000 et
806 2946 893 3010 0'5,
928 2960 1047 3013 qua:
1098 2944 1409 3013 Hieronymi
1454 2944 1518 2996 ad
1550 2955 1883 3012 utrumque;
1910 2955 1962 2998 et
1992 2946 2083 3010 78,

499 3035 618 3084 qum
642 3014 1027 3086 Hieronymiad
1044 3013 1450 3068 Pammachium
1474 3024 1528 3067 et
1547 3013 1878 3080 Marcellam;
1906 3018 2079 3071 lucem

499 3089 639 3143 cnim
669 3088 799 3141 dant
828 3090 950 3141 'nuic
982 3088 1100 3139 loco
1126 3101 1218 3154 per
1248 3100 1306 3139 se
1334 3086 1659 3139 obscuriori.

570 3160 595 3197 δ
618 3158 907 3213 Correctus
936 3167 1019 3212 est
1050 3157 1138 3210 hic
1178 3156 1354 3221 locus,
1386 3156 1474 3225 qui
1519 3156 1776 3210 mendose
1807 3155 2089 3225 legebatur

501 3232 553 3284 iu
599 3235 699 3284 hac
745 3230 953 3295 vulgata
988 3228 1239 3291 lectiooe,
1295 3229 1567 3280 contraria
1617 3230 1829 3294 utrique
1894 3242 2084 3280 manu-

502 3303 705 3368 scripto
754 3300 965 3354 codici:
1004 3296 1251 3368 Ruﬁnum
1299 3298 1427 3350 scito
1474 3298 1612 3367 quod
1663 3299 1874 3363 prapria
1920 3308 2088 3351 mente

505 3366 745 3443 ()rigmis
786 3370 924 3443 dicta
954 3369 1004 3422 in
1042 3366 1285 3443 Latinum
1314 3368 1579 3443 transtulit
1610 3384 1670 3420 ac
1699 3367 1954 3437 probat-it,
1997 3385 2088 3421 nec

502 3437 769 3495 dissimilis
795 3440 859 3491 ab
887 3456 943 3493 eo
969 3449 1042 3492 est
1071 3438 1158 3508 qui
1184 3438 1365 3492 alienis
1397 3437 1533 3490 vitiis
1558 3448 1770 3505 pra'stat
1794 3455 2084 3493 assensum.

504 3513 649 3566 Illud
682 3523 851 3563 tamen
878 3513 1008 3562 scire
1037 3508 1210 3579 cupio,
1236 3517 1343 3561 etc.

2242 1326 2558 1382 Audiendus
2594 1328 2697 1384 sub
2729 1327 2886 1406 linem
2921 1328 3149 1406 Rufinus
3182 1330 3297 1406 ipse
3326 1346 3422 1398 pro
3447 1347 3509 1388 se
3534 1333 3767 1406 loquens

2172 1396 2259 1477 ad,
2300 1413 2572 1477 summum
2612 1399 2949 1468 pontiﬁcem,
2981 1396 3338 1477 s_uique_l'a_c_t_i'
3362 1406 3569 1459 ratione
3604 1396 3766 1477 quam

2172 1467 2895 1545 potuit_reddita,’regerens
2933 1467 3139 1545 crimen
3172 1472 3223 1545 in
3253 1467 3663 1545 Hieronymum,
3693 1478 3768 1533 de

2172 1537 2328 1611 cujus
2356 1538 2556 1611 invidia
2587 1537 2822 1607 maligne
2852 1542 3096 1609 queritur
3126 1556 3142 1596 :
3179 1541 3331 1610 Quod
3372 1537 3607 1611 quaedam
3639 1537 3769 1602 Ori-

2172 1610 2337 1678 genis,
2361 1609 2542 1689 inquit
2572 1610 2821 1689 (Apolgg.
2858 1612 2929 1663 ad
2968 1612 3296 1689 Anastasium
3345 1609 3773 1689 papam),roga-

2175 1689 2253 1731 tus
2285 1696 2323 1770 9
2353 1679 2601 1763 Iratribus
2731 1679 2912 1770 Granio
2962 1682 3015 1735 in
3058 1682 3307 1770 Latinum
3345 1679 3615 1770 transtuli,
3644 1679 3775 1770 puto

2175 1749 2312 1827 quod
2339 1752 2833 1827 amnesintelligant
2856 1754 3240 1827 hwcpro‘solo
3272 1755 3428 1809 livore
3451 1749 3691 1827 culpari;
3726 1760 3774 1812 si

2176 1821 2310 1892 enim
2337 1820 2535 1887 aliquid
2566 1831 2640 1875 est
2669 1820 2807 1890 quod
2834 1822 3069 1892 displicet
3099 1824 3154 1876 in
3183 1832 3407 1889 auctore,
3438 1820 3599 1892 qua're
3626 1820 3681 1881 id
3701 1830 3775 1882 ad

2176 1890 2503 1961 interpretem
2532 1890 3080 1963 detogrquetur?'Sicut
3108 1893 3166 1948 in
3208 1894 3401 1949 (ἔτ-(πίε
3435 1890 3651 1951 habetur
3684 1915 3778 1952 ro-

2177 1970 2324 2033 gatus
2370 1978 2482 2033 sum
2524 1973 2587 2033 ut
2635 1961 2835 2016 Latinis
2880 1964 3235 2029 ostenderem;
3297 1964 3495 2022 Griecis
3535 1969 3779 2024 sensibus

2176 2031 2326 2107 uerba
2356 2031 2476 2107 dedi
2508 2032 2696 2107 Latina
2725 2034 3105 2087 tantummodo.
3137 2034 3257 2090 Sive
3281 2051 3402 2107 ergo
3428 2038 3481 2091 in
3518 2039 3621 2092 illis
3650 2055 3777 2093 seu-

2177 2103 2317 2156 sibus
2348 2102 2460 2156 laus
2499 2114 2574 2157 est
2602 2105 2799 2174 aliqua,
2834 2118 2935 2158 non
2986 2114 3061 2159 est
3090 2122 3235 2172 mea;
3263 2102 3368 2162 sive
3410 2109 3566 2179 culpa
3590 2109 3781 2164 simili-

2184 2182 2277 2237 ter,
2310 2188 2414 2226 non
2436 2182 2510 2226 est
2538 2190 2672 2226 mea.

2253 2243 2320 2296 Et
2347 2244 2504 2310 paulo
2545 2254 2713 2319 post_:_
2728 2244 2915 2319 Nemo
2934 2262 3056 2317 ergo
3081 2246 3213 2319 mihi
3260 2264 3323 2303 ex
3350 2246 3469 2313 hoc,
3508 2265 3677 2319 quaeso
3706 2258 3779 2315 te,

2181 2323 2385 2388 sancte,
2403 2315 2806 2388 acuenerabilis,
2834 2325 2881 2369 et
2900 2315 3041 2370 beate
3072 2316 3251 2383 Pater,
3278 2320 3464 2388 con/let
3483 2315 3733 2374 invidiam
3757 2338 3779 2387 ;

2182 2400 2337 2460 nemo
2359 2385 2667 2460 factionibus
2692 2396 2871 2460 utatur
2897 2397 2947 2460 et
2977 2388 3267 2453 calumniis,
3297 2385 3435 2460 quod
3463 2390 3516 2443 in
3543 2385 3779 2446 Ecclesia

2185 2454 2280 2507 Dei
2302 2455 2415 2531 ﬁeri
2441 2471 2542 2531 non
2559 2456 2712 2531 licet.
2735 2456 2833 2512 Ubi
2857 2459 2991 2531 enim
3016 2454 3342 2531 simplicitas,
3365 2470 3475 2513 tuta
3501 2462 3596 2515 erit
3618 2472 3663 2515 et
3694 2464 3778 2516 in-

2184 2526 2442 2589 nocentia,
2476 2526 2519 2577 si
2549 2524 2631 2579 hic
2663 2544 2764 2581 non
2800 2528 2939 2582 erit?

2258 2594 2499 2671 Origen‘is
2530 2613 2633 2671 ego
2668 2614 2827 2666 neque
2878 2599 3140 2671 defensor,
3173 2617 3334 2671 neque
3373 2611 3594 2656 assertor
3636 2619 3779 2667 sum,

2185 2682 2347 2743 neque
2379 2666 2576 2743 primus
2616 2667 2865 2740 interpres
2892 2685 2911 2722 :
2943 2666 3033 2723 alii
3072 2679 3191 2724 ante
3232 2666 3312 2725 me
3347 2672 3441 2724 hoc
3470 2673 3608 2726 idem
3647 2666 3784 2743 opus

2185 2738 2431 2811 fecerant,
2466 2738 2564 2811 feci
2593 2749 2638 2792 et
2664 2738 2758 2810 ego
2792 2751 3073 2811 postremus
3103 2749 3311 2810 rogatus
3343 2760 3371 2793 a
3398 2738 3690 2811 fratribus.‘
3717 2743 3783 2799 Si

2175 2809 2477 2881 jubeturﬁte
2502 2808 2616 2881 fiat,
2645 2808 2810 2876 iussio
2842 2810 3097 2864 obseruari
3143 2808 3284 2866 debet
3328 2813 3380 2864 in
3399 2808 3681 2881 posterum.
3718 2813 3784 2867 Si

2185 2880 2461 2960 culpantur
2489 2878 2576 2948 qui
2602 2888 2723 2933 ante
2750 2881 3033 2950 iussionem
3054 2882 3303 2951 fecerunt,
3337 2878 3495 2950 culpa
3524 2901 3555 2937 a
3595 2885 3781 2954 primis

2184 2959 2417 3012 incipiat.

2264 3018 2371 3088 Ego
2417 3019 2557 3073 enim
2600 3030 2785 3095 prarter
2815 3020 2959 3095 hane
2984 3022 3139 3095 ﬁdem
3178 3038 3331 3093 quam
3359 3040 3518 3095 supra
3546 3025 3785 3095 exposui,

2112 3099 2157 3159 (ζ
2190 3089 2245 3141 id
2275 3100 2367 3149 est,
2419 3106 2571 3157 quam
2603 3089 2859 3144 Romana
2913 3089 3167 3156 Ecclesia,
3190 3089 3199 3093 ’
3223 3105 3270 3145 et
3322 3089 3697 3159 Aleaandrina,
3732 3107 3785 3150 et

2193 3160 2535 3236 Aquileiensis
2562 3169 2735 3213 nostra
2766 3172 2919 3236 tenet,
2949 3178 3159 3232 qumque
3190 3162 3564 3236 Hierosolymis
3593 3166 3791 3233 pradi-

2193 3238 2363 3305 catur,
2387 3231 2615 3305 alienam
2642 3248 2732 3305 nec
2759 3231 2916 3285 habui
2947 3231 3191 3305 umquam
3222 3236 3271 3286 in
3301 3236 3399 3288 isto
3434 3231 3664 3299 homine,
3693 3252 3796 3289 nec

2192 3300 2377 3365 habeo,
2408 3317 2497 3375 nec
2527 3300 2753 3375 habebo;
2785 3314 2829 3355 et
2851 3305 2894 3357 si
2923 3307 3034 3373 quis
3049 3300 3211 3357 aliter
3232 3306 3417 3367 credit,
3445 3308 3674 3375 quisquis
3696 3306 3796 3360 ille

2193 3384 2287 3430 est,
2311 3372 2581 3448 anathema
2597 3373 2694 3448 sit.
2716 3372 2964 3448 [leident
3003 3385 3172 3448 autem
3200 3377 3255 3448 in
3285 3376 3367 3430 die
3384 3372 3581 3448 judicii
3623 3378 3796 3429 ratio-

2194 3456 2309 3493 nem
2340 3442 2392 3493 hi
2418 3444 2505 3511 qui
2550 3441 2889 3509 oﬁ'endicula,
2922 3457 2968 3499 et
3023 3441 3401 3509 dissensiones;
3432 3456 3479 3501 et
3533 3448 3797 3501 scandala

2194 3512 2463 3581 fratribus,
2497 3524 2702 3583 prapter
2722 3515 2969 3568 invidiam
2998 3517 3159 3569 solam
3187 3526 3231 3568 et
3256 3517 3485 3582 livorem,
3513 3528 3797 3589 generant.

520 3649 3790 3677 —_—————-——_—_—_—_————————I——I——.

1742 3751 1847 3833 Fl
1860 3749 2075 3833 DES
2152 3751 2436 3835 RUFI
2445 3753 2595 3834 NI.

579 3890 771 3943 Mirum
808 3903 962 3956 quam
989 3888 1156 3941 multa
1184 3888 1434 3942 doctrina:
1459 3927 1473 3952 ,
1526 3895 1634 3940 tum
1664 3886 1921 3941 historica:
1945 3930 1959 3953 ,
1995 3898 2102 3940 tum
2134 3887 2436 3958 dogmatica:
2462 3903 2652 3941 arcana
2681 3884 2889 3940 libellus
2920 3886 3013 3939 iste
3041 3886 3367 3942 brevissimus
3397 3889 3655 3944 contineat
3680 3934 3697 3957 ,
3745 3900 3809 3944 ut

506 3987 707 4051 magnis
736 3976 1099 4041 voluminibus,
1133 3977 1214 4029 sin
1239 3977 1405 4029 minus
1433 3975 1692 4047 praeferri,
1722 3975 1904 4029 saltem
1932 3977 2169 4046 componi
2197 3986 2349 4045 queat
2378 3992 2395 4030 :
2421 3977 2556 4030 unde
2600 3976 2734 4029 nolis
2759 3974 3077 4045 diligentius,
3114 3976 3275 4045 iisque
3298 3977 3551 4031 laboriose
3576 3982 3811 4049 conqui-

496 4072 634 4134 sitis,
667 4065 1010 4121 illustrandus
1034 4066 1167 4118 visus
1196 4074 1306 4128 est;
1347 4080 1507 4133 neque
1532 4079 1649 4117 vero
1684 4064 2007 4118 mediocriter
2034 4064 2289 4118 illustrari
2311 4066 2507 4136 egebat,
2532 4075 2587 4117 ut
2616 4082 2737 4130 opes
2761 4081 2889 4134 quas
2922 4066 3203 4135 exiguitate
3252 4083 3345 4120 sua
3374 4069 3507 4122 velut
3537 4070 3809 4126 involutas

509 4164 706 4218 celabat
753 4159 1011 4230 explicare
1041 4166 1329 4227 cogeretur.
1386 4156 1626 4227 Rejectus
1671 4166 1743 4209 est
1776 4172 1932 4225 porro
1975 4157 2031 4209 in
2075 4155 2408 4226 appendicem
2428 4195 2445 4221 ,
2474 4155 2647 4208 eadem
2678 4156 2741 4209 de
2768 4172 2923 4208 causa
2950 4144 3113 4223 atque
3135 4156 3395 4210 Anastasii
3424 4159 3639 4229 epistola
3666 4201 3684 4226 ,
3716 4163 3815 4215 cui

515 4256 847 4326 subjungitur
877 4256 929 4306 in
958 4252 1325 4321 manuscriptis
1355 4251 1642 4317 codicibus,
1667 4250 1992 4321 quantumvis
2015 4249 2290 4303 secundant
2325 4248 2387 4302 ab
2412 4249 2523 4319 ipsa
2553 4257 2717 4303 teneat
2746 4250 2945 4313 locant;
2969 4265 3086 4302 nam
3112 4265 3295 4318 parum
3324 4248 3473 4305 habet
3507 4250 3815 4322 Pelagiana

520 4348 748 4401 historia:
774 4389 788 4408 ,
819 4349 1033 4400 multum
1063 4346 1244 4399 aliena:
1268 4386 1281 4409 ,
1307 4344 1496 4399 scilicet
1530 4345 1874 4415 Origeniame.
1924 4340 2045 4396 Illis
2087 4344 2225 4397 enim
2254 4342 2560 4411 temporibus
2583 4384 2596 4404 ,
2628 4342 2765 4410 quod
2796 4342 2847 4394 in
2876 4342 3009 4394 notis
3038 4341 3487 4396 demonstrandum
3516 4353 3610 4411 est,
3638 4346 3819 4414 [eroe-

521 4444 658 4505 bant,
688 4456 749 4492 eo
782 4439 1064 4507 praesertim
1093 4438 1192 4491 loci
1221 4453 1318 4507 quo
1356 4436 1560 4490 libellus
1599 4436 1818 4505 scriptus
1845 4444 1940 4497 est,
1968 4433 2275 4504 quaestiones
2307 4441 2433 4486 orta:
2463 4448 2526 4486 ea:
2553 4433 2695 4485 libris
2726 4432 2963 4501 Origenis
2993 4435 3109 4507 περὶ
3139 4432 3366 4507 Ἀρχῶν,
3396 4448 3520 4502 quos
3548 4450 3725 4488 recens
3754 4436 3820 4491 in

526 4536 764 4588 Latinum
797 4548 1085 4585 sermonem
1123 4530 1347 4598 Ruﬁnus
1375 4529 1720 4599 Aquileiensis
1759 4528 2018 4597 presbyter
2065 4524 2425 4580 transtulerat.
2474 4524 2664 4579 Verum
2690 4525 2793 4578 ista
2819 4524 3059 4591 patebunt
3087 4540 3150 4578 ea:
3175 4530 3328 4589 notis,
3357 4525 3409 4578 in
3432 4526 3616 4594 quibus
3639 4543 3821 4597 popu-

522 4631 657 4683 lares
706 4624 940 4695 quwdam
971 4622 1238 4693 opiniones
1274 4621 1614 4675 conoellenda:
1649 4629 1787 4689 sunt,
1820 4629 1867 4673 et
1906 4616 2159 4672 nonnulla
2202 4614 2518 4689 Origeniana
2559 4615 2680 4686 ipsis
2720 4615 2875 4667 etiam
2914 4614 3129 4666 eruditis
3169 4629 3272 4667 non
3312 4614 3439 4667 satis
3468 4623 3589 4667 nota
3614 4631 3823 4687 propa-

522 4713 783 4773 labuntur.

593 4832 822 4901 Propter
850 4827 1258 4884 venerationem
1283 4835 1593 4881 sanctorum
1623 4826 1892 4894 locorum,
1921 4834 1944 4862 °
1970 4823 2096 4882 llie-
2203 4823 2534 4894 rosolymam
2585 4830 2642 4880 et
2685 4820 2967 4878 Bethleem
3002 4820 3277 4887 venimus,
3330 4829 3385 4875 et
3431 4818 3824 4878 intelleximus

1713 4940 2263 4997 CASTIGATIONES
2303 4940 2392 4995 ET
2432 4938 2661 4994 NOTA‘J.

591 5054 616 5080 ει
660 5043 793 5095 llinc
840 5048 1054 5094 constat
1083 5039 1171 5093 ubi
1207 5039 1272 5093 sit
1305 5037 1486 5093 editus
1520 5039 1612 5093 ille
1654 5038 1805 5093 Fidei
1846 5038 2096 5104 libellus,
2130 5046 2181 5103 1)
2211 5053 2373 5102 parre
2404 5035 2863 5090 anatltematismo
2894 5035 3141 5089 secundo
3174 5036 3241 5089 de
3263 5034 3447 5103 gratia:
3476 5032 3685 5088 divinze
3712 5036 3827 5090 ad-

518 5115 730 5169 scilicet
758 5110 1151 5181 Ιιίυτοςυιγιηὶς
1182 5121 1271 5163 aut
1302 5110 1620 5171 Betblecmi,
1646 5125 1753 5179 quo
1784 5109 2105 5181 conﬂuebat

519 5183 731 5239 infinita
762 5187 841 5235 vis
869 5184 986 5236 sive
1016 5180 1464 5251 presbyterorum
1484 5220 1499 5245 ,
1527 5181 1643 5234 sive
1683 5180 2101 5243 monachorum,

520 5257 715 5326 partim
749 5266 978 5326 propter
1009 5263 1357 5305 sanctitatem
1385 5254 1678 5326 utriusque
1715 5253 1822 5326 loci
1850 5296 1863 5319 ,
1904 5251 2100 5326 partim

522 5321 595 5381 ob
623 5321 934 5394 Hieranymi
959 5323 1187 5394 famam.
1214 5331 1269 5377 et
1311 5323 1573 5394 nobilium
1603 5321 1925 5376 feminarum
1975 5321 2105 5375 cha-

522 5399 762 5457 ritatem,
796 5393 908 5449 suis
934 5393 1126 5460 opibus
1151 5409 1343 5447 servos
1372 5393 1466 5446 Dei
1499 5394 1779 5445 alentium.

600 5471 672 5523 De
706 5479 951 5533 tempore
974 5458 1253 5518 difﬁcilior
1275 5464 1524 5532 qumstio,
1554 5464 1676 5515 hinc
1700 5473 1879 5517 tamen
1906 5458 2109 5517 ducen-

525 5541 592 5594 da
622 5540 961 5607 conjectura.
994 5536 1188 5589 Editus
1220 5546 1301 5589 cst
1345 5538 1549 5607 procul,
1576 5534 1758 5607 dubio,
1790 5544 1919 5588 ante
1938 5534 2110 5607 ‘dam-

526 5603 740 5665 natum
768 5608 1073 5662 Nestorium
1097 5649 1111 5669 ,
1156 5603 1398 5669 alioquin
1429 5604 1588 5659 tertio
1619 5603 2109 5669 anatliematismo,

526 5698 635 5738 n-‘tu
663 5678 1005 5736 Samosateni
1037 5687 1267 5741 tantum,
1290 5674 1659 5742 Pbotinique,‘
1691 5675 1784 5729 sed
1813 5677 1977 5730 etiam
2007 5674 2111 5730 Nc-

525 5752 687 5807 storii
724 5751 862 5804 facta
916 5749 1106 5802 fuisset
1151 5748 1396 5803 mentio:
1444 5747 1623 5801 editus
1666 5761 1891 5817 quoque
1932 5747 2111 5817 prius-

528 5840 687 5895 quam
719 5824 1067 5877 damnaretur
1094 5818 1365 5889 Pelagius,
1400 5832 1521 5873 nam
1552 5817 1826 5886 quomodo
1849 5816 1980 5874 alias
2003 5828 2108 5873 tam

2204 5109 2412 5177 jutorio
2439 5109 2643 5160 dictum
2680 5106 2916 5161 fuisset?
2951 5106 3142 5161 Potest
3175 5121 3304 5177 ergo
3330 5105 3503 5177 videri
3549 5106 3619 5159 ad
3668 5115 3831 5161 tem-

2213 5175 2340 5246 pnra
2370 5179 2643 5232 Anastasii
2680 5179 2974 5244 pertinere,
3019 5176 3221 5244 quibus
3266 5175 3612 5244 Origenianse
3647 5191 3825 5245 qum--

2210 5251 2438 5312 atinnes,
2475 5264 2669 5318 magna
2714 5249 3025 5301 animorum
3063 5247 3443 5318 contentione,
3497 5249 3830 5318 praesertim

2208 5320 2264 5374 in
2293 5318 2543 5386 Oriente,
2571 5316 2935 5388 agitabantur,
2967 5328 3024 5373 et
3056 5317 3365 5387 Pelagiana:
3410 5316 3563 5386 quasi
3614 5323 3828 5373 conci-

2252 5391 2524 5444 iebantur.

2326 5409 2337 5434 δ
2511 5430 2524 5443 ι

2211 5406 2565 5516 ριῗιῗιῗιὲιεὶχ
2599 5475 2703 5513 non
2737 5460 2933 5529 opinor
2961 5457 3115 5528 rejici
3138 5456 3368 5529 "debere
3409 5457 3475 5511 ad
3505 5457 3828 5527 pontiﬁca-

2214 5540 2328 5586 tum
2364 5546 2533 5600 usque
2563 5528 3010 5597 Sirieii,’quando
3041 5531 3094 5583 in
3125 5528 3355 5600 Oriente
3390 5529 3670 5600 turbatum
3684 5541 3835 5600 est,

2213 5597 2609 5657 dissidentibus
2650 5613 2837 5659 mutuo
2860 5600 3076 5655 duobus
3102 5599 3319 5667 magnis
3360 5598 3513 5662 viris,
3565 5598 3624 5654 S.
3682 5597 3835 5667 Epi-
3868 5638 3873 5643 ρ

2215 5674 2491 5745 phanioet
2511 5674 2722 5729 Joanne
2746 5670 3270 5745 Hierusolymitano,
3307 5670 3835 5745 illo_oppttgnante,

2215 5738 2322 5800 isto
2340 5743 2667 5800 defendente
2693 5738 3018 5813 Origenemi
3040 5740 3118 5813 Ad
3144 5748 3323 5813 tantos
3338 5738 3489 5813 enim
3514 5741 3842 5813 episcopos
3884 5782 3889 5783 ν

2217 5830 2521 5885 accessere,
2554 5830 2675 5872 cum
2705 5810 2936 5884 plurima
2967 5812 3124 5868 turba
3147 5853 3161 5882 ,
3196 5810 3381 5868 eximii
3420 5811 3530 5868 duo
3576 5811 3832 5882 presby-
