3996 6186
176 324 275 380 2“

183 536 382 589 dierint
412 550 515 590 nos
550 536 722 590 multa
760 536 1015 590 heretica
1040 542 1097 590 et
1123 549 1244 605 quas
1269 542 1456 590 contra
1480 534 1639 590 ﬁdem
1665 534 1767 590 Ec-

182 628 367 682 clesia:
396 629 625 683 veniunt
654 628 919 697 proﬁteri.

1140 718 1181 739 Α

1281 327 1479 386 FIDES
1518 327 1754 388 RUFINI
1791 328 2290 400 AQUILEIENSIS.

182 444 450 511 plurimos
479 443 679 499 fratres
706 443 762 498 in
789 442 945 499 nobis
973 440 1352 509 scandalizari,
1381 458 1450 499 eo
1484 444 1637 511 quod
1677 459 1773 498 au-
1802 452 1846 508 Α

3352 334 3458 390 πε

1951 444 2161 516 Itaque,
2194 446 2306 503 Deo
2333 457 2615 515 praesente,
2654 455 2920 502 testamur
2955 464 3065 512 iure
3099 446 3233 503 infra
3264 449 3460 517 scripta

1876 546 2125 591 suntnos
2140 554 2205 591 ex
2230 548 2382 605 parte
2402 539 2638 593 sensisse
2666 552 2763 609 per
2779 554 3044 608 errorem,
3073 548 3127 594 et
3148 550 3171 576 ε·
3208 538 3460 607 praesenti

1877 637 2120 698 tempore
2166 631 2558 697 condemnare;
2609 632 2712 686 alia
2760 642 2973 701 autem,
3018 634 3071 686 in
3106 634 3298 703 quibus
3331 633 3463 685 lalso

1375 756 1619 813 CASTIG
1632 757 1922 815 ATIONES
1962 761 2052 815 ET
2091 758 2321 816 NOTAE.

190 880 320 946 teri,
353 878 723 949 Hieronymus
770 873 1293 949 quidEpipbanium,
1333 873 1785 949 et_Rulinus_qui

191 943 462 1006 Joannem
492 943 833 1017 setiueretnr.
862 943 1191 1017 Hieronymo
1214 943 1604 1017 monachorum
1632 945 1782 1017 chori

195 1025 267 1077 ita
336 1013 729 1079 adhaerebant.
782 1027 841 1073 ut
895 1033 1002 1073 non
1061 1013 1532 1070 communicarent
1580 1013 1779 1067 .Ioanni

191 1092 361 1154 (Vide
388 1089 531 1159 apud
566 1087 876 1159 Hieronym.
907 1090 1034 1159 epist
1062 1087 1154 1150 61,
1185 1102 1299 1155 qua:
1326 1092 1561 1159 εει-φης.
1589 1100 1783 1159 errores

197 1154 479 1228 Joannis);
504 1154 841 1229 presbyteris
862 1154 1040 1213 autem
1070 1159 1356 1229 inpartes
1381 1154 1594 1229 divisis,
1644 1154 1789 1229 schi-

196 1247 314 1287 sma
344 1223 736 1284 miserabiliter
768 1229 1060 1283 Ecclesiam
1113 1223 1666 1295 Hierosolymitanam
1702 1224 1785 1277 la-

196 1302 443 1357 cerabat.
476 1298 595 1354 Non
616 1298 1052 1365 improbabiliter
1074 1296 1236 1367 igitur
1263 1293 1378 1349 diei
1398 1304 1575 1364 p0test
1606 1293 1789 1349 editus

197 1372 424 1428 circiter
455 1385 588 1424 ann.
629 1368 753 1422 598.

268 1446 568 1497 Auctorem
608 1453 733 1493 esse
774 1437 1026 1491 Ruﬁnum
1066 1434 1357 1505 quemdam
1392 1433 1599 1505 _titulus
1645 1432 1787 1505 indi-

201 1523 331 1577 cat;
378 1510 729 1565 demonstrat
772 1507 1018 1563 Latinum
1059 1503 1334 1561 hominem
1372 1503 1631 1577 dictionis
1658 1504 1787 1577 nfor-

204 1599 289 1637 tua
317 1575 333 1646 ς
362 1581 546 1636 series
588 1590 640 1633 et
684 1578 818 1633 ordo
861 1578 1068 1632 codicis
1115 1575 1467 1643 inanuscripti
1512 1576 1786 1646 appellare

204 1654 426 1707 videtur
468 1650 847 1720 presbyterum
892 1647 1342 1720 Aquileiensem;
1390 1645 1786 1720 posset_alicui

207 1725 396 1778 venire
429 1715 481 1774 iri
510 1715 746 1774 mentem
777 1715 1065 1788 presbyter
1083 1715 1744 1788 _Paliestina:_provincia:
1769 1757 1783 1781 ,

208 1796 358 1861 cujus
389 1791 641 1861 libellum
672 1784 819 1844 Fidei
868 1784 1038 1861 edidit
1082 1786 1144 1841 P.
1191 1784 1548 1861 Sirmoudus;
1598 1796 1789 1861 posset

209 1855 447 1918 et'alteri
480 1860 707 1914 Ruﬁnus
738 1860 1039 1930 presbyter,
1060 1855 1475 1930 qnemlegimus
1498 1856 1567 1909 ab
1597 1855 1788 1930 Hiero-

212 1948 370 2005 nymo
394 1931 625 1985 missum
645 1946 687 2005 ie
715 1925 846 2005 locis
874 1925 1079 2005 sanctis
1109 1925 1627 2005 Mediolanumann.
1656 1926 1785 1982 400.

212 1995 523 2059 Occurrunt
568 2002 715 2056 enim
755 2001 961 2061 animo.
1008 1999 1151 2053 inter
1205 1995 1428 2065 legenda
1480 2004 1786 2061 temporum

214 2076 442 2129 istorum
472 2079 825 2125 monumenta
848 2111 864 2134 ,
908 2081 1020 2124 tres
1052 2070 1153 2122 hoc
1183 2066 1402 2136 nomine
1444 2066 1743 2136 presbyteri
1769 2106 1785 2132 ,

216 2146 327 2199 sive
354 2142 451 2209 qui
486 2141 903 2213 Hierosolymis.
933 2140 1048 2195 sive
1078 2138 1168 2208 qui
1198 2138 1249 2213 in
1297 2134 1487 2213 vicinis
1524 2134 1789 2213 Ecclesiis

219 2208 420 2269 versati
448 2214 583 2277 sint,
611 2220 669 2265 et
696 2208 765 2264 ita
798 2217 1093 2265 occurrunt
1119 2209 1336 2262 curioso
1370 2208 1574 2273 animo,
1625 2215 1680 2260 ut
1721 2208 1791 2277 de

218 2284 362 2358 nullo
391 2296 503 2337 non
527 2281 709 2358 possit
733 2282 865 2335 oriri
899 2281 1169 2349 suspicio;
1199 2292 1323 2358 nam
1356 2286 1516 2358 proni
1539 2291 1791 2358 emerge-

217 2355 341 2409 bant
384 2347 633 2422 quotidie
685 2352 952 2416 brereses,
1000 2347 1304 2422 praesertim
1338 2347 1411 2422 _in
1462 2347 1681 2422 Oriente
1711 2347 1791 2422 et

219 2417 637 2493 Hierosolymis,
662 2432 887 2491 propter
913 2417 1299 2493 conﬂuentium
1338 2417 1614 2493 hominum
1638 2418 1790 2493 mul-

217 2487 504 2549 titndincrit
531 2510 547 2558 ;
576 2487 837 2547 ita'stta'm
859 2493 1083 2562 quisque
1108 2489 1339 2544 debebat
1368 2487 1594 2562 probare
1630 2487 1789 2562 ﬁdem

216 2565 359 2635 apud
389 2579 485 2619 eos
512 2577 744 2635 quorum
789 2558 1225 2635 communionem
1266 2558 1578 2635 _eXpetebat,
1626 2560 1794 2629 siqui-

218 2627 341 2691 dim
367 2627 767 2702 multi'pietatis
788 2633 970 2701 specie
996 2631 1245 2702 tegebant
1266 2627 1539 2702 haeresim.

290 2697 618 2760 Proﬂutino
638 2697 971 2772 Aquileieusi
1013 2697 1141 2755 facit
1180 2701 1235 2753 in
1285 2697 1793 2772 primisauctoritas

221 2775 563 2841 lercatDris,
594 2784 688 2827 aut
704 2768 889 2840 potius
912 2773 1191 2841 utriusque
1212 2768 1437 2841 codicis,
1464 2768 1515 2822 itt
1541 2783 1645 2841 quo
1672 2780 1796 2824 sunt

221 2847 401 2914 Opera
450 2838 821 2909 Mercatoris;
875 2845 927 2897 in
979 2838 1244 2914 ambobus
1297 2838 1439 2914 enim
1483 2838 1795 2914 anathema-

224 2908 369 2971 tismi
400 2916 548 2969 inter
586 2908 868 2983 epistolam
911 2912 1180 2968 Anastasii
1225 2918 1281 2964 et
1305 2908 1714 2983 snbnotationes
1741 2911 1794 2964 itt

226 2987 387 3041 verba
420 2981 634 3041 Iuliani
656 2987 727 3038 ita
777 2985 1219 3050 interponuntur,
1273 2988 1331 3033 ut
1356 2994 1479 3032 cum
1514 2981 1793 3035 manifesta

1888 874 1995 948 sibi
2025 877 2231 931 crimen
2262 876 2644 931 consensionis
2673 892 2794 948 cum
2829 879 3063 948 Origene
3111 877 3159 930 in
3201 879 3466 948 dogmati-

1888 945 2023 1013 bus,
2053 947 2250 1017 ubique
2300 948 2495 1016 passim
2524 988 2532 999 .
2565 959 2615 999 et
2656 947 2792 1014 apud
2828 946 3060 1013 jndicem
3097 945 3458 1011 Anastasium,

1888 1024 1943 1070 et
1964 1022 2102 1080 apud
2132 1028 2472 1071 accusantem
2504 1017 2908 1084 Hieronymum,
2940 1019 3168 1071 diluere.

1960 1087 2352 1156 Argumentum
2403 1101 2565 1155 porro
2625 1088 2763 1150 quod
2810 1087 2878 1139 ab
2927 1088 3242 1140 auctoritate
3274 1087 3463 1141 Merca-

1891 1158 2022 1210 toris
2051 1159 2381 1221 sumebatur,
2414 1172 2532 1210 cum
2560 1158 2760 1209 nitatur
2787 1159 2979 1224 partim
3017 1159 3115 1209 bac
3142 1172 3292 1221 voee,
3328 1161 3468 1225 ejus-

1890 1227 2028 1289 dem,
2066 1228 2259 1296 partim
2303 1227 2661 1281 colloc:ttione
2701 1227 2868 1280 libelli
2906 1238 3029 1293 post
3076 1227 3283 1280 litteras
3324 1230 3467 1281 Aua~

1891 1298 2084 1367 stasii,
2151 1308 2294 1360 θίυ..
2355 1297 2485 1351 nihil
2539 1297 2826 1350 admodum
2883 1297 3068 1367 efﬁcit.
3133 1298 3264 1364 Quis
3321 1298 3463 1350 enim

1893 1366 2170 1433 epistolam
2218 1368 2483 1420 Anastasii
2522 1368 2588 1419 ibi
2618 1368 2932 1421 collocatam
2960 1382 2987 1419 a
3022 1366 3315 1421 Mereatore
3345 1382 3467 1433 pro-

1894 1436 2004 1496 bet,
2040 1437 2126 1490 ubi
2158 1451 2233 1491 est
2270 1440 2321 1490 iu
2354 1437 2539 1491 codice
2568 1438 2977 1506 manuscripto?
3004 1440 3122 1503 quis
3160 1452 3262 1490 non
3292 1438 3468 1488 videat

1894 1506 1945 1560 id
1977 1506 2177 1560 factum
2204 1509 2268 1559 ab
2294 1510 2539 1575 imperito
2571 1508 2818 1571 librario,
2853 1508 2941 1574 qui
2969 1523 3087 1560 cum
3135 1524 3296 1559 ttttltttt
3348 1507 3472 1559 ()ri-

1894 1579 2154 1646 genistatn
2204 1577 2455 1631 Ruﬁnum
2500 1587 2712 1641 nosset,
2745 1578 2868 1631 huic
2897 1579 3073 1631 omnia
3104 1577 3419 1631 Ruﬁuorum
3447 1619 3462 1641 ,

1818 1686 1866 1746 B
1896 1656 2117 1746 ντῖκίξθῖ
2141 1649 3215 1746 3????"1'3161‘="3531‘?.‘E:::.‘I‘“Erit:

1963 1717 2167 1785 Opinor
2191 1721 2371 1788 igitur,
2404 1733 2575 1787 neque
2604 1718 3019 1780 incredibiliter,
3069 1729 3343 1771 auctorem
3374 1718 3467 1769 hu-

1885 1786 1978 1857 jus
1997 1788 2161 1843 libelli
2181 1786 2303 1843 esse
2317 1786 2570 1842 Ruﬁnum
2587 1789 2735 1841 illum
2753 1797 2851 1841 teri
2865 1788 2969 1841 ium
2990 1789 3055 1858 (si
3082 1800 3255 1841 tamen
3275 1788 3465 1843 tertius

1889 1858 2186 1930 aisecnndo
2239 1857 2442 1930 differt)
2492 1874 2648 1926 quem
2692 1857 3067 1930 presbyterdm
3114 1860 3470 1930 Hieronymus

1891 1927 2253 1983 Mediolanum
2286 1927 2623 1998 Romamque
2650 1930 2816 1991 misit,
2862 1927 3050 1998 utique
3073 1934 3136 1981 ad
3183 1927 3468 1982 Venerium

1891 2005 1946 2052 et
1975 1998 2320 2054 AnaStasium
2348 2000 2612 2053 adver~us
2653 2001 2991 2067 Origcnistas
3026 2000 3423 2054 sollicitandum
3452 2042 3467 2063 ,

1891 2077 1949 2122 ut
1976 2071 2312 2123 ostendimus
2342 2071 2393 2123 in
2421 2069 2563 2123 notis
2605 2070 2670 2123 ad
2703 2070 3069 2138 praelationem
3118 2071 3469 2124 Subnotatio—

1891 2153 2037 2192 num.
2067 2138 2334 2206 Opioandi
2376 2141 2512 2193 ratio
2540 2150 2644 2204 est,
2686 2138 2828 2208 quod
2864 2152 3061 2208 praeter
3102 2155 3293 2193 nomen
3343 2154 3471 2192 eon-

1893 2208 2114 2262 veniant
2182 2218 2393 2277 tempus
2424 2254 2437 2277 ,
2495 2210 2665 2275 locus,
2715 2209 2910 2279 patria,
2960 2210 3172 2277 aliaque
3209 2211 3470 2277 ejusmodi

1892 2279 2165 2345 adjuncta.
2200 2279 2392 2332 Missus
2415 2288 2499 2333 est
2527 2282 2668 2333 enim
2694 2295 2759 2333 ex
2792 2280 3199 2334 Bethleemitico
3230 2294 3468 2341 secessu,

1892 2347 2165 2403 Anastasii
2208 2350 2572 2418 temporibus,
2608 2350 2691 2403 vir
2736 2350 2991 2413 Latinus,
3032 2352 3120 2418 qui
3166 2365 3287 2402 cum
3319 2351 3472 2403 Ucci-

1894 2419 2198 2473 dentalibus
2215 2421 2487 2489 negotium
2522 2421 2696 2486 magni
2721 2422 2980 2474 momenti
3004 2429 3252 2489 gereret,
3285 2418 3334 2472 id
3364 2433 3469 2481 est,

1893 2504 2006 2543 rem
2054 2500 2269 2543 strenue
2311 2497 2500 2558 ageret
2552 2503 2739 2545 eontra
2812 2489 3185 2558 Origenistas,
3244 2504 3489 2558 quorum

1895 2574 2111 2630 errores
2151 2569 2204 2614 et
2235 2574 2303 2614 eo
2335 2562 2499 2614 sciret
2537 2563 2790 2630 penit‘tts,
2821 2575 2928 2627 quo
2960 2560 3147 2615 iisdem
3183 2560 3358 2613 fuerat
3393 2561 3472 2613 in-

1838 2668 1858 2687 .
1897 2628 2086 2695 fectus,
2128 2638 2183 2684 et
2226 2632 2509 2685 haereticos
2539 2628 2695 2685 'tanto
2741 2631 3021 2684 ardentius
3067 2634 3471 2699 insequeretur,

1896 2709 2097 2768 quanto
2124 2714 2183 2755 se
2213 2702 2399 2766 sciret,
2430 2701 2672 2768 professo
2700 2701 2871 2770 palum
2900 2702 3044 2758 odio.
3082 2717 3108 2753 a
3160 2701 3472 2763 suspicione

1898 2770 2138 2841 pristina:
2184 2773 2458 2825 societatis
2495 2773 2694 2826 certius
2738 2772 3122 2824 absolvendum
3158 2770 3175 2841 (
3211 2770 3335 2823 Vide
3358 2785 3471 2840 qua!

1896 2840 2349 2912 animadvertimus
2379 2843 2447 2895 ad
2478 2847 2627 2912 praef.
2661 2842 2878 2907 Subn.).

1970 2909 1997 2948 δ
2032 2912 2163 2964 Tota
2206 2912 2319 2966 haec
2370 2909 2748 2967 condemnatio
2787 2910 3070 2966 duodecim
3114 2910 3473 2963 anathemati-

1901 2981 2032 3035 smis
2075 2984 2415 3046 continetur,
2456 2984 2595 3036 circa
2647 2996 2817 3047 quos,
2875 2984 2917 3035 si
2976 2984 3137 3035 modo
3179 2982 3471 3035 universint

228 3057 322 3110 ﬁat
367 3056 581 3110 mentio
626 3056 677 3107 in
716 3056 897 3123 priore
933 3055 1053 3108 loco
1089 3050 1454 3123 Aquileiensis
1501 3050 1700 3123 Ruﬁni,
1745 3053 1795 3106 in
1825 3057 1871 3119 C
1904 3059 2233 3119 spectentur,
2280 3054 2377 3105 tria
2438 3064 2565 3121 puto
2605 3052 2914 3120 diligentius
2960 3054 3314 3105 observanda.
3361 3053 3474 3105 Pri-

229 3126 538 3195 posteriore
568 3118 748 3195 Ruﬁni
780 3125 925 3179 illius
961 3124 1052 3193 qui
1084 3118 1803 3195 docuit_i(;(eles_tium,rquio

229 3190 330 3266 que
360 3197 528 3267 vulgo
554 3190 1025 3267 crediturtetiain
1055 3193 1123 3249 ab
1155 3190 1536 3267 eruditissimis
1582 3190 1803 3267 quibus-

228 3262 481 3335 cumque,
530 3280 651 3320 esse
693 3264 1078 3335 Aquileiensis,
1126 3277 1231 3335 non
1299 3262 1434 3335 alius
1490 3262 1801 3335 anathema-

230 3330 400 3392 tismis
449 3330 643 3390 titulus
693 3330 851 3389 datus
898 3337 969 3390 sit
1012 3348 1174 3404 quam
1219 3331 1589 3404 istezglnc’ipit
1642 3330 1803 3387 Fides

263 3408 458 3469 indm
485 3407 694 3469 Ruﬁni,
724 3408 878 3472 cujus
910 3402 1105 3473 nem—pe
1146 3404 1203 3457 ﬁt
1235 3402 1438 3457 mentio
1485 3403 1538 3454 in
1578 3411 1805 3472 utroque

274 3492 427 3545 pere.
485 3475 641 3545 [facit
675 3476 874 3531 deinde
913 3478 1052 3544 quod
1096 3473 1467 3542 Aquileiensis
1506 3474 1802 3545 plurimum

226 3544 810 3617 OrigeniLPelagianis
834 3559 1156 3617 noniparum
1192 3546 1402 3608 faverit,
1449 3550 1586 3617 teste
1618 3544 1806 3617 Hiero-

232 3612 392 3688 nymo
423 3612 730 3688 (Epistfad
768 3613 1054 3688 Ctesiph.);
1104 3616 1177 3668 sit
1207 3622 1516 3688 vero‘tntus
1558 3612 1672 3668 fere
1718 3615 1805 3670 hic

228 3683 444 3742 libellus
481 3686 555 3741 de
602 3683 1028 3756 quiestionibus,
1071 3693 1184 3739 tum
1226 3683 1296 3756 ab
1334 3683 1585 3756 Origene,
1638 3690 1746 3737 tum
1774 3700 1805 3738 a

228 3752 653 3829 Pelagiomotis.
679 3755 834 3829 Facit
857 3756 1091 3829 denique
1114 3754 1255 3829 quod
1285 3768 1402 3822 qua:
1433 3755 1518 3829 hic
1540 3752 1807 3829 damnan-

226 3836 331 3893 tur,
355 3822 558 3883 cadem
587 3826 702 3881 fere
730 3827 941 3895 objecta
990 3822 1095 3880 sibi
1134 3822 1362 3879 Ruﬁnus
1421 3823 1802 3892 Aquileiensis,

228 3912 348 3953 alin
378 3898 433 3952 in
457 3897 723 3967 Apologia
748 3898 817 3967 ad
860 3896 1203 3951 Anastasium
1234 3908 1460 3963 papam,
1500 3902 1610 3967 ium
1639 3897 1805 3967 maxi-

220 3983 318 4093 ἦα
479 3965 693 4023 duabus
746 3966 1009 4024 adversus
1059 3967 1444 4036 Hieronymum
1498 3965 1804 4037 luveCtivis,

294 4054 366 4092 ua
400 4077 415 4092 .

260 4039 415 4092 iluat.

293 4108 495 4164 Verum
523 4116 654 4163 sunt
693 4106 746 4162 in
790 4108 1127 4163 contrarium
1161 4105 1502 4161 vehementia
1534 4119 1664 4160 sane
1716 4120 1804 4161 ar-

225 4187 504 4249 gumenta,
540 4193 713 4247 eaque
735 4193 841 4233 non
866 4193 1033 4248 pauca
1055 4195 1071 4244 ;
1105 4193 1225 4231 nam
1244 4176 1288 4249 si
1319 4177 1460 4249 hanc
1482 4175 1805 4249 palinodiam

225 4247 525 4320 aliquando
572 4247 908 4320 recantasset
939 4248 1296 4319 Aquileiensis
1322 4287 1337 4311 ,
1375 4247 1462 4320 qui
1514 4249 1688 4320 potuit
1725 4248 1808 4301 fa-

224 4316 369 4375 ctum
388 4320 778 4389 Hieronymum
803 4316 1193 4387 latere,primis
1215 4316 1514 4386 praesertim
1542 4317 1649 4371 illis
1671 4329 1805 4373 tem-

226 4390 473 4460 poribus,
496 4390 690 4459 quibus
709 4400 856 4460 arcta
886 4397 1003 4444 erat
1022 4390 1163 4444 inter
1192 4398 1477 4460 utrumque
1502 4390 1797 4460 necessitas

224 4458 881 4531 inimiqneconcordiai
915 4460 1016 4526 Qui
1061 4458 1233 4527 patuit
1292 4472 1398 4531 non
1421 4459 1790 4531 exprobrari,

224 4528 462 4585 Iustisne
495 4528 565 4583 ab
598 4528 815 4585 homine
846 4530 1203 4588 iracttndiore.
1245 4536 1304 4583 et
1332 4528 1531 4582 leviora
1570 4543 1674 4583 non
1719 4530 1791 4584 si-

225 4600 406 4664 lente,
451 4608 739 4668 postquam
787 4600 1019 4655 amicitia
1068 4598 1243 4653 soluta
1289 4598 1417 4653 est?
1464 4598 1600 4663 Quid
1649 4600 1790 4668 qttod

227 4671 452 4725 ultimus
477 4669 956 4725 anathematismus
984 4669 1299 4739 perstringit
1333 4682 1429 4723 eos
1472 4669 1561 4738 qui
1607 4669 1795 4724 dicunt

222 4739 434 4794 animas
467 4740 616 4808 prius
642 4740 918 4797 exstitisse
942 4755 1104 4808 quam
1135 4739 1376 4794 venerint
1420 4740 1472 4792 in
1521 4753 1746 4807 corpora
1775 4784 1790 4809 ,

222 4818 274 4864 et
296 4823 431 4874 non,
454 4810 753 4865 secundum
788 4811 942 4879 primi
976 4810 1209 4863 hominis
1246 4810 1583 4879 exemplum,
1629 4825 1722 4865 eas
1765 4828 1794 4863 a

227 4880 335 4935 Deo
354 4880 601 4949 quotidie
628 4880 741 4935 ﬁeri
762 4877 798 4945 ;'
825 4880 1046 4934 Ruﬁnus
1078 4888 1254 4951 tamen
1312 4880 1329 4947 (
1358 4877 1423 4931 In
1446 4878 1700 4951 Apologia
1729 4885 1797 4934 ad

226 4952 563 5005 Anatasiam
593 4952 804 5021 papam)
830 4953 1120 5004 conlitetur
1150 4950 1259 5019 jam
1292 4965 1476 5021 senex,
1520 4952 1696 5004 adhuc
1737 4966 1797 5006 se

224 5021 497 5089 ignorare.
534 5021 747 5089 Deoqtte
786 5020 1039 5090 relinquit
1081 5022 1256 5074 scire:
1307 5020 1442 5085 Quid
1482 5021 1545 5073 sit
1589 5020 1643 5072 in
1682 5037 1799 5075 vero

225 5107 377 5155 super
403 5090 573 5144 tribus
599 5107 712 5158 qua:
752 5102 871 5143 tunc
906 5091 1224 5144 inraluerant
1268 5090 1329 5143 de
1363 5092 1557 5160 origine
1593 5093 1797 5143 animu-

224 5160 706 5231 mopiniouibus,
733 5177 956 5231 quarunt
993 5178 1096 5213 una
1125 5172 1230 5213 erat
1260 5160 1428 5228 quod,
1467 5176 1727 5215 mannis
1749 5177 1801 5216 IN

226 5246 399 5286 emo
422 5246 775 5301 coaroatnos,
806 5235 952 5288 Deos
988 5246 1238 5294 ouortots
1268 5247 1459 5286 PACIAT
1491 5247 1683 5286 .tamits
1734 5249 1800 5287 er

223 5317 510 5358 αηεωιτ.

290 5374 449 5428 Adde
496 5374 643 5443 quod
693 5372 922 5427 Ruﬁnus
972 5371 1065 5443 ille
1118 5372 1292 5443 Syrus
1350 5373 1502 5439 cujus
1555 5372 1803 5428 meminit

230 5442 581 5499 Iercator’in
627 5443 942 5513 praefatione
988 5442 1439 5499 SubnOtatiouum
1466 5482 1481 5506 ,
1532 5443 1687 5503 longe
1719 5445 1800 5496 di—

228 5527 411 5569 versus
441 5516 515 5569 sit
560 5515 628 5568 ab
648 5513 1017 5584 Aquileiensi,
1048 5517 1138 5583 qui
1182 5514 1250 5569 de
1296 5526 1513 5582 peccato
1547 5514 1794 5579 originali

231 5598 331 5636 non
360 5587 503 5640 male
528 5586 724 5650 sensit,
754 5594 810 5639 ut
853 5585 1113 5639 adversus
1141 5584 1454 5654 popularem
1501 5585 1791 5638 credulita-

230 5664 332 5708 tem
356 5656 680 5710 indubitatis
702 5654 1037 5723 argumentis
1060 5657 1358 5710 contectum
1384 5664 1485 5709 est.

297 5725 476 5794 Neque
506 5728 653 5782 valet
695 5726 746 5779 id
781 5725 922 5795 quod
962 5724 1183 5781 affertur
1226 5742 1287 5779 ex
1322 5728 1576 5795 Apolog‘a
1614 5734 1671 5779 et
1705 5725 1788 5779 ln-

233 5800 466 5854 vcaivis.
513 5799 749 5855 Coactus
790 5797 934 5852 enim
980 5808 1060 5854 cst
1106 5797 1461 5867 Aquileiensis
1512 5798 1781 5866 objedum

1905 3136 2082 3182 mum,
2127 3136 2316 3175 omnes
2363 3123 2653 3191 intorqueri
2710 3126 2761 3176 itt
2806 3124 3106 3176 doetriuam
3148 3139 3300 3191 qum,
3352 3123 3473 3175 licet

1906 3191 2337 3261 Hii-ronytniante
2360 3193 2428 3246 sit
2458 3194 2760 3255 contraria,
2806 3209 2908 3245 non
2949 3205 3126 3245 tamen
3164 3194 3361 3257 pariter
3407 3199 3474 3244 ab

1905 3262 2155 3333 omnibus
2182 3263 2299 3316 aliis
2344 3262 2589 3316 l'atribus
2621 3264 2919 3333 proscripta
2961 3272 3061 3316 est.
3105 3263 3287 3330 N'qtte
3329 3264 3470 3315 enim

1905 3332 2255 3387 duodecimus
2278 3332 2758 3387 anatltematisinus
2778 3335 3036 3387 adversus
3065 3349 3160 3387 eos
3182 3335 3267 3402 qui
3295 3333 3474 3385 dirum

1907 3404 2108 3455 animas
2148 3405 2293 3471 prius
2318 3404 2477 3472 fuisse
2518 3421 2670 3473 quant
2695 3416 2829 3457 nota:
2853 3412 2994 3467 sunt,
3030 3414 3075 3457 et
3098 3420 3198 3456 non
3227 3420 3340 3455 cum
3370 3421 3474 3455 cor-

1906 3489 2028 3543 pore
2049 3490 2080 3526 a
2116 3473 2220 3527 Deo
2250 3474 2477 3542 quotidie
2496 3476 2636 3542 ﬁeri,
2667 3475 2932 3527 admissus
2981 3475 3171 3528 fuisset
3196 3474 3262 3526 ab
3295 3480 3474 3541 Augu-

1907 3544 2072 3608 stiuo,
2097 3546 2449 3610 quaestionem
2497 3546 2633 3599 hanc
2676 3549 2817 3597 velut
2866 3547 3127 3599 incertam
3172 3544 3347 3597 adhuc
3379 3560 3473 3598 soa

1907 3624 2065 3669 aetate
2091 3615 2320 3669 deﬁnire
2351 3630 2634 3683 numquam
2665 3630 2814 3669 auso.
2842 3615 2993 3669 Unde
3020 3623 3231 3683 oportet
3266 3614 3475 3668 centes-

1906 3685 2115 3738 sionem
2146 3686 2301 3739 istam
2334 3686 2385 3738 in
2411 3686 2553 3737 nulla
2586 3685 2823 3739 Ecclesia
2855 3685 3017 3739 Γιιιεεε
3043 3686 3301 3751 publicam
3330 3702 3343 3748 ;
3378 3686 3473 3739 sed

1909 3755 2170 3824 privatam
2196 3757 2394 3823 potius,
2425 3764 2478 3808 et
2506 3754 2752 3823 alicujus.
2787 3757 2901 3808 sive
2929 3756 3248 3809 clericorum
3279 3765 3470 3820 coetus,

1910 3825 2025 3879 sive
2054 3826 2363 3879 monasterii
2396 3827 2683 3892 propriam.
2712 3826 2935 3892 Oportet
2962 3828 3089 3879 item
3113 3826 3473 3878 attatltematis
3544 3832 3549 3835 “

1911 3908 2108 3947 nomen
2140 3908 2243 3948 non
2271 3909 2332 3948 ea
2363 3896 2580 3949 notione
2622 3906 2898 3963 acceptum
2936 3896 3098 3948 fuisse
3159 3912 3259 3962 qua
3313 3896 3472 3962 vulgo

1909 3964 2065 4028 solet,
2091 3979 2188 4033 pro
2212 3967 2579 4020 exsecratione
2607 3966 2887 4031 canonica,
2936 3968 3028 4019 sed
3074 3965 3311 4034 generali
3345 3967 3470 4028 alia,

1910 4048 2008 4116 pro
2038 4035 2489 4116 condemnatione
2515 4034 2741 4116 alicujus
2767 4036 2915 4116 dicti.
2940 4036 3042 4116 JSic
3072 4052 3191 4088 cuin
3236 4035 3491 4116 Dittsp0!i'

1933 4105 2183 4159 uberetur
2215 4105 2353 4160 dicta
2379 4107 2620 4172 quaedam
2650 4121 2745 4175 per
2773 4107 3132 4159 adulationem
3179 4107 3473 4173 reprobate

1954 4175 2177 4245 elagius,
2231 4176 2473 4246 Synodus
2520 4176 2692 4230 dixit:
2736 4178 2989 4242 Quoniam
3034 4192 3187 4245 negas
3236 4188 3282 4246 te
3316 4178 3472 4246 italia

1904 4245 2190 4312 scripsisse,
2218 4244 2591 4300 anathematiza
2616 4248 2731 4299 illos
2760 4249 2845 4313 qui
2884 4248 2953 4298 :ic
2994 4244 3178 4298 tenent.
3231 4244 3471 4313 Pelagius

1908 4318 2206 4383 respondit:
2234 4317 2619 4370 Anatltematizo
2649 4318 2795 4385 quasi
2822 4319 3032 4376 stultos,
3062 4332 3161 4369 non
3190 4317 3334 4383 quasi
3364 4318 3470 4368 hrc-

1908 4390 2110 4452 reticos,
2141 4387 2386 4455 siquidem
2417 4402 2516 4438 non
2545 4396 2617 4438 est
2642 4389 2848 4455 dogma.
2892 4386 3091 4439 Deinde
3112 4389 3471 4453 judicarm'unt

1822 4433 1874 4493 D
1899 4433 2119 4527 episcopi
2147 4433 2402 4511 dicentes:
2436 4455 2486 4527 Ν
2494 4472 2593 4509 unc
2619 4433 2861 4527 quodniam
2899 4433 3345 4527 mathematicum
3374 4457 3470 4527 i’e-

1900 4526 2065 4595 (agitis
2092 4528 2342 4580 insertum
2371 4526 2766 4597 stultiloquium,
2796 4537 2901 4582 etc.
2929 4526 3067 4596 (Lib.
3102 4526 3166 4580 de
3187 4526 3329 4581 Gest.
3366 4526 3469 4579 Ρα-

1897 4597 2030 4651 ιωει.
2063 4614 2179 4668 cap,
2205 4597 2281 4667 6).
2536 4658 2539 4659 ν

1970 4666 2301 4731 Secundum,
2340 4668 2393 4722 itt
2423 4668 2674 4722 omnibus
2699 4666 2984 4735 Origenem
3021 4667 3164 4733 peti,
3212 4676 3467 4730 ortusque

1900 4751 1965 4791 ex
1998 4740 2164 4807 ipsius
2196 4740 2341 4793 I'Oute
2364 4742 2599 4793 haereses
2625 4736 2984 4801 Samus-item,
3018 4740 3150 4803 Arii,
3194 4736 3467 4805 Apollina-

1903 4809 1975 4861 ris
2002 4818 2057 4863 et
2108 4809 2355 4873 Plt0tini,
2392 4811 2555 4863 immo
2599 4808 2795 4861 nullam
2835 4810 3105 4869 damnari,
3150 4824 3307 4875 quam
3362 4824 3465 4859 non

1906 4877 2490 4949 HteronytnusOriguni
2510 4880 2797 4943 aliquando
2819 4879 3095 4945 objererit.
3129 4879 3204 4931 Ex
3233 4893 3339 4946 quo
3369 4894 3466 4932 nec

1906 4956 2108 5003 temere
2136 4951 2397 5017 quispiam
2428 4965 2525 5004 nec
2558 4951 2925 5016 imprttduttlt‘t‘
2955 4949 3242 5003 οτοάίάιιτίῑ
3282 4959 3465 5001 aucto-

1906 5033 2021 5073 rem
2048 5021 2617 5074 anathetnatismorttm
2653 5020 2814 5074 iuiSse
2843 5019 3162 5087 discipulum
3206 5019 3465 5089 Hierony-

1908 5091 1999 5153 mi,
2034 5100 2087 5145 et
2106 5105 2174 5144 eo
2203 5098 2445 5158 tempore
2468 5090 2748 5158 scripsisse
2774 5106 2876 5159 quo
2906 5090 3137 5143 nondum
3170 5090 3464 5143 det'etbuts-

1908 5171 1992 5213 set
2022 5164 2199 5215 acrior
2232 5162 2371 5215 inter
2404 5160 2786 5229 llirronyntum
2819 5171 2871 5213 et
2915 5159 3175 5213 Joannem
3221 5161 3465 5213 Ilict'oso-

1912 5231 2227 5298 lymitanum
2260 5231 2563 5293 contentio,
2598 5231 2648 5283 id
2678 5242 2753 5283 εει
2776 5270 2789 5293 ,
2836 5244 2959 5284 ante
2981 5246 3103 5284 anu.
3133 5231 3265 5291 59$;
3302 5233 3464 5284 immo

1910 5311 1965 5355 et
1991 5302 2224 5357 edidisse
2251 5305 2636 5370 professionem
2666 5302 2821 5363 banc,
2856 5303 2917 5371 in
2948 5302 3175 5368 ipsomet
3206 5302 3465 5371 Hierony-

1910 5376 1980 5427 nti
2005 5375 2355 5437 monasterio,
2383 5372 2520 5440 apud
2551 5380 2785 5423 sanctam
2812 5370 3101 5435 Bethleem,
3135 5389 3232 5440 qua
3260 5390 3317 5422 se
3341 5370 3465 5441 pur-

1904 5453 2057 5512 garet
2102 5445 2169 5498 ab
2200 5446 2424 5497 haeresis
2464 5441 2789 5510 suspicione,
2844 5443 3168 5508 dignumque
3215 5446 3462 5509 probat-vt

1901 5516 1988 5584 qni
2019 5514 2383 5569 admitteretur
2419 5514 2468 5567 in
2502 5513 2816 5567 catholicum
2847 5522 3068 5564 caelum.

1973 5587 2330 5651 Postremum,
2357 5599 2419 5639 ea
2447 5590 2763 5650 tempestate
2800 5584 2976 5649 plures
3029 5588 3191 5632 tactas
3248 5582 3405 5633 fuisse
3429 5598 3455 5635 a

1897 5657 2057 5709 variis
2082 5656 2384 5710 hominibus
2408 5652 2787 5721 professiones,
2818 5651 2902 5704 isti
2930 5669 3031 5703 ttou
3057 5652 3346 5712 absimiles,
3374 5656 3453 5703 sio

1893 5728 2070 5779 tniuus
2098 5726 2270 5795 quoad
2294 5725 2680 5783 deﬁnitionem,
2715 5738 2834 5774 cum
2866 5724 2955 5795 alii
3005 5723 3241 5795 faverent
3273 5724 3344 5772 Ur
3366 5737 3454 5795 ge-

1891 5797 1963 5862 ni,
2013 5792 2475 5868 alii'puguarent,
2548 5798 2736 5846 saltent
2787 5792 2959 5862 quoad
3004 5792 3325 5861 (pit-stiones
3393 5792 3456 5842 de
