3996 6184
364 355 475 412 256
821 357 913 412 AD
952 355 1209 413 PRIMAM
1247 354 1528 410 PARTEM
1566 350 1845 409 OPERUM
1885 350 1955 406 Μ.
1997 347 2439 408 MERCATORIS
2477 347 2825 406 APPENDIX
2861 345 3197 406 SECUNDA.
3513 347 3625 405 256

1070 571 2037 685 APPENDII
2081 566 2916 683 SECUNDA

1577 766 1686 827 AD
1727 764 2045 845 PRIMAM
2090 764 2415 827 PARTEM

705 929 1435 1058 OPERUM
1501 924 2037 1054 MARII
2099 921 3292 1071 MERCATORIS,

1837 1111 2183 1174 Complectens

1241 1221 2243 1307 DISSERTATIONES
2318 1223 2775 1306 SEPTEM

460 1364 702 1444 Quibus
728 1364 974 1442 integra
1002 1362 1360 1424 continetur
1383 1361 1649 1424 historia
1678 1362 2043 1438 Pelagiana,
2070 1361 2390 1440 multaque
2417 1358 2750 1440 populares
2777 1356 3104 1436 opiniones
3132 1354 3529 1437 refelluntur.

370 463 3604 494 MM

1571 1648 2438 1755 PRZEFATIO.

456 1845 580 1902 Fuit
639 1845 932 1915 aliquando
978 1845 1193 1900 animus
1242 1860 1339 1916 pro
1381 1843 1681 1914 appendice
1730 1845 1913 1913 prima:
1962 1843 2132 1912 partis
2158 1842 2391 1912 Opernm
2422 1840 2739 1896 Mercatoris
2782 1839 3057 1893 historiam
3100 1838 3324 1893 haeresis
3354 1838 3653 1908 Pelagiana:

382 1939 724 1995 conscribere
748 1979 765 2004 ,
807 1954 910 2009 qua
940 1939 1331 2007 complecterer
1359 1938 1536 1992 omnia
1565 1976 1581 2002 ,
1633 1937 1748 1991 sive
1782 1951 1905 2006 qua).
1941 1949 2084 1991 nunc
2127 1935 2357 2004 primum
2386 1949 2452 1988 ex
2484 1942 2706 1987 auctore
2751 1946 2872 1986 meo
2901 1929 3211 1985 didicissem
3243 1969 3259 1994 ,
3291 1932 3404 1985 sive
3432 1947 3551 1999 qua
3579 1946 3653 1984 ex

383 2031 739 2102 scriptoribus
781 2032 901 2085 aliis
932 2032 1102 2101 quinti
1129 2031 1311 2085 surculi
1344 2029 1585 2085 studione
1612 2027 1917 2099 conquisita
1949 2040 2059 2097 pra:
2101 2026 2349 2081 manibus
2376 2025 2628 2080 haberem
2656 2042 2670 2077 :
2700 2023 2915 2079 retinuit
2945 2036 3033 2077 me
3064 2032 3237 2076 tamen
3268 2037 3371 2077 non
3418 2022 3655 2075 historitc

386 2132 594 2177 tantum
621 2122 881 2189 conditio,
912 2137 1030 2192 qua:
1060 2121 1270 2175 dicendi
1301 2120 1605 2174 facultatem
1641 2135 1761 2175 mea
1790 2119 2051 2188 majorem
2083 2117 2362 2187 otiumque
2395 2132 2426 2171 a
2453 2116 2653 2172 scholis
2682 2131 2907 2172 vacuum
2937 2115 3134 2186 exigit,
3175 2113 3269 2169 sed
3300 2115 3415 2183 ipsa
3443 2130 3658 2184 quoque

388 2228 570 2267 rerum
619 2212 1017 2266 tractandarum
1068 2212 1204 2265 ratio
1233 2253 1248 2276 ,
1300 2227 1419 2282 qua:
1470 2220 1691 2281 propter
1718 2209 2171 2280 multiplicltatem
2204 2211 2437 2278 postulat
2477 2209 2696 2264 liberius
2734 2207 3005 2263 scribendi
3043 2222 3237 2276 genus.
3284 2206 3467 2276 Neque
3509 2206 3654 2261 enim

390 2302 628 2359 historite
661 2305 805 2374 leges
834 2305 1107 2373 patiuntur
1133 2307 1201 2361 τὰ
1225 2306 1426 2380 κριτικοὶ
1452 2302 1854 2359 narrationibus
1880 2301 2117 2363 misceri,
2149 2300 2292 2368 quod
2327 2308 2506 2353 tamen
2527 2314 2667 2368 opus
2689 2309 2862 2365 esset;
2896 2312 3070 2366 neque
3096 2299 3294 2374 κριτικᾶ
3324 2297 3659 2369 praetermitti

392 2407 701 2468 potuerunt,
733 2399 849 2453 sine
878 2398 1085 2468 reliquo
1113 2397 1394 2467 dispendio
1423 2395 1659 2466 suscepti
1690 2396 1742 2449 in
1768 2392 2083 2448 accurandis
2110 2391 2256 2446 Marii
2293 2391 2604 2446 Mercatoris
2628 2389 2893 2460 Operibus
2929 2391 3146 2447 laboris.

464 2489 675 2545 Placuit
699 2488 860 2558 igitur
886 2488 1357 2543 dissertationibus
1388 2488 1565 2557 potius
1591 2500 1752 2557 quam
1784 2484 2007 2539 historia
2035 2484 2498 2554 comprehendere
2526 2498 2879 2553 quacumque
2910 2483 3166 2538 haberem
3193 2480 3376 2538 dicere
3400 2482 3470 2538 de
3497 2482 3662 2538 rebus

393 2582 462 2637 ad
489 2597 706 2639 causam
737 2583 1077 2652 Pelagianam
1107 2583 1497 2653 spectantibus.
1529 2582 1759 2649 Placuit,
1795 2581 2035 2649 inquam,
2064 2595 2174 2635 non
2202 2595 2265 2635 ea
2291 2581 2468 2635 solum
2500 2579 2568 2633 de
2593 2593 2758 2634 causa
2788 2594 2948 2648 quam
2979 2579 3172 2645 attuli,
3201 2579 3295 2633 scd
3336 2579 3536 2634 idcirco
3577 2578 3662 2633 vel

396 2673 647 2739 maxime,
677 2674 817 2742 quod
850 2681 1019 2726 totum
1050 2673 1149 2727 hoc
1176 2672 1501 2726 dissertandi
1530 2685 1698 2741 genus
1724 2712 1739 2735 ,
1774 2679 1828 2724 et
1858 2670 2117 2739 majorem
2157 2670 2351 2724 habeat
2390 2670 2767 2739 cognationem
2800 2685 2920 2723 cum
2963 2669 3301 2725 scholasticis
3342 2669 3666 2738 disputatio-

397 2765 553 2819 nibus
576 2805 591 2829 ,
637 2765 690 2818 in
733 2765 926 2832 quibus
956 2764 1169 2818 incanui
1194 2806 1209 2828 ,
1254 2775 1309 2819 et
1336 2764 1441 2817 alia
1473 2765 1609 2818 nolit
1635 2763 1904 2834 elegantia
1931 2763 2199 2819 sermonis
2221 2762 2401 2818 ornari
2431 2777 2593 2832 quam
2619 2778 2722 2833 qua
2752 2776 2903 2818 suam
2930 2763 3160 2834 quisque
3186 2764 3511 2818 sententiam
3537 2763 3667 2818 sim-

396 2857 605 2926 pliciter
632 2856 770 2910 solet
798 2863 853 2910 et
877 2865 1063 2923 aperte
1092 2855 1385 2926 explicare.

466 2948 600 3002 Cum
629 2956 806 3001 autem
839 2957 1058 3017 propter
1086 2947 1403 3018 exponenda
1433 2947 1741 3003 Mercatoris
1783 2947 1923 3002 dicta
1962 2955 2133 3004 totum
2163 2946 2216 3004 id
2247 2962 2429 3019 opera:
2457 2949 2599 3019 quod
2647 2964 2907 3004 navamus
2947 2958 3256 3020 susceptum
3292 2952 3395 3019 sit,
3434 2967 3663 3023 cumque

400 3043 667 3097 Mercator
688 3057 865 3095 rerum
893 3042 1296 3112 Pelagianarum
1322 3040 1453 3096 nihil
1479 3041 1758 3096 tradiderit
1781 3041 1921 3111 quod
1948 3041 2149 3098 obitum
2174 3042 2343 3097 sancti
2366 3042 2671 3111 Augustini,
2697 3051 2789 3097 aut
2808 3042 2999 3097 saltem
3026 3043 3311 3098 concilium
3336 3044 3667 3114 Ephesiuum

400 3133 694 3201 exceperit,
731 3136 858 3189 visa:
882 3143 1008 3188 sunt
1035 3135 1223 3189 eodem
1251 3149 1514 3189 annorum
1543 3134 1814 3189 curriculo
1842 3131 2167 3187 deﬁnienda:
2196 3133 2629 3199 dissertationes,
2662 3147 2762 3187 nec
2787 3132 2929 3187 aliud
2953 3134 3243 3203 quidquam
3270 3135 3665 3203 attingendum,

402 3225 504 3279 nisi
530 3226 672 3295 quod
703 3227 772 3280 ab
793 3237 985 3280 exortu
1015 3227 1241 3280 haeresis
1270 3264 1286 3291 ,
1333 3227 1416 3280 cui
1468 3226 1666 3280 factum
1712 3241 1740 3277 a
1790 3224 2008 3294 Pelagio
2046 3239 2240 3279 nomen
2285 3233 2368 3279 est
2390 3265 2406 3289 ,
2457 3225 2522 3279 ad
2552 3225 2794 3294 ejusdem
2825 3227 3330 3281 condemnationem
3360 3243 3391 3281 a
3421 3227 3671 3283 Patribns

402 3317 685 3387 Ephesinis
715 3331 921 3389 gestum
951 3318 1250 3372 est.Vi.~um
1280 3332 1494 3388 queque
1521 3316 1587 3372 ad
1620 3316 1913 3388 quamlibet
1941 3317 2371 3372 dissertationcm
2402 3315 2806 3387 proponendum
2835 3331 2954 3388 qute
2983 3316 3146 3372 verba
3172 3320 3484 3373 Mercatoris
3513 3334 3674 3373 occa-

400 3408 609 3465 sionem
640 3410 867 3480 singulis
895 3409 1165 3464 dederint.

475 3502 739 3566 Quoniam
769 3516 898 3555 vero
924 3502 991 3555 ad
1020 3500 1071 3554 id
1098 3500 1239 3571 quod
1269 3499 1477 3571 agimus
1501 3500 1679 3571 magni
1710 3498 1876 3555 refert
1908 3498 2208 3570 intelligere
2253 3513 2373 3568 quae
2414 3498 2578 3553 fuerit
2605 3498 2832 3553 haeresis
2858 3512 2961 3568 qua
2988 3497 3057 3552 de
3079 3498 3416 3567 potissimum
3446 3499 3677 3568 quaestio

404 3602 510 3659 est,
542 3592 736 3663 quibus
767 3602 860 3646 aut
887 3603 1002 3648 orta
1036 3593 1347 3662 parentibus
1366 3632 1383 3658 ,
1413 3604 1503 3648 aut
1534 3593 1775 3663 patronis
1802 3593 2043 3659 defensa,
2076 3592 2269 3663 quibus
2298 3592 2519 3666 synodis
2544 3593 2613 3647 ab
2643 3592 2905 3657 Ecclesia,
2947 3592 3140 3663 quibus
3169 3591 3385 3644 statutis
3408 3592 3474 3643 ab
3500 3591 3673 3658 impe-

408 3684 703 3749 ratoribus,
735 3699 844 3754 quo
869 3685 1029 3738 modo
1058 3684 1125 3738 ab
1156 3683 1286 3738 orbe
1315 3692 1426 3739 toto
1456 3684 1707 3738 damnata
1742 3686 1834 3748 sit,
1863 3683 2055 3752 quibus
2084 3683 2320 3753 denique
2347 3684 2429 3737 vel
2460 3682 2889 3752 professionibus
2919 3682 2986 3736 ab
3019 3680 3292 3736 hrcreticis
3322 3688 3551 3745 asserta,
3586 3681 3676 3734 vel

408 3775 563 3831 libris
591 3791 620 3829 a
651 3775 1029 3831 defensoribus
1061 3777 1180 3829 fidei
1206 3774 1487 3831 catholica:
1512 3777 1758 3831 convicta
1778 3819 1792 3840 ,
1823 3786 2031 3846 septem
2062 3777 2283 3831 omnino
2308 3775 2779 3830 dissertationibus
2812 3789 2949 3844 Opus
2981 3774 3099 3829 fuit.
3132 3773 3238 3830 Sed
3267 3789 3329 3827 ea
3361 3789 3463 3842 qua
3493 3773 3676 3842 inqui—

405 3868 543 3923 ritur
570 3882 731 3938 quem
760 3874 937 3921 ortum
967 3867 1236 3933 habuerit,
1268 3882 1496 3936 quisque
1522 3868 1857 3922 incrementa
1888 3868 2131 3933 haeresis,
2164 3883 2264 3938 qua
2295 3877 2445 3936 parte
2478 3869 2708 3923 maxime
2730 3867 2873 3921 dicta
2906 3876 2989 3921 est
3021 3866 3368 3933 leestiana,
3397 3874 3451 3919 et
3477 3882 3504 3917 a
3534 3866 3677 3921 Μειν-

404 3970 589 4015 catore
620 3960 958 4029 impugnatur
984 4000 999 4022 ,
1044 3957 1336 4013 differenda
1362 3958 1463 4013 fuit
1493 3959 1547 4013 in
1579 3970 1905 4028 postremum
1942 3959 2139 4022 locum,
2173 3968 2230 4013 ut
2257 3967 2402 4014 esset
2434 3960 2656 4014 aliarum
2687 3959 2840 4028 quasi
2873 3960 3328 4029 complementum
3360 3970 3412 4011 et
3446 3959 3673 4012 iructus.

413 4050 588 4105 Prima
616 4050 777 4119 igitur
803 4048 1052 4105 ostendet
1075 4064 1211 4118 quos
1250 4057 1405 4104 nacta
1431 4049 1496 4103 sit
1528 4058 1781 4119 parentes
1810 4048 2034 4108 haeresis
2057 4092 2072 4115 ,
2105 4065 2347 4118 quosque
2381 4051 2680 4119 pracipuos
2716 4051 3029 4106 defensores
3056 4068 3071 4117 ;
3103 4051 3336 4107 secunda
3360 4091 3376 4115 ,
3423 4053 3615 4118 quibus
3641 4066 3673 4104 a

403 4138 629 4208 synodis
654 4139 887 4207 judicata
927 4139 1033 4202 sit;
1080 4140 1237 4194 tertia
1262 4179 1279 4205 ,
1320 4138 1515 4206 quibus
1563 4138 1947 4207 imperatorum
1978 4142 2350 4197 sanctionibus
2394 4143 2732 4212 proscripta;
2774 4152 2997 4212 quarta,
3023 4144 3315 4213 quomodo,
3350 4154 3408 4197 ut
3438 4144 3678 4212 loquitur

405 4231 635 4303 Prosper
662 4231 860 4303 (Carm.
889 4233 951 4286 de
986 4224 1252 4304 Ingratﬁ
1273 4231 1459 4287 mundi
1492 4247 1651 4285 manu
1678 4231 1931 4286 damnata
1961 4234 2062 4300 sit;
2092 4238 2274 4305 quinta
2298 4276 2313 4300 ,
2343 4234 2537 4305 quibus
2564 4235 2759 4290 libellis
2789 4236 2947 4290 (idem
2975 4252 3125 4291 suam
3157 4238 3396 4292 haeretici
3430 4253 3534 4291 non
3566 4247 3673 4290 tam

405 4338 680 4392 exponere
707 4339 866 4393 quam
905 4324 1249 4381 dissimulare
1274 4312 1618 4381 ‘lentarerint
1643 4340 1658 4389 ;
1704 4334 1856 4378 sexta
1878 4364 1894 4393 ,
1935 4325 2129 4396 quibus
2167 4327 2382 4381 librisa
2411 4326 2695 4382 catholicis
2725 4328 2971 4383 Patribus
3002 4328 3135 4383 ﬁdes
3159 4328 3423 4383 catholica
3451 4327 3675 4383 defensa

405 4414 476 4467 sit
501 4429 517 4477 ;
564 4423 831 4480 postrema
850 4455 867 4480 ,
904 4430 1061 4484 quam
1101 4416 1469 4488 prodigiosum
1500 4416 1553 4471 in
1584 4415 1801 4472 modum
1832 4431 1901 4472 ex
1932 4416 2079 4473 tenui
2109 4417 2294 4474 radice
2320 4421 2621 4474 excreverit
2652 4419 2876 4475 haeresis
2903 4461 2918 4487 ,
2963 4421 3118 4490 cujus
3149 4420 3375 4477 historia
3406 4422 3678 4491 prioribus

403 4504 876 4561 dissertationibus
902 4517 1167 4563 narratur.
1186 4526 1192 4539 ·

481 4598 701 4669 Septem
735 4597 901 4665 enim,
929 4614 1063 4669 quas
1091 4598 1228 4666 dixi,
1259 4600 1730 4659 dissertationibus
1759 4602 1941 4657 videor
1974 4600 2106 4656 mihi
2143 4602 2425 4672 complecti
2455 4617 2613 4673 posse
2640 4612 2806 4659 totam
2835 4603 3175 4672 Pelagianam
3208 4618 3427 4659 causam
3459 4644 3473 4668 ,
3517 4614 3679 4673 prout

408 4692 532 4749 istis
562 4691 895 4761 temporibus
920 4703 1036 4747 acta
1063 4702 1180 4758 est,
1224 4708 1452 4764 eamque
1481 4694 1555 4749 ita
1585 4693 1888 4749 manifestis
1918 4693 2287 4748 instrumentis
2313 4696 2658 4761 confirmare,
2692 4704 2753 4748 ut
2783 4695 2905 4749 licet
2929 4696 3215 4764 populares
3242 4694 3407 4764 opinic
3431 4710 3525 4748 nes
3546 4709 3679 4748 con-

410 4784 671 4841 vellendas
698 4784 805 4840 sint
832 4799 936 4839 non
962 4798 1146 4855 pauca:
1172 4784 1314 4839 circa
1338 4800 1599 4854 personas
1626 4785 1717 4856 (de
1742 4785 2084 4856 dogmatibus
2116 4793 2348 4842 tractare
2379 4801 2484 4840 non
2516 4796 2599 4841 e~t
2628 4788 2678 4841 in
2708 4787 2921 4858 animo)
2948 4828 2962 4852 ,
3007 4790 3178 4843 lector
3206 4797 3381 4843 tamen
3419 4804 3523 4842 non
3555 4790 3675 4842 sine

410 4894 600 4950 magna
629 4879 713 4935 sui
745 4879 908 4934 animi
939 4879 1212 4948 voluptate
1242 4878 1589 4949 depositurus
1619 4880 1687 4935 sit
1711 4880 2001 4949 anticipata
2032 4879 2366 4950 pra-judicia,
2397 4881 2485 4936 ubi
2517 4881 2711 4937 viderit
2735 4882 3017 4937 veritatem
3058 4898 3089 4938 e
3129 4883 3241 4939 suis
3268 4884 3503 4939 tenebris
3532 4896 3677 4938 nunc

414 4974 672 5043 primum.
698 4971 1030 5041 producente
1054 4981 1279 5027 auctore
1302 4972 1647 5041 gravissimo,
1676 4986 1800 5026 sese
1823 4985 2070 5026 exerere.

480 5064 637 5120 Nulla
666 5072 841 5118 autem
872 5061 1048 5118 futura
1075 5071 1160 5119 est
1186 5064 1493 5119 dissertatio
1521 5078 1641 5133 qua:
1667 5080 1771 5119 non
1802 5065 2077 5119 contineat
2106 5077 2242 5118 nova
2273 5063 2525 5133 plurima,
2556 5070 2614 5118 et
2642 5064 2694 5117 in
2726 5062 2872 5119 hunc
2900 5079 3069 5133 usque
3097 5063 3243 5119 diem
3271 5064 3484 5136 ignota;
3517 5074 3679 5134 atque

412 5165 469 5211 ut
499 5170 531 5212 e
561 5154 740 5209 multis
770 5155 1041 5222 prtulibem
1072 5155 1274 5225 aliquid
1302 5156 1442 5226 quod
1474 5164 1686 5225 gustum
1731 5154 1916 5221 faciat,
1952 5165 2228 5224 postrema
2288 5157 2451 5209 tutius
2477 5156 2698 5211 haeresis
2730 5156 3026 5226 Pelagiana:
3056 5167 3230 5211 ortum
3258 5197 3275 5224 ,
3318 5167 3373 5212 et
3410 5160 3458 5210 in
3496 5159 3679 5227 prodi-

408 5250 615 5323 giosam
644 5251 873 5322 partium
912 5250 1309 5308 multitudinem
1338 5265 1404 5305 ex
1434 5266 1538 5305 una
1570 5250 1955 5320 quacstiuncula
1987 5250 2140 5318 quasi
2184 5250 2576 5303 silvescentiam
2618 5250 2889 5305 ostendet.
2942 5250 3238 5305 Convincct
3284 5262 3472 5320 aperte
3508 5253 3676 5318 prima

412 5343 723 5412 popularem
752 5356 996 5398 errorem
1022 5342 1091 5397 de
1117 5342 1311 5397 Ruﬁno
1339 5342 1670 5413 Aquileiensi
1699 5342 1937 5398 lecstii
1972 5341 2243 5409 magistro.
2280 5341 2525 5395 Secunda
2556 5342 2832 5396 exhibebit
2859 5341 3086 5396 concilia
3127 5343 3276 5408 plura
3312 5343 3499 5411 viginti
3544 5360 3679 5413 qua-

410 5441 533 5488 tuor
557 5434 607 5488 in
639 5448 797 5488 causa
828 5432 1136 5504 Pelagiana,
1167 5433 1383 5488 vivente
1415 5433 1732 5503 Augustino,
1765 5441 1972 5487 coacta.
2012 5433 2191 5487 Tertia
2227 5433 2507 5500 patefaciet
2538 5449 2641 5503 qua
2675 5434 2938 5488 induSIria
2974 5433 3313 5504 Augustinus
3354 5451 3448 5503 per
3474 5438 3677 5491 amicus

409 5533 468 5581 et
497 5525 850 5594 imperatores
876 5524 1169 5595 impulerit,
1202 5533 1257 5580 et
1282 5526 1458 5579 aulam
1490 5525 1846 5581 commoverit
1878 5526 1928 5579 in
1956 5526 2329 5581 defensionem
2364 5526 2483 5580 ﬁdei
2516 5528 2824 5580 catholicm.
2856 5527 3053 5595 Quarta
3083 5528 3476 5596 complectetur
3509 5531 3678 5584 histo-

410 5622 551 5678 riam
585 5632 750 5676 totam
777 5618 1192 5690 subscriptionis
1220 5619 1318 5674 hac
1347 5620 1397 5673 in
1426 5634 1588 5674 cauua
1618 5620 1913 5687 imperans.
1949 5619 2143 5688 Quinta
2193 5636 2334 5675 nunc
2379 5622 2607 5691 primum
2638 5623 2932 5692 publicabit
2963 5624 3198 5678 libellum
3228 5623 3375 5679 Fidei
3405 5641 3432 5679 a
3464 5625 3681 5680 Iuliano

410 5714 632 5769 missum
663 5712 882 5768 Zosimo
918 5726 1130 5767 summo
1160 5712 1417 5780 pontifici.
1468 5712 1632 5767 Sexta
1683 5721 1929 5765 auctores
1977 5712 2232 5765 librorum
2286 5714 2727 5785 llypognostit‘em
2755 5756 2770 5778 .
2823 5714 3194 5781 Qnmstiouum
3246 5717 3368 5771 novi
3397 5727 3453 5773 et
3482 5719 3678 5775 veteris

414 5806 764 5874 Testamenti,
797 5804 1327 5863 Commentariorum
1359 5804 1409 5859 in
1436 5802 1701 5875 Epistolas
1730 5801 1898 5867 Pauli,
1932 5810 2035 5857 etc.
2057 5843 2073 5870 ,
2119 5802 2353 5873 proferet
2382 5805 2693 5861 indubitatis
2718 5806 2828 5862 suis
2858 5807 2999 5862 notis
3028 5808 3284 5877 insignes.
