3996 6186
532 297 637 355 971

982 298 1070 353 AD
1110 298 1384 351 PARTEM
1429 298 1689 353 PRNAM
1729 298 2016 356 OPERUM
2058 300 2125 355 Μ.
2168 298 2603 356 MERCATORIS
2646 300 2987 355 APPENDIX
3027 300 3363 359 SECUNDA.

3691 312 3806 366 272

540 421 636 473 riis
659 417 721 471 ad
740 416 1017 484 Epistolas
1038 415 1185 492 Pauli
1208 424 1330 469 ante
1354 417 1705 470 vastationem
1726 417 1922 492 _l_J_rbis__;
1952 417 2116 470 immo
2145 421 2193 480 Λ
2220 432 2341 492 cum
2375 428 2498 492 ante
2527 419 2789 492 proditam
2824 419 3070 473 limresim
3101 420 3367 489 Pelagius,
3404 431 3618 490 propter
3642 428 3818 492 picta-

540 501 597 544 et
625 490 845 557 privatis
873 488 1214 557 sermonibus
1246 500 1526 557 sparsam.
1570 497 1681 540 toto
1725 488 1817 557 illo
1863 488 2117 541 diuturno

542 555 784 628 tempore
812 573 918 628 quo
948 556 1190 628 Pelagius
1218 564 1270 609 et
1298 556 1583 628 Caelestius
1628 555 1819 611 morati
1854 566 1980 611 sunt
2010 558 2118 612 lto-

539 626 670 696 mte,
694 627 991 695 creditique
1020 626 1220 688 multis,
1251 626 1332 679 vel
1364 628 1461 695 ipsi
1493 641 1703 680 summo
1732 628 1989 693 pentilici,
2020 642 2115 680 sua

540 700 871 769 persuasisse
892 713 905 757 ;
924 704 1111 769 postea
1140 696 1549 769 disseminatum
1574 699 1624 769 iu
1650 697 1832 751 Sicilia
1857 713 1984 751 ann.
2009 697 2117 752 409

540 766 591 823 et
619 768 745 833 ΜΘ,
778 766 1009 837 indeque
1033 766 1370 833 deportatum
1405 768 1455 819 iu
1480 768 1736 835 Africam,
1768 768 1857 821 ubi
1888 769 2115 837 primum

536 842 785 893 damnata
824 847 908 890 est
954 836 1309 905 Carthagine,
1357 839 1407 889 iu
1455 838 1683 891 Concilio
1714 838 2112 906 episeonorum,

535 910 636 963 sub
680 908 901 963 Aurelio
947 921 1073 960 aun.
1133 907 1271 971 412,
1317 917 1439 962 ante
1493 909 1958 981 quadragesimam
2014 910 2115 962 Pa-

535 981 703 1034 schze.

607 1050 712 1105 Sed
738 1049 846 1118 jam
875 1047 1063 1100 ordine
1096 1056 1391 1107 temrorum
1430 1049 1636 1117 singula
1669 1048 1869 1115 Pelagii
1910 1048 2115 1117 digesta

537 1122 774 1173 breviter
822 1119 1122 1172 enarranda
1171 1128 1315 1171 sunt.
1373 1118 1529 1173 Venit
1582 1121 1742 1188 igitur
1784 1120 2024 1180 Romam,
2062 1127 2118 1172 ut

537 1192 797 1269 credibile
824 1197 939 1252 cst;
972 1203 1074 1268 non
1121 1204 1183 1269 es
1218 1191 1579 1269 Orientalibus
1604 1190 1881 1269 partibus:
1913 1189 2052 1257 quod
2086 1205 2115 1243 a

540 1261 810 1313 nonnullis
847 1260 1109 1313 asset-itur
1137 1260 1254 1313 sine
1298 1260 1486 1313 idonea
1518 1260 1758 1321 ratione,
1788 1260 1880 1313 sed
1913 1275 1975 1312 ex
2021 1275 2116 1328 pa-

540 1336 661 1395 tria,
695 1346 816 1383 cum
867 1338 1073 1383 teneret
1103 1330 1284 1383 sedem
1335 1331 1682 1400 apostolicam
1730 1330 2014 1394 Damasus,
2064 1330 2116 1383 id

536 1412 639 1463 est,
671 1412 795 1455 ante
842 1415 968 1453 ann.
1014 1400 1138 1455 58L
1172 1414 1278 1468 quo
1305 1401 1413 1453 vita
1456 1401 1719 1453 Damasus
1750 1402 2002 1455 execssit.
2036 1400 2115 1464 ltl,

536 1475 658 1537 quia
693 1471 1017 1540 parado-lum
1051 1470 1226 1524 videri
1259 1481 1465 1537 potest,
1494 1472 1749 1539 gravibus
1787 1473 2117 1539 argumentis

535 1542 926 1597 conficiendum
950 1550 1050 1593 est.
1082 1540 1325 1595 Recessit
1353 1550 1502 1596 certe
1524 1543 1591 1594 ab
1620 1542 1755 1595 urbe
1782 1540 1949 1594 Roma
1988 1556 2114 1594 anu.

537 1616 641 1669 408
672 1624 761 1667 aut
798 1612 921 1675 409,
968 1620 1025 1663 ut
1056 1612 1360 1666 coniectum
1393 1622 1474 1666 est
1506 1614 1558 1666 in
1589 1613 1730 1665 notis
1756 1613 1821 1665 ad
1857 1611 2115 1665 Commo-

539 1685 789 1737 nitorium
826 1682 1178 1737 Mercatoris:
1220 1682 1292 1736 ibi
1342 1682 1535 1748 fuerat,
1587 1697 1692 1735 non
1741 1691 1943 1735 tantum
1987 1695 2113 1735 ann.

536 1755 662 1814 405,
696 1768 820 1806 cum
869 1755 1131 1808 seriberet
1170 1754 1236 1807 ad
1278 1763 1523 1807 sanctum
1570 1752 1849 1806 Paulinum
1885 1751 2022 1821 (Lib.
2056 1753 2117 1805 de

529 1826 685 1879 Crat.
713 1824 903 1880 Christi
929 1841 1043 1889 cap.
1076 1822 1187 1891 55).
1216 1826 1309 1879 sed
1333 1824 1492 1878 etiam
1519 1822 1620 1877 sub
1649 1824 1953 1880 Anastasio.
1980 1832 2117 1878 teste

538 1896 832 1951 Mercatore
853 1892 943 1966 (In
964 1894 1134 1966 (Prtef.
1165 1894 1533 1966 Subn.),cumi
1552 1894 1839 1966 doceretur
1864 1908 1893 1945 a
1923 1892 2119 1966 Ruﬁno

538 1970 676 2032 Syro
702 1985 714 2018 :
747 1964 910 2019 imu‘o
938 1964 1220 2017 diutissime
1246 1966 1403 2027 vixit,
1432 1978 1495 2018 ut
1525 1964 1761 2025 laquitur
1793 1964 2120 2032 Augustinus

540 1984 575 2021 ὖ
600 1984 676 2018 ’1⁵0
702 1985 714 2018 ἒ
747 1984 853 2019 tmu
874 1984 910 2019 0
938 1984 1220 2017 αιτιιιδδιηιε
1246 1984 1369 2018 υιπιι
1390 2006 1403 2027 ,
1432 1984 1495 2018 ιιι
1526 1984 1761 2025 ιυιιυιιιιι·
1793 1984 2120 2032 nugusunus

540 1984 676 2103 (lib.
712 2039 773 2090 de
824 2035 974 2089 Pccc.
1005 2036 1149 2104 Orig.
1180 2051 1292 2104 cap.
1323 2036 1440 2101 2i),
1471 2051 1588 2102 qua:
1616 2049 1736 2104 vos
1768 2034 1887 2102 plus
1917 2034 2120 2104 aliquid

538 2109 804 2161 decennio
831 2103 1121 2175 significat.
1161 2103 1489 2159 Versabatur
1532 2106 1692 2173 igitur
1724 2103 1972 2173 Pelagius
2013 2103 2121 2158 Ro-

540 2193 642 2232 ma:
664 2177 996 2245 temporibus
1021 2176 1220 2235 Siricii.
1249 2190 1370 2229 cum
1394 2175 1711 2228 Anastasius
1734 2188 1840 2229 non
1866 2176 1982 2243 plus
2010 2175 2122 2231 fere

540 2259 770 2314 quatuor
803 2246 958 2300 annis
982 2246 1351 2315 pontiﬁcatum
1384 2248 1635 2310 tenuerit,
1665 2245 1965 2315 obieritque
1992 2262 2117 2300 ann.

540 2316 668 2372 402.

614 2388 815 2443 Verum
844 2404 907 2443 eo
931 2387 1144 2441 venisse
1176 2388 1483 2456 priusquam
1520 2386 1632 2454 ipse
1661 2400 1872 2455 quoque
1900 2386 2123 2441 Siricius

541 2458 773 2526 sederet,
808 2475 875 2513 ex
916 2475 978 2512 eo
1014 2459 1294 2512 coniicitur
1330 2456 1472 2524 quod
1515 2457 1566 2509 in
1615 2456 1757 2511 Urbe
1789 2472 1915 2509 usus
1944 2458 2013 2510 sit
2042 2459 2122 2509 l'a-

542 2532 822 2587 miliariter
856 2531 1201 2598 Hieronymo,
1236 2529 1327 2597 qui
1370 2528 1493 2580 inde
1536 2538 1712 2581 tamen
1756 2529 2120 2598 inAOrientem

542 2604 766 2658 SC‘C'PSSll
816 2618 943 2653 anu.
993 2596 1120 2659 383,
1172 2596 1351 2652 statim
1405 2598 1632 2649 Damaso
1663 2599 1773 2651 vita
1814 2596 2021 2664 functo,
2067 2612 2125 2655 ιιι

541 2675 674 2728 cleri
703 2672 926 2728 Romani
955 2669 1209 2722 invidiam
1230 2668 1281 2721 iu
1307 2684 1364 2721 se
1386 2666 1710 2721 concitatam
1736 2670 1947 2724 vitaret.
1979 2672 2123 2728 lianc

541 2755 720 2798 autem
752 2759 869 2797 cum
901 2741 1227 2809 Hieronymo
1276 2739 1472 2805 Pelagii
1504 2736 1918 2809 familiaritatem
1957 2747 2123 2798 exsti-

544 2815 675 2867 lisse
709 2823 931 2868 testatur
969 2807 1325 2878 Hieronymus
1349 2808 1463 2876 ipse
1490 2807 1675 2878 (Prtef.
1701 2812 1752 2862 in
1778 2827 1829 2864 tv
1853 2811 1942 2865 lib.
1970 2814 2122 2867 Com-

544 2896 699 2938 ment.
732 2886 785 2937 in
814 2882 1139 2947 Jeremiam),
1163 2894 1281 2933 cum
1308 2879 1376 2933 de
1401 2879 1617 2947 Pelagio
1647 2882 1931 2944 scriberet,
1964 2886 2122 2939 tacito

546 2956 781 3018 potuine,
812 2956 862 3007 in
893 2953 1007 3006 lure
1048 2952 1209 3005 verba
1237 2968 1247 3001 :
1280 2948 1504 3005 Ha'resis
1536 2952 1828 3005 reviviscere
1870 2956 2036 3019 coepit,
2074 2964 2124 3009 et

536 3042 645 3079 non
684 3026 851 3079 solum
881 3024 933 3076 in
986 3020 1298 3093 Occidentis,
1331 3023 1419 3075 sed
1447 3021 1497 3072 in
1534 3020 1757 3075 Orientis
1794 3020 2024 3093 partibus
2054 3026 2125 3079 si-

543 3099 726 3163 bilare,
759 3108 801 3148 et
834 3096 1093 3148 maculare
1123 3092 1413 3163 plerosque,
1438 3099 1485 3144 et
1518 3108 1738 3146 crescere
1766 3092 1853 3158 per
1879 3096 1991 3149 dies
2015 3097 2121 3149 sin-

2167 766 2181 789 \

2153 1792 2193 1851 Β

2224 488 2291 540 tis
2327 490 2585 555 Speciem,
2628 490 2944 561 diligeretur
2973 504 2999 541 a
3039 491 3169 543 viris
3213 488 3587 561 siant'tiSsimis,
3621 488 3821 555 lliero-

2224 573 2407 627 nymo.
2440 560 2760 627 Augustino,
2792 558 3039 625 Paulino,
3073 571 3176 614 etc.

2294 629 2589 702 Tuncrum
2619 630 2963 702 adhuc_esset
2999 631 3243 702 integrae,
3269 643 3359 685 aut
3384 633 3529 702 ﬁdei,
3562 636 3606 690 si
3633 648 3820 695 tamen

2220 698 2506 775 aliquando
2537 700 2652 775 fuit,
2681 710 2773 753 aut
2804 699 2958 754 famae
2982 698 3818 775 saltequuamiaucupabatur.

2222 770 2436 845 videtur
2462 770 2746 845 scripsisse
2800 781 2949 845 tres,
2996 785 3129 837 quos
3176 770 3487 827 Gennadius
3538 770 3696 845 (Lib.
3745 770 3822 834 de

2222 838 2418 907 Scripl.
2465 839 2606 893 Eccl.
2638 857 2752 905 cap.
2786 839 2879 907 42)
2912 852 3331 906 commemorat,
3361 846 3427 897 de
3454 838 3711 903 Trinitate
3743 851 3817 905 li-

2219 909 2368 977 bros,
2392 910 2463 984 ad
2490 910 2904 984 ostendendam,
2930 912 3111 984 credo.
3143 913 3299 964 fidem
3331 928 3505 976 suam,
3530 931 3823 984 quantum-

2220 995 2322 1045 que
2354 980 2673 1058 abhorreret
2702 982 2769 1032 ab
2791 982 3034 1058 _Ariauis.
3080 982 3207 1048 Qua:
3236 984 3335 1036 fuit
3368 984 3515 1039 illius
3547 980 3825 1058 temporis

2221 1051 2486 1127 prmcipua
2511 1062 2635 1105 nata
2660 1051 3089 1127 ritc_op00605ia;.

2293 1120 2404 1195 S_t_tb
2429 1120 2716 1195 Anastasio
2756 1120 3005 1195 Ruﬁnum
3035 1129 3227 1193 Syrum
3258 1124 3466 1178 audivit
3500 1126 3710 1195 Romm,
3745 1139 3815 1186 ut
3868 1152 3869 1159 ‘

2222 1190 2384 1266 tradit_
2429 1192 2715 1266 Mercator,
2753 1190 3128 1266 scripsitque,
3164 1204 3217 1247 ut
3250 1206 3330 1248 est
3378 1190 3708 1266 verisimile,
3742 1204 3822 1256 ad

2222 1261 2509 1336 asceticam
2538 1262 2854 1336 indus_tri_am
2882 1271 2936 1317 et
2961 1261 3298 1336 sanctitatem
3334 1280 3543 1319 morum
3577 1261 3827 1336 proban-

2221 1332 2363 1397 dam,
2426 1332 2620 1385 librum
2681 1332 3051 1401 Eulogiarum,
3109 1350 3203 1387 seu
3262 1335 3329 1390 de
3383 1332 3821 1398 Conver~atione

2220 1401 2450 1464 actuali;
2482 1404 2533 1455 in
2563 1418 2667 1466 quo
2699 1414 2875 1455 tamen
2907 1406 3108 1457 semina
3137 1405 3331 1458 futura:
3360 1406 3647 1471 impietatis
3679 1412 3826 1466 Hie-

2221 1486 2478 1544 ronymus
2515 1473 2753 1544 ((Dialog.
2788 1474 2808 1526 1
2838 1473 3043 1527 advers.
3079 1474 3311 1544 Pelag.),
3358 1491 3479 1530 cum
3530 1492 3828 1535 accusato-

2221 1541 2371 1663 Ijillius
2402 1542 2609 1597 duobus
2651 1541 2921 1612 episcopis
2963 1544 3125 1599 Ειυιθ
3158 1541 3223 1599 et'
3242 1545 3467 1611 Lazaro,
3498 1548 3825 1617 deprehen-

2263 1628 2273 1662 Ι
2305 1650 2319 1663 ο

2295 1680 2494 1756 Eodem
2528 1690 2769 1756 tempore
2798 1684 3212 1756 vehementibus
3244 1686 3354 1739 suis
3389 1696 3551 1756 atque
3572 1690 3829 1747 ardenti-

2221 1750 2326 1824 lius.
2350 1750 2841 1824 exhortationibus,
2868 1766 2924 1808 ut
2947 1755 3018 1808 ait
3051 1755 3377 1824 AuguSIinus
3403 1750 3543 1823 (L'ib.
3573 1762 3635 1815 de
3662 1761 3827 1818 Gest.

2224 1819 2441 1875 Pallest.
2487 1838 2602 1889 cap.
2628 1822 2745 1889 25),
2777 1826 2973 1880 multos
3003 1819 3239 1891 quidem,
3271 1830 3365 1881 sed
3398 1819 3712 1885 C(elestiutn
3764 1836 3827 1887 in

2226 1891 2411 1958 primis
2455 1893 2829 1948 auditorialem
2876 1895 3253 1950 scholasticum
3292 1912 3322 1951 e
3362 1898 3477 1952 foro
3508 1901 3571 1952 ad
3612 1906 3831 1955 arctiu—

2226 1977 2341 2041 [δίῃ
2370 1963 2533 2041 vitam
2576 1966 2762 2029 traxit,
2807 1966 2903 2020 sed
2938 1966 3095 2020 simul
3143 1967 3330 2022 infecit
3361 1984 3546 2024 errore
3586 1988 3749 2041 quem
3788 1989 3829 2029 a

2223 2031 2418 2087 Ruﬁno
2446 2035 2583 2103 Syro
2614 2046 2918 2102 acceperat.

2299 2104 2439 2175 Ann.
2470 2105 2595 2168 405,
2631 2108 2777 2159 misit
2804 2107 3086 2175 epistolam
3136 2107 3202 2161 ad
3234 2118 3479 2163 sanetum
3529 2110 3827 2167 Paulinum

2226 2172 2414 2248 (Merc.
2442 2172 2943 2248 pratfat.VSubnat.),
2971 2178 3109 2243 apud
3144 2194 3301 2247 quem
3331 2194 3517 2248 magna
3552 2182 3832 2237 doctrina:

2224 2254 2279 2318 et
2301 2245 2516 2318 pietatis
2546 2247 2699 2318 [aude
2726 2248 2982 2315 pollebat.
3016 2249 3111 2309 Ea,
3143 2245 3199 2301 ut
3222 2245 3445 2316 jactavit
3471 2262 3651 2318 postea
3682 2258 3833 2305 scri-

2227 2314 2447 2389 bensad
2469 2316 2525 2371 S.
2544 2314 2928 2389 innocetitium,
2953 2322 3207 2382 trecentis,
3224 2314 3410 2389 quibus
3433 2314 3828 2389 continebatur,

2225 2384 2469 2458 versibus,
2518 2387 2653 2440 nihil
2688 2389 2831 2441 aliud
2874 2406 3026 2458 quam
3070 2389 3165 2442 Dei
3210 2384 3425 2458 gratiam
3473 2401 3518 2443 et
3559 2384 3835 2447 auxilium

2226 2456 2583 2531 conﬁtebatur,
2623 2474 2814 2531 nosque
2870 2456 2999 2511 nihil
3042 2456 3249 2513 omnino
3292 2460 3410 2513 boni
3451 2462 3621 2527 facere
3664 2480 3836 2531 posse

2228 2525 2339 2577 sine
2368 2526 2497 2579 Deo.
2686 2529 2852 2603 ipsam
2884 2545 3009 2603 ‘non
3045 2532 3284 2603 caruisse
3312 2525 3519 2603 veneno
3558 2525 3837 2603 Augusti—

2227 2610 2337 2671 nus
2354 2597 2588 2671 ostendit
2615 2597 2751 2667 (Lib.
2782 2600 2843 2652 de
2873 2597 3054 2671 Gratia
3080 2600 3270 2653 Christi
3298 2618 3411 2671 cap.
3438 2601 3551 2670 55).

2298 2666 2497 2739 Eodem
2532 2666 2792 2735 tempore,
2840 2670 2945 2722 nisi
2977 2669 3115 2724 forte
3143 2666 3436 2739 superiori,
3471 2666 3835 2729 commenta-

2228 2736 2336 2789 rios
2368 2738 2420 2789 in
2447 2739 2714 2805 Epistolas
2741 2739 2891 2793 Pauli
2918 2736 3242 2808 composuit,
3266 2742 3318 2793 in
3341 2743 3534 2809 quibus
3557 2745 3657 2796 sob
3682 2747 3837 2800 alie-

2229 2821 2293 2857 na
2326 2821 2559 2883 persona
2586 2810 3183 2883 ‘peccatumioriginale
3230 2814 3569 2881 oppugnabat
3616 2815 3831 2883 (Merc.

2229 2882 2432 2951 pra_’[at.
2463 2878 2681 2933 Subnot.
2708 2892 2756 2932 et
2782 2882 2836 2933 in
2866 2882 3212 2951 Commonit.).

2298 2948 2449 3020 Circa
2484 2951 2595 3003 hzec
2626 2952 2787 3004 etiam
2821 2961 3058 3020 tempora
3090 2948 3307 3018 scripsit
3346 2953 3410 3005 ad
3435 2950 3836 3012 Constantium

2228 3019 2538 3091 episcopum
2577 3022 2883 3087 epistolam,
2917 3019 3073 3087 quam
3116 3023 3350 3091 oportuit
3394 3024 3652 3077 doctrina:
3700 3028 3838 3086 ple-

2230 3090 2503 3161 nissimam
2538 3102 2698 3160 atque
2748 3090 3270 3146 clncubratissimam
3323 3092 3509 3157 fuisse,
3542 3094 3834 3161 siquidem

543 3156 722 3237 gulos,
761 3168 883 3219 dum
931 3156 1348 3237 secreto-docent,
1380 3174 1424 3215 et
1453 3163 1653 3237 publice
1687 3156 1872 3237 negant
1895 3181 1915 3230 ;
1937 3166 2022 3218 cui
2048 3183 2127 3219 re-
2152 3156 2196 3217 C
2232 3156 2663 3237 lta_ttc,_seribetis
2696 3162 2759 3214 ad
2801 3178 3066 3237 summum
3112 3162 3439 3237 pqpuﬁgem:
3466 3156 3675 3237 [audng
3699 3169 3838 3220 νυι,

544 3233 789 3306 Spondere
811 3236 901 3288 diu
921 3243 1093 3306 tacens
1118 3241 1162 3306 et
1188 3234 1415 3286 dolorem
1435 3233 1639 3306 silen!io
1662 3234 1932 3299 devorans,
1950 3238 2125 3290 crebra

546 3303 764 3375 [rutrum
804 3304 1236 3375 exspostulatione
1269 3303 1564 3373 compulsus
1588 3320 1737 3375 (sum.
1778 3306 1845 3358 Et
1892 3319 2072 3373 postea
2107 3325 2119 3359 :

545 3374 642 3431 lsti
667 3374 922 3449 publicum
950 3374 1173 3449 fugiunt,
1204 3382 1249 3426 et
1279 3384 1549 3449 susurrant
1578 3374 1630 3426 in
1658 3378 1868 3444 angulis
1899 3379 2125 3446 perdito-

542 3444 678 3511 rum,
711 3447 983 3513 dolentque
1010 3444 1154 3513 quasi
1176 3460 1269 3514 pro
1298 3444 1426 3507 suis,
1454 3460 1569 3509 qua:
1595 3461 1687 3496 sua
1710 3444 1940 3499 metuunt
1964 3450 2123 3514 conﬁ-

543 3520 674 3584 teri;
701 3533 913 3587 cumque
941 3515 1245 3587 generaliter
1275 3514 1541 3567 adversum
1572 3516 1695 3587 vitia
1721 3517 1864 3581 quid,
1889 3528 1935 3570 et
1963 3517 2122 3572 lucre-

537 3590 667 3643 ticos
698 3585 999 3651 dixerimus,
1022 3603 1075 3639 se
1098 3586 1196 3653 peti
1216 3596 1521 3653 queruntur,
1548 3585 1843 3651 malumque
1864 3591 2123 3641 conscien-

541 3662 628 3714 tia:
653 3658 979 3712 dissimulata
1007 3658 1097 3710 diu
1122 3656 1475 3726 indignatione
1506 3658 1861 3726 pronuntiant.
1892 3657 2042 3721 Quod
2078 3661 2123 3713 si

540 3730 816 3783 cavendum
842 3729 984 3782 nobis
1014 3737 1108 3794 est,
1160 3742 1221 3779 ne
1250 3742 1495 3780 versum
1529 3728 1643 3779 ltrdt
1658 3744 1711 3779 re
1740 3728 1833 3780 vid,
1853 3745 2002 3781 amur
2028 3746 2139 3791 ne:

538 3815 942 3864 CESSITUDINEI,
967 3800 1011 3851 si
1037 3796 1456 3865 superbissimum
1480 3798 1710 3850 ltwresint
1732 3800 1991 3867 spirituali
2017 3817 2125 3853 mu-

540 3887 691 3925 crone
723 3881 1053 3924 truncemus:
1085 3884 1204 3938 ergo
1235 3867 1543 3922 sustinenda:
1589 3877 1737 3921 erunt
1776 3870 1920 3923 nobis
1950 3886 2123 3924 cruces

534 3942 753 4011 prodita!
778 3940 931 4009 ﬁdei,
962 3948 1066 4011 etc.

608 4011 715 4067 Ubi
745 4007 887 4066 enim
920 4010 1205 4077 conjuncta
1236 4016 1317 4061 est
1348 4007 1620 4076 Pelagium
1653 4008 1793 4063 inter
1829 4023 1890 4063 ac
1921 4008 2118 4063 lliero-

538 4098 758 4154 Itytltlltn
810 4088 960 4154 vetus
992 4076 1351 4154 necessitudo,
1384 4078 1482 4154 nisi
1522 4078 1729 4154 qtto_in
1780 4078 1899 4132 loco
1931 4084 2121 4154 _potuit

537 4147 658 4207 esse
705 4148 1069 4204 familiaritas?
1112 4159 1206 4202 aut
1250 4162 1356 4216 quo
1399 4147 1505 4201 alio
1545 4149 1597 4199 in
1648 4149 1769 4201 loco
1796 4149 1967 4217 potuit
1999 4166 2121 4207 esse

538 4220 875 4276 familiaritas
922 4220 1066 4274 inter
1110 4225 1422 4287 prmseutes,
1470 4231 1628 4285 quam
1678 4218 1733 4269 in
1779 4219 1947 4272 urbe?
1997 4236 2117 4275 cum

540 4291 792 4359 Pelagius
824 4306 1113 4357 numquam
1143 4292 1194 4343 in
1225 4289 1715 4359 Orienteversatus
1736 4288 1805 4341 sit
1835 4298 1957 4343 aute
1988 4305 2117 4346 aun.

538 4356 698 4425 “9.,—
717 4375 814 4413 nee
859 4356 1216 4430 Hieronymus
1250 4360 1303 4412 iu
1344 4356 1632 4430 Occidente
1678 4368 1795 4430 post
1830 4374 1957 4411 ann.
1989 4361 2117 4424 594,

536 4440 594 4484 et
619 4429 868 4484 amboin
923 4429 1074 4484 Urbe
1104 4429 1429 4484 commorari
1487 4429 1774 4497 potuerint,
1826 4438 2119 4497 mutuoque

536 4511 759 4568 asiiectu
790 4500 914 4558 frui.
949 4514 1013 4553 eo
1041 4516 1146 4567 quo
1170 4500 1402 4553 diximus
1436 4508 1697 4564 tempore,
1725 4499 1987 4566 siquidem
2013 4501 2118 4555 lto-

537 4586 640 4628 mm
667 4570 913 4637 Pelagius
942 4570 1226 4623 diutissime
1256 4570 1451 4622 vixerit
1478 4569 1720 4637 (August.
1753 4570 1843 4623 lib.
1876 4570 1937 4623 de
1965 4570 2115 4625 Pecc.

514 4640 684 4696 rOria.
711 4658 755 4693 ο.
784 4640 901 4696 2H.

779 4640 907 4766 Sitit;
953 4709 1039 4780 qui
1067 4709 1267 4778 iactent
1300 4708 1571 4777 Pelagium
1624 4711 1673 4764 in
1716 4712 1935 4766 Oriente
1967 4729 2117 4766 man-

516 4783 671 4839 -sisse
688 4799 792 4851 quo
822 4793 1063 4851 tempore
1085 4781 1507 4851 Chrysostoulus
1539 4783 1817 4838 exsulabat
1838 4784 2112 4848 Arabissi;

532 4864 591 4909 et
616 4854 668 4909 in
692 4849 909 4924 IEgypti
936 4849 1165 4924 desertis
1190 4849 1434 4924 inrisisse
1461 4855 2112 4924 monachos,priusquam

535 4919 814 4979 laberetur
842 4919 896 4976 in
936 4922 1183 4975 haeresim
1222 4919 1452 4991 (Jansen.
1481 4923 1569 4976 lib.
1598 4940 1609 4975 I
1646 4924 1709 4976 de
1740 4922 1889 4976 Haar.
1924 4919 2108 4992 Pelag.

533 5004 581 5049 et
604 4994 740 5065 alii).
767 4993 872 5049 Sed
904 4994 956 5047 in
998 4996 1133 5048 hanc
1162 4995 1468 5065 opinionem
1496 5004 1759 5065 venerunt
1786 4993 1993 5065 decepti
2030 4995 2112 5047 lit-

536 5060 708 5131 teris,'
734 5069 846 5122 sive
873 5062 1259 5135 Chrysostomi
1284 5060 1351 5135 ad
1373 5133 1379 5135 _
1398 5060 1768 5135 Qlympiadem
1818 5066 1883 5135 de
1912 5063 2113 5134 Pelagii

534 5137 785 5191 monachi
831 5130 1005 5204 lapsu,
1049 5132 1163 5188 sive
1198 5132 1383 5204 lsidori
1414 5130 1719 5197 Pelusiotte,
1750 5134 1965 5202 Pelagio
1995 5130 2112 5188 etii-

532 5207 657 5262 datn
710 5202 974 5261 monacho
1021 5202 1402 5273 exprobrantis
1455 5204 1682 5272 vagandi
1738 5205 2009 5259 libidinem
2058 5214 2115 5260 et

534 5279 816 5345 epularum
848 5276 1144 5339 ambitum;
1179 5273 1389 5341 decepti
1420 5282 1563 5339 sunt,
1591 5276 1826 5343 inquam.
1874 5292 1982 5343 prie
2032 5276 2113 5329 in-

534 5344 839 5424 cbgitantia,
897 5362 1017 5424 nam
1050 5355 1443 5424 quontempore.
1475 5346 1755 5424 exsulabat
1788 5344 2112 5417 Chrysosto—

535 5415 672 5482 unus,
706 5418 895 5474 eodem
926 5415 1112 5474 Romae
1153 5415 1399 5483 Pelagius
1429 5415 1635 5485 integer
1674 5418 1830 5471 fama:
1861 5415 1914 5470 ct
1951 5431 2114 5484 purus

532 5488 857 5557 suSpiciouis
906 5491 1067 5543 vitam
1092 5485 1351 5557 degebat,
1394 5485 1556 5541 immo
1581 5498 1789 5541 sanctus
1830 5486 2107 5552 audiebat,

529 5570 577 5611 et
608 5554 890 5629 nan—parvo
914 5559 1147 5629 profectu
1170 5554 1483 5629 christiana:
1506 5558 1670 5629 (Aug.
1702 5559 1790 5611 lib.
1827 5574 1889 5629 nt
1907 5558 1969 5609 de
1998 5573 2110 5629 pec-

2148 4538 2199 4596 D

2232 3233 2305 3282 uti
2351 3230 2475 3305 ﬁilci
2514 3249 2625 3286 sua:
2664 3241 2853 3286 testem
2886 3233 3125 3305 (August.
3161 3234 3250 3287 lib.
3285 3235 3347 3286 de
3394 3232 3572 3287 Gratia
3613 3233 3840 3292 Christi

2227 3316 2341 3354 can.
2372 3300 2482 3354 5U).

2572 3373 2732 3426 etiam
2780 3373 3075 3446 scripsisse
3093 3373 3170 3446 ad
3204 3374 3447 3434 Viduam.
3492 3383 3550 3428 ut
3593 3376 3838 3446 opinor,

2226 3440 2423 3513 luliaui
2467 3452 2714 3507 matrem,
2747 3454 2803 3497 et
2844 3440 3015 3498 sancti
3060 3444 3298 3499 Memorii
3332 3446 3642 3513 conjugcm,
3675 3440 3841 3504 duos

2226 3512 2396 3585 libr_os
2436 3514 2550 3567 sive
2581 3516 2992 3585 consolatorios,
3033 3517 3145 3569 sive
3174 3512 3570 3569 exltortatorfos
3616 3518 3835 3585 (Merc.

2226 3584 2277 3635 in
2306 3581 2656 3653 Commonit.).
2694 3584 2801 3639 llos
2832 3586 3119 3653 aliquando
3149 3589 3402 3639 mentitus
3435 3596 3517 3639 est
3547 3581 3654 3639 non
3692 3605 3840 3645 esse

2225 3668 2377 3718 suos,
2431 3670 2549 3707 cum
2599 3666 2774 3709 tamen
2807 3655 3055 3724 redargui
3106 3657 3261 3709 facile
3308 3669 3487 3723 posset
3519 3660 3835 3715 hominum

2226 3724 2328 3776 lide
2375 3724 2656 3797 dignorum
2706 3726 3017 3780 testimonio
3065 3728 3238 3797 (Aug.
3282 3725 3344 3780 de
3389 3724 3527 3780 ϐεδε.
3583 3726 3834 3786 Ραιωδε.

2225 3809 2340 3847 can.
2368 3795 2441 3847 (il.

2288 3794 2593 3919 {idoliadem
2627 3875 2717 3917 aut
2768 3867 2941 3919 vicina
2983 3877 3219 3935 tempora
3254 3868 3482 3935 pertinet
3510 3869 3657 3936 quod
3689 3887 3838 3927 nar-

2225 3944 2309 4005 rat
2331 3936 2661 4003 Augustinus
2690 3936 2979 4003 contigisse
3011 3938 3217 4000 ltomte,
3251 3940 3559 4005 episcopum
3584 3940 3745 3994 inter
3775 3957 3838 3999 et

2226 4004 2494 4077 Pelagium
2524 4007 2808 4060 occasione
2837 4009 3123 4062 verborum
3157 4004 3415 4077 quaeipse
3442 4011 3551 4061 suis
3580 4011 3636 4062 in
3672 4027 3835 4065 ccu-

2226 4075 2545 4147 fossionibus
2572 4086 2823 4147 posuerat
2850 4078 3015 4131 Deum
3047 4075 3207 4132 orans
3236 4097 3247 4131 :
3281 4076 3362 4129 Du
3385 4079 3520 4146 quod
3541 4082 3707 4146 jubes
3727 4123 3744 4147 ,
3780 4098 3837 4139 et

2214 4146 2342 4215 jube
2370 4147 2507 4217 quod
2535 4148 2627 4201 vis.
2660 4145 2789 4200 Hatc.
2813 4150 2946 4200 enim
2974 4165 3087 4201 cum
3115 4145 3837 4217 episcopuscommemoras—

2223 4225 2318 4278 sel,
2366 4216 2611 4285 Pelagius
2642 4218 2773 4287 ferre
2812 4234 2912 4271 non
2950 4216 3149 4285 potuit,
3186 4221 3273 4272 sed
3319 4219 3679 4273 contradicens
3718 4225 3838 4277 ali-

2221 4297 2412 4353 quanto
2439 4289 2760 4357 commotius.
2783 4306 2907 4357 pene
2931 4306 3044 4342 cum
3071 4308 3130 4344 eo
3150 4292 3235 4355 qui
3258 4290 3349 4342 illa
3370 4296 3835 4350 commemorabat

2223 4357 2438 4429 litigavit
2461 4356 2599 4427 (Lib.
2636 4358 2698 4410 dc
2724 4356 2868 4429 Bono
2897 4377 3032 4426 pers.
3059 4377 3170 4425 cap.
3199 4358 3313 4429 ΞΟ).

2294 4414 2765 4500 Pertitietquoque
2790 4428 2841 4483 id
2866 4414 3004 4499 q'uod
3046 4414 3207 4483 habet
3238 4414 3568 4500 A'ugustinus
3600 4431 3674 4486 de
3700 4451 3837 4490 ser-

2224 4498 2474 4569 monibus
2497 4500 3049 4569 contentiottibusque
3080 4517 3106 4553 a
3142 4498 3356 4569 Pelagio
3383 4502 3565 4553 Romae
3605 4501 3836 4560 habitis

2228 4565 2366 4636 (Lib.
2392 4568 2455 4620 de
2486 4568 2642 4622 Pecc.
2675 4586 2791 4637 cap.
2818 4570 2928 4635 2t).
2963 4565 3037 4624 ex
3079 4565 3294 4638 quibos‘
3316 4570 3533 4639 intelligi
3584 4586 3842 4639 possent

2224 4653 2342 4706 qua:
2373 4639 2743 4713 dissimulabat
2768 4641 2819 4713 in
2844 4642 3026 4713 libris,
3058 4657 3267 4711 quaque
3303 4642 3481 4695 litteris
3512 4645 3648 4713 suis,
3685 4663 3842 4713 quas

2223 4710 2523 4785 conscripsit
2568 4726 2664 4785 per
2699 4710 2871 4763 orbent
2905 4710 3217 4785 catholicum
3258 4712 3618 4782 perferendas,
3676 4710 3843 4785 papa

2222 4776 2264 4830 Ζ
2269 4776 2458 4833 osinius
2480 4779 2696 4849 legenda
2719 4782 2958 4834 atlexuil.

2293 4848 2431 4903 Ann.
2465 4848 2569 4905 408
2600 4859 2691 4903 aut
2712 4851 2816 4905 409
2850 4853 3013 4905 Roma
3053 4866 3173 4905 eum
3198 4850 3453 4909 C(elcstio
3477 4851 3527 4904 in
3554 4851 3844 4915 Siciliam

2220 4921 2525 4989 serecepit,
2574 4930 2840 4986 tamquam
2890 4924 2941 4975 in
2990 4923 3165 4976 IOCum
3208 4922 3458 4975 tutiorem
3494 4938 3523 4975 a
3552 4923 3845 4983 barbaris

2220 4988 2439 5043 Italiatu’
2468 4991 2920 5059 depOpulanttbus
2954 5010 2968 5047 :
3000 4994 3191 5047 scribit
3228 4993 3369 5046 enim
3409 4993 3682 5049 Mercator
3737 5003 3847 5053 vi»

2216 5061 2353 5128 ginti
2382 5076 2551 5114 annos
2580 5063 2695 5129 plus
2738 5062 2918 5115 minus
2949 5061 3244 5127 effluxisse,
3280 5077 3398 5115 cum
3429 5064 3846 5123 Commonito-

2218 5132 2356 5185 rium
2405 5130 2621 5185 oll‘erret
2680 5146 2807 5186 ann.
2855 5132 2980 5197 4‘29,
3042 5148 3107 5187 ex
3148 5148 3253 5201 quo
3303 5132 3589 5187 Caelestius
3634 5134 3845 5197 Bona

2216 5216 2464 5270 egressus
2516 5203 2708 5256 fuerat.
2761 5204 2894 5257 Cum
2935 5220 3065 5272 ergo
3101 5218 3352 5271 egressus
3390 5205 3454 5257 sit
3507 5202 3849 5266 leestins

2218 5288 2319 5343 una
2348 5288 2468 5326 cum
2496 5277 2769 5342 magistro,
2794 5290 2971 5341 neque
2988 5275 3173 5343 egredi
3201 5274 3456 5343 potuerit,
3487 5272 3693 5330 Gmhis
3727 5280 3849 5335 Ur-

2219 5342 2339 5415 item
2369 5346 2485 5398 sive
2509 5348 2683 5412 prima
2709 5348 2827 5400 sive
2859 5342 3095 5415 secunda
3127 5344 3404 5398 obsidione
3432 5344 3845 5415 cingentibus,

2216 5413 2382 5467 immo
2406 5429 2505 5466 uec
2530 5418 2847 5469 intermedio
2871 5414 3126 5483 temporis
3150 5418 3341 5484 spatio,
3366 5428 3486 5468 cum
3510 5414 3580 5467 ab
3612 5413 3849 5476 iisdem

2216 5486 2391 5537 omnia
2420 5484 2562 5538 ferro
2590 5486 2805 5554 ignique
2829 5493 3166 5539 vastarentur
3193 5500 3294 5553 qua
3323 5487 3624 5551 praesertim
3653 5502 3852 5553 parte

2214 5554 2363 5607 Italia
2397 5558 2567 5624 vergit
2593 5556 2658 5608 ad
2690 5557 2927 5611 Siciliam
2953 5573 2968 5621 ;
3007 5566 3133 5609 tunc
3162 5565 3313 5609 certe
3344 5554 3595 5624 Pelagius
3623 5562 3851 5623 profu-

531 5638 635 5681 cat.
664 5625 836 5683 tuerit.
868 5625 980 5700 cap.
1012 5625 1037 5683 ἰ
1065 5628 1212 5695 ειό).
1239 5625 1473 5700 alterius
1494 5625 2106 5700 ergo'monachieodem
2160 5642 2163 5643 '
2211 5627 2352 5700 gisse
2393 5626 2652 5700 dicendus
2694 5636 2797 5691 est,
2844 5641 2964 5680 cum
3012 5625 3146 5678 facta
3194 5625 3395 5700 ingenti
3441 5626 3852 5694 trepidatione

532 5702 749 5755 nomine
778 5695 961 5755 casum
995 5706 1209 5769 oportet
1236 5695 1490 5751 deﬂetum
1531 5695 1996 5769 a—Chrysostomo,
2029 5699 2107 5751 al-

523 5777 704 5827 terum
728 5786 938 5834 quoque
962 5768 1336 5833 Cognomincm
1370 5769 1751 5835 reprehensum
1782 5770 1847 5826 ab
1879 5768 2099 5829 lsidoro.

2212 5695 2427 5763 plmimi
2466 5696 2633 5749 Roma
2666 5704 3019 5753 excesserunt
3045 5710 3169 5749 ann.
3201 5693 3331 5749 408.

2283 5766 2565 5823 Biennium
2594 5766 2873 5831 Syracusis
2892 5769 2942 5823 in
2967 5769 3170 5837 Sicilia,
3196 5778 3290 5826 aut
3320 5768 3477 5823 etiam
3508 5766 3852 5827 triennium
