3996 6186
195 363 293 418 977

590 357 1041 419 οιδειιιιτιιτιο
1080 362 1122 416 l.
1162 362 1253 416 DE
1290 360 1523 416 PRIMIS
1566 361 1773 417 AUCTC

1880 364 2019 429 BUS,
2062 364 2240 429 ETC.,
2283 363 2597 421 IlIERESlS
2637 365 3065 422 ΡΕΙΛΟΙΑΝέΕ.
3349 364 3463 419 278

258 474 344 550 Διί-
364 472 591 550 Viduam
611 474 729 550 libri
743 474 864 550 duo,
879 489 1011 550 unus
1024 473 1424 550 consolatormi,
1443 472 1773 550 alter_ea_chor-

1882 477 2129 550 innatarint-
2158 486 2211 550 εει
2241 479 2631 550 ἀναμᾳρτησςξας
2648 479 2931 533 defensore
2959 479 3456 550 vivere'videbatur,

195 545 435 626 marina.
460 544 717 626 §yuodus
744 544 1137 626 Diospolitanal
1163 545 1257 626 lib:
1289 545 1356 597 de
1374 542 1540 626 Gest._
1557 544 1774 626 Palaest.

196 630 309 683 cap.
344 616 381 669 6
414 630 429 677 ;
460 612 846 685 Hieronymus,
873 614 1075 684 dialog.
1104 617 1137 669 ὅ
1166 628 1181 678 ;
1214 613 1498 678 Mercator,
1526 612 1577 667 in
1609 612 1775 667 Com-

196 700 336 739 mon.
369 699 495 739 can.
526 685 583 739 4.
1578 692 1585 703 ‘

196 700 336 740 mon.
369 699 495 751 cap.
526 692 583 739 4.
1578 692 1585 703 κ

258 753 508 826 Epistula
537 757 618 826 adA
638 756 1003 826 Augustinum.
1040 754 1389 825 Augustinus,
1409 752 1506 808 lib.
1532 752 1599 807 de
1625 752 1777 809 Gcst.

199 825 408 880 Palast.
438 841 556 893 cap.
591 823 683 880 26.

258 895 336 948 Ad
371 892 757 967 Demetriadem
789 896 851 967 de
870 892 1451 967 virginisilnstitutione
1477 892 1601 946 liber
1626 907 1777 946 unus.

197 965 687 1046 Augustinusnlib.“
688 966 758 1020 de
793 963 1452 1046 _Gra_t.‘Cbri_sti.cap._9.2
1502 972 1558 1018 et
1600 978 1776 1032 seqq.,

197 1045 241 1089 et
263 1036 434 1102 epist.
464 1035 570 1088 264
604 1052 618 1099 ;
648 1036 875 1090 Orosius
900 1037 951 1089 in
980 1035 1267 1103 Apologia,
1311 1044 1419 1087 etc.

258 1105 338 1157 De
359 1105 556 1159 Libero
572 1106 796 1160 Arbitrio
839 1106 953 1159 libri
995 1115 1236 1173 quatuor.
1286 1102 1632 1172 Augustinus,
1683 1102 1776 1155 lib.

194 1176 253 1229 de
281 1174 475 1229 Gratia
506 1174 707 1230 Christi
738 1191 855 1243 cap.
879 1178 933 1239 5,
957 1176 1013 1238 4,
1041 1175 1093 1237 5,
1135 1175 1223 1239 15,
1262 1173 1352 1227 21).

257 1245 516 1316 Defensio
542 1247 659 1309 fidei
681 1261 787 1300 sua:
808 1241 882 1298 ad
914 1245 1276 1316 Augustinum.
1307 1241 1659 1312 Augustinus,
1682 1241 1775 1296 lib.

196 1315 253 1368 de
277 1315 449 1370 Gest.
481 1315 693 1369 Palzest.
728 1331 844 1381 cap.
876 1315 965 1368 3‘3.

254 1385 510 1455 Epistula
533 1386 599 1437 ad
628 1380 974 1455 presbyterum
1002 1385 1272 1452 quemdam
1297 1384 1539 1455 amicum,
1565 1383 1654 1455 _de
1682 1380 1781 1435 Ile-

197 1456 274 1508 bu
310 1454 723 1581 ggispolitanis.
770 1452 1122 1527 Augustinus,
1154 1456 1247 1510 lib.
1279 1454 1347 1508 de
1376 1453 1530 1509 Gest.
1564 1452 1779 1507 Palmst.

197 1540 301 1581 tan.
422 1566 435 1579 .

195 1540 301 1589 cap.
332 1540 435 1581 eo.

254 1595 498 1649 Libellus
529 1596 647 1663 ﬁdei
663 1596 730 1648 ad
753 1594 1115 1650 Innocentium
1147 1612 1262 1648 cum
1293 1595 1494 1648 litteris.
1532 1591 1783 1661 Augusti-

196 1681 310 1725 nus.
346 1668 451 1721 lib.
485 1667 555 1719 de
578 1665 726 1721 Grai.
762 1668 957 1721 Christi
985 1682 1102 1735 cap.
1134 1667 1226 1731 '50,
1279 1674 1334 1719 et
1360 1665 1483 1717 alibi
1521 1664 1740 1735 passim.

255 1736 577 1790 Notandum
609 1751 736 1791 vero
778 1752 846 1791 ex
874 1738 954 1790 his
992 1734 1263 1799 omnibus,
1312 1736 1426 1789 sive
1458 1735 1628 1795 libris,
1664 1734 1780 1787 sive

194 1808 467 1873 epistolis,
527 1808 791 1873 integrum
836 1807 971 1861 nihil
1014 1807 1232 1870 haberi,
1289 1816 1484 1873 praeter
1528 1804 1769 1857 libellum

197 1848 1769 1945 ἰηῖἐιϊί,ἰῖἰπιὶἱῆἲῗὲἲὲὲιίἱὶἱὶἑὸη’ὲ“ἷῖιῖέιήιεὶζ’ἷεῖερἷῐιζιηηί
1802 1848 1846 1906 Β

194 1950 251 1999 ait
281 1948 713 2013 Demetriadem,
752 1957 806 2002 et
845 1947 1216 2015 Expoﬁtiones
1252 1946 1304 2000 in
1339 1945 1605 2010 Epistolas
1628 1947 1777 2013 Apo-

196 2018 336 2076 stoli.
374 2033 515 2086 quas
546 2029 721 2073 tamen
754 2018 1025 2073 nonnullis
1058 2021 1109 2072 in
1143 2016 1277 2072 locis
1304 2015 1659 2072 CaSsiodorus
1689 2016 1776 2084 pio

198 2098 398 2141 eiulatu
427 2088 796 2156 interpolavit.

256 2154 618 2227 Reliquorum
651 2158 948 2227 fragmenta
982 2173 1085 2213 non
1109 2157 1378 2212 incuriose
1400 2156 1647 2220 collecta,
1675 2154 1776 2227 sub

198 2228 356 2281 tinem
397 2226 549 2296 rejici
577 2226 776 2283 debere
797 2228 911 2282 visa
949 2238 1095 2293 sunt,
1128 2228 1321 2297 partim
1371 2242 1439 2281 ne
1468 2226 1775 2280 dissertatio

196 2314 361 2367 supra
397 2299 613 2369 inodum
640 2307 937 2361 cresceret,
961 2300 1155 2369 partim
1187 2314 1293 2367 quo
1322 2297 1533 2369 facilius
1545 2297 1775 2369 perstri-

190 2370 365 2423 tiatur
397 2384 552 2423 mens
570 2368 828 2431 hominis,
847 2367 1000 2438 cujus
1022 2370 1184 2424 verba
1210 2377 1264 2438 et
1292 2383 1388 2438 per
1409 2383 1468 2438 se
1488 2367 1777 2438 aliquando

190 2441 445 2507 ambigua
464 2450 626 2503 sunt,
653 2451 707 2494 et
738 2450 864 2495 tunc
891 2437 1129 2494 maxime
1159 2437 1430 2492 difﬁcilius
1461 2437 1772 2504 intelligun-

191 2519 299 2573 tur;
328 2525 459 2564 cum
485 2510 590 2563 alia
611 2509 679 2563 ab
709 2511 830 2563 aliis
857 2510 1087 2574 divulsa,
1120 2508 1632 2576 Augustinianisque
1655 2522 1776 2575 per-

188 2580 357 2634 mixta
390 2580 659 2648 leguntur,
690 2595 794 2633 non
819 2581 935 2634 sine
954 2580 1134 2649 aliquo
1154 2580 1358 2649 labore,
1387 2588 1441 2634 et
1465 2577 1777 2648 praejudicio

189 2651 395 2706 tuentis
425 2650 480 2704 in
504 2650 859 2720 Augustinum
886 2650 1209 2705 inclinantis.

824 2742 1050 2798 CAPUT
1081 2743 1145 2797 V.

546 2833 624 2889 De
653 2834 888 2890 Caelestio
916 2834 1116 2909 Pelagii
1142 2836 1415 2905 discipulo.

250 2925 575 2992 Calestius,
606 2928 695 2996 qui
726 2928 1065 2985 librariorum
1092 2929 1222 2982 vitio
1268 2926 1591 2985 Ccelestinus
1635 2928 1775 2994 apud

187 2996 533 3053 Cettuadium
556 2999 754 3052 dicitur
800 2998 938 3065 (Lib.
970 3000 1032 3053 de
1062 2998 1255 3066 Script.
1289 2998 1439 3052 Eccl.
1496 3016 1613 3063 cap.
1657 2999 1771 3067 44),

187 3067 397 3136 Pelagii
424 3069 647 3137 quidem
677 3069 971 3135 discipulus
992 3069 1116 3133 fuit;
1137 3070 1231 3124 sed
1261 3085 1406 3133 eum,
1435 3086 1463 3122 a
1495 3086 1599 3139 quo
1621 3086 1771 3123 acce-

188 3148 344 3205 perat
397 3138 627 3193 haeresis
670 3154 959 3202 venenum,
1006 3139 1232 3192 audacia
1272 3139 1343 3194 ita
1375 3138 1667 3205 superavit,
1719 3150 1776 3194 ιιι

1880 546 2099 611 suisque
2117 545 2290 598 adhuc
2313 545 2596 600 calumniis
2622 548 2671 617 in
2706 549 3083 617 Hieronymum
3108 548 3453 603 dehaechari.

1882 616 2058 669 Mutus
2085 629 2214 678 ergo
2245 623 2591 683 mortuusque
2620 616 2841 670 Ruﬁnus
2871 619 3063 670 latrat:
3094 633 3189 685 per
3202 619 3450 671 Albinum

1880 699 2091 751 canem,
2133 685 2443 738 Britannum
2473 685 2740 755 Pelagium
2771 704 2781 737 :
2807 686 3060 755 grandem
3086 697 3139 741 et
3166 688 3455 755 corpulen-

1881 765 2014 818 tum,
2058 757 2254 822 quippe
2293 755 2577 808 Scotorum
2628 756 2860 821 pultibus
2904 766 3290 825 praegravatura
3324 757 3452 823 :qui

1882 827 2051 880 instar
2077 825 2297 878 Cerberi
2338 824 2599 891 spirituali
2622 827 2765 879 clava
2791 829 3099 880 mactandos
3126 826 3211 892 sit,
3248 837 3304 880 ut
3330 842 3451 879 cum

1882 910 1981 950 suo
2015 896 2271 962 magistro
2301 896 2477 958 sileat,
2512 895 2561 947 id
2583 904 2683 957 est,
2708 911 2827 950 cum
2862 911 3191 963 praecursore
3236 897 3450 960 Ruﬁno,

1882 967 1965 1020 cui
1995 966 2206 1020 Plutoni
2238 980 2433 1021 nomen
2463 964 2659 1018 factum
2691 976 2792 1025 est,
2824 976 2880 1018 nt
2914 968 3113 1033 partim
3135 966 3199 1018 ad
3232 966 3451 1021 Cerberi

1883 1037 2183 1103 dominum,
2218 1036 2407 1104 partim
2436 1036 2501 1088 ad
2532 1036 2820 1092 infelicem.
2854 1045 2914 1088 ut
2946 1036 3059 1103 ipse
3083 1036 3296 1102 quidem
3327 1038 3452 1090 llie-

1882 1122 2140 1177 ronymus
2189 1106 2594 1177 interpretatur,
2639 1106 2813 1159 Rufini
2862 1106 2917 1159 in
2980 1109 3319 1159 anathemate
3362 1122 3456 1161 ex-

1884 1175 2063 1232 stincti
2101 1187 2323 1230 mortem
2353 1175 2698 1230 alluderetur.

1954 1248 2106 1314 Quod
2139 1261 2267 1299 vero
2295 1246 2508 1300 additur
2545 1246 2611 1299 ad
2640 1245 2999 1314 conjecturam
3035 1245 3348 1315 juvandam,
3376 1247 3457 1298 in-

1886 1317 2097 1370 ﬁrmum
2127 1316 2364 1383 profecto
2387 1322 2469 1370 est
2500 1334 2513 1368 :
2540 1332 2660 1368 nam
2684 1318 2935 1382 primum,
2964 1318 3064 1370 etsi
3109 1319 3286 1371 alieno
3317 1320 3456 1384 stylo

1883 1389 2083 1441 abusus
2112 1388 2182 1441 sit
2218 1387 2464 1457 Pelagius
2493 1386 2557 1440 ad
2585 1386 2947 1450 scribendum,
2994 1402 3091 1442 suo
3137 1396 3312 1440 tamen
3362 1403 3457 1440 ore

1883 1457 2067 1512 docuit
2098 1457 2380 1521 haeresim;
2430 1457 2627 1511 deinde
2676 1472 2776 1511 nec
2818 1457 3065 1524 Pelagius
3114 1458 3262 1511 solus
3313 1459 3457 1511 misit

1884 1528 2138 1598 epistolas
2166 1528 2393 1583 biblinas
2421 1526 2488 1581 ad
2536 1528 2869 1598 seducendos
2916 1527 2967 1581 in
3014 1529 3303 1595 provinciis
3338 1530 3454 1581 ani-

1884 1597 2024 1661 mos,
2049 1613 2147 1653 nec
2176 1598 2407 1653 absurde
2438 1612 2535 1667 per
2566 1598 2736 1665 ipsum
2756 1597 2979 1651 Ruﬁnus
3009 1600 3220 1652 misisse
3242 1599 3455 1659 dicitur;

1884 1669 2113 1735 denique
2139 1668 2380 1723 Plutonis
2405 1668 2640 1727 nomine.
2681 1668 2821 1737 quod
2853 1668 3042 1721 Rufino
3074 1669 3284 1722 afﬁnxit
3335 1669 3456 1721 llie-

1886 1754 2163 1808 ronymus,
2198 1747 2400 1793 tantum
2424 1738 2609 1803 abest,
2644 1748 2704 1791 ut
2737 1738 3046 1805 conjectura
3080 1738 3349 1795 ﬁrmetur.
3401 1750 3455 1792 ut

1885 1809 2097 1864 labeﬁat
2139 1809 2338 1879 magis,
2402 1808 2854 1879 quemadmodum
2911 1823 2976 1863 ex
3030 1810 3456 1879 przccedcntibus

1874 1889 2105 1934 constat.

1950 1948 2205 2018 SuSpicor
2228 1949 2387 2018 igitur
2411 1947 2744 2013 leestium,
2779 1959 2868 2003 aut
2919 1949 3219 2004 Romanum
3268 1949 3455 2011 fuisse,

1876 2028 1969 2073 aut
1995 2017 2183 2074 saltem
2212 2017 2565 2089 Campanum,
2596 2032 2743 2074 certe
2764 2019 3048 2073 oriundum
3085 2036 3150 2075 ex
3183 2020 3453 2088 provincia

1876 2090 2050 2145 Latini
2081 2089 2333 2145 nominis.
2351 2088 2490 2143 Nam
2514 2098 2568 2143 et
2614 2090 2950 2144 auditorialis
2994 2090 3369 2155 scholasticus,
3403 2101 3456 2144 et

1877 2160 2018 2227 apud
2047 2160 2316 2214 Romanos
2348 2159 2570 2223 nobilis,
2612 2171 2668 2214 et
2708 2160 2922 2229 egregie
2966 2159 3203 2214 disertus
3255 2160 3368 2223 fuit,
3401 2171 3456 2214 et

1876 2232 1943 2284 ad
1976 2240 2222 2300 parentes
2248 2230 2465 2299 scripsit
2495 2232 2757 2285 asceticos
2790 2230 3022 2297 libellos,
3055 2232 3145 2298 qui
3187 2232 3346 2297 vulgo
3375 2231 3453 2283 le-

1876 2311 2130 2370 gerentur
2150 2316 2179 2354 a
2210 2300 2435 2354 Latinis.
2468 2300 2599 2367 Quae
2626 2309 2854 2370 quatuor
2898 2300 2987 2354 vix
3040 2300 3239 2355 eadunt
3270 2302 3322 2355 in
3357 2300 3456 2355 ιιι)-

1878 2373 2076 2427 minem
2107 2372 2245 2440 apud
2277 2372 2538 2427 barbaros
2560 2384 2763 2424 natum.

1952 2442 2027 2496 Eo
2078 2444 2346 2511 pertinere
2392 2440 2521 2495 mihi
2574 2441 2824 2496 videntur
2852 2455 3042 2495 versus
3086 2440 3364 2510 Prospcri,
3399 2450 3452 2495 ut

1877 2512 2178 2583 perhibent,
2207 2513 2259 2566 in
2290 2513 2713 2568 obtrectatorem
2739 2512 3054 2581 Augustini:

1970 2623 2067 2673 Aut
2088 2623 2216 2672 hunc
2238 2623 2379 2686 fruge
2403 2636 2488 2672 sua
2513 2624 2731 2686 aequorei
2753 2634 2931 2686 pavere
2952 2622 3192 2685 Britanni,

2034 2686 2133 2735 Aut
2153 2686 2264 2735 huic
2283 2685 2521 2748 Campano
2543 2684 2763 2749 gramine
2784 2684 2929 2734 corda
2950 2692 3160 2735 tument.

1879 2788 2063 2857 Neque
2090 2789 2233 2843 enim
2275 2790 2521 2844 assentiri
2572 2804 2788 2858 possum
2822 2790 2905 2849 iis.
2939 2804 3260 2858 quamquam
3294 2791 3441 2845 multi

1880 2870 2023 2925 sunt,
2054 2860 2143 2927 qui
2191 2861 2481 2914 secundum
2511 2874 2721 2914 versum
2773 2860 2840 2915 de
2869 2859 3082 2913 Juliano
3127 2862 3448 2927 intelligunt,

1872 2931 2075 2999 'qtlippc
2102 2931 2189 2997 qui
2216 2946 2315 2984 nec
2339 2932 2643 2997 Campanus
2673 2929 2850 2996 fuerit,
2891 2931 2985 2983 sed
3008 2928 3270 2999 Appulus,
3308 2944 3447 2987 teste

1880 3001 2176 3068 Augustino
2215 3000 2354 3068 (Lib.
2401 3016 2451 3054 Vt
2507 3000 2685 3069 Operis
2733 2999 2953 3069 Imperi.
3002 3017 3117 3068 cap.
3174 3001 3303 3069 l8);
3349 3019 3447 3057 nec

1880 3071 2223 3193 punninerari
2273 3070 2485 3140 Pelagio
2530 3071 2733 3135 soleat,
2787 3079 2845 3124 ut
2888 3084 3073 3125 revera
3144 3077 3280 3125 so'et
3328 3072 3449 3127 Cm-

1903 3154 2091 3193 uellus.

1903 3154 2091 3195 estius.

188 3211 350 3279 lange
392 3209 559 3263 latius
584 3220 788 3276 pestem
821 3210 1100 3263 immiserit
1129 3226 1144 3275 ;
1197 3211 1360 3264 immo
1387 3212 1625 3278 magistri
1679 3227 1774 3265 ιιοο
1800 3215 1843 3274 C
1948 3211 2080 3264 Natu
2123 3209 2284 3264 fuisse
2305 3210 2560 3277 nobilem,
2594 3222 2647 3265 et
2676 3211 2817 3264 inter
2855 3209 3204 3264 scholasticos
3240 3212 3449 3265 audito-

188 3295 303 3333 meu
345 3279 405 3333 in
441 3278 667 3334 oriente
713 3294 848 3351 pene
877 3281 1271 3346 obscuraverit,
1304 3295 1565 3351 suumque
1596 3281 1773 3337 Caele-

186 3350 382 3403 stianis
414 3351 689 3403 hatreticis
718 3349 943 3403 dederit.

247 3420 377 3487 Qua
406 3435 479 3474 ex
510 3420 680 3487 patria
711 3418 922 3474 duxerit
961 3420 1243 3488 originem,
1293 3418 1497 3474 facilius
1527 3431 1608 3475 est
1655 3437 1777 3488 per-

188 3492 468 3558 vulgatam
491 3492 801 3558 opinionem
827 3489 1329 3559 couvellere,quam
1359 3506 1541 3545 verum
1572 3492 1775 3560 aliquid

187 3573 337 3615 certo
363 3559 641 3630 ideﬁnire.
676 3560 884 3614 Primus
906 3605 919 3624 ,
971 3560 1109 3629 quod
1142 3562 1306 3614 sciam
1329 3602 1343 3622 ,
1379 3562 1641 3615 Baronius
1672 3564 1775 3630 (Att

186 3647 306 3684 ann.
340 3629 473 3682 Chr.
504 3628 633 3693 410,
664 3647 806 3702 nunt.
834 3630 949 3699 6|),
970 3628 1252 3702 nonnullo
1289 3632 1597 3702 llieronymi
1628 3628 1774 3685 testi-

188 3702 673 3771 miminductus,
707 3701 927 3755 Scotum
961 3700 1105 3765 fecit,
1130 3700 1437 3771 Pelagiique
1467 3700 1722 3771 gentilcm
1759 3721 1770 3754 :

184 3769 425 3825 Barouio
456 3769 651 3839 reliqui
690 3786 749 3826 re
780 3771 1074 3826 indiscussa
1110 3769 1663 3831 credideruntfctiam
1697 3775 1776 3827 hi-

184 3844 373 3895 storis
398 3842 703 3912 Pelagiana:
722 3842 1039 3912 scriptores,
1069 3841 1317 3912 Usserius
1337 3842 1440 3912 (De
1472 3842 1599 3895 Brit.
1628 3843 1770 3897 Eccl.

182 3914 347 3985 prius.
376 3929 502 3980 cap.
523 3913 608 3977 8),
626 3911 911 3966 Janscnius
938 3911 1079 3981 (Lib.
1097 3912 1160 3985 de
1182 3911 1327 3985 liter.
1352 3913 1556 3985 Pelag.,
1583 3915 1771 3981 initio),

180 3992 231 4034 ct
251 3984 377 4044 alii,
406 3995 551 4051 quos
574 3990 751 4035 tamen
779 3991 1096 4052 oportuerat
1120 3980 1433 4052 diligentius
1476 3980 1527 4038 in
1546 3980 1661 4039 hoc
1689 3980 1777 4039 ar-

180 4063 448 4120 gumento
476 4053 706 4107 versari.

248 4122 585 4195 Hieronymi
600 4122 976 4195 _testimonium
1004 4124 1082 4195 sic
1104 4138 1170 4195 se
1201 4123 1359 4178 habet
1382 4123 1571 4195 (Prw/2
1603 4125 1690 4179 lib.
1720 4142 1775 4180 ιιι

181 4194 227 4246 in
246 4192 486 4261 Jerem.)
508 4211 520 4246 :
557 4192 732 4247 Mutus
761 4194 911 4247 latrat
937 4210 1027 4261 per
1046 4193 1279 4247 Albinum
1309 4212 1505 4261 canem,
1531 4192 1777 4264 grandem

184 4276 226 4315 rt
255 4268 664 4337 corpulentum,
714 4264 897 4337 et‘qui
934 4263 1155 4337 calcibus
1184 4265 1345 4334 magis
1378 4267 1553 4337 possit
1600 4270 1777 4321 stevire

188 4333 616 4407 rum'dentibus
646 4349 666 4387 :
705 4333 851 4407 habet
876 4333 1337 4407 enimprogeniem
1364 4336 1584 4407 Sgcotica:
1613 4339 1776 4407 gentis

182 4410 241 4457 de
267 4406 654 4476 Britannorum
683 4406 897 4476 vicinia,
951 4405 1034 4473 qui
1068 4407 1221 4474 juxta
1264 4405 1466 4470 fabulas
1509 4405 1776 4476 poetarum

182 4480 345 4528 instar
402 4474 621 4529 Cerberi
670 4475 929 4545 spirituali
979 4476 1333 4545 percutiendus
1367 4484 1442 4530 est
1497 4474 1671 4544 clava,
1720 4489 1774 4531 ut

178 4558 392 4609 eterna,
424 4562 553 4617 eum
579 4544 940 4617 sucinagistro
972 4544 1210 4617 Plutone,
1228 4546 1766 4601 silentiocontieescat.

181 4617 479 4671 Contendit
514 4614 843 4669 Usserius'iu
887 4632 954 4669 eo
986 4616 1099 4670 ﬁeri
1146 4631 1448 4671 sermonem
1488 4619 1555 4673 de
1596 4619 1767 4673 tribus

182 4686 501 4741 hominibus
533 4704 545 4737 :
577 4686 771 4753 primo,
803 4688 891 4756 qui
926 4698 1102 4740 mutus
1144 4702 1237 4755 per
1272 4688 1523 4742 Albinum
1572 4703 1763 4743 canem

182 4760 343 4829 latret
376 4776 392 4822 ;
424 4756 693 4829 secundo,
719 4756 807 4826 qui
839 4758 1064 4811 Albinus
1097 4756 1211 4829 ipse
1236 4758 1384 4811 canis
1413 4774 1427 4823 ;
1463 4759 1638 4823 tertio,
1674 4760 1765 4829 qui

182 4828 340 4882 l'tuio
368 4828 706 4897 nominetur,
739 4834 797 4880 ut
827 4830 915 4897 qui
946 4843 1007 4882 ea
1058 4827 1366 4883 conditione
1412 4827 1705 4884 excesserit
1735 4846 1767 4885 e

182 4898 339 4960 rivis,
373 4910 431 4950 ut
466 4896 611 4966 apud
642 4896 855 4952 inferos
879 4900 1070 4952 merito
1098 4898 1348 4952 credatur
1376 4899 1626 4954 existere.
1653 4901 1767 4954 Mu-

182 4980 297 5022 tum
330 4971 522 5037 igitur,
559 4967 648 5029 qui
692 4967 866 5022 alieno
904 4983 999 5023 ore
1050 4968 1301 5033 oblatret,
1325 4971 1439 5024 vult
1466 4984 1587 5024 esse
1618 4970 1769 5026 Pela-

182 5040 327 5162 gus:
357 5040 505 5093 inter
546 5037 831 5091 Britannus
859 5048 1036 5093 uatum
1068 5055 1083 5102 ;
1122 5038 1372 5093 Albinum
1403 5054 1613 5103 canem,
1642 5041 1769 5097 Coe-

287 5110 425 5162 'um.
456 5107 552 5162 aui
579 5108 646 5161 sit
667 5108 733 5161 de
754 5108 947 5162 vicinia
978 5109 1443 5162 Britannorum.id
1472 5113 1767 5162 est.ttentis

287 5110 425 5173 ium,
456 5107 552 5180 qui
579 5108 646 5161 sit
667 5108 733 5161 de
754 5108 947 5180 vicinia
978 5109 1443 5180 Britannorum,id
1472 5113 1767 5180 est,gentis

184 5180 449 5243 Scozieaa;
484 5179 786 5249 Plutonem,
813 5177 1082 5244 Ruﬁnum,
1103 5180 1191 5249 qui
1208 5178 1489 5236 damnatus
1506 5196 1537 5235 a
1559 5177 1769 5237 summo

188 5250 443 5317 pontiﬁce
465 5248 790 5317 jampridem
816 5251 1029 5304 obierit.

245 5319 642 5389 Coiijecturant
671 5329 825 5392 auget
851 5320 1088 5392 objectio
1110 5319 1326 5390 Pelagio
1358 5336 1501 5392 saape
1537 5322 1669 5378 facta
1700 5323 1772 5379 ab

186 5389 547 5463 Réeroiiymo,
574 5390 715 5463 quod
749 5392 1044 5463 alienogore
1081 5389 1413 5460 loqueretur,
1436 5389 1606 5462 quod
1644 5394 1766 5463 epi-

186 5462 350 5515 ttolas
377 5460 617 5515 biblinas
642 5460 902 5515 adversus
930 5461 1106 5531 ipsum
1150 5463 1405 5526 mitteret,
1437 5460 1578 5530 quod
1605 5460 1763 5517 erro-

184 5548 293 5586 rem
348 5531 640 5587 didicisset
686 5546 714 5584 a
748 5531 942 5586 Ruﬁno
971 5535 1247 5600 magistro,
1279 5533 1420 5601 quod
1462 5550 1530 5589 ex
1578 5535 1765 5590 inferis

182 5602 571 5668 mscpultam
596 5602 845 5657 haeresim
873 5611 1204 5667 revocasset,
1232 5617 1338 5658 etc.

248 5674 461 5728 Verum
489 5671 715 5744 eoloci
742 5687 919 5728 sermo
947 5683 1030 5728 est
1075 5673 1143 5729 de
1172 5673 1365 5730 Ruﬁno
1410 5673 1762 5744 Aquileiensi,

178 5745 293 5815 qui,
332 5760 458 5798 cum
491 5743 667 5799 tribus
695 5741 815 5815 fere
850 5744 1006 5799 annis
1037 5753 1320 5815 antequam
1356 5741 1767 5803 haee—scriberet

176 5812 581 5881 Hieronymus,
614 5815 668 5870 iu
712 5813 895 5874 Sicilia
935 5812 1197 5885 obiissct,_
1227 5816 1282 5874 in
1324 5815 1540 5885 Pelagio
1587 5827 1765 5875 tamen

1879 3282 2039 3336 riales
2088 3282 2369 3346 meruisse,
2423 3282 2666 3349 quamvis
2695 3297 2760 3334 ex
2802 3281 2918 3334 solo
2950 3281 3245 3336 Mercatore
3282 3283 3446 3336 disci-

1880 3350 2105 3422 mus(ln
2126 3352 2329 3421 μναῖαι.
2363 3352 2451 3405 lib.
2477 3351 2697 3406 Subnot.
2732 3368 2872 3405 num.
2904 3352 2981 3419 4).
3002 3352 3126 3418 jure
3159 3364 3333 3407 tamen
3365 3370 3451 3408 re-

1878 3423 2058 3476 vocari
2092 3438 2195 3477 non
2229 3433 2399 3487 potest
2440 3423 2491 3475 in
2522 3423 2773 3485 dubium,
2809 3432 3026 3489 propter
3069 3422 3310 3477 docentis
3356 3438 3450 3477 au-

1878 3495 2201 3548 ctoritatem.
2228 3492 2381 3547 Unde
2410 3508 2513 3546 non
2547 3502 2748 3547 temere
2770 3494 3030 3562 quispiam
3062 3494 3126 3547 de
3153 3509 3218 3546 eo
3244 3494 3450 3547 dubita.

1877 3564 2033 3628 verit,
2066 3564 2205 3630 quod
2236 3564 2449 3631 scripsit
2476 3564 2785 3617 Gennadius
2815 3562 2963 3633 (Cap.
2994 3563 3105 3626 44),
3133 3564 3445 3618 (Ioelestium

1878 3634 2272 3688 adolescentem
2304 3650 2371 3687 ns
2399 3633 2743 3686 Μοκλςτειιιο
2776 3634 3015 3702 epistolas
3044 3636 3095 3686 in
3129 3634 3334 3686 modum
3381 3634 3449 3686 It-

1880 3702 2123 3756 bellorum
2156 3714 2277 3769 tres,
2311 3704 2448 3756 omni
2477 3702 2637 3756 Deum
2660 3703 2965 3755 desideranti
2987 3705 3318 3766 necessarias,
3358 3722 3450 3771 pu-

1877 3772 2104 3827 rentibus
2127 3773 2346 3837 dedisse,
2377 3772 2479 3825 nisi
2506 3773 2645 3826 forte
2676 3787 2834 3824 Voces
2886 3772 3032 3836 istm,
3080 3772 3147 3826 de
3178 3786 3449 3828 umnaste-

1879 3844 1980 3906 rio,
2015 3859 2119 3897 non
2146 3843 2317 3912 locum
2344 3842 2484 3895 unde
2502 3843 2741 3909 epistula;
2767 3843 2976 3909 scriptae
3009 3842 3130 3903 sint,
3167 3844 3259 3896 sed
3292 3860 3449 3912 argu-

1880 3922 2117 3968 mentum
2146 3911 2466 3981 signiﬁcent.
2498 3912 2627 3966 Nam
2659 3912 2813 3965 tidem
2844 3928 3054 3965 onmem
3087 3924 3319 3976 superat,
3354 3911 3446 3966 au-

1877 3984 2180 4039 ditorialem
2235 3984 2635 4048 scholasticam,
2695 3984 2778 4036 vel
2825 3997 2891 4036 ex
2943 3982 3202 4035 monacho
3252 3984 3445 4036 factum

1876 4054 2061 4121 fuisse,
2096 4055 2181 4109 vel
2224 4063 2348 4108 ante
2376 4052 2691 4122 vigesimum
2740 4052 3027 4118 septimum
3058 4067 3283 4118 annum,
3340 4069 3445 4120 qua

1878 4134 2034 4180 mtate
2059 4125 2285 4194 quisque
2306 4123 2502 4178 desinit
2528 4125 2631 4179 dici
2663 4123 2999 4177 adolescens.

1948 4192 2090 4249 Vitio
2119 4192 2320 4250 naturae
2346 4194 2649 4249 eunuchum
2680 4194 2865 4247 matris
2889 4202 3037 4245 utero
3068 4192 3270 4245 editum
3296 4193 3442 4246 solus

1878 4269 2079 4331 pariter
2098 4266 2308 4320 tradidit
2328 4263 2698 4333 Mercatorﬂn
2720 4262 2911 4316 Comm.
2932 4274 2978 4316 ct
3010 4264 3153 4331 prter.
3180 4264 3374 4315 Subnot
3389 4265 3445 4330 .).

1878 4336 2205 4406 Quamquam
2249 4350 2410 4404 Super
2440 4350 2501 4406 ea
2544 4349 2599 4387 rc
2619 4332 2869 4406 nonnihil
2899 4345 3099 4406 notatur
3126 4332 3341 4406 dignum
3374 4351 3437 4387 ex

1878 4403 2393 4460 Orosioatlulimus.
2424 4404 2591 4470 Quem
2618 4405 2770 4458 enim
2817 4403 3041 4458 Orosius
3084 4405 3176 4470 (tn
3219 4403 3350 4457 notis
3378 4404 3446 4456 ad

1879 4475 2180 4530 Commonit.
2211 4484 2258 4528 ct
2295 4475 2361 4527 ad
2381 4478 2530 4544 praef.
2560 4474 2802 4544 Subnot.)
2834 4474 3074 4526 mutilum
3113 4484 3265 4544 vocat
3292 4486 3342 4528 et
3375 4475 3447 4528 le-

1882 4561 2003 4602 vem
2028 4547 2079 4600 in
2111 4547 2306 4609 fronte,
2360 4542 2465 4598 non
2501 4544 2661 4598 alium
2712 4542 2873 4597 fuisse
2921 4560 3078 4611 quam
3110 4543 3444 4608 Ctelestiuin,

1798 4589 1849 4648 D
1874 4589 2200 4671 (Ξίῖιὶἰτεὲἰιιίἰιέ
2226 4589 2552 4684 argumentis
2573 4614 2700 4668 sazis
2723 4589 3080 4680 probahi'libus
3107 4632 3117 4665 :
3151 4630 3256 4684 quo
3277 4589 3446 4668 etiaui

1868 4687 2054 4741 referri
2083 4683 2458 4756 potestpqnod
2490 4686 2802 4740 Vincentius
2843 4683 3135 4738 Lirinensis
3182 4683 3446 4756 (Commo-

1870 4758 1964 4810 nit.
1993 4753 2106 4825 cap'.
2141 4756 2237 4824 54)
2286 4755 2602 4811 (Ζωιθειίιιιιι
2650 4756 3013 4825 prodigiosum
3065 4765 3243 4825 vocat.
3296 4753 3445 4825 lion-

1870 4837 2039 4881 strum
2054 4824 2200 4881 enim
2231 4837 2315 4882 est
2342 4826 2620 4882 eunuchus
2638 4824 2663 4892 ;’
2681 4840 2800 4880 nam
2822 4841 2923 4896 qua
2954 4825 3054 4879 alia
3084 4824 3151 4878 de
3180 4839 3339 4877 eausa
3369 4824 3445 4878 sit:

1871 4898 2195 4967 appellasset
2221 4899 2243 4951 ?

1941 4962 2056 5023 Non
2090 4969 2264 5023 minus
2292 4967 2512 5022 invaluit
2543 4967 2813 5035 popularis
2835 4965 3036 5035 Opinio,
3080 4973 3299 5018 auctore
3346 4962 3445 5035 Ba-

1874 5040 2029 5093 ronio
2060 5037 2160 5109 (Ad
2187 5055 2309 5091 ann.
2344 5034 2553 5091 Christi
2582 5038 2732 5107 405),
2770 5034 2927 5109 λιιι]οά
2962 5036 3132 5109 vitam
3185 5034 3445 5109 monasti-

1872 5126 1989 5164 cam
2014 5104 2282 5178 prolessus
2311 5108 2401 5172 sit,
2433 5123 2591 5176 quam
2644 5104 2815 5176 quod
2842 5122 2905 5160 ex
2947 5107 3123 5161 Scotia
3164 5104 3441 5178 oriundus.

1872 5177 2211 5246 Quidautem
2246 5178 2514 5245 impulerit
2541 5178 2825 5231 Baronium
2856 5180 2923 5229 ita
2951 5178 3174 5246 sentire,
3209 5190 3305 5229 uec
3330 5177 3445 5242 ipse

1870 5245 2064 5319 aperit,
2097 5264 2194 5303 nec
2225 5248 2382 5303 etiam
2403 5248 2521 5319 Lalii
2552 5250 2639 5318 qui
2671 5248 2868 5302 clausis
2892 5245 3062 5300 oculis
3093 5246 3259 5313 ipsius
3285 5255 3445 5319 vesti-

1869 5316 1953 5388 gia
2001 5330 2334 5389 presserunt.
2388 5316 2654 5386 Cagitahti
2701 5332 2986 5389 occurrere
3028 5328 3269 5389 possunt.
3316 5316 3441 5389 tria.

1868 5385 2083 5445 Nam-et
2126 5389 2451 5457 Augustinus
2480 5385 2636 5460 (Lib.
2667 5389 2730 5460 de
2766 5386 2905 5460 Gest.
2935 5385 3153 5460 Palwst.
3189 5403 3304 5457 cap.
3349 5386 3444 5451 35)

1868 5466 1960 5527 ait,
1995 5477 2095 5514 non
2117 5462 2179 5513 ab
2205 5461 2449 5530 episcopis
2471 5457 2559 5530 seu
2586 5458 2911 5530 presbyteris,
2943 5457 3020 5511 vel
3048 5457 3445 5530 quibuscumque

1868 5533 2085 5595 clericis,
2112 5532 2202 5586 sed
2223 5526 2253 5581 ὰ
2277 5526 2865 5597 ιιιιὶὸιιιάαιιιηιοηάειιὲε
2901 5536 3063 5581 artant
3101 5526 3230 5580 Itane
3279 5527 3444 5580 luere-

1866 5605 1965 5656 sim
1998 5619 2017 5664 ;
2046 5611 2159 5655 orta
2186 5596 2315 5655 vero
2345 5607 2427 5653 est
2452 5615 2480 5653 a
2507 5600 2715 5669 Pelagio
2736 5610 2789 5655 et
2806 5596 3089 5669 _Ccelestio.
3119 5597 3443 5669 Deindetra-

1868 5674 1947 5727 dit
1975 5672 2282 5728 Gennadius
2312 5670 2549 5744 (Libede
2569 5666 2779 5739 Sci-ipt.
2801 5667 2946 5723 Eccl.
2981 5684 3097 5744 cap.
3129 5666 3223 5737 ιι)
3263 5682 3292 5720 a
3317 5666 3442 5744 Cm;-

1869 5744 2028 5799 lcstio
2071 5738 2363 5800 etiamnum
2412 5738 2775 5807 adolescente,
2831 5750 2939 5795 tres
2982 5738 3069 5812 _de
3116 5738 3440 5812 tnotiastcrio

1869 5816 2122 5883 epistolas
2152 5816 2376 5884 scriptas
2402 5812 2590 5871 fuisse.
2617 5804 2854 5880 Deuitiue
2883 5808 3062 5869 socius
3108 5805 3209 5863 fuit
3235 5804 3436 5872 Pelagii
