3996 6184
270 319 377 372 28]

683 321 1130 384 DlSSEBTATlO
1168 327 1211 381 1.
1253 328 1341 384 DE
1378 329 1606 387 PRIMIS
1641 331 2095 388 AUCTORIBUS.
2140 330 2319 397 ETC.,
2360 328 2678 387 HERESIS
2714 329 3149 387 PELAGIANIE.

3425 324 3531 381 282

268 434 575 515 eninrnba‘ac
602 437 837 515 clausula
863 446 945 515 est
966 455 977 491 :
998 438 1223 505 Explicit
1242 441 1449 515 libellus
1472 442 1619 515 Fidei
1642 443 1702 498 S.
1724 445 1773 496 Ι.
1798 444 1858 499 C.
1888 449 1939 505 Α
1967 448 2157 515 partim
2189 445 2422 499 novitate
2443 445 2818 511 quaestionum,
2855 445 3019 515 immo
3040 453 3095 498 et
3118 442 3528 515 Manichaeorum

348 504 563 560 Deinde
594 508 901 561 Ctelcstium
931 504 1101 576 ipsum
1131 527 1223 578 per
1242 527 1300 565 se
1320 512 1370 565 in
1397 512 1575 567 Sicilia
1611 514 1855 568 bagresim

272 573 561 651 docuisse,
594 573 1347 651 manifestesatis_loquuntur
1382 585 1539 636 verba
1580 583 1857 651 Augustini

271 643 399 721 (Irt_
411 648 624 721 praefat.
649 648 821 721 lib._de
848 647 997 721 Perf.
1019 643 1155 703 Just.
1180 655 1217 721 ),
1244 652 1433 717 quibus
1455 652 1518 704 ad
1546 643 1857 721 Eutrbpium

273 724 332 768 et
364 716 593 787 Paulum
633 718 820 771 scribit
848 732 906 771 se
935 716 1109 772 allatis
1140 736 1168 773 e
1198 716 1381 775 Sieilia
1422 716 1853 787 definitionibus,

274 801 401 859 qua;
425 786 735 840 dicerentur
754 787 1011 859 Ctelesui,
1036 791 1406 859 respondere;
1436 792 1714 859 ipsumque
1738 793 1860 847 Cus-

274 854 529 919 lestiutn,
557 859 655 910 etsi
684 864 809 909 tunc
837 857 908 910 ibi
936 854 1306 925 perbiberetur
1335 875 1440 913 non
1458 854 1603 925 esse,
1628 854 1753 914 suos
1783 874 1861 915 ta-

275 940 407 978 men
429 926 484 977 in
502 926 681 998 Sicilia
706 927 905 998 habere
927 937 1240 991 sectatores,
1260 944 1393 997 quos
1418 945 1513 998 per
1533 946 1589 984 se
1617 933 1860 984 edocuis-

274 1006 386 1058 set,
410 1002 473 1047 et
489 1010 519 1047 a
542 996 732 1063 quibus
753 997 1117 1051 definitiooum
1138 996 1389 1052 allatores
1412 996 1603 1053 nomen
1626 1001 1860 1054 auctoris

273 1063 626 1118 didicissent.
656 1068 887 1137 Accedat
912 1069 1049 1135 quod
1080 1079 1221 1120 tanta
1249 1069 1555 1121 Siculorum
1581 1071 1858 1137 cpiscopm

272 1148 429 1207 rurn,
463 1143 676 1207 tamque
707 1136 944 1198 pertinax
974 1152 1098 1206 erga
1127 1138 1437 1193 Cm‘estium
1482 1136 1859 1207 Pelagiumque

271 1204 577 1269 voluntas,’
591 1215 785 1273 quanta
815 1207 993 1260 libello
1012 1204 1211 1261 Iuliani
1235 1226 1291 1260 se
1316 1208 1509 1273 prodit,
1540 1204 1859 1263 viialiuntle

270 1273 466 1340 potuit
492 1289 651 1338 quam
681 1291 745 1328 ex
780 1278 1162 1330 consuetudine
1190 1286 1242 1331 et
1274 1279 1629 1331 familiaritate
1667 1279 1818 1330 oriri.

347 1341 533 1396 Nemo
582 1359 710 1398 vero
739 1347 824 1412 qui
872 1347 1153 1400 Mercatori
1202 1347 1489 1401 crediderit
1531 1350 1857 1401 assentietur

268 1410 549 1467 Jansenio
580 1410 801 1478 Yprerisi
831 1418 1027 1469 volenti
1057 1417 1388 1481 Caelestium,
1423 1428 1699 1483 postquam
1728 1434 1857 1469 ana-

274 1483 529 1557 tbemate
558 1499 839 1557 percussus
866 1488 1100 1540 essetab
1131 1485 1373 1549 Aurelio,
1414 1487 1611 1555 fugisse
1640 1488 1691 1539 in
1722 1488 1857 1540 Sici-

271 1554 446 1626 liam;
488 1554 652 1607 immo
701 1570 768 1626 ne
807 1555 1129 1611 dubitaverit
1177 1557 1391 1626 quidem
1433 1560 1559 1625 quin
1610 1559 1757 1625 prius
1806 1559 1857 1609 in

268 1621 529 1675 Siciliam
564 1624 767 1677 venerit
792 1640 947 1691 quam
978 1621 1341 1688 damnaretur,
1377 1621 1473 1680 nec
1504 1641 1570 1680 eo
1610 1621 1857 1691 umquam

269 1706 339 1743 ex
372 1691 475 1743 illo
507 1704 743 1761 tempore
769 1696 1010 1749 redierit.
1043 1696 1133 1751 Sic
1159 1698 1299 1750 enim
1322 1695 1583 1750 Mercator
1612 1708 1859 1750 accurate

271 1761 545 1836 describit
570 1764 794 1836 hominis
819 1765 1039 1831 inquieti
1064 1768 1314 1820 circuitus
1344 1765 1679 1836 (Commonit.
1707 1782 1752 1818 c.
1778 1766 1856 1835 Et):

270 1831 555 1903 Caelestius
581 1833 720 1886 nullo
744 1836 894 1887 modo
924 1839 1268 1903 acquiescens,
1299 1831 1418 1896 quin
1444 1838 1595 1888 immo
1620 1831 1858 1888 resistens

270 1902 411 1953 actis
439 1902 641 1967 iisdem,
663 1904 844 1971 quibus
868 1902 1151 1973 frequenter
1182 1907 1386 1957 auditus
1408 1915 1498 1965 est,
1523 1907 1859 1959 ecclesiastica

271 1974 647 2044 communione
676 1975 902 2039 privatus
926 1986 1032 2041 est;
1059 1993 1090 2027 a
1118 1992 1218 2044 qua
1258 1977 1506 2029 sententia
1545 1978 1611 2028 ad
1640 1975 1860 2028 Romani

270 2042 521 2117 episcopi
550 2060 753 2117 crumen
783 2046 1001 2098 credidit
1026 2042 1435 2117 appellandum:
1457 2063 1557 2114 qua
1588 2062 1706 2117 mox
1726 2047 1860 2097 idem

272 2113 765 2184 ipseappellatione
798 2113 1067 2184 neglecta,
1087 2117 1342 2182 Ephesum
1371 2116 1507 2169 Asia
1535 2116 1708 2168 urbem
1739 2132 1860 2167 con-

271 2181 472 2254 tendit,
505 2182 670 2254 ibique
693 2201 848 2237 ausus
861 2181 942 2238 est
968 2204 1055 2254 per
1080 2181 1421 2252 obreptionent
1451 2184 1620 2237 locum
1650 2187 1860 2254 presby-

270 2252 399 2301 ια’Ξὶ
410 2321 422 2324 _
433 2262 617 2315 petere.
642 2252 772 2305 Inde
801 2264 911 2323 post
935 2252 1223 2324 aliquantos
1245 2272 1402 2309 annos
1428 2256 1519 2307 sub
1545 2252 1733 2307 sanetae
1754 2252 1860 2307 me-

272 2321 469 2393 morjite
518 2324 687 2393 Attico
735 2321 975 2393 episcopo
1020 2321 1198 2378 urbem
1245 2326 1858 2393 Constantiaopolitanam

269 2391 454 2463 petiit,
487 2392 575 2463 ubi
603 2394 654 2445 in
684 2391 930 2448 similibus
969 2395 1213 2459 detectus,
1263 2411 1446 2463 magno
1487 2391 1657 2447 studio
1696 2396 1858 2447 sancti

268 2460 432 2512 illius
457 2462 575 2525 viri,
603 2479 664 2515 ex
688 2465 933 2530 prwdicta
960 2466 1098 2517 alma
1125 2466 1245 2517 urbe
1272 2460 1507 2517 detrusus
1550 2474 1642 2528 est,
1677 2465 1857 2517 litteris

269 2546 445 2600 super
486 2534 599 2600 ejus
637 2535 838 2586 nomine
870 2544 916 2585 et
955 2536 1006 2587 in
1044 2536 1219 2588 Asiam
1260 2544 1304 2588 et
1348 2534 1766 2587 Thessalonicam
1812 2543 1857 2587 et

269 2597 654 2673 Carthaginem
692 2602 757 2655 ad
799 2605 1055 2673 episcopos
1084 2606 1271 2666 missis,
1305 2620 1521 2672 quaram
1549 2606 1860 2673 exemplaria

270 2668 533 2743 (tabentes
560 2673 783 2738 proferre
810 2668 985 2726 sumus
1016 2677 1202 2743 parati.
1237 2668 1524 2726 Prico'ictus
1557 2668 1722 2726 tamen
1752 2676 1861 2728 Cae-

270 2740 469 2791 lestius
490 2743 639 2792 etiam
665 2743 779 2812 hinc
808 2740 1023 2812 ejectus,
1043 2746 1109 2796 ad
1132 2745 1303 2797 urbem
1329 2744 1611 2795 libmanam
1627 2745 1717 2797 sub
1740 2761 1860 2796 san-

270 2813 672 2889 ctuamernoria:
694 2810 905 2873 ,Zosiino
936 2818 1167 2885 episcopo
1188 2856 1202 2881 ,
1252 2824 1358 2867 tota
1397 2814 1715 2884 festinatione
1746 2831 1858 2882 per-

271 2891 443 2931 Υιῖἐῑιῖ.

306 3019 321 3026 ⁹
360 2949 443 3002 Ex
488 2951 675 3026 quibus
723 2955 823 3006 tria
856 2955 1480 3026 colligunturnotatione
1527 2953 1857 3026 dignissima.

275 3018 651 3092 [frium,quod
670 3038 811 3077 nunc
832 3018 1166 3092 potissimum
1189 3024 1535 3089 intendimus,
1555 3018 1859 3078 tinelestinm

276 3101 417 3159 post
461 3064 881 3162 éa‘rthaginensre
912 3095 1169 3162 judicium
1200 3096 1253 3149 in
1282 3095 1456 3149 Sicilia
1504 3064 1608 3147 rion
1650 3094 1814 3147 fuisse
1841 3135 1855 3159 ,

272 3174 455 3230 atque
506 3165 574 3214 ita
607 3166 881 3232 vulgarem.
914 3180 1076 3231 super
1114 3180 1172 3217 ea
1220 3182 1278 3219 re
1315 3164 1616 3230 Opinionem
1668 3163 1852 3216 fulmini
1882 3174 1925 3233 (ζ

273 3246 419 3303 esse
445 3250 458 3285 :
486 3234 730 3299 alterum,
761 3234 900 3303 quod
940 3235 1004 3287 ad
1039 3237 1207 3288 lucem
1236 3235 1492 3302 apologis:
1518 3234 1688 3287 Or0sii
1720 3233 1848 3286 affe-

274 3302 517 3356 rendam
546 3304 699 3367 valet,
725 3302 971 3358 ettmdem
1004 3305 1308 3358 leestium
1338 3320 1440 3356 non
1473 3303 1634 3357 fuisse
1667 3304 1854 3357 Hiero-

276 3373 542 3441 solymis,
570 3374 683 3427 sive
701 3388 820 3427 eum
849 3372 1093 3439 Pelagius
1124 3378 1329 3427 occulte
1351 3374 1566 3427 doceret
1586 3374 1852 3433 haeresim,

273 3442 411 3495 sive
452 3457 573 3495 cum
620 3443 854 3512 synodus
895 3444 1124 3510 Diospoli
1161 3445 1482 3505 haberetur;
1528 3453 1855 3512 postremum

275 3528 397 3578 quo
418 3512 811 3581 redarguuntur
836 3517 1020 3577 nUperi
1048 3514 1281 3567 historia:
1308 3514 1604 3580 Pelagianae
1629 3514 1855 3579 scripto-

278 3596 399 3651 res,
435 3597 558 3634 etim
584 3598 739 3649 quem
777 3585 1079 3651 armigerum
1113 3584 1306 3651 Pelagii
1334 3584 1565 3651 appellat
1593 3584 1813 3636 Oresins
1839 3625 1852 3649 ,

276 3650 511 3704 differre
538 3653 747 3718 quidem
776 3668 805 3705 a
836 3650 1112 3715 C(elcstio,
1157 3650 1260 3706 non
1308 3650 1484 3706 tamen
1513 3654 1581 3705 ab
1610 3654 1857 3706 Anniane

277 3721 574 3775 Celedensi
602 3721 847 3784 diacono,
877 3739 1033 3791 quem
1065 3722 1254 3776 scribit
1284 3722 1640 3791 llicrooymus
1669 3721 1857 3774 alience

279 3791 621 3927 (gasph‘eniice
672 3794 817 3845 verba
862 3792 1269 3848 subministrasse
1308 3791 1516 3863 (Epist.
1547 3794 1677 3857 201,
1728 3792 1858 3844 inter

334 3878 469 3927 ngas
501 3900 514 3913 .
558 3902 570 3914 .

280 3862 514 3914 Anaust.
532 3862 570 3914 i.

365 3878 734 3999 gzzldIenique
774 3931 997 3985 suadent
1029 3932 1338 3987 C(elestium
1366 3931 1641 4001 Syracusis
1673 3931 1724 3985 in
1767 3929 1856 3985 Si-

280 4000 410 4053 cilia
459 4001 741 4054 triennium
789 4003 1000 4056 circiter
1045 4004 1305 4069 posuisse.
1344 4000 1472 4054 Nam
1515 4002 1775 4069 plurimos
1804 4002 1855 4054 in

283 4074 393 4122 hac
421 4071 617 4131 insula,
649 4072 807 4125 etiam
830 4073 1132 4140 episcopos,
1161 4080 1233 4125 tta
1261 4072 1360 4126 sibi
1381 4071 1596 4137 anisque
1618 4071 1858 4139 partibus

282 4140 516 4203 addixit,
548 4149 607 4193 ut
627 4143 968 4209 pertinaciter
999 4151 1179 4210 postea
1206 4143 1255 4194 in
1281 4144 1359 4196 eis
1388 4153 1626 4209 perstare
1655 4140 1857 4195 malue-

282 4212 395 4262 rint
442 4226 600 4280 quam
645 4227 768 4265 suas
804 4212 960 4265 sedes
1021 4212 1557 4280 communionemque
1603 4210 1857 4265 Ecclesia:

285 4281 548 4335 retinere.
583 4279 636 4333 id
666 4296 794 4335 vero
825 4282 1001 4349 peragi
1035 4283 1270 4349 potuisse
1299 4281 1444 4334 brevi
1470 4279 1709 4348 tempore
1738 4281 1856 4345 quis

286 4351 508 4415 credat,
542 4353 835 4418 praise-nim
862 4353 930 4403 ab
962 4351 1176 4404 homine
1207 4354 1508 4419 peregrino.
1547 4366 1640 4403 sua
1676 4352 1855 4404 statim

288 4434 395 4472 non
430 4422 687 4475 credente
724 4422 1052 4487 quibuslibet
1081 4422 1319 4483 auribus,
1348 4422 1439 4475 sed
1470 4421 1531 4473 iis
1560 4420 1689 4473 solis
1719 4435 1854 4488 qua-

289 4505 405 4541 rum
452 4490 608 4543 fidem
645 4490 974 4555 experientia
1029 4491 1465 4558 comprobasset?
1511 4490 1709 4543 Deinde
1749 4505 1852 4543 non

1964 514 2111 577 odio,
2142 516 2332 583 quibus
2352 515 2541 567 affines
2561 530 2682 569 esse
2703 514 2994 568 catholicos
3022 514 3225 581 peccati
3255 514 3531 580 originalis

1960 585 2294 644 defensores,
2326 592 2409 636 vix
2443 600 2546 636 non
2583 584 2939 651 persuadebat
2973 585 3150 637 minus
3184 584 3532 652 intelligenti-

1961 655 2060 708 bus
2094 654 2292 723 (Merc.
2319 652 2370 704 in
2401 652 2597 706 Comm.
2630 668 2743 721 cap.
2774 653 2800 705 i
2826 654 2861 718 ).

2034 722 2140 776 lla’c
2170 723 2487 776 clericorum
2518 724 2708 789 gratia,
2739 722 3055 791 pietatisque
3081 722 3284 790 specie,
3309 730 3363 776 et
3387 723 3528 776 fama

1960 793 2218 847 doctrinm
2250 799 2410 853 atque
2438 794 2758 859 eloquentia:
2790 794 2974 861 fretus,
3000 807 3164 845 ausus
3193 801 3276 845 est
3305 793 3529 861 presby-

1962 864 2152 917 terium
2201 863 2250 914 in
2296 861 2534 915 Ecclesia
2578 863 2739 912 totius
2774 859 2968 913 Africa:
3008 861 3243 928 principe
3270 859 3526 929 sperare,

1960 933 2127 986 immo
2163 940 2217 985 et
2252 932 2490 995 ambire,
2537 929 2632 1000 sed
2680 929 2871 982 frustra
2906 930 3081 1000 (Aug.
3118 931 3206 983 tib.
3246 932 3308 983 de
3346 931 3528 989 Ceu..-

1962 1001 2214 1075 Mercxin
2241 1000 2499 1075 _Comm.).
2530 998 2663 1075 Nam
2705 998 2932 1075 conanti
2958 1000 3282 1075 obstiterunt
3322 1002 3412 1069 qui
3454 1002 3529 1075 de

1960 1076 2107 1125 clero
2133 1073 2252 1123 fidei
2282 1071 2452 1122 ιιιΙιιιιι
2480 1072 2735 1135 majorem
2762 1069 3039 1131 haberent,
3071 1069 3307 1135 impulsi,
3338 1072 3527 1137 credo,

1960 1142 2026 1195 ab
2053 1141 2347 1209 Augustino
2375 1139 2522 1207 (Lib.
2550 1154 2581 1192 ιι
2614 1139 2830 1191 Relract.
2858 1154 2971 1207 cap.
3007 1140 3128 1209 537),
3160 1140 3528 1209 quamcollocu-

1963 1208 2196 1263 tionibus
2231 1210 2471 1275 privatis,
2503 1225 2604 1275 qua
2644 1209 2982 1261 sermonibus
3022 1208 3087 1259 ad
3123 1208 3373 1275 pupulum
3415 1224 3525 1261 rem

1955 1281 2063 1350 jam
2089 1290 2196 1333 tum
2222 1288 2438 1333 strenue
2476 1280 2731 1331 adversus
2754 1278 3018 1350 novellum
3048 1293 3286 1350 errorem
3318 1291 3527 1350 agente.

2032 1351 2137 1403 Nec
2163 1351 2484 1401 obstiterunt
2524 1356 2730 1401 tantum
2783 1349 3013 1414 indignis
3054 1348 3200 1400 hisce
3247 1349 3530 1403 conatibus

1962 1420 2143 1473 ﬁdeles
2171 1419 2372 1480 clerici,
2402 1418 2494 1471 sed
2535 1433 2692 1479 unus,
2725 1418 2957 1469 omnium
2992 1417 3253 1469 bonorum
3288 1420 3523 1480 nomine,

1962 1490 2213 1543 Paulinus
2244 1488 2491 1542 Ecclesia:
2525 1487 2933 1539 Mediolanensis
2960 1488 3091 1538 olitn
3134 1487 3411 1551 diaconus,
3464 1491 3527 1540 li-

1961 1559 2159 1613 bellum
2207 1559 2398 1611 obtulit
2444 1558 2695 1621 Aurelio,
2737 1571 2844 1621 quo
2885 1557 3195 1609 Ctelestium
3253 1566 3532 1612 accusaret

1960 1631 2195 1696 quinque
2233 1632 2531 1697 prtesertnn
2574 1626 3008 1697 dogn‘tatum,ide
3037 1627 3230 1694 quibus
3271 1629 3531 1694 prolixius

1963 1695 2013 1751 in
2050 1695 2425 1751 dissertatione
2465 1698 2532 1750 de
2564 1695 2811 1765 Synodis.
2841 1695 3103 1748 Judicium
3145 1698 3395 1751 Aurelius
3426 1714 3529 1750 non

1967 1770 2114 1835 prius
2159 1770 2341 1821 habuit
2386 1781 2541 1835 quam
2588 1778 2703 1832 post
2755 1765 3099 1819 collationem
3139 1781 3189 1817 γι
3233 1767 3304 1819 id.
3344 1767 3532 1821 Junias

1966 1848 2228 1905 peractam
2260 1838 2587 1905 Augustinus
2618 1836 2936 1902 Carthagine
2966 1837 3311 1899 reCessisset;
3358 1852 3530 1902 neque

1962 1911 2101 1961 enim
2135 1910 2366 1961 interfuit
2390 1906 2590 1976 judicio
2621 1907 2931 1972 epi~00p4lli,
2962 1907 3053 1959 sed
3081 1921 3202 1958 cum
3231 1916 3416 1973 pestea
3447 1922 3531 1960 re-

1964 1978 2229 2043 vertisset,
2254 1994 2371 2044 qute
2404 1987 2518 2029 acta
2551 1979 2757 2029 fuerant
2784 1992 2841 2029 se
2864 1978 3084 2029 ab~ente
3114 1978 3448 2043 recognovit,
3473 1985 3531 2030 ut

1962 2049 2075 2115 ipse
2105 2058 2328 2100 teStatur
2360 2046 2511 2116 (Lib.
2536 2047 2597 2097 de
2624 2044 2766 2116 Gest.
2798 2046 3011 2098 Palicst.
3040 2062 3154 2113 cap.
3184 2046 3238 2098 ll
3267 2050 3305 2115 ).

2035 2122 2187 2170 Anno
2220 2115 2379 2183 igitur
2409 2118 2532 2179 M2,
2576 2131 2693 2167 cum
2722 2115 2789 2167 de
2824 2130 2971 2169 more
3010 2128 3134 2169 ante
3176 2116 3530 2184 Quadragesi-

1964 2204 2102 2240 mam
2136 2188 2351 2240 l‘nsclizt:
2379 2186 2661 2240 concilium
2693 2184 2979 2251 provincia:
3004 2188 3400 2250 proconsularis
3424 2190 3529 2239 Au-

1962 2260 2126 2313 relius
2155 2262 2541 2319 contraxisset,
2574 2254 2859 2307 Caelestius
2888 2270 2915 2304 a
2950 2255 3172 2307 Paulino
3201 2270 3382 2307 coram
3412 2270 3526 2322 cpt-

1960 2329 2136 2395 scopis
2165 2338 2448 2381 accusatus
2474 2335 2575 2391 est,
2621 2328 3029 2393 damnatusque,
3073 2336 3125 2377 et
3154 2326 3529 2395 ctnumunioue

1962 2394 2163 2451 tamdiu
2192 2400 2447 2464 privatus,
2480 2397 2652 2447 donec
2684 2394 2892 2458 objecta
2923 2396 3174 2447 dilueret.
3209 2394 3365 2447 Ratio
3392 2404 3526 2448 tent-

1962 2470 2103 2536 poris
2128 2476 2336 2521 constat
2358 2483 2420 2536 ex
2441 2467 2653 2518 dissert.
2683 2464 2751 2536 d_e_
2771 2463 3033 2533 Synodis:
3061 2479 3225 2536 quare
3250 2465 3527 2533 deceptum

1961 2533 2079 2593 esse
2106 2538 2343 2605 Oportuit
2367 2535 2679 2588 .lanseninm
2713 2533 3026 2600 Yprensem,
3055 2534 3153 2605 qui
3172 2550 3234 2587 ex
3263 2536 3527 2601 epiSt-Opis

1960 2609 2024 2661 ad
2055 2603 2394 2661 collationem
2433 2605 2769 2675 congregatis
2799 2605 3108 2658 constitisse
3141 2603 3243 2658 hoc
3267 2605 3525 2673 judicium

1959 2678 2166 2733 scribit.

2032 2748 2132 2801 Per
2160 2747 2210 2800 id
2236 2754 2442 2815 tempus
2463 2745 2746 2801 Caelestius
2774 2760 2879 2815 non
2905 2745 3249 2812 acquiescens
3290 2743 3527 2811 judicum
3561 2769 3565 2773 υ

1961 2820 2264 2880 sententize,
2289 2814 2381 2871 sed
2406 2817 2690 2885 appellata,
2714 2814 3014 2868 declinandi
3037 2829 3215 2875 cauSa,
3253 2816 3377 2866 sede
3397 2829 3527 2879 apo-

1961 2888 2172 2950 stolica,
2208 2888 2340 2955 fugit
2367 2902 2430 2941 ex
2462 2885 2638 2939 Africa
2672 2886 2723 2939 iu
2756 2885 2955 2955 Asiam,
2990 2885 3367 2955 Ephesumque
3398 2899 3527 2955 ceu-

1962 2961 2149 3021 cessit,
2182 2953 2571 3011 ubi—consuetis
2606 2955 2814 3007 artibus
2845 2954 2909 3006 ad
2938 2953 3327 3021 presbyterium
3367 2954 3523 3007 obre-

1965 3028 2087 3096 psit,
2120 3028 2424 3089 ordinante,
2451 3024 2824 3096 ut_verisimi_le
2851 3031 2951 3089 est,
2985 3023 3526 3096 Ileraclidelllemno—

1967 3093 2049 3152 itis
2079 3112 2403 3165 prtecessore
2434 3094 2631 3163 (Merc.
2663 3097 2716 3146 in
2744 3093 3047 3165 Commonit.
3080 3108 3195 3160 cup.
3230 3093 3315 3158 1).

2031 3162 2223 3221 Multos
2251 3167 2301 3219 in
2331 3162 2599 3219 hacurbe
2635 3164 2818 3217 docuit
2857 3162 3122 3227 lueresim,
3160 3176 3387 3229 qu0tum
3429 3176 3529 3228 ope

1961 3236 2143 3292 infecit
2184 3238 2386 3291 vicinas
2417 3235 2640 3300 insulas,
2680 3233 2772 3287 sed
2804 3232 3050 3284 Rhodum
3104 3233 3353 3300 maxime,
3386 3232 3525 3297 quod

1960 3317 2185 3362 testatur
2230 3307 2588 3375 Hieronymus
2625 3298 2832 3375 (Puer.
2882 3303 2969 3354 lib.
3013 3318 3059 3354 ιγ
3087 3303 3154 3375 in
3178 3298 3526 3375 Διιιςιοςθηιὲαηι).

1957 3376 2060 3433 Sed
2100 3393 2220 3432 cum
2252 3371 2449 3445 Ephesi
2478 3388 2581 3427 non
2609 3391 2668 3429 se
2694 3373 3034 3445 continerent
3077 3371 3523 3445 Ctelestianarutn

1959 3449 2185 3515 partium
2218 3441 2482 3509 homines,
2517 3445 2761 3499 catholici
2790 3442 2992 3515 merito_
3014 3441 3448 3515 emnmotinsunt,
3478 3451 3531 3515 et

1958 3509 2053 3585 per
2091 3520 2373 3571 tumultum
2411 3516 2708 3584 ejeceruut,
2755 3524 2809 3568 ut
2856 3517 2931 3565 alt
2960 3510 3190 3580 Prosper
3220 3509 3429 3579 (Carm.
3470 3511 3531 3562 de

1958 3586 2159 3659 lngrat.
2189 3604 2305 3657 cap.
2328 3589 2363 3641 2
2381 3588 2431 3657 );

2083 3686 2201 3735 Vasa
2220 3687 2326 3747 iraa,
2353 3690 2405 3735 et
2426 3683 2583 3732 morbi
2607 3682 2769 3743 ﬂatus,
2787 3688 2837 3730 et
2857 3681 3038 3729 semina
3064 3679 3262 3727 mortis:

1958 3789 2152 3857 quibus
2192 3787 2497 3841 nominibus
2531 3784 2860 3857 signiﬁcatos
2885 3797 3027 3857 reor,
3058 3792 3110 3835 ct
3132 3796 3225 3857 eos
3256 3782 3343 3857 qui
3383 3794 3531 3857 erro-

1957 3850 2070 3914 rem
2102 3858 2444 3921 imbiberant,
2473 3863 2529 3909 et
2552 3850 2646 3909 eos
2666 3853 2753 3922 qui
2781 3853 2943 3922 veluti
2976 3852 3292 3922 contagione
3322 3850 3524 3903 inficie-

1958 3930 2087 3983 bant
2116 3929 2284 3989 alios,
2316 3936 2370 3981 et
2408 3920 2581 3994 ipsum
2632 3920 2863 3994 maxime
2902 3920 3212 3994 Caelestium
3240 3961 3255 3985 ,
3306 3921 3533 3986 primum

1960 4000 2084 4052 mali
2133 3997 2368 4067 pestiferi
2411 3991 3255 4067 auctoren‘ihlizeccontigerunt
3301 4002 3533 4056 quatuor

1960 4069 2067 4124 illis
2096 4061 2251 4121 annis
2280 4066 2371 4136 qui
2398 4069 2466 4120 ab
2495 4063 2755 4136 anna-HQ
2776 4064 2839 4136 ad
2870 4061 2975 4136 lil6
3006 4062 3349 4136 efflareruut.

2034 4138 2221 4193 Utrum
2251 4128 2541 4208 aliquando
2589 4132 2974 4208 Hierosolymis
3019 4137 3253 4208 moratus
3295 4128 3368 4208 sit
3407 4142 3527 4208 cum

1960 4207 2194 4277 Pelagio,
2219 4197 2757 4277 dubi-tavrerit‘aliquis
2781 4197 2997 4277 propter
3030 4201 3141 4277 lucc
3171 4197 3342 4251 Urosii
3370 4197 3529 4277 verba

1959 4268 2212 4347 (Apo'logj.
2242 4294 2357 4347 cap.
2383 4276 2454 4346 2)
2478 4292 2495 4327 :
2529 4268 2827 4347 Stat'etiam
2850 4269 3255 4347 immanissimus
3298 4268 3532 4336 superbia

1961 4340 2191 4411 Coiiatli,
2218 4340 2673 4413 caritali'potentia
2698 4340 2945 4415 tumidus,
2991 4340 3160 4393 omnia
3192 4354 3279 4405 per
3306 4354 3364 4415 se.
3386 4352 3534 4415 posse

1959 4407 2241 4486 conﬁdens,
2265 4407 2665 4486 captaa-manus,
2690 4422 2849 4464 totum
2878 4412 3083 4486 insuper
3105 4425 3285 4475 corpus
3311 4407 3533 4486 plurimo

1962 4478 2471 4557 apparatu'vesiitus,
2495 4483 2682 4535 habens
2709 4492 2817 4550 post
2844 4498 2896 4535 se
2920 4480 3232 4557 armigerum
3249 4478 3533 4557 anzimunm

290 4561 437 4623 prius
470 4561 521 4613 in
554 4537 936 4614 Africarrn'cum
969 4537 1223 4628 magister
1263 4561 1526 4627 pervenit,
1569 4574 1725 4625 quam
1768 4574 1857 4614 ex-
1887 4537 1940 4597 D
1964 4537 2058 4612 eisi
2081 4559 2188 4628 ipse
2213 4573 2313 4628 non
2344 4537 2775 4628 dintica_t,_cuitcta
2804 4562 2968 4603 tamen
2984 4537 3112 4628 teris
3137 4559 3182 4601 et
3205 4548 3327 4628 ferri
3349 4545 3533 4628 suifra-

290 4638 625 4694 spectaretur
648 4630 877 4683 celebris
906 4631 997 4683 illa
1021 4632 1402 4683 catholicorum
1425 4645 1544 4682 cum
1570 4629 1861 4683 Donatistis

289 4699 524 4751 collatio.
567 4697 698 4753 Cum
723 4702 882 4768 igitur
912 4715 1015 4752 non
1044 4698 1148 4754 alio
1175 4709 1413 4762 tempore
1435 4700 1677 4766 Pelagius
1703 4714 1859 4766 quam

290 4782 392 4833 quo
422 4769 681 4833 diximus,
712 4770 1122 4823 transmarinum
1153 4768 1448 4837 perfugium
1482 4770 1711 4836 petierit,
1743 4784 1861 4822 am-

291 4838 384 4891 bos
413 4848 628 4906 oportet
659 4851 770 4892 tato
799 4840 1095 4902 intervallo,
1129 4839 1272 4907 quod
1301 4841 1526 4892 duorum
1555 4848 1609 4892 et
1635 4839 1863 4903 amplius

288 4925 549 4961 annorum
588 4909 704 4971 fuit,
734 4908 788 4961 iu
820 4910 903 4960 via
935 4910 1235 4963 substitisse
1266 4927 1277 4960 :
1311 4909 1396 4961 ubi
1422 4923 1551 4962 vero
1588 4910 1860 4977 gentium,

222 5014 229 5021 .
292 4977 388 5029 nisi
413 4979 606 5045 quibus
634 4977 686 5031 in
711 4979 842 5032 locis
864 4978 1137 5032 manifesta
1164 4979 1245 5032 sui
1268 4979 1484 5047 vestigia
1505 4979 1864 5047 reliquerunt?

359 5056 517 5102 Anno
547 5046 672 5110 ιιι,
700 5049 786 5116 qui
819 5063 978 5102 verna
1006 5058 1340 5115 tempestate,
1372 5046 1428 5100 ut
1455 5046 1729 5114 probabile
1754 5058 1861 5113 est,

290 5116 576 5170 leestius
616 5118 910 5185 Hipponem
956 5119 1157 5184 appulit
1204 5132 1322 5171 cum
1365 5117 1598 5186 Pelagio,
1652 5132 1863 5186 unaque

288 5188 451 5237 ambo
496 5186 871 5256 Carthaginem
905 5188 1159 5255 profecti,
1190 5188 1241 5241 iu
1280 5203 1340 5241 ea
1372 5196 1651 5253 casperunt
1694 5190 1864 5241 haere-

290 5262 418 5319 sim.
459 5256 570 5325 jam
614 5259 760 5326 prius
784 5273 814 5311 a
847 5259 1131 5325 prannissis
1163 5274 1192 5311 e
1219 5259 1398 5310 Sicilia
1437 5258 1863 5325 conspirantibus

288 5328 598 5382 hominibus
634 5327 1057 5387 disseminatam.
1098 5330 1366 5382 consuetis
1397 5329 1602 5380 artibus
1640 5342 1860 5396 augere.

295 5398 491 5465 Verum
526 5397 742 5465 Pelagio
768 5413 891 5450 mox
925 5399 974 5449 in
1005 5397 1338 5450 Palaestinam
1369 5396 1702 5460 discedente,
1722 5395 1858 5451 Cte-

291 5464 474 5521 lentius
497 5464 775 5529 remansit,
801 5468 1120 5536 irrepsitque
1137 5468 1187 5521 in
1206 5469 1490 5522 amicitiam
1515 5468 1858 5533 clericorum,

290 5550 426 5600 quos
458 5537 542 5590 vel
579 5538 691 5591 suis
730 5537 989 5591 doctrinis
1022 5540 1220 5604 reperit
1258 5538 1371 5606 jam
1420 5538 1650 5590 imbutos
1679 5553 1705 5588 a
1742 5552 1863 5606 pro-

291 5607 515 5667 dromis,
546 5607 631 5659 vel
660 5605 959 5661 incredibili
989 5604 1306 5676 loquacitate
1330 5623 1441 5661 sum
1467 5609 1715 5661 amentiae
1742 5604 1863 5673 p‘ar-

293 5676 478 5744 ticipes
511 5677 641 5729 fecit
662 5692 723 5730 ac
751 5679 1069 5743 complices.
1118 5679 1458 5732 lenocinante
1490 5679 1696 5731 scilicet
1739 5693 1862 5746 par-

295 5750 387 5802 tim
408 5747 652 5807 docentis
673 5747 935 5811 facundia,
961 5749 1151 5823 partim
1172 5749 1500 5805 audientium
1525 5748 1859 5812 curiositate,

1962 4629 2047 4698 gia
2083 4617 2452 4698 subiitinistrat.
2494 4622 2644 4677 Multi
2681 4624 2822 4677 enim
2864 4620 3114 4687 armigeri
3155 4620 3370 4671 nomine
3407 4617 3529 4669 Ca:-

1961 4695 2557 4767 lestiuminteﬁlliguut,
2809 4762 2820 4767 _
2940 4760 2952 4767 _
3140 4766 3143 4767 ν
3247 4756 3260 4767 ,
3388 4753 3484 4767 ,,

2035 4768 2232 4822 Verum
2266 4753 2589 4836 Abiercatoris
2618 4760 2990 4836 auctoritasin
3024 4756 3352 4836 contrarium
3385 4753 3534 4817 facit,

1965 4838 2054 4906 qui
2099 4850 2219 4891 cum
2252 4833 2492 4906 C(elestii
2518 4832 2692 4906 fugam
2723 4848 2786 4885 ex
2814 4831 2991 4884 Africa
3026 4827 3536 4906 peregrinationem-

1964 4895 2068 4976 que
2096 4916 2440 4960 consecutam
2465 4895 2812 4976 describeret,
2840 4916 2942 4976 non
2969 4895 3211 4976 meminit
3237 4895 3535 4976 llierosoly.

1966 4967 2197 5039 morum,
2223 4990 2343 5029 cum
2371 4984 2545 5028 tamen
2578 4973 2810 5044 maxime
2840 4969 3071 5044 alioquin
3104 4967 3397 5027 debuisset,
3424 4967 3536 5044 sive

1965 5053 2185 5115 pr0pter
2233 5046 2541 5115 societatem
2593 5039 2810 5115 Pelagii,
2852 5043 2966 5115 sive
3004 5039 3073 5091 ob
3120 5051 3206 5091 res
3254 5044 3431 5103 gestus
3482 5039 3535 5088 in

1964 5109 2202 5170 concilio
2225 5113 2609 5185 Diospolitano.
2634 5111 2856 5185 Etyero
2872 5109 3223 5185 Hieronymus
3246 5121 3535 5185 numquam

1964 5186 2093 5241 fecit
2135 5178 2460 5240 mentionem
2500 5180 2739 5236 Cailestii
2776 5180 2923 5234 velut
2974 5181 3207 5232 hominis
3244 5192 3272 5230 a
3305 5192 3361 5230 se
3391 5178 3487 5230 visi
3517 5191 3532 5240 ;

1965 5270 2141 5325 neque
2172 5255 2317 5325 ullus
2337 5255 2448 5308 sive
2478 5253 2528 5325 in
2570 5257 2836 5304 conventu
2880 5248 3398 5325 llierosolymitanol,‘
3422 5245 3535 5325 sive

1965 5328 2018 5379 in
2053 5316 2258 5395 synodo
2298 5322 2660 5393 Diospolitana
2688 5334 2866 5375 sermo
2913 5316 3137 5395 habitus
3159 5317 3333 5395 est_de
3362 5316 3536 5395 lee‘

1965 5385 2099 5460 stio;
2148 5385 2522 5465 tamquam'de
2553 5401 2837 5465 praesente,
2889 5390 3178 5465 autetiam
3227 5386 3293 5441 de
3321 5401 3385 5440 eo
3411 5385 3533 5465 qui,

1966 5482 2089 5521 cum
2119 5466 2170 5519 in
2207 5460 2477 5530 provincia
2506 5462 2851 5525 consisteret,
2898 5460 3051 5512 facile
3093 5465 3275 5530 posset
3301 5460 3535 5530 evocari.

1966 5539 2140 5605 Atque
2189 5525 2313 5587 hinc
2360 5532 2570 5605 egregie
2598 5530 2857 5605 refellitur
2898 5543 3055 5605 causa
3092 5525 3375 5605 dubitandi
3414 5540 3536 5605 {nos

1967 5595 2157 5670 allata;
2201 5595 2434 5671 loquitu'r
2478 5595 2621 5655 cnim
2664 5601 2885 5655 Orosius
2927 5599 2994 5652 de
3020 5598 3299 5671 armigero
3342 5595 3537 5663 Pelagii

1967 5678 2054 5747 qui
2088 5670 2340 5747 praesens
2354 5673 2520 5735 foret;
2549 5672 2733 5726 aberat
2762 5685 2892 5725 vero
2922 5670 3225 5747 tlmlestius.

2038 5733 2195 5805 Αῖιιιο
2243 5742 2345 5801 416
2398 5733 2648 5813 exeunte,
2697 5748 2785 5796 aut
2828 5742 3002 5810 potius
3045 5739 3259 5797 ineunte
3289 5733 3415 5799 M7,
3452 5735 3542 5787 sub
