3996 6186
390 308 490 370 507

815 315 904 372 ΑΙ)
947 314 1228 372 PARTEM
1272 310 1537 369 PRIMA.“
1578 311 1861 369 OPEltUM
1906 313 1969 365 Μ.

2107 314 2457 371 IRCATOMS
2497 317 2850 375 APPENDlX
2891 320 3227 380 SECUNDA.
3282 350 3287 355 ’

3560 324 3679 383 308

391 433 580 487 tatibus
596 435 867 501 conceptus
891 447 1022 485 sum.
1053 429 1209 482 Nunc
1234 429 1331 481 hoc
1358 428 1559 502 adjecto
1590 443 1797 502 causam
1827 426 1973 502 inﬁr—A
2004 429 2046 484 Α
2085 424 2296 502 Putrem
2315 439 2362 481 et
2384 425 2575 483 Filium
2592 441 2639 483 et
2658 430 2909 502 Spiritum
2926 446 3157 489 sanctum
3176 451 3335 489 unum
3350 452 3460 493 esse
3478 438 3669 495 Deum.

392 504 585 556 initatis
611 498 821 556 humani
844 502 1039 572 generis
1070 508 1337 572 memorat.
1358 500 1477 572 quia
1505 499 1660 572 facile
1681 507 1751 551 est
1779 498 1973 572 homini

393 589 623 641 peccare,
661 583 715 626 ut
752 566 966 627 examen
1006 572 1142 623 circa
1185 585 1239 622 se
1285 569 1469 636 iudicis
1514 569 1728 638 ntitiget.
1784 566 1976 641 Prima:

394 637 527 698 enim
571 644 736 711 culpa
782 642 903 709 facit
950 642 1284 705 mentionem,
1328 654 1390 692 ea:
1431 655 1534 709 qua
1589 637 1975 711 praevaricando

393 714 557 768 A.lam
593 708 747 783 genus
770 708 1051 783 humanum
1084 711 1358 764 obnoxium
1389 708 1506 778 feeit
1538 720 1765 783 peccato.
1802 708 1974 763 Suasu

394 785 529 836 enim
555 780 607 836 et
630 780 841 848 fallacia
870 783 1063 835 inimici
1096 783 1416 850 iniquitatem
1456 781 1808 847 concipiendo,
1830 794 1977 830 omne

393 870 561 906 semen
588 870 739 905 suum
772 854 1028 923 iniquitati
1050 852 1284 919 subjecit,
1302 860 1364 923 ut
1394 867 1456 923 ex
1481 866 1729 923 eo‘otnnes
1755 866 1843 918 per
1874 860 1978 923 tra-

395 927 577 993 ducem
606 924 789 993 geniti.
826 919 1033 993 peccato
1058 930 1226 977 essent
1261 922 1486 974 obnoxii.
1523 919 1800 993 PrOpterea
1827 921 1977 993 adje-

396 996 461 1046 cit
488 1011 505 1048 :
535 990 681 1047 Et'in
712 990 908 1048 delictis
934 994 1162 1064 concepit
1189 1009 1267 1047 me
1291 1002 1452 1044 ma’er
1487 999 1697 1064 meagut
1728 990 1978 1064 obsidam

397 1067 643 1118 derivatio
683 1066 821 1132 facta
856 1062 1353 1133 peccati,conceptis
1374 1072 1420 1117 et
1447 1063 1580 1115 natis
1617 1062 1982 1129 impedimento

399 1144 525 1188 esset
544 1136 611 1187 ad
645 1136 827 1187 bonam
854 1135 1008 1187 vitam
1030 1135 1300 1204 agendam.

469 1206 667 1259 Contra
699 1207 942 1269 tertium,
977 1201 1117 1274 quod
1150 1205 1377 1271 simplex
1412 1217 1512 1253 non
1551 1212 1661 1274 erat
1683 1244 1696 1267 ,
1738 1201 1833 1255 sed
1878 1202 1982 1255 sal-

401 1288 506 1329 tcm
540 1277 755 1344 duplex,
796 1275 864 1329 de
890 1272 1237 1343 impeccantia
1269 1286 1321 1327 et
1353 1274 1536 1339 gratim.
1581 1272 1872 1341 adjutorio,
1912 1276 1978 1325 ita

402 1349 601 1410 sensit,
645 1357 700 1399 ιιι
740 1348 964 1413 primam
1020 1353 1221 1413 parlem
1252 1344 1519 1413 Pelagiani
1553 1344 1751 1397 erroris
1796 1352 1983 1405 aperte

403 1417 858 1485 cppttgnaret,tle
906 1417 1071 1472 altera
1122 1416 1424 1485 exquisite,
1470 1424 1522 1468 et
1570 1428 1702 1480 liene
1750 1413 1980 1485 Cllrioie.

404 1483 727 1541 sententiam
771 1488 975 1541 diceret
1013 1502 1133 1539 cum
1179 1483 1423 1540 l’lttrilms
1466 1485 1704 1545 ejusdem
1756 1488 1875 1537 sevi.
1909 1483 1984 1538 De

406 1559 754 1627 impecmntia
787 1558 965 1626 igitur.
995 1558 1314 1624 Quamoue
1345 1570 1451 1627 σιτ.
1487 1554 1732 1607 Humana
1774 1566 1983 1627 nafura,

403 1625 522 1697 quia
554 1625 912 1696 perfectionem
936 1628 1219 1681 divinitatis
1249 1644 1350 1679 non
1381 1625 1548 1686 habet.
1580 1643 1668 1696 per
1690 1625 1985 1678 exercitium

404 1710 451 1753 et
480 1700 889 1751 colluctationem
935 1698 1171 1768 proﬁcit,
1211 1708 1283 1750 ut-
1316 1697 1497 1749 melior
1548 1697 1668 1763 ﬁat,
1708 1712 1822 1768 cum
1870 1696 1986 1765 plus

408 1771 556 1822 t'incit
582 1785 732 1838 quam
762 1766 999 1822 vincitur.
1032 1766 1105 1824 ’Si
1134 1770 1267 1821 enim
1297 1770 1369 1819 sic
1399 1778 1601 1835 ageret.
1628 1767 1763 1835 quod
1792 1766 1986 1838 impos-

405 1842 554 1893 sibile
590 1836 692 1900 est.
722 1849 778 1893 ut
821 1856 1099 1901 numquam
1143 1850 1399 1909 peccaret,
1440 1838 1622 1891 melior
1664 1838 1769 1888 Deo
1817 1836 1981 1901 ﬁeret.

412 1912 563 1976 Quod
606 1911 755 1973 absit,
783 1912 905 1981 quia
935 1918 1117 1963 natura
1145 1926 1259 1979 qua!
1303 1918 1462 1981 potest
1512 1924 1751 1973 peccare,
1782 1909 1912 1959 sicut
1939 1917 1984 1959 et

414 1997 511 2034 non
560 1980 802 2049 peccare.
824 1982 867 2035 si
897 1997 1093 2050 semper
1138 1982 1379 2043 vinceret,
1410 1980 1491 2030 illi
1534 1992 1986 2050 naturteﬂprtepo-

413 2048 581 2105 nenda
610 2064 737 2117 erat,
756 2068 869 2120 qua:
893 2048 1013 2105 ideo
1039 2068 1137 2122 non
1169 2059 1363 2122 peccat.
1391 2050 1511 2119 quia
1540 2048 1871 2122 intpassibilis
1892 2057 1985 2101 est.

482 2124 803 2187 QUAES'I’IONE
854 2138 980 2177 cut.
1032 2120 1131 2175 Cor
1170 2120 1350 2173 autem
1409 2120 1653 2172 mundum
1705 2121 1777 2171 sic
1826 2127 1989 2184 potest

415 2194 617 2257 habere.
648 2195 691 2246 si
720 2208 882 2262 neque
902 2194 1059 2259 intus,
1084 2208 1238 2261 neque
1269 2191 1393 2259 foris
1420 2190 1681 2260 delinquat
1712 2206 1729 2241 :
1753 2189 1847 2262 hoc
1878 2199 1951 2241 est
1972 2229 1988 2252 ,

414 2279 575 2333 neque
617 2263 667 2315 in
706 2260 884 2334 opere,
928 2260 1167 2334 neque
1204 2262 1528 2331 cogitatione.
1574 2261 1644 2334 At
1676 2260 1807 2334 quia
1834 2275 1992 2329 prope

414 2329 723 2405 impossibile
738 2329 813 2387 est
839 2344 893 2386 ut
917 2335 967 2385 in
996 2329 1226 2405 omnibus
1250 2329 1496 2405 servetur,
1524 2332 1610 2405 vel
1630 2331 1683 2383 in
1714 2329 1809 2382 Dei
1834 2346 1991 2405 causa

415 2400 716 2457 servandum
756 2415 862 2466 est,
895 2418 1009 2474 quis
1048 2402 1352 2474 principalis
1387 2411 1478 2453 est.
1515 2400 1699 2474 Etiam
1737 2400 1991 2474 mundum

415 2491 504 2527 cor
531 2476 581 2527 in
614 2471 927 2527 sacramento
952 2473 1045 2526 Dei
1067 2484 1111 2526 et
1133 2472 1323 2525 Christi
1344 2471 1685 2530 custodiatur,
1713 2471 1833 2523 dum
1865 2471 1991 2535 ﬁdes

416 2545 663 2598 inviolata
695 2556 925 2598 servatur
952 2559 971 2597 :
1008 2545 1127 2610 quia
1154 2552 1200 2595 et
1229 2545 1281 2595 iu
1319 2542 1420 2595 alio
1461 2542 1573 2595 loco
1606 2542 1796 2593 dicitur
1826 2558 1837 2592 :
1866 2541 1993 2606 Quis

417 2616 718 2687 gloriabitur
738 2614 979 2668 mundum
1002 2630 1053 2666 se
1078 2613 1261 2667 habere
1286 2629 1393 2677 cor,
1425 2624 1513 2664 aut
1530 2614 1813 2665 immunem
1836 2627 1943 2664 esse
1964 2626 1995 2663 a

418 2686 632 2757 peccatis
648 2688 672 2739 ?

489 2758 817 2822 Quasnam:
865 2770 985 2809 cxv.
1036 2753 1201 2807 Nemo
1238 2753 1451 2805 inveniri
1494 2763 1695 2822 potest,
1745 2752 1833 2819 qui
1875 2751 1997 2805 bene

420 2828 573 2887 faciat
600 2842 817 2891 semper,
840 2837 944 2879 etc.

496 2898 568 2949 De
607 2899 775 2964 gratia
817 2896 994 2949 divina
1025 2894 1146 2948 date
1189 2902 1315 2947 sunt
1357 2893 1683 2962 quaestiones
1732 2910 1744 2945 :
1786 2908 1889 2945 una
1932 2892 2000 2947 de

423 2965 682 3020 habituali
703 3008 716 3028 .
747 2976 803 3019 nt
833 2966 1012 3030 aiunt,
1041 2981 1159 3033 qua:
1186 2964 1389 3031 iustitia
1423 2965 1694 3018 inlt'nrens
1725 2973 1778 3017 et
1807 2964 2002 3031 pignus

422 3038 756 3107 adoptionis;
803 3037 973 3090 altera
1014 3036 1293 3107 actualis,’
1320 3051 1422 3103 qua
1466 3047 1782 3107 tmestatnus
1834 3049 1998 3107 opera

424 3104 661 3177 pietatis.
697 3109 769 3163 De
799 3108 1006 3175 priore,
1038 3107 1167 3174 quid
1195 3105 1297 3159 dici
1329 3107 1503 3173 potuit
1532 3104 1803 3169 exactius,
1841 3105 1999 3157 etiam

424 3180 489 3232 ad
523 3180 723 3233 scholae
752 3192 990 3241 sensum,
1023 3177 1067 3229 si
1090 3190 1250 3230 voces
1272 3177 1540 3244 excipias?

493 3250 818 3316 Quantos:
846 3263 909 3302 cx
922 3263 1003 3302 xv.
1052 3245 1166 3299 Hoc
1193 3257 1265 3299 est
1288 3248 1489 3312 signum
1518 3246 1835 3316 credentium
1864 3246 2002 3314 quod

425 3315 532 3371 sint
551 3319 677 3372 Filii
708 3320 801 3371 Dei
822 3359 835 3381 ,
871 3328 923 3370 ut
948 3334 1063 3371 cum
1096 3316 1232 3369 hunc
1258 3317 1536 3383 (Spiritum
1564 3315 1832 3385 sanctum)
1867 3320 2003 3367 acci-

428 3392 595 3458 piunt,
623 3389 719 3443 Dei
738 3405 793 3443 se
812 3389 949 3455 ﬁlios
965 3387 1187 3458 audeant
1207 3388 1507 3458 appellare:
1530 3387 1629 3439 nisi
1651 3387 1785 3438 enim
1800 3388 2003 3456 signum

429 3454 708 3513 divinitatis
749 3454 1018 3511 habuerint
1048 3500 1062 3523 ,
1111 3457 1209 3509 Dei
1263 3454 1389 3525 [filii
1441 3456 1545 3509 dici
1595 3472 1696 3509 non
1744 3454 2001 3525 poterunt.

436 3533 756 3600 Quamquam
777 3530 975 3600 aliquis
993 3544 1139 3581 verus
1168 3526 1257 3581 Dei
1272 3524 1320 3577 F
1323 3526 1446 3600 ilius
1468 3543 1571 3600 non
1597 3538 1689 3590 est,
1707 3538 1761 3579 ut
1784 3529 1849 3579 sit
1873 3539 2007 3600 totus

432 3603 495 3651 de
525 3597 654 3661 toto,
686 3602 815 3653 sicut
845 3610 891 3652 et
917 3599 1183 3662 Christus;
1214 3614 1301 3664 per
1331 3597 1654 3666 adoptionem
1680 3609 1847 3649 autem
1876 3598 2004 3665 ﬁunt

434 3668 559 3725 Filii
594 3672 713 3736 Dei,
758 3678 814 3723 ut
847 3670 1147 3738 accipientes
1177 3669 1415 3734 spiritum
1452 3667 1645 3721 Christi
1665 3709 1677 3729 .
1710 3684 1799 3737 per
1835 3669 2007 3733 ipsum

437 3740 563 3795 Filii
594 3742 685 3795 Dei
716 3742 969 3801 dicantur,
997 3756 1087 3810 per
1105 3739 1160 3791 id
1182 3738 1320 3808 quod
1346 3739 1409 3792 de
1437 3738 1544 3791 Deo
1572 3746 1643 3792 est
1666 3782 1685 3810 ,ν
1709 3754 1853 3810 quem
1876 3740 1929 3791 in
1957 3753 2009 3791 se

434 3813 624 3865 habent
649 3812 918 3878 spiritum;
956 3809 1009 3863 in
1043 3810 1163 3878 ﬁliis
1205 3812 1336 3861 enim
1364 3810 1589 3875 quamvis
1619 3809 1848 3877 adoptivi
1873 3810 2006 3873 sint,

435 3884 598 3950 patris
637 3891 804 3935 tamen
832 3898 895 3935 es:
924 3881 1095 3950 aliqua
1137 3890 1279 3951 parte
1317 3880 1459 3932 debet
1502 3880 1665 3932 videri
1702 3880 2005 3933 substantia.

2083 492 2611 577 Unde-Evang-lista:
2634 492 2880 577 Spiritus,
2902 506 3086 577 inquit,
3113 508 3341 560 nondum
3358 492 3468 562 erat
3488 492 3691 577 '

2077 568 2374 647 quiailesus
2400 568 2506 647 non
2536 583 2639 625 erat
2669 568 2980 642 clari/iratus
3001 574 3183 646 (Joan.
3209 591 3301 640 vn,
3329 580 3445 647 39).
3492 568 3670 635 Clarii

2081 636 2252 703 ﬁcatio
2282 642 2414 691 enim
2443 641 2551 721 haec
2575 652 2690 721 est.
2711 636 2827 695 cum
2851 661 2938 712 per
2964 636 3198 721 virtutem
3226 636 3376 701 suam
3399 636 3691 721 cognosci--1

2079 718 2163 787 tur
2186 723 2293 787 esse
2312 749 2325 771 .
2371 713 2505 787 quod
2533 713 2837 787 testificatus
2868 716 3048 787 est_de‘
3077 733 3164 778 se;
3192 719 3313 787 quia
3352 713 3687 787 clarificatt’o:

2079 776 2175 829 hoc
2206 776 2395 859 donum
2441 781 2614 859 dedit,
2651 776 2905 859 quod_per
2930 776 3462 859 JoelemiprOphetam
3486 776 3672 858 fuerat

2081 853 2411 911 promissum.
2462 853 2544 904 Ait
2594 856 2732 906 enim
2774 855 2908 908 Deus
2956 872 2975 908 :
3017 855 3081 909 In
3146 860 3457 913 novissimis
3487 853 3673 917 diebus

2080 918 2341 997 effundant
2372 923 2654 997 de_spir'_itu
2686 941 2811 997 meo
2857 942 3012 990 super
3038 943 3237 980 omnem
3264 945 3470 983 carnem
3490 974 3504 997 ,
3553 946 3667 987 etc.

2082 987 2241 1055 (Joet.
2288 1005 2356 1053 tt,
2398 987 2511 1061 28).
2554 992 2617 1045 Et
2659 987 2935 1061 Apostolus
2964 998 3094 1050 inter
3128 999 3232 1051 alia
3274 1015 3292 1051 :
3335 998 3464 1053 Cum
3490 987 3668 1056 autem

2081 1062 2369 1140 apparuit,
2397 1063 2563 1132 inquit
2592 1102 2605 1124 .
2657 1067 2937 1140 benignitas
2965 1074 3034 1140 et_
3058 1068 3347 1140 humanitas
3381 1071 3672 1127 Saluatoris

2137 1133 2180 1209 ei
2212 1133 2392 1209 nostri,
2415 1149 2516 1185 non
2554 1151 2619 1187 ea:
2642 1136 2879 1209 operibus
2902 1138 3143 1209 justitia,
3162 1154 3279 1209 quae
3306 1140 3519 1209 fecimus
3542 1160 3677 1205 nos.

2082 1200 2171 1283 sed
2198 1203 2477 1255 secundant
2507 1221 2661 1283 suam-
2684 1200 3085 1283 misericordiam
3112 1200 3275 1283 salvos
3306 1200 3403 1264 'nos
3431 1214 3549 1283 fecit
3574 1200 3670 1283 per

2082 1268 2342 1323 lavacrum
2379 1277 2773 1350 regenerationis
2811 1287 2858 1329 et
2892 1281 3236 1350 renovationis
3277 1297 3367 1350 per
3409 1268 3673 1350 Spiritum

2082 1350 2341 1415 sanctum.
2360 1359 2507 1411 quent
2535 1344 2715 1411 effudit
2745 1348 2796 1398 in
2831 1364 2919 1401 nos
2946 1347 3151 1401 abunde
3190 1344 3287 1415 per'
3311 1344 3486 1404 Iesum
3516 1353 3678 1407 Chri-

2084 1420 2217 1492 stum
2246 1411 2562 1492 .Salt'atarem
2598 1428 2821 1468 nostrum
2846 1459 2876 1492 ,_
2902 1427 2955 1470 ut
2973 1411 3248 1487 justiﬁcati
3276 1424 3443 1492 gratia
3470 1424 3671 1491 ipsius,

2086 1480 2654 1564 hceredesneﬁitleremur
2685 1480 3502 1564 secuttdum'spemvitte'ajternte
3532 1480 3671 1564 (Tit;

2088 1563 2168 1632 ut,
2306 1550 2641 1632 Cpitﬁrmavit
2670 1558 2976 1632 Apostolus,
3020 1550 3157 1632 quod
3199 1577 3289 1628 per
3319 1562 3513 1615 loelem
3537 1550 3675 1632 pro-

2087 1623 2292 1689 phetam
2334 1624 2501 1703 fuerat
2530 1623 3009 1703 promissu_nt,_qttia
3030 1623 3126 1682 hoc
3144 1674 3156 1697 ,
3168 1623 3447 1703 postquam
3471 1623 3675 1703 cldriﬁ-

2087 1702 2233 1769 catus
2258 1704 2333 1769 est
2366 1693 2552 1769 Iesus.
2592 1698 2815 1769 implevit
2848 1693 3012 1764 Deus,
3056 1710 3111 1751 ut
3148 1693 3406 1767 'Spirit'um
3432 1693 3679 1758 sanctum

2090 1761 2377 1834 effunderet
2405 1766 2456 1815 in
2482 1766 2597 1819 illos
2624 1761 2711 1834 qui
2733 1771 2944 1820 credunt
2964 1761 3016 1822 in
3040 1761 3319 1826 Christum.

2161 1833 2486 1915 Quantos:
2513 1833 2758 1915 csuﬂui
2791 1840 2945 1907 fidem
2967 1839 3115 1893 habet
3142 1841 3194 1893 in
3234 1841 3425 1909 Deum,
3470 1859 3677 1915 semper

2090 1906 2203 1973 ejus
2232 1907 2413 1973 qucerit
2434 1908 2705 1961 auxilium.
2792 1906 2798 1907 ⁷
3291 1922 3355 1976 ὤ

2159 1976 2481 2039 ρυιεςτιοθιιε
2509 1992 2637 2031 (ιιιιι.
2673 1978 2887 2044 Semper
2908 1981 3041 2033 enim
3066 1978 3308 2035 Dominus
3331 1984 3397 2035 ad
3417 1985 3677 2039 auxilium

2091 2060 2241 2120 suum
2285 2045 2391 2120 vult
2419 2051 2692 2120 confugere
2729 2065 2896 2102 servos
2925 2066 3065 2104 suos.
3110 2051 3175 2104 Et
3217 2061 3395 2120 postea
3440 2071 3454 2106 :
3498 2054 3679 2109 Corda

2091 2115 2301 2168 illorum
2325 2115 2616 2170 illuminat}:
2644 2128 2766 2172 sunt
2803 2121 3172 2181 creticorusco.
3214 2115 3271 2175 ut
3311 2125 3534 2177 viderent
3572 2124 3678 2180 Dei

2092 2187 2465 2258 providentiam
2485 2188 2538 2241 in
2561 2188 2781 2242 Christo.
2812 2190 2872 2242 Et
2905 2198 3087 2258 pastea
3116 2206 3131 2245 :
3161 2189 3263 2246 Cor
3284 2195 3528 2246 mundum
3550 2212 3677 2249 crea

2091 2257 2145 2308 in
2182 2272 2267 2330 me
2287 2295 2305 2330 ,_
2335 2254 2505 2330 Deus,
2544 2270 2587 2311 et
2615 2260 2854 2326 spiritum
2873 2254 3073 2330 justum
3102 2264 3285 2315 innova
3314 2265 3367 2317 in
3396 2266 3679 2319 visceribus

2094 2326 2218 2405 meis
2240 2342 2259 2378 :
2283 2324 2381 2379 hoc
2400 2338 2471 2380 est
2489 2324 2618 2405 bona
2639 2324 2806 2405 mente
2820 2324 3223 2405 misericordiam
3242 2334 3519 2405 deprecari.
3549 2335 3679 2389 Non

2090 2397 2275 2477 solum,
2298 2408 2464 2450 autem
2494 2399 2558 2451 de
2588 2402 2864 2477 preteritis
2884 2410 3061 2477 rogat.
3095 2397 3353 2477 sed-etiam
3380 2406 3443 2458 de
3480 2406 3679 2474 futuris

2093 2468 2343 2521 sollicitus
2373 2479 2446 2542 est
2465 2510 2478 2531 ,
2511 2481 2564 2522 ut
2589 2468 2823 2536 peccator
2848 2468 3114 2526 intendens
3134 2473 3303 2528 odisse
3338 2468 3545 2542 peccare
3565 2519 3578 2539 ,
3613 2493 3683 2530 ne

2098 2539 2600 2616 peccettadjuvetur
2625 2558 2657 2594 a
2699 2543 2805 2616 Deo
2837 2559 2927 2616 per
2968 2544 3200 2616 spiritum
3231 2539 3480 2613 justitite,
3527 2563 3685 2616 quem

2096 2616 2209 2660 orat
2228 2608 2457 2662 dedicari
2478 2613 2529 2663 in
2552 2612 2818 2666 visceribus
2839 2614 2945 2665 suis
2968 2608 3061 2678 {id
3089 2624 3189 2677 est,
3216 2608 3271 2666 ut
3296 2608 3548 2670 novus'ad'
3579 2619 3685 2670 hoc

2096 2687 2317 2756 ponatur
2336 2680 2387 2731 in
2410 2696 2468 2756 eo
2498 2691 2555 2756 ut
2593 2684 2846 2756 custodiat
2873 2698 2987 2737 eum
3014 2701 3044 2736 a
3080 2686 3296 2756 peccatis
3316 2730 3329 2749 ,
3368 2703 3431 2740 ne
3458 2698 3683 2756 cogatur

2099 2750 2270 2827 facere
2286 2751 2422 2827 quod
2447 2753 2605 2827 scitur
2622 2754 2758 2806 nolle
2788 2769 2805 2806 :
2835 2770 2923 2807 cor
2941 2754 3381 2827 autem‘niundum
3411 2756 3482 2809 sic
3509 2750 3681 2827 potest

2099 2816 2307 2901 habere,
2337 2822 2381 2872 si
2403 2838 2563 2888 neque
2587 2825 2911 2901 intusneque
2939 2826 3063 2901 foris
3092 2824 3394 2894 delinquat,
3440 2816 3535 2880 hoc
3563 2839 3673 2894 est,

2101 2903 2261 2966 neque
2288 2895 2341 2941 in
2369 2907 2518 2959 opere
2543 2895 2774 2966 nequein
2801 2896 3122 2966 coqitalione.

2171 2960 2495 3023 Qunsrtouz
2516 2960 2636 3016 cxv.
2671 2965 2806 3016 Nam
2828 2960 2881 3018 si
2898 2967 3049 3018 timor
3069 2964 3166 3018 Dei
3195 2966 3245 3017 in
3268 2967 3436 3019 animo
3464 2968 3552 3031 sit,
3586 2984 3687 3019 nec

2103 3045 2242 3106 caro.
2271 3046 2361 3083 nec
2390 3034 2616 3106 sanguis.
2645 3051 2736 3089 nec
2762 3036 3033 3106 principes,
3064 3050 3157 3088 nec
3179 3046 3448 3106 potestates
3476 3054 3653 3106 prteva
3671 3069 3685 3076 -

2105 3101 2294 3163 lerent,
2338 3104 2459 3169 quia
2487 3101 2597 3157 'Dei
2621 3101 2948 3158 adminiculis
2977 3101 3048 3158 sic
3082 3122 3166 3159 eos
3179 3101 3575 3175 persequuntur,
3624 3120 3685 3159 ut

2052 3176 2071 3229 1
2107 3180 2273 3247 tamen
2303 3186 2426 3235 non,
2458 3189 2568 3225 cum
2608 3176 2865 3243 laborant,
2890 3177 3179 3241 vincantur;
3200 3177 3243 3229 si
3271 3188 3437 3247 autem
3462 3188 3686 3247 potesta-

2106 3245 2169 3311 tis
2208 3251 2391 3295 nostra:
2427 3260 2526 3296 non
2572 3262 2821 3304 essemus.
2868 3248 3118 3311 quomodo
3152 3247 3341 3300 diceret
3380 3245 3635 3301 Dominus
3670 3267 3686 3302 :

2110 3310 2295 3386 Petite,
2329 3323 2374 3366 et
2406 3314 2614 3386 dabitur
2638 3317 2813 3370 vobis?
2838 3310 3016 3370 Omnis
3038 3319 3169 3369 enim
3191 3319 3277 3385 qui
3299 3320 3420 3386 petit
3466 3320 3689 3385 accipiet

2108 3382 2321 3447 (Matth.
2345 3386 2557 3459 γυνη.
2590 3385 2649 3459 Si
2688 3404 2808 3456 ergo
2844 3388 2930 3456 qui
2960 3389 3061 3459 vult
3090 3382 3277 3457 petere,
3300 3382 3541 3459 accipiet,
3564 3382 3689 3459 jam

2108 3470 2208 3504 non
2236 3464 2307 3526 est
2340 3454 2468 3506 illud
2492 3458 2628 3523 quod
2657 3454 2783 3511 solet
2823 3454 2921 3510 dici
2948 3474 2965 3510 :
2994 3454 3114 3509 Non
3145 3472 3271 3526 quas
3294 3454 3689 3518 volumusfsed

2107 3540 2221 3592 quae
2256 3525 2377 3575 data
2402 3535 2517 3577 sunt
2561 3526 2823 3583 habemus.
2858 3528 2993 3594 Quia
3018 3525 3291 3581 votuuns
3312 3545 3342 3582 Α
3362 3528 3690 3583 διινλτοιιε

2108 3609 2410 3657 tucrrnttn,
2441 3611 2511 3649 ur
2531 3612 2727 3662 ρετλτ,
2752 3614 2818 3652 ΕΤ
2841 3614 3085 3653 Αεοιριλτ
3104 3613 3243 3660 QUOD
3262 3614 3531 3653 PETIERI'I'.
3561 3596 3689 3653 Fati

2110 3675 2276 3737 autem
2304 3666 2411 3717 lucc
2447 3680 2553 3719 esse
2579 3669 2775 3732 dicunt.
2808 3681 2863 3721 ut
2902 3672 3006 3723 sive
3047 3678 3210 3734 petat,
3241 3672 3345 3722 sive
3382 3685 3481 3722 non
3512 3679 3687 3737 petat,

2110 3736 2215 3804 fato
2247 3745 2431 3807 tamen,
2463 3738 2603 3805 quod
2625 3748 2713 3792 aut
2744 3740 2939 3792 malum
2964 3749 3053 3792 aut
3075 3740 3261 3792 bonum
3283 3749 3376 3798 est.
3406 3754 3690 3807 consequa-

2112 3816 2214 3857 tur.
2258 3806 2505 3859 Dominus
2530 3819 2698 3862 autem
2724 3810 2821 3861 hoc
2856 3808 3133 3863 excludens
3174 3810 3245 3862 ait
3288 3825 3307 3861 :
3340 3808 3505 3875 Filia,
3554 3806 3717 3876 fides'

2112 3886 2200 3929 tua
2227 3878 2417 3951 salvam
2439 3889 2486 3929 te
2508 3880 2627 3946 fecit
2653 3879 2866 3946 (Matth.
2899 3896 2978 3944 ιι,
3009 3880 3124 3951 22)..
3162 3880 3574 3951 Nonjamfacto
3600 3881 3688 3949 ﬁt,

438 3947 505 4006 In
530 3954 720 4006 mundo
751 3954 903 4016 enim,
933 3947 1055 4021 quia
1082 3947 1158 4003 res
1179 3951 1489 4021 imperfectre
1514 3960 1653 4011 sunt,
1686 3951 1919 4021 adoptati
1948 3954 2019 4005 ab
2112 3947 2314 4021 quando
2338 3948 2462 4021 fides
2492 3951 2703 4021 percipit
2725 3951 3045 4019 beneficium.
3074 3947 3139 4021 Et
3160 3947 3342 4021 iterum
3366 3968 3383 4002 :
3407 3947 3685 4021 Sicredis,

437 4026 723 4077 hominibus
764 4023 860 4092 ﬁlii
890 4062 903 4081 .
949 4024 1151 4073 nullum
1200 4022 1384 4090 pignus
1413 4061 1425 4077 .
1475 4023 1564 4073 sed
1612 4022 1777 4092 solum
1830 4036 2011 4092 nomen

438 4097 694 4167 accipiunt
723 4112 736 4146 :
765 4090 1129 4167 ‘Deusautcm,
1162 4092 1281 4158 quia
1311 4093 1563 4167 perfectus
1588 4100 1679 4152 est,
1714 4090 2008 4167 plus__facit,

438 4176 495 4217 ut
550 4160 809 4234 adaptatis
849 4162 1083 4234 spiritum
1128 4175 1277 4234 suum
1324 4160 1434 4220 det,
1473 4176 1569 4234 per
1606 4177 1749 4225 quem
1782 4160 2011 4234 aliquant

438 4230 703 4288 veritatem
729 4232 956 4299 adaptati
980 4234 1043 4283 ab
1070 4246 1128 4283 eo
1158 4231 1429 4283 videantur
1464 4230 1676 4295 habere,
1708 4232 1827 4295 quia
1865 4246 2014 4283 vaca-

441 4306 559 4357 bula
585 4306 693 4357 sine
722 4302 865 4355 rebus
892 4305 1062 4355 inania
1090 4312 1225 4354 sunt.

513 4376 590 4427 De
634 4373 800 4441 gratia
844 4376 1035 4426 actuali
1081 4377 1239 4426 docet
1278 4370 1632 4436 Augustimts,
1680 4384 1799 4425 eam
1827 4370 1940 4424 dari
1982 4388 2010 4425 a

441 4444 647 4513 Spiritu
687 4452 870 4495 sancto
901 4442 1188 4496 humilibus
1216 4452 1269 4494 et
1304 4442 1371 4494 de
1410 4456 1603 4513 senon
1642 4442 2013 4513 praesumend-

2112 4018 2207 4089 ait,
2240 4019 2409 4069 omnia
2441 4020 2697 4080 possibilia
2727 4031 2843 4073 sunt
2873 4020 3093 4074 credenti
3129 4018 3320 4085 (Marc.
3354 4036 3432 4082 ιχ,
3463 4018 3579 4089 22).
3620 4019 3691 4073 In

2113 4087 2372 4141 voluntate
2396 4090 2569 4159 utique
2596 4093 2761 4157 posuit
2788 4091 3021 4143 meritum
3039 4133 3052 4154 ,
3086 4093 3202 4158 quia
3230 4092 3350 4159 ﬁdei
3377 4087 3562 4142 bonum
3590 4102 3691 4152 est,

2114 4174 2218 4211 non
2241 4167 2458 4210 natura.
2496 4158 2647 4213 Fides
2667 4170 2837 4213 autem
2864 4177 2944 4214 res
2965 4162 3208 4213 accedens
3232 4158 3329 4223 est,
3359 4176 3474 4229 qute
3500 4163 3691 4214 excitat

2113 4229 2182 4280 ad
2210 4229 2504 4280 exercitium
2530 4232 2840 4283 voluntatem
2869 4247 2886 4283 :
2916 4241 2968 4281 ut
2995 4233 3113 4297 quia
3138 4232 3189 4283 in
3224 4241 3407 4283 natura
3446 4247 3543 4282 non
3575 4242 3654 4282 est
3674 4272 3689 4293 .

2112 4297 2343 4352 voluntas
2372 4314 2485 4366 qua:
2505 4299 2557 4352 in
2585 4312 2766 4354 natura
2795 4313 2900 4365 est,
2930 4316 3191 4355 susceen
3219 4318 3338 4354 non
3374 4302 3609 4352 meritum
3644 4306 3691 4357 ei

2113 4370 2323 4423 collocet
2352 4370 2490 4438 apud
2521 4369 2703 4425 Deum.

2183 4440 2509 4503 Quasnam:
2549 4456 2699 4495 cstx.
2744 4444 2993 4508 Apostolo
3023 4484 3036 4505 ,
3080 4451 3131 4493 ut
3184 4442 3480 4493 tentationes
3530 4442 3595 4492 ab
3636 4458 3692 4493 eo

441 4510 574 4576 lius,
618 4514 809 4567 merito
855 4513 1016 4594 lideiz.
1053 4528 1173 4580 qua:
1211 4520 1267 4565 et
1296 4513 1408 4603 ipsa
1437 4512 1729 4603 sitdonurn
1764 4511 1858 4564 Dei
1880 4552 1894 4575 ,
1945 4513 2011 4566 ad
2042 4544 2093 4603 Ι)
2118 4520 2439 4603 (less‘tctrenti'
2463 4512 2751 4594 deprecanti
2807 4512 3052 4593 Dominus
3086 4514 3154 4594 ait
3187 4510 3251 4592 (ιι
3280 4512 3405 4603 (lor.
3435 4526 3527 4571 xu,
3564 4511 3689 4603 9)::

442 4595 594 4638 actus
618 4596 807 4637 omnes
837 4583 1049 4653 pictatis
1078 4582 1439 4649 praestandus,
1472 4582 1870 4651 viucendasque
1902 4592 2014 4636 ten-

443 4657 703 4717 tationes;
731 4670 851 4720 qua:
884 4653 974 4707 det
997 4654 1168 4721 ipsum
1195 4667 1406 4719 quoque
1434 4666 1591 4719 posse
1617 4667 1773 4717 agere
1802 4654 1980 4705 divina
2002 4698 2015 4718 ,

444 4727 620 4793 sitque
648 4726 872 4780 cmleste
898 4725 1165 4794 quoddam
1199 4724 1375 4775 lumen
1394 4766 1407 4787 ,
1435 4731 1491 4775 et
1519 4722 1740 4791 spiritus
1775 4722 2016 4791 justitire.

443 4798 571 4852 Hth
595 4806 771 4850 autem
794 4793 971 4849 omnia
995 4809 1151 4863 quam
1180 4793 2018 4861 manilestedocetQuwstionum

444 4876 651 4922 auctor.

515 4939 841 5005 QUESTIONE
860 4950 1047 4990 cum.
1077 4933 1136 4989 Si
1160 4933 1412 5005 perfectus
1436 4933 1609 5005 factus
1630 4943 1793 4994 esset.
1823 4942 1880 4986 ut
1906 4934 2023 4986 nul-

446 5002 558 5061 lius'
573 5020 763 5078 egeret,
789 5024 888 5059 non
920 5010 1085 5075 fuerat
1108 5005 1280 5078 homo.
1311 5004 1398 5057 sed
1420 5002 1559 5055 Deus
1580 5044 1592 5063 .
1616 5019 1773 5072 neque
1802 5004 2020 5078 circum-

446 5074 623 5130 ventus
653 5074 1031 5143 prrevaricasset
1056 5090 1073 5126 :
1098 5074 1347 5144 Spiritum
1372 5083 1542 5144 autem
1556 5084 1788 5127 sanctum
1810 5074 2014 5140 habere,

446 5150 587 5199 ultra
621 5142 856 5199 naturam
891 5156 936 5199 et
981 5142 1333 5214 perfectionem
1372 5142 1592 5197 hominis
1618 5154 1718 5207 est.
1758 5154 1815 5197 ut
1859 5148 2019 5213 possit

446 5232 562 5286 quis
604 5217 701 5270 Dei
735 5224 875 5271 sunt.
911 5217 1043 5269 Ecce
1084 5231 1187 5286 non
1221 5215 1449 5268 obscure
1493 5217 1794 5282 expositam
1832 5216 2016 5283 gratia:

448 5284 670 5348 divinm,
727 5295 781 5339 et
826 5300 1081 5344 causam.
1130 5284 1383 5353 Spiritum
1418 5293 1652 5337 sanctum
1694 5286 1906 5349 habere;
1960 5294 2017 5339 et

450 5358 855 5419 necessitatem.
895 5364 951 5408 ut
1000 5354 1192 5409 nullius
1238 5364 1434 5424 egeret;
1480 5364 1534 5409 et
1569 5356 2007 5424 supernalitatem

450 5437 609 5496 atque
658 5428 995 5497 gratuitatem
1027 5466 1042 5490 ,
1096 5426 1230 5478 ultra
1278 5434 1511 5479 naturam
1554 5434 1603 5497 et
1657 5426 2016 5497 perfectionem

452 5495 700 5564 hominis;
730 5507 783 5552 et
809 5498 913 5549 vim
936 5512 1038 5565 qua
1063 5497 1156 5551 dat
1189 5510 1344 5562 po~se
1364 5511 1524 5565 agere
1550 5495 1752 5559 divina,
1777 5506 1832 5548 ut
1859 5497 2017 5566 possit

448 5585 564 5640 qua:
594 5568 688 5621 Dei
725 5577 870 5640 _s_uut.
903 5568 1090 5623 Postea
1109 5610 1123 5633 ,
1153 5568 1225 5640 de
1255 5567 1442 5621 eadem
1464 5566 1697 5640 Spiritus
1725 5568 1893 5640 sancti
1923 5566 2020 5621 do-

453 5637 684 5694 natione.
717 5637 831 5692 Hoc
868 5640 1055 5691 donum
1094 5639 1243 5692 etiam
1284 5655 1371 5704 per
1400 5638 1678 5706 prophetas
1711 5639 2019 5703 promissum

452 5724 523 5763 est
542 5753 555 5772 .
592 5720 647 5763 ut
682 5720 801 5763 tunc
826 5711 1054 5777 daretur,
1085 5710 1292 5779 quando
1329 5709 1623 5778 mysterium
1651 5708 1740 5760 Dei
1769 5708 2023 5761 declarari

455 5784 652 5835 deberet
693 5782 746 5834 in
779 5779 1065 5847 triumpho,
1095 5778 1289 5835 devicta
1310 5789 1500 5846 morte,
1529 5790 1582 5833 ut
1602 5778 1752 5832 sciret
1788 5787 2021 5832 creatura

2121 4581 2320 4649 Sufﬁcit
2339 4581 2439 4650 tibi
2465 4584 2631 4650 gratia
2654 4600 2781 4649 mea,
2808 4598 2924 4635 nam
2956 4585 3108 4635 virtus
3130 4584 3181 4635 in
3215 4581 3509 4645 infirmitate
3536 4585 3693 4649 perﬁ-

2119 4653 2271 4703 citur.
2299 4649 2437 4703 Ilinc
2462 4649 2760 4706 subsecutus
2786 4654 2857 4706 ait
2885 4669 2901 4705 :
2926 4651 3051 4705 Cum
3081 4653 3334 4720 infirmor.
3362 4661 3484 4703 tunc
3505 4652 3686 4717 fortior

2120 4738 2255 4782 sum,
2282 4734 2328 4775 et
2353 4723 2569 4791 gaudeo.
2598 4724 2778 4791 inquit.
2811 4726 2862 4776 in
2895 4724 3301 4776 tribulationibus
3332 4723 3485 4791 meis.
3526 4731 3582 4772 ut
3611 4724 3693 4774 in.

2121 4793 2310 4845 habitet
2336 4790 2389 4843 in
2415 4808 2492 4844 me
2519 4790 2678 4847 virtus
2703 4794 2908 4847 Christi.
2937 4795 2996 4847 Si
3029 4794 3301 4849 necessitas
3324 4791 3391 4843 ad
3424 4790 3516 4843 Dei
3537 4794 3691 4845 auxi-

2124 4864 2250 4915 lium
2274 4878 2369 4915 nos
2395 4862 2639 4932 impellit,
2672 4875 2859 4932 quanto
2881 4867 3043 4932 magis
3078 4863 3357 4917 securitas?

2196 4933 2329 4999 Quid
2357 4942 2549 4987 caetera
2582 4931 2900 5004 perchuar?
2943 4931 3037 4988 liis
3069 4944 3224 5004 certe
3255 4931 3581 5004 temporibus
3623 4933 3709 4986 de

2124 5009 2292 5070 gratia
2324 5013 2429 5056 tam
2460 5014 2642 5070 aperte
2667 5003 2920 5069 sensisse,
2950 5020 3121 5074 neque
3144 5003 3340 5056 indocti
3364 5003 3481 5065 luit,
3513 5018 3693 5072 neque

2122 5074 2568 5141 Pelagianismum
2598 5076 2914 5143 paturientis
2944 5075 3193 5127 hominis.

2192 5144 2307 5198 Jam
2338 5159 2467 5197 vero
2511 5141 2699 5197 contra
2740 5153 2987 5213 quartum
3022 5146 3421 5213 Pelagianorum
3459 5141 3688 5211 dogma.

2118 5214 2260 5277 quod
2294 5228 2464 5268 Ltstno
2504 5230 2587 5269 ειτ
2614 5212 2895 5270 nrt-rusus:
2927 5230 3102 5269 nostin:
3126 5256 3140 5277 .
3175 5215 3294 5280 quis
3322 5212 3535 5265 Patrum
3580 5218 3687 5268 Au-

2119 5286 2332 5354 gustino
2363 5286 2621 5351 majorum
2650 5288 2884 5353 apertius
2909 5288 3111 5338 sensit?

2188 5355 2509 5423 Ουιετιοκι
2537 5371 2667 5410 cxtt.
2708 5356 2986 5426 Propterea
3034 5356 3219 5426 adjecit
3253 5355 3423 5423 (Psal.
3466 5372 3495 5409 t.
3521 5354 3628 5426 .77)
3676 5374 3688 5406 :

2119 5423 2187 5478 Et
2221 5426 2287 5498 in
2327 5426 2529 5498 delictis
2567 5430 2790 5498 concepit
2817 5423 2912 5479 'me
2951 5423 3111 5477 mater
3148 5440 3296 5491 mea;
3336 5437 3390 5478 ut
3418 5425 3690 5498 obsidam

2119 5496 2367 5549 derivatio
2404 5496 2556 5567 facta
2586 5496 2776 5565 peccati
2814 5498 3069 5562 conceptis
3090 5507 3136 5549 et
3168 5499 3297 5550 natis
3334 5497 3693 5567 impedimento

2120 5576 2250 5620 esset
2293 5566 2362 5619 ad
2392 5566 2574 5619 bonam
2615 5570 2766 5620 vitam
2794 5568 3074 5635 agendam,
3117 5582 3178 5619 ac
3213 5584 3303 5637 per
3340 5566 3436 5619 hoc
3474 5566 3693 5634 supplici

2122 5653 2225 5689 non
2266 5640 2556 5708 negandum
2599 5638 2995 5691 misericordiam
3021 5677 3034 5695 ,
3082 5640 3199 5708 quia
3253 5638 3495 5707 infestum
3546 5637 3693 5708 habet

2124 5706 2357 5772 hostem,
2399 5709 2486 5777 qui
2515 5710 2756 5761 eisuadet
2798 5716 2853 5760 ut
2881 5716 3065 5777 peccet.
3114 5706 3218 5760 Per
3258 5706 3517 5778 peccatum
3559 5706 3710 5755 enin:-

2125 5778 2376 5845 diabolus,
2408 5780 2629 5847 subjecto
2656 5780 2750 5832 sibi
2782 5780 2946 5845 primo
2975 5778 3195 5840 homine,
3222 5788 3523 5839 potestatem
3543 5789 3693 5827 (ιαμ
