3996 6186
438 311 548 364 ..ἶῦι

903 310 988 363 AD
1025 305 1310 362 PARTEM
1356 305 1619 362 ΡΒΙΜᾹΜ
1660 305 1937 364 OI’ERUM
1980 308 2048 363 Μ.
2094 305 2533 366 MERCATORIS
2576 305 2922 362 APPENDIX
2962 305 3298 363 SECUNDA.

3632 310 3743 365 .553

522 428 617 481 ιη.
661 428 814 496 Quod
861 443 963 479 non
994 426 1063 480 sit
1102 424 1343 496 liberum‘
1381 424 1683 496 arbitrium,
1709 424 1754 477 si
1806 423 2042 496 indigeat
2070 423 2385 490 A’speciem
2406 438 2532 479 suas
2553 438 2582 479 a
2607 423 3200 496 primatibussynodos
3228 426 3292 479 sd
3323 425 3465 481 diem
3522 444 3736 483 meum-

458 492 1111 565 auxilio'llei,quoniam
1162 492 1434 565 propriam
1486 493 1817 565 voluntatem
1874 492 2038 549 habet

460 569 824 639 unusquisque
854 563 945 639 aut
977 565 1155 639 facere
1183 564 1526 639 aliquidlaut
1561 563 1927 639 Itonlacgre;

531 633 629 695 l3]
653 633 805 705 Quod
836 635 1055 690 victoria
1081 643 1263 689 nostra
1293 649 1358 689 ex
1393 633 1487 689 Dei
1520 650 1623 687 non
1648 635 1718 689 sit
1744 635 2035 705 adiutorio,

458 714 548 762 Sed
576 726 638 761 ex
669 709 838 763 libero
867 705 1094 760 arbitrio
1118 720 1134 771 ;

529 779 615 833 14.
657 777 809 846 Quod
833 792 899 832 ex
920 778 1033 844 illo,
1056 775 1201 846 quod
1229 774 1305 829 ait
1325 774 1535 838 Petrus,
1566 775 1762 830 divina:
1792 792 1890 830 nos
1915 792 2035 832 esse

452 859 733 905 consortes
767 858 996 910 natura),
1027 860 1368 915 consequens
1394 846 1464 899 sit
1510 858 1560 897 ut
1598 848 1669 899 ita
1700 848 1871 910 possit
1911 863 2032 903 esse

451 922 629 975 anima
657 923 775 975 sine
802 930 1046 989 peccato,
1076 916 1528 989 quemadmodum
1555 917 1731 989 Deus;
1924 986 1935 989 _
1962 962 1965 963 ν
2008 952 2013 961 .

525 993 612 1047 15.
656 986 816 1057 Quod
833 988 1216 1058 paenitentibus
1235 986 1392 1058 venia
1415 1002 1520 1058 non
1550 987 1707 1041 detur
1727 986 2031 1058 secundum

450 1056 759 1130 gratiamet
785 1056 1209 1114 misericordiam
1241 1056 1360 1130 DeL
1403 1057 1498 1112 sed
1539 1057 1830 1111 secundum
1873 1059 2036 1130 meri:

452 1128 566 1187 inm
614 1141 669 1185 et
717 1132 953 1185 laborem
984 1144 1189 1201 deorum
1229 1128 1323 1199 qui
1366 1141 1463 1196 per
1490 1130 1863 1197 paenitentiam
1887 1128 2034 1201 digni

450 1203 654 1258 fuerint
679 1200 1071 1256 misericordia.

526 1274 651 1328 lltec
679 1274 882 1336 omnia,
910 1281 965 1326 et
990 1272 1034 1327 si
1059 1286 1179 1341 quae
1203 1271 1699 1340 argumentationes
1719 1271 1785 1325 ad
1817 1286 1878 1326 ea
1903 1286 2031 1326 con-

452 1344 713 1398 firmanda
745 1343 1078 1408 interposita:
1100 1350 1241 1406 sunt,
1280 1356 1373 1395 sua
1416 1352 1699 1411 negantem
1730 1353 1786 1397 et
1810 1343 2035 1397 anathe-

449 1416 790 1470 matizantem
819 1413 1090 1482 Pelagium
1110 1412 1319 1480 jutlices
1338 1415 1795 1480 approbaverunt.
1824 1414 2030 1476 etjdeo

450 1487 957 1553 pronuntiaverunt,
989 1499 1111 1537 enin
1143 1484 1413 1537 contraria
1458 1484 1844 1537 ecclesiastica:
1878 1484 2027 1548 fidei,

447 1556 786 1625 reprobando
813 1565 867 1609 et
892 1554 1402 1625 anathematizando
1432 1554 1739 1625 damnasse.

522 1628 769 1695 Pelagius
820 1627 980 1695 igitur
1028 1624 1258 1695 subdole
1307 1623 1700 1695 absolutionem
1738 1623 2030 1679 suﬁ‘uratus

446 1708 529 1752 est
559 1699 624 1750 ab
657 1693 978 1751 hominibus
1028 1693 1232 1751 Grtecis
1254 1737 1269 1761 ,
1327 1695 1522 1764 quibus
1551 1709 1648 1763 per
1675 1693 2027 1764 interpretem

448 1783 555 1823 non
622 1768 991 1823 fidelissimum
1058 1765 1237 1819 verbis
1291 1766 1555 1832 ambiguis
1623 1766 2023 1834 respondebat,

447 1840 589 1908 quod
623 1838 914 1908 identidem
949 1836 1505 1908 ipsi_Pelagiat_t_isque
1548 1834 1669 1908 aliis
1700 1836 1891 1908 obiicit
1918 1838 2028 1892 Au-

446 1904 692 1977 gustinus
743 1907 902 1982 (Lib.
935 1904 999 1962 de
1043 1904 1188 1961 Gest.
1232 1904 1280 1959 et
1319 1906 1409 1959 lib.
1454 1906 1517 1958 de
1565 1904 1750 1960 Gratia
1800 1905 2024 1975 Christi,

440 1990 530 2034 etc
563 1990 598 2037 ).
708 2032 713 2037 .

652 2032 780 2105 vero
805 2049 1046 2120 synodus
1077 2048 1193 2103 haec
1215 2047 1289 2120 ab
1318 2046 1618 2120 Augustino
1649 2048 1875 2104 mirifice
1915 2048 2031 2104 lau-

442 2123 573 2175 data
596 2122 686 2185 sit,
706 2118 847 2175 etab
871 2121 1122 2175 omnibus
1142 2118 1298 2188 vulgo
1328 2119 1655 2189 celebretur,
1673 2120 1834 2175 veluti
1858 2122 2028 2189 prima

437 2191 515 2246 de
561 2192 848 2261 l’elagiano
876 2205 1065 2245 errore
1095 2189 1352 2244 Ecclesia:
1383 2188 1605 2262 victoria
1628 2204 1650 2262 ;A
1673 2188 2028 2262 llieronymus

447 2274 627 2316 tamen
657 2259 1021 2316 miserabilem
1050 2268 1228 2331 vocat,
1263 2259 1453 2331 partim
1485 2261 1605 2329 quia
1638 2259 1887 2316 l‘atribus
1907 2263 2031 2315 illu-

445 2332 517 2387 sit
572 2332 837 2402 Pelagius,
898 2347 992 2402 per
1017 2330 1205 2386 crebra
1262 2330 1542 2384 mendacia
1599 2341 1851 2386 avertens
1899 2347 1929 2385 a
1969 2347 2029 2386 se

444 2404 695 2458 meritam
719 2402 1119 2471 damnationem
1148 2417 1164 2466 ;
1208 2404 1399 2470 partim
1429 2402 1574 2471 quia,
1608 2402 1786 2456 missis
1818 2404 1869 2457 in
1899 2417 2028 2471 pro-

444 2474 648 2529 vincias
698 2473 940 2544 epistolis
986 2470 1206 2544 (Epist.
1245 2471 1348 2535 24,
1396 2472 1557 2539 apud.
1600 2473 1817 2542 August.
1848 2470 1911 2537 ),’
1929 2488 2025 2527 sua

443 2544 697 2627 dogmata
725 2544 1043 2627 approbata.
1066 2543 1232 2597 fuisse
1260 2543 1495 2627 credulis
1518 2558 1635 2627 Inon
1679 2544 1861 2627 paucis
1905 2558 2027 2627 per:

442 2613 651 2681 suasit;
683 2613 878 2684 partim
920 2613 1173 2679 denique,
1208 2614 1353 2682 quod
1394 2613 1780 2684 insolescentes
1825 2614 2027 2683 Pelagii

446 2683 707 2755 sequaces
732 2699 798 2739 eo
823 2686 1173 2755 proruperint
1218 2683 1458 2755 audacia:
1484 2724 1499 2746 ,
1548 2693 1604 2735 ut
1626 2687 1771 2755 facta
1801 2686 2030 2753 perdito-

444 2754 561 2809 rum
586 2771 763 2820 cuneo,
797 2754 861 2807 ab
886 2757 956 2808 eis
987 2754 1082 2808 Dei
1112 2755 1242 2807 servi
1269 2762 1315 2806 et
1342 2754 1544 2807 ancilla
1566 2754 1633 2807 ad
1657 2769 1837 2808 curant
1864 2756 2029 2810 sancti

430 2827 496 2880 -Η
506 2828 755 2894 ieronymi
783 2826 1059 2896 presbyteri
1086 2825 1393 2896 pertinentes
1428 2823 1826 2896 sceleratissima
1862 2827 2024 2893 caede,

445 2894 790 2966 afficerentur,
805 2894 1053 2949 diaconus
1079 2894 1411 2966 occideretur,
1442 2894 1667 2966 aediﬁcia
1688 2899 2026 2950 monasterio-

424 2964 560 3019 non
590 2967 1007 3048 incenderentur,
1050 2965 1457 3049 viuipsummb
1490 2964 1611 3049 limo
1639 2966 1832 3049 impetu
1878 2977 2028 3049 atque

445 3054 658 3091 mcursu
686 3037 959 3105 impiorum
991 3038 1043 3090 in
1069 3035 1162 3090 Dei
1205 3035 1555 3105 misericordia
1592 3035 1750 3091 turris
1779 3035 2028 3092 munitior

448 3119 672 3162 tueretur
698 3103 940 3177 (August.
975 3106 1066 3160 lib.
1091 3106 1156 3177 de
1193 3103 1337 3161 (ἔθει.
1366 3123 1481 3175 cap.
1504 3105 1641 3177 735).

2146 504 2320 570 ratum
2353 495 2642 570 convocari
2669 496 2903 570 debere;
2935 495 3154 570 Latinus
3184 506 3570 570 tameutextus
3591 542 3605 561 ,
3638 500 3739 570 qui

2143 563 2385 638 profecto
2441 566 2796 638 primigenios
2850 577 2961 631 est,
3007 567 3304 638 majorique
3356 568 3459 623 fide
3504 563 3736 638 dignus,

2139 634 2301 687 alium
2346 638 2565 689 omnino
2616 634 2751 690 facit
2800 634 3240 706 contrariumque
3288 653 3506 694 scnsum
3540 634 3734 696 {hunc

2142 720 2360 777 nempe,
2386 715 2445 759 ut
2474 706 2830 777 nedprimates
2862 710 2976 762 suis
3022 708 3281 762 habendis
3310 711 3735 777 provincialibus

2138 776 2361 847 synodis
2389 776 2683 841 impediant
2716 779 3073 843 praestitutum
3104 779 3247 835 diem
3285 776 3499 835 concilii
3541 781 3734 847 plena-

2139 846 2225 916 rti,
2259 861 2366 910 quo
2392 847 2862 916 scilicetcpiscopi
2908 850 2973 902 ad
3014 850 3186 915 ipsum
3230 851 3398 905 libere
3440 846 3659 905 veniant
3688 868 3729 906 ι

2138 913 2245 968 kal.
2271 916 2552 989 (Septemb.
2583 913 2716 971 Cum
2757 934 2887 987 ergo
2942 913 3119 974 textus
3166 920 3387 975 Griecus
3433 921 3621 989 iubeat
3668 922 3729 976 iu

2136 987 2371 1059 speciem
2403 989 2689 1059 convocari
2734 990 2969 1059 synodus
3018 990 3375 1054 provinciales
3416 987 3482 1045 ad
3528 1008 3559 1045 χ
3609 991 3725 1046 kal.

2137 1054 2453 1135 Septemb.,_
2474 1067 2615 1112 vetet
2638 1054 2879 1135 Latinus,
2899 1069 3135 1135 oportet.
3153 1062 3376 1135 verbum
3403 1064 3503 1135 hoc
3530 1064 3727 1135 φνλάτ·

2134 1148 2317 1201 rotatu,
2348 1128 2492 1201 unde
2522 1144 2696 1201 pugna
2729 1140 2832 1194 est,
2864 1133 2935 1183 ita
2965 1133 3329 1200 interpretari,
3358 1142 3415 1186 ut
3453 1128 3729 1201 significet

2134 1198 2276 1251 diem
2312 1214 2338 1251 ι
2371 1197 2479 1252 Ital.
2511 1200 2793 1267 Septemb.
2831 1197 3155 1256 servandum
3199 1197 3589 1258 immunem'ab
3617 1206 3723 1256 im-

2137 1268 2481 1335 pedimentis.
2534 1271 2634 1337 Qui
2672 1286 2898 1332 sensus.
2946 1287 3066 1325 cum
3118 1274 3189 1326 sit
3239 1277 3460 1327 omnino
3504 1275 3675 1327 facilis
3705 1314 3721 1337 ,

2139 1339 2396 1411 continuo
2425 1341 2593 1395 videri
2624 1352 2799 1408 potest
2825 1343 3095 1397 infirmare
3123 1345 3227 1397 vim
3256 1346 3553 1411 argumenti
3578 1346 3725 1398 alla-

2136 1409 2341 1482 ti._lloc
2390 1420 2565 1482 tamen
2610 1414 2787 1479 potius
2830 1414 3134 1477 c0nlirmat,
3179 1416 3224 1468 si
3258 1409 3417 1469 modo
3446 1415 3511 1469 ad
3543 1416 3724 1482 ipsum

2136 1480 2366 1555 primum
2399 1481 2600 1536 fontem
2624 1496 3009 1552 provocemus,
3044 1484 3097 1537 id
3120 1495 3239 1549 est,
3265 1488 3507 1555 quintum
3547 1480 3724 1540 cano-

2134 1565 2254 1604 nem
2283 1550 2557 1606 Nictenum
2580 1592 2594 1616 ,
2626 1550 2787 1620 quem
2835 1555 3221 1623 consequentia
3272 1550 3466 1611 saecula
3502 1571 3598 1623 pro
3637 1560 3727 1610 iu-

2132 1635 2393 1697 concussa
2441 1623 2676 1697 quadam
2692 1624 2906 1697 (regula
2959 1625 3432 1697 convocandaotttu
3478 1626 3725 1697 synodo-

2132 1706 2250 1744 rntn
2288 1693 2609 1748 habuerunt.
2645 1693 2734 1749 Sic
2772 1705 3037 1761 autemse
3077 1694 3278 1750 habet:
3319 1693 3523 1750 Placuit
3564 1699 3723 1750 annis

2131 1762 2372 1831 singulis,
2403 1780 2493 1833 per
2532 1780 2948 1834 unamquamque
2994 1767 3331 1833 provinciam,
3379 1767 3456 1821 bis
3502 1769 3555 1821 in
3579 1783 3725 1821 anno

2133 1833 2351 1909 concilia
2380 1834 2647 1909 celebrari,
2691 1846 2747 1888 ut
2775 1838 3131 1909 communiter,
3165 1838 3397 1909 omnibus
3426 1839 3579 1891 simul
3602 1840 3723 1909 epi-

2132 1904 2313 1977 scopis!
2338 1906 2659 1977 congregatis
2696 1908 3006 1976 provinciae,
3061 1908 3406 1961 discutiantur
3466 1904 3725 1977 ejusmodi

2132 1975 2439 2041 questiones
2465 1976 2551 2111 (de
2586 1975 2802 2047 objectis
2846 1979 3036 2030 scilicet
3060 2018 3075 2038 .
3122 1980 3227 2032 sive
3268 1975 3723 2034 excommunicatis

2132 2043 2197 2095 ab
2216 2044 2454 2111 episwpo
2514 2062 2528 2111 ;
2554 2046 2771 2099 concilia
2804 2063 2916 2101 vero
2941 2048 3253 2102 celebrentur
3275 2066 3292 2101 :
3320 2066 3483 2102 unum
3508 2051 3723 2111 quidem

2132 2043 2197 2095 ab
2216 2044 2454 2113 episwpo
2477 2043 2528 2111 );
2554 2043 2771 2099 concilia
2804 2063 2916 2101 vero
2941 2048 3253 2102 celebrentur
3275 2066 3292 2101 :
3320 2066 3483 2102 unum
3508 2051 3723 2116 quidem

2130 2123 2248 2185 ante
2296 2117 2742 2185 quadragesimum
2792 2116 3011 2173 Pascha:
3035 2159 3050 2181 ,
3109 2129 3162 2170 ut
3211 2121 3349 2173 anmi
3405 2120 3725 2175 dissensione

2131 2183 2331 2267 sublata
2358 2183 2541 2267 manus
2585 2186 2833 2253 cieratur
2880 2189 2988 2267 l_)eo
3032 2190 3392 2258 purissimum;
3430 2191 3721 2245 secundum

2132 2267 2249 2308 vero
2280 2261 2417 2310 circa
2440 2266 2638 2324 tempus
2661 2261 2920 2314 autumni.

2203 2326 2370 2391 Quem
2393 2342 2655 2383 canonetn
2686 2330 2909 2399 intelligi
2936 2345 3043 2385 non
3090 2344 3248 2393 posse
3281 2331 3349 2385 de
3398 2331 3722 2387 universali-

2132 2393 2233 2447 bus
2261 2399 2423 2451 totius
2455 2400 2613 2453 unius
2639 2393 2890 2455 ditecesis
2918 2401 3188 2466 conciliis,
3224 2402 3420 2468 probat
3466 2412 3719 2456 veterum

2131 2468 2531 2545 auctoritas,_et
2555 2472 2655 2523 ista
2687 2472 2911 2542 insuper
2935 2474 3095 2545 ratio,
3124 2470 3265 2540 quod
3288 2488 3409 2526 cum
3438 2488 3466 2524 a
3499 2474 3722 2545 civitate

2134 2537 2353 2603 majoris
2379 2539 2553 2605 sedis,
2589 2549 2646 2594 ut
2686 2537 2829 2608 puta'
2860 2537 3245 2608 Antiocheam,
3290 2544 3716 2607 Alexandrinze,

2130 2616 2260 2683 ego,
2287 2608 2531 2683 civitates
2561 2611 2827 2666 minorum
2872 2614 3078 2667 sedium
3116 2613 3380 2667 distarent
3421 2628 3567 2683 saepe
3597 2614 3724 2668 lon-

2130 2678 2354 2750 gissimo
2382 2679 2623 2735 locorum
2660 2683 2858 2750 spatio,
2889 2692 3032 2739 totus
3076 2683 3189 2738 fere
3230 2698 3404 2739 annus
3444 2678 3721 2739 in'euudo

2133 2763 2196 2801 ac
2221 2748 2517 2826 redeundo,
2551 2748 2900 2826 habendoque
2946 2754 3154 2826 synodo
3204 2754 3286 2809 bis
3332 2756 3383 2808 in
3432 2769 3593 2819 anno,
3622 2770 3722 2822 po-

2133 2819 2342 2895 nendus
2364 2819 2574 2895 fuisset.
2601 2819 2841 2879 Pertinet
2874 2819 3034 2895 igitur
3056 2824 3123 2879 ad
3169 2826 3311 2879 solas
3351 2819 3718 2894 provinciales

2132 2902 2265 2954 quas
2289 2890 2485 2961 ubique
2516 2900 2782 2965 terrarum
2807 2890 2961 2950 staiis
2992 2896 3099 2949 illis
3134 2890 3466 2965 temporibus
3502 2904 3559 2949 et
3583 2896 3716 2950 olim

2130 2974 2251 3014 csse
2282 2968 2591 3017 contractas
2612 2963 2856 3030 historia,
2904 2976 2959 3021 et
2986 2963 3277 3021 etiamnum
3308 2967 3549 3021 contrahi
3580 2979 3720 3021 eon-

2131 3031 2363 3085 suetudo
2387 3032 2745 3099 demonstrat.

2205 3102 2410 3171 Opinor
2440 3107 2600 3177 igitur
2629 3122 2695 3161 ex
2729 3121 2936 3162 canone
2961 3107 3167 3162 codicis
3201 3105 3439 3161 Africani
3469 3106 3523 3161 in
3552 3122 3719 3177 argu-

518 3179 599 3232 Ad
629 3174 763 3232 hanc
791 3174 930 3231 forte
955 3176 1243 3248 synodum.
1278 3178 1379 3232 nisi
1407 3174 1676 3246 potius’ad
1702 3188 2027 3234 conventum
2058 3174 2103 3238 C
2136 3186 2375 3248 mentum
2405 3175 2639 3248 adducto
2659 3184 2808 3233 recte
2829 3177 3033 3248 colligi,
3060 3179 3201 3233 circa
3225 3194 3259 3231 x
3291 3177 3399 3232 kal.
3431 3174 3715 3247 Septemb.

451 3249 913 3318 presbyterorum,
943 3247 1267 3315 respiciebat
1282 3260 1501 3318 sanctus
1520 3261 1718 3318 senex.
1742 3263 1864 3303 cum
1896 3249 2035 3304 iudi-

446 3317 641 3386 guatus
695 3321 899 3389 imponi
953 3318 1228 3389 silentium
1277 3317 1656 3389 defensoribus
1700 3318 1857 3384 lidei,
1901 3320 2032 3374 nihil

448 3408 555 3444 non
593 3387 921 3444 audentibus
951 3387 1168 3443 interim
1198 3387 1464 3454 hos-tibus,
1489 3388 1705 3457 dignam
1735 3404 1795 3443 se
1818 3401 2035 3444 senten-

446 3462 597 3527 tiam,
615 3468 709 3515 aut
730 3468 916 3514 votum
944 3459 1124 3528 potius
1150 3459 1371 3513 emisit:
1401 3459 1552 3524 Quod
1581 3459 1768 3511 bellum
1794 3462 2029 3527 servavit,

413 3531 701 3602 .paazﬁcta
744 3545 847 3584 non
890 3530 1092 3599 auferat
1119 3528 1223 3600 (In
1255 3531 1408 3599 prcef.
1446 3529 1643 3599 dialog.
1675 3531 1879 3585 azft'ers.
1927 3530 2029 3586 Pe-

448 3600 602 3674 n”
1012 3670 1076 3725 tv
1106 3669 1455 3733 svnoous.

447 3764 523 3819 Ab
549 3766 781 3837 _Aurelio
827 3773 1003 3837 coacta
1024 3761 1343 3837 Carghdagine
1374 3765 1618 3837 adversus
1661 3764 1937 3837 Pelagium
1983 3777 2031 3821 et

520 3834 808 3905 leestium
834 3835 1085 3898 absentes,
1125 3833 1420 3889 Theodosio
1448 3836 1580 3905 Aug.
1614 3850 1683 3890 vn
1723 3846 1769 3889 et
1794 3833 1959 3892 Ilunio
1983 3853 2031 3893 tv

517 3904 763 4031 flaéfadio
803 3921 933 3959 coss.
980 3906 1115 3958 circa
1152 3915 1349 3974 tempus
1394 3904 1626 3961 autumni
1669 3923 1796 3962 ann.
1841 3907 2034 3964 Christi

518 4094 716 4159 Quarta
748 4091 1007 4162 synodus,
1040 4106 1161 4160 quae
1192 4091 1427 4145 secunda
1473 4091 1942 4161 Carthaginensis,
1976 4096 2028 4149 in

445 4179 605 4219 eausa
630 4164 1062 4232 Pelagianorum,
1092 4172 1389 4216 convocata
1420 4172 1503 4217 est
1528 4162 1596 4217 ab
1623 4163 1866 4232 Aurelio,
1898 4181 2026 4221 ann.

446 4236 574 4297 416,
599 4235 739 4289 circa
772 4244 983 4301 tempus
1007 4233 1270 4287 autumni.
1566 4280 1569 4285 t

517 4304 815 4376 Amnerunt‘
860 4306 1135 4372 sexaginta
1195 4314 1248 4357 et
1299 4314 1423 4358 octo
1461 4302 1705 4376 episcOpi
1736 4306 2029 4375 provincia:

440 4372 871 4448 proconsularis,
903 4389 1130 4448 quorum
1163 4376 1376 4448 nomina
1406 4372 1761 4448 recensentur
1784 4378 1835 4431 itt
1865 4393 2028 4448 syno-

447 4445 567 4498 dica
598 4444 663 4497 ad
690 4444 1057 4497 Innocentium
1083 4460 1207 4497 mox
1234 4443 1535 4500 referenda.

514 4515 742 4586 Constat
762 4512 902 4586 ratio
931 4516 1189 4586 temporis
1221 4515 1411 4586 partim
1459 4532 1526 4570 ex
1554 4517 1908 4586 responsione
1941 4520 2022 4575 ln-

440 4585 680 4639 nocentii
712 4583 776 4637 ad
805 4583 1116 4655 synodicam
1146 4583 1269 4655 data
1290 4599 1341 4638 vt
1372 4584 1479 4639 kal.
1508 4583 1798 4655 Februan,
1844 4591 2020 4646 llono-

442 4655 528 4710 rio
557 4656 690 4725 Aug.
713 4670 763 4709 χι
794 4670 840 4726 et
878 4651 1194 4726 Cot_ts_tantio
1224 4669 1258 4709 u
1298 4669 1465 4721 coss.,
1504 4661 1697 4726 partim
1731 4651 1797 4715 es
1832 4661 1899 4714 75
1926 4678 2015 4717 ca-

447 4742 590 4799 none
638 4724 1179 4799 codicisAft-icani,
1225 4726 1268 4779 si
1316 4728 1474 4799 modo
1506 4724 1718 4797 legitur
1770 4740 1929 4799 prout
1967 4736 2017 4786 in

446 4797 636 4853 Graeco
664 4806 780 4853 est:
812 4794 1019 4850 Placuit
1048 4804 1103 4847 ut
1125 4795 1232 4849 dies
1260 4796 1463 4849 concilii
1484 4794 1618 4851 idem
1647 4794 1889 4861 servetur.
1933 4804 2020 4863 qui

440 4886 491 4941 in
525 4868 843 4941 Hipponensi
868 4867 1085 4941 concilio
1126 4869 1572 4941 constitutuoest,
1626 4872 1794 4935 idest,
1835 4888 1861 4925 χ
1910 4871 2014 4928 kal.

441 4936 724 5009 Septemb.,
748 4949 795 4992 et
822 4938 1142 5009 scribendum
1274 4936 1598 5005 singularum
1634 4943 2016 5009 provinciarum

438 5008 709 5085 primates,
736 5018 792 5062 ut
828 5008 1038 5085 quando
1082 5008 1225 5075 apud
1262 5024 1315 5085 se
1344 5008 1641 5085 conciliant
1670 5024 2015 5085 congregant,

439 5079 577 5133 hunc
597 5080 734 5153 diem
756 5088 975 5153 servent.
1004 5079 1190 5133 Aunus
1215 5078 1368 5153 enim
1389 5093 1455 5153 es
1481 5078 1783 5135 Innocentii
1803 5078 2013 5153 lit'teris,

437 5152 639 5225 ineusis
669 5149 872 5225 etddies
906 5163 973 5225 es
1000 5163 1207 5203 canone
1248 5148 1406 5225 facile
1434 5151 1744 5225 innotescit.
1794 5153 1850 5208 Si
1899 5148 2016 5225 qni-1

435 5220 558 5289 dem
593 5220 826 5288 pontifex
861 5218 1011 5273 initio
1043 5222 1424 5287 consequentis
1450 5224 1572 5274 anni
1609 5226 1883 5289 respondit
1907 5218 1931 5283 .’
1954 5235 2011 5281 et

434 5288 623 5363 Patres
664 5291 904 5345 scribunt
933 5304 991 5344 se
1036 5305 1105 5363 ex
1134 5306 1283 5343 more
1310 5291 1373 5343 ad
1396 5288 1882 5363 Cartltaginensetn
1914 5295 2017 5351 Ec-

432 5361 652 5416 clesium
684 5364 1023 5433 convenisse,
1059 5361 1109 5416 id
1132 5373 1237 5421 est.
1262 5376 1328 5414 eo
1352 5361 1627 5429 tempore,
1645 5379 1750 5432 quo
1780 5366 1847 5419 ab
1871 5367 2013 5433 ipso-

434 5443 546 5486 met
576 5432 794 5488 Aurelio
823 5440 1084 5489 statutum
1108 5434 1282 5487 fuerat
1309 5444 1433 5486 ante
1461 5448 1633 5487 anttos
1669 5434 1752 5489 16.

485 5504 837 5574 Quamquam
865 5502 1237 5574 difficultatem
1270 5504 1475 5563 ereavit
1505 5505 1637 5558 mihi
1672 5520 1888 5574 semper
1917 5508 2017 5564 iste

431 5586 637 5655 canon,
674 5573 792 5655 nam
833 5575 935 5655 etsi
967 5574 1017 5628 in
1050 5573 1239 5655 Graeco
1267 5582 1378 5638 est,
1411 5575 1592 5655 ῥφειλξι
1625 5578 1736 5655 ’γὰρ
1775 5580 1856 5634 καὶ
1886 5600 2017 5655 νεα-

430 5652 580 5733 τῆναι
606 5641 737 5735 arpi»:
765 5648 887 5707 τοὺς
910 5647 1267 5735 πρωξιύοντας
1285 5641 1468 5735 «eos;
1497 5653 1595 5700 τῶν
1622 5641 2019 5735 ἑξάρχιῶνϊῖνα

428 5714 519 5773 ὅτι
540 5714 883 5792 παρδέαντοῑς
904 5714 1116 5792 aduodes
1144 5718 1556 5792 npooualotivrat
1571 5714 1771 5792 ταιξτγὶιξ
1903 5723 2021 5791 ἠμέ-

429 5807 531 5859 ραν
556 5790 905 5859 puluinum»;
938 5787 1129 5854 quibus
1161 5787 1341 5841 verbis
1385 5788 1676 5855 significari
1719 5787 1942 5843 videtur
1966 5808 2017 5844 tu

2137 3242 2255 3310 σοιςί
2275 3245 2462 3317 solitas
2492 3247 2619 3301 olim
2646 3263 2675 3301 a
2707 3242 3024 3317 primatibus
3052 3250 3322 3303 nonnullis
3355 3242 3722 3317 provinciales

2137 3316 2373 3389 synodos
2398 3334 2422 3389 :A
2444 3317 2679 3386 alioquin
2707 3316 2895 3374 Patres
2914 3320 3033 3374 sine
3056 3334 3215 3374 causa
3240 3316 3487 3373 tulissent
3511 3321 3716 3389 legem,

2137 3400 2205 3458 ne
2235 3386 2457 3458 privatis
2485 3390 2841 3445 conventibus
2871 3390 3253 3445 universalium
3286 3399 3496 3454 tempus
3540 3386 3720 3458 impe-

2135 3454 2360 3530 diretur.
2392 3457 2475 3511 Ab
2499 3459 2618 3513 aliis
2644 3460 2785 3515 circa
2817 3470 3028 3530 tempus
3055 3460 3319 3519 autumni.
3357 3460 3407 3514 id
3438 3467 3542 3527 est,
3590 3454 3720 3515 ver-

2135 3540 2227 3601 sus
2283 3526 2442 3601 finem
2477 3530 2831 3599 Septembris,
2885 3526 2945 3586 ut
2989 3547 3110 3585 cum
3161 3530 3319 3601 legati
3359 3526 3597 3584 redirent
3645 3532 3721 3585 ab

2140 3596 2427 3673 universali
2456 3596 2719 3667 concilio,
2748 3596 2823 3658 de
2856 3602 3083 3673 negotiis
3121 3596 3481 3656 communiter
3506 3612 3719 3673 mirans-

2134 3666 2346 3722 aetisad
2367 3666 2717 3742 coepiscopos
2743 3688 2853 3726 sua:
2874 3666 3162 3742 provincia:
3190 3675 3469 3727 referrent.
3503 3671 3713 3725 Horum

2137 3753 2341 3793 rnorem
2369 3741 2670 3812 probatum,
2706 3743 2922 3798 illorum
2964 3744 3247 3812 rejectum.
3506 3787 3511 3792 .

2204 3811 2662 3885 Alverojqquies,
2688 3811 3054 3885 provinciales
3074 3813 3311 3885 synodos
3328 3812 3585 3885 oportuit,
3600 3826 3718 3885 non

2133 3878 2237 3951 sub
2274 3881 2435 3936 fidem
2464 3878 2820 3951 Septembris,
2857 3886 2951 3938 sed
3005 3900 3038 3939 ι
3088 3878 3303 3939 Kalend.
3337 3878 3711 3951 Septembris.

2134 3950 2185 4003 id
2213 3962 2316 4017 est,
2346 3968 2454 4007 uno
2475 3950 2623 4023 prius
2652 3970 2838 4009 mense
2869 3957 3160 4010 convocari
3193 3972 3206 4008 :
3234 3950 3448 4021 quando
3491 3955 3718 4021 quidem

2134 4036 2198 4075 ex
2228 4024 2448 4092 synodis
2474 4026 2893 4093 provincialibus
2918 4029 2982 4079 ad
3032 4026 3393 4081 universalem
3419 4024 3719 4078 mitteban-

2133 4101 2220 4145 tur
2250 4093 2522 4166 legatitut
2544 4096 2785 4166 pluribus
2813 4114 2877 4152 ex
2915 4098 3214 4151 canonibus
3254 4095 3523 4150 Africanis
3552 4095 3719 4148 colli-

2131 4177 2260 4231 gere
2292 4175 2393 4218 est.
2430 4164 2627 4220 Verum
2656 4168 2813 4222 aliter
2839 4182 2928 4222 res
2952 4182 3011 4222 se
3037 4167 3199 4222 habet
3246 4185 3259 4219 :
3295 4181 3415 4219 nam
3449 4166 3497 4218 in
3531 4167 3720 4233 priore

2132 4234 2363 4307 synodo,
2396 4250 2517 4304 qua:
2561 4238 3025 4307 quadragesimam
3068 4237 3288 4292 Pascha:
3318 4236 3587 4299 anteibat,
3616 4237 3718 4287 eli-

2130 4305 2392 4378 grbantur
2445 4308 2626 4375 legati,
2660 4305 2878 4378 qui—ita
2933 4325 2993 4363 se
3045 4316 3447 4377 compararent,
3488 4316 3549 4359 ut
3586 4322 3717 4359 cum

2134 4375 2364 4447 primum
2392 4392 2421 4431 a
2452 4375 2691 4447 primate
2720 4380 2883 4435 totius
2924 4379 3119 4433 Africa:
3167 4375 3420 4433 lractoria
3458 4377 3715 4441 veniret,

2130 4446 2197 4499 ad
2224 4449 2528 4502 condictum
2561 4450 2736 4503 locum
2767 4464 2827 4504 se
2851 4452 3177 4513 conferrent,
3222 4458 3278 4503 et
3306 4463 3373 4502 ex
3410 4447 3715 4500 universali

2052 4547 2103 4608 υ
2130 4517 2359 4608 concilio
2386 4520 2706 4608 reversa-ad
2737 4524 3091 4608 posteriorem
3123 4521 3386 4608 synodum
3424 4530 3719 4571 autumna-

2128 4589 2231 4641 lem
2263 4594 2641 4643 renuntiarent
2667 4606 2788 4659 qnte
2812 4602 2959 4659 gesta
2991 4589 3193 4645 essent.

2197 4658 2299 4714 Sed
2332 4661 2583 4728 quoniam
2616 4658 2781 4715 semel
2810 4658 3039 4731 digressi
3067 4675 3273 4725 sumus,
3298 4659 3601 4714 monendus
3629 4670 3719 4715 est

2126 4728 2301 4783 obter
2334 4732 2502 4785 lector
2534 4742 2589 4785 ut
2619 4728 3005 4787 animadvertat
3035 4745 3061 4783 a
3089 4731 3333 4785 Pntribus
3361 4731 3594 4784 Niczvnis
3625 4745 3717 4784 at-

2126 4815 2231 4872 que
2255 4800 2522 4856 Africanis
2548 4812 2761 4868 tempus
2799 4803 3057 4857 habendis
3096 4802 3314 4872 synodis
3354 4805 3715 4855 constitutum

2124 4869 2313 4941 fuisse,
2347 4872 2482 4925 intra
2539 4873 2670 4926 illud
2716 4873 2947 4941 spatium
2999 4869 3141 4940 quod
3190 4888 3219 4926 a
3273 4874 3593 4926 Pentecoste
3645 4874 3717 4928 ad

2125 4940 2321 4996 Christi
2347 4942 2617 5008 Natalitia,
2650 4953 2704 4996 et
2732 4946 2798 4997 ab
2830 4943 2912 4997 bis
2947 4944 3011 4995 ad
3038 4943 3512 5012 Quadragesimam
3544 4946 3717 4997 inter-

2124 5014 2265 5067 Cedit
2300 5030 2311 5065 :
2347 5015 2798 5067 volueruntenitn
2840 5016 3129 5083 episcopos
3173 5015 3482 5083 frequentes
3513 5014 3715 5068 adesse

2120 5085 2365 5152 synodis,
2396 5100 2496 5139 nec
2526 5096 2701 5138 tamen
2731 5101 2759 5139 a
2806 5101 2897 5137 sua
2938 5100 3207 5153 quemque
3240 5085 3481 5138 Elelesia
3512 5086 3714 5140 abesse

2118 5155 2537 5209 solemnioribus
2565 5156 2715 5210 festis
2734 5197 2747 5219 ,
2772 5156 2973 5224 quibus
3012 5156 3095 5209 vel
3135 5156 3434 5223 baptismus
3458 5155 3715 5209 celebra-

2120 5224 2302 5289 batur,
2332 5236 2388 5278 ut
2421 5228 2471 5279 in
2502 5228 2897 5280 resurrectione
2922 5225 3125 5280 Christi
3149 5241 3210 5280 ac
3237 5225 3596 5289 Pentecoste;
3622 5228 3716 5280 vel

2119 5295 2361 5349 futurum
2404 5299 2603 5365 pascha
2652 5296 3015 5364 indicebatur,
3060 5298 3193 5351 utin
3228 5295 3518 5351 Natalitiis.
3551 5295 3715 5351 Valet

2118 5376 2297 5419 autem
2325 5367 2731 5422 animadversio
2758 5368 2848 5421 illa
2879 5368 2945 5422 ad
2974 5367 3337 5435 indagandum
3372 5366 3711 5438 synodorum

2092 5446 2357 5507 ~tempus,
2389 5438 2434 5491 si
2466 5438 2681 5507 quando
2710 5439 3060 5507 consignatur
3089 5439 3233 5492 notis
3272 5454 3379 5495 non
3412 5438 3711 5492 admodum

2122 5508 2423 5579 insignitis;
2477 5524 2652 5579 neque
2689 5510 2835 5565 enim
2879 5510 3019 5563 fallit
3064 5524 3353 5579 umquam,
3399 5509 3501 5564 nisi
3528 5510 3712 5579 aliqua

2124 5587 2315 5635 urgeat
2338 5578 2767 5635 extraordinaria
2795 5582 3112 5635 necessitas.

2245 5654 2448 5706 iversas
2487 5650 2704 5719 quidem
2748 5649 3105 5705 conveniendi
3159 5664 3351 5705 causas
3401 5649 3710 5706 habuerunt

2120 5721 2391 5791 episcopi,
2436 5722 2531 5775 sed
2562 5736 2680 5776 eam
2721 5722 2957 5776 tnaxime
2994 5720 3138 5791 quod
3183 5736 3303 5775 cum
3334 5736 3398 5775 ex
3444 5721 3712 5777 relatione

2124 5790 2304 5846 Orosii
2361 5792 2664 5860 litterisque
2725 5791 2905 5847 Erotis
2954 5790 3023 5848 et
3061 5790 3251 5847 Lauri
3308 5790 3711 5847 intellexissent
