3996 6186
456 424 559 480 559

879 425 969 479 AD
1010 424 1285 479 PARTEM
1331 423 1593 478 raptast
1633 422 1921 478 OPERUM
1971 424 2042 480 Μ.
2077 419 2518 480 MERCKTORIS
2559 422 2909 480 APPENDIX
2954 423 3288 481 SECUNDA.

3622 423 3734 477 330

454 534 1272 623 lirayitannosuilpontilleatus
1298 537 1493 623 primo,
1508 536 1717 623 Ithristi
1742 535 2031 623 lnl7,icirca
2062 536 2110 592 Δ
2141 551 2265 623 nem
2288 536 2515 623 Augusti
2548 547 2639 623 aut
2665 539 2884 623 initium
2907 539 3245 623 Spptembris
3272 538 3500 623 scriptas
3536 540 3731 605 fuisse,

454 607 663 678 initium
691 606 1061 678 Septembris,
1095 618 1167 678 ut,
1200 624 1359 678 quam
1408 607 1734 662 tardissime.
1768 608 1891 661 llaec
1921 623 2035 659 om-

453 677 564 741 nia,
595 678 786 744 partim
815 692 880 731 ex
914 677 1105 733 litteris
1135 677 1337 733 Zeisimi
1366 679 1432 732 ad
1457 678 1735 733 Africanos
1765 688 2032 742 constant,

452 746 647 819 partim
695 762 760 802 ex
806 750 1101 819 Augustino
1146 750 1418 818 Marioque
1448 748 1775 807 Mercatore.
1822 760 1871 801 et
1916 749 2037 819 aliis

450 815 692 884 ejusdem
736 820 835 873 τενί
890 815 1245 888 scriptoribus
1305 815 1432 874 sunt
1480 829 1655 874 tamen
1701 818 2036 873 enucleatius

450 888 795 955 esphcanda.

522 958 675 1025 Quod
705 970 906 1015 castum
936 962 1314 1030 episc0porum
1348 961 1595 1016 habuerit
1632 974 1872 1015 summus
1903 973 2039 1028 pon-

452 1028 607 1095 tifex,
640 1041 695 1084 et
725 1046 829 1084 non
859 1028 1062 1085 tantum
1097 1028 1360 1100 privatum
1402 1032 1683 1101 judicium,
1719 1030 1873 1083 fat-ile
1902 1045 2037 1101 con-

452 1101 739 1165 ﬁceretur,
770 1102 814 1154 si
860 1117 1043 1155 verum
1087 1111 1233 1158 esset
1258 1100 1690 1171 quod’scriptum
1721 1100 1949 1171 reliquit
1970 1101 2037 1153 il-

451 1171 812 1242 lustrissimus
845 1172 1043 1237 Marca,
1077 1170 1517 1242 archiepiscOpus
1547 1172 1864 1226 Parisieu~is
1897 1170 2034 1241 (Lib.

453 1254 525 1294 ru
554 1242 619 1314 de
646 1239 899 1314 concord.
925 1245 1200 1299 sacerdotii
1227 1239 1279 1298 ei
1301 1244 1517 1314 imperii,
1550 1260 1667 1311 cap.
1696 1244 1750 1307 6,
1781 1239 1921 1314 nam.
1956 1242 2032 1310 5),

453 1312 869 1379 appellationem
901 1314 1099 1368 sciliciet
1132 1318 1180 1367 in
1214 1312 1379 1368 causa
1403 1314 1548 1376 fidei,
1582 1328 1685 1366 non
1721 1322 1824 1365 tam
1855 1312 1918 1363 ad
1949 1328 2033 1366 se-

452 1382 575 1435 dem
622 1384 969 1455 apostolicam
1011 1400 1169 1453 quam
1216 1387 1281 1437 ad
1314 1385 1575 1455 synodum
1618 1384 1915 1437 Romanam
1962 1383 2037 1435 fa-

451 1463 593 1506 ctam
636 1456 761 1507 olim
795 1453 988 1517 fuisse;
1020 1470 1180 1509 causa
1210 1453 1356 1511 enim
1385 1455 1645 1519 leestii,
1671 1469 1791 1508 cum
1822 1466 2036 1519 spreta-

452 1532 538 1577 ret
563 1523 629 1577 ad
662 1525 843 1591 fidem,
876 1524 1153 1579 dcbuiSSel
1184 1528 1251 1579 ab
1280 1543 1345 1577 eo
1372 1526 1591 1594 judicio,
1627 1524 1769 1591 quod
1801 1525 2039 1591 appella-

451 1603 561 1647 tum
597 1598 803 1661 fuerat,
849 1596 1157 1664 disceptari.
1203 1596 1309 1653 Sed
1359 1606 1415 1649 nt
1458 1611 1606 1651 suam
1640 1596 1708 1649 de
1741 1594 2039 1664 Eutychete

452 1665 774 1719 sententiam
807 1666 1015 1721 idoneis
1045 1668 1366 1723 testimoniis
1402 1683 1482 1719 Vir
1514 1666 1859 1721 doctissimus
1884 1678 2035 1719 com-

451 1736 785 1825 probaverit,
815 1737 901 1819 de.
922 1734 1180 1825 Caelestino
1212 1750 1386 1825 tamen
1406 1736 1955 1825 ΔΡεξιίιείοῳιθ,Δίῐῐιιιιί)
1983 1741 2038 1788 et

459 1804 819 1873 Theodoreto,
851 1808 938 1862 vix
966 1808 1061 1863 ulli
1083 1810 1241 1864 fidem
1265 1810 1445 1873 faciat,
1481 1804 1579 1861 nisi
1603 1804 1889 1861 admodum
1919 1820 2037 1858 cre-

450 1876 600 1938 dulo.
621 1892 767 1971 .cpm
801 1880 1020 1971 antiqui
1052 1880 1346 1950 scriptores
1378 1881 1484 1932 tale
1514 1877 1764 1947 quiddam
1796 1891 1863 1931 ne
1898 1875 2037 1930 indi-
2067 1912 2114 1971 Β

453 1948 700 2002 caverint
723 1948 963 2018 quidem.

524 2020 703 2073 Satius
743 2014 835 2074 est
878 2021 1037 2089 igitur
1085 2021 1301 2075 aliunde
1349 2028 1662 2089 argumenta
1694 2014 2034 2089 conquirere,

452 2105 573 2152 «tua!
614 2089 842 2157 probent
880 2087 1019 2159 quod
1053 2087 1446 2147 contendimus.
1480 2092 1520 2159 ,Ρ
1535 2090 1724 2143 robant
1769 2102 1899 2159 ver_o
1930 2087 2040 2155 pri-

454 2175 600 2213 tuum
634 2162 795 2213 verba
826 2157 939 2215 haec
968 2164 1170 2216 Paulini
1196 2162 1408 2216 diaconi
1442 2163 1457 2220 t
1468 2158 1532 2212 In
1563 2160 1720 2213 libell.
1752 2158 1819 2211 ad
1841 2157 2035 2211 Zosim.

452 2233 597 2294 apud
624 2230 751 2284 Bar.
775 2232 830 2284 in
864 2233 1052 2287 Annal.
1083 2235 1149 2284 ad
1178 2250 1299 2286 ann.
1331 2231 1459 2298 M8)
1484 2249 1496 2284 :
1526 2231 1715 2283 Contra
1744 2245 1859 2300 qua:
1886 2229 2038 2300 etiam

452 2303 696 2374 magister
725 2318 846 2374 suus
872 2303 1037 2372 litigat
1073 2303 1316 2374 Pelagius
1335 2346 1350 2367 ,
1393 2303 1481 2372 qui
1509 2302 1601 2355 illa
1629 2298 2040 2368 ipsa'damnavit

452 2374 505 2423 in
528 2372 731 2442 judicio
767 2371 1039 2441 Orientati,
1063 2391 1177 2445 quae
1202 2371 1297 2427 iste
1324 2389 1373 2428 nt
1399 2371 1544 2445 SEDIS
1562 2381 2042 2445 ΔΑωοςγι*οι.ι(ξλιτξ-‹;(ιςο

452 2439 767 2496 τυέοηαιιιτ
794 2439 1043 2498 astruere.
1077 2439 1185 2498 ἰδίη
1216 2446 1356 2498 enim
1384 2444 1455 2497 de
1497 2442 1694 2509 priore,
1720 2440 1861 2509 quod
1889 2439 2037 2507 Zosi-

454 2528 574 2566 mus
603 2514 912 2578 instituerit,
937 2513 1141 2581 judicio
1172 2516 1393 2584 intelligi
1424 2514 1643 2575 debere,
1674 2526 1737 2565 ex
1767 2525 1834 2584 eo
1867 2516 2034 2584 patet,

451 2584 592 2649 quod
625 2586 909 2653 posteriori
936 2584 1223 2641 Caelestius
1246 2581 1704 2646 nou'interfuerit,
1728 2581 1821 2653 sed
1846 2581 2040 2653 despc-

452 2662 569 2707 rata
598 2650 757 2709 causa
787 2656 1085 2710 subduxerit
1129 2673 1182 2709 se
1219 2667 1267 2709 et
1312 2657 1567 2722 negaverit
1594 2652 1840 2722 examini,
1874 2658 1933 2704 ut
1963 2650 2041 2703 Io-

452 2726 637 2797 quitnr
668 2729 996 2797 Augustinus
1026 2726 1164 2797 (Lib.
1199 2741 1235 2780 ιι
1265 2727 1334 2779 ad
1363 2720 1538 2795 Boni].
1569 2740 1685 2797 cap.
1721 2720 1807 2790 3);
1840 2722 1953 2797 vel,
1984 2728 2040 2773 ut

450 2806 528 2848 ιιι
555 2792 815 2866 Mercator
859 2792 1187 2866 (Cominonit.
1217 2814 1331 2864 cap.
1368 2797 1419 2862 l,
1463 2792 1605 2866 num.
1638 2792 1717 2863 5),
1747 2809 1856 2866 non_
1874 2792 2040 2866 solum

452 2882 555 2919 non
599 2865 825 2931 affuerit,
856 2861 946 2921 sed
985 2870 1133 2921 etiam
1181 2884 1243 2920 ea:
1282 2861 1412 2920 urbe
1458 2861 1692 2919 Romana
1735 2861 2037 2933 profugerit.

454 2937 690 2990 l’robant
712 2938 925 2999 deinde,
952 2956 1071 3008 qtne
1094 2939 1281 2993 scribit.
1308 2937 1574 2992 Mercator
1584 2932 1793 3058 ιμὺὶά.)
1817 2932 2039 2987 omnino

456 3006 777 3058 pertinentia
823 3012 889 3058 ad
942 3009 1208 3058 posterius
1254 3008 1545 3058 iudicium:
1630 3012 1801 3058 ocalus
1842 3001 1909 3055 ad
1946 3018 2039 3055 au-

456 3006 777 3070 pertinentia
823 3012 889 3063 ad
942 3001 1208 3079 posterius
1246 3008 1545 3077 judicium:
1584 3001 1809 3079 Vocatus
1842 3001 1923 3079 ad
1946 3018 2041 3079 au-

452 3079 694 3130 dientiam
742 3073 1040 3149 pleniorem.
1074 3090 1128 3134 ut
1153 3073 1267 3148 qua}
1293 3079 1597 3149 promiserat
1627 3077 1702 3148 (in
1717 3075 1932 3149 priore)
1964 3073 2041 3149 [e-

451 3152 666 3203 stinuret
696 3143 931 3221 implere,
980 3161 1087 3206 etc.
1119 3143 1256 3216 Quid
1291 3143 1435 3205 enim
1457 3218 1469 3221 Α
1490 3157 1579 3203 est
1626 3143 1901 3221 audientis
1926 3143 2042 3214 ple-

453 3221 592 3284 nior,
625 3215 788 3290 quam
820 3215 991 3277 (cetus
1024 3215 1202 3289 priore
1240 3221 1421 3285 aliquo
1447 3217 1816 3290 frequentior?
1844 3215 2043 3290 Quam-

2140 617 2304 731 attlue
2329 608 2399 662 ita
2426 618 2553 664 tunc
2584 610 2841 691 temporis
2870 608 3107 693 habitam
3137 610 3423 693 synodum:
3686 648 3687 651 η

2245 692 2330 731 am
2373 693 2501 731 vero
2529 681 2717 731 scribit
2747 680 2999 731 Pontifex
3024 721 3040 731 .
3067 682 3348 731 eotstolam
3379 680 3687 731 libellumou

2245 692 2335 751 am,
2373 681 2717 751 veroscribit
2747 680 2999 734 Pontifex
3024 721 3040 746 ,
3067 680 3348 751 epistolam
3379 680 3731 751 libellumque

2142 748 2368 823 Pelagii,
2409 758 2465 804 et
2494 750 2699 823 litteras
2728 767 2759 805 a
2789 751 3004 823 Praylio
3034 750 3102 804 ad
3135 752 3501 823 Innocentium
3532 748 3729 805 missas

2140 819 2193 873 in
2235 821 2460 888 gratiam
2493 821 2722 890 Pelagii,
2770 819 3024 877 recit'atas
3070 822 3231 875 fuisse
3276 821 3490 890 publice
3534 822 3588 876 in
3620 824 3731 876 alio

2139 903 2423 955 consessu,
2448 892 2749 961 auditasque
2771 902 2913 946 tanto
2929 894 3155 945 omnium
3177 893 3388 961 gaudio,
3409 903 3463 945 ut
3487 893 3730 961 lacrgmtz

2140 963 2404 1033 nonnullis
2432 977 2538 1026 prce
2564 962 2752 1027 alfectu
2780 964 3059 1033 eﬂluerent,
3088 964 3258 1032 plures
3287 964 3563 1016 admiratio
3591 975 3730 1017 tene-

2139 1041 2215 1083 ret
2245 1032 2372 1086 tales
2415 1033 2569 1085 etiam
2598 1032 2847 1087 absoluti:
2885 1034 3000 1097 fidei
3031 1034 3278 1101 infamari
3317 1035 3556 1101 potuisse.
3589 1034 3729 1087 Tum

2140 1100 2287 1173 addin
2314 1118 2377 1157 ea
2408 1119 2473 1157 ex
2524 1105 2715 1170 quibus
2760 1100 3141 1173 postmodum,
3195 1100 3577 1158 morosioribus
3606 1107 3730 1171 qui-

2142 1172 2363 1227 busdam
2399 1189 2503 1246 non
2532 1174 2665 1246 satis
2685 1172 2869 1246 Optimi
2902 1173 3170 1242 pontificis
3200 1175 3567 1228 humaniorem
3598 1178 3731 1230 οἰκο-

2138 1246 2314 1313 sapias
2343 1244 2888 1313 probatttibns,‘visus
2918 1252 3001 1298 est
3024 1252 3081 1298 et
3119 1247 3358 1299 accusari
3406 1245 3600 1298 merito
3630 1262 3732 1309 po-

2140 1316 2307 1368 tuisse
2332 1325 2387 1370 et
2416 1315 2503 1368 vix
2533 1316 2600 1368 ab
2626 1315 2926 1383 Augustino
2953 1315 3145 1369 idonee
3170 1315 3406 1369 defendi.
3447 1315 3576 1368 Vide
3602 1332 3730 1383 qum

2139 1386 2513 1509 :ht'nnotavimus
2560 1385 2627 1439 ad
2674 1397 2834 1456 caput
2875 1385 3103 1456 primum
3133 1384 3539 1440 Cominonitorii
3571 1386 3730 1440 Marii

2193 1464 2475 1509 creatoris.

2193 1457 2475 1510 creatoris.

2214 1525 2410 1579 Verum
2441 1542 2561 1580 eum
2597 1526 2647 1581 id
2680 1526 2790 1583 fere
2831 1536 3023 1588 totum,
3053 1528 3192 1596 quod
3241 1527 3496 1579 hactenus
3536 1528 3729 1580 retuli-

2139 1608 2281 1659 mus,
2305 1596 2683 1664 depromptum
2716 1600 2784 1653 sit
2806 1615 2869 1652 ex
2898 1597 3088 1652 litteris
3108 1596 3303 1651 Zosimi
3329 1599 3393 1649 ad
3417 1596 3722 1661 Africanos,

2139 1681 2294 1733 quas,
2326 1668 2425 1721 etsi
2476 1668 2737 1722 Baronius
2776 1685 2844 1722 ex
2879 1668 3147 1722 Vaticanis
3178 1670 3541 1722 monumentis
3567 1683 3731 1723 acce-

2140 1747 2259 1805 ptas
2283 1738 2468 1792 retulit
2492 1738 2591 1808 (Ad
2611 1756 2701 1793 an.
2728 1739 2920 1793 Christi
2946 1740 3069 1801 417,
3100 1755 3239 1808 num.
3275 1738 3340 1792 19
3367 1746 3415 1791 et
3436 1738 3621 1808 seqq.).
3644 1741 3733 1791 vir

2140 1816 2318 1862 tamen
2346 1807 2589 1862 eruditus
2614 1808 2829 1864 Marcus
2852 1810 3119 1864 Antonius
3142 1807 3429 1877 Cappellus
3454 1825 3484 1862 e
3502 1807 3731 1862 Franci-

2140 1891 2299 1932 scana
2332 1877 2529 1932 familia
2563 1881 2754 1947 rejicit,
2787 1880 3009 1950 perinde
3034 1894 3097 1933 ac
3126 1881 3171 1933 si
3203 1896 3230 1931 a
3263 1879 3557 1950 Pelagianis
3584 1878 3729 1933 ficta:

2141 1958 2342 2014 essi'nt,
2372 1950 2437 2001 ad
2464 1950 2758 2005 faciendam
2784 1948 2970 2005 sancto
2995 1950 3233 2016 pontifici
3256 1959 3307 2004 et
3334 1948 3595 2004 Africanis
3626 1950 3733 2003 Pa-

2142 2020 2312 2073 tribus
2346 2020 2611 2075 invidiam.
2642 2021 2775 2075 Cum
2806 2022 2921 2087 ipso
2950 2022 3224 2090 disputare
3254 2034 3418 2090 super
3443 2036 3506 2074 ea
3554 2036 3613 2073 re
3647 2022 3733 2073 lo-

2140 2104 2235 2144 cus
2262 2102 2311 2143 et
2342 2099 2552 2159 temp-is
2576 2092 2749 2159 jubet.
2782 2092 2876 2146 sed
2907 2089 3100 2146 littera:
3128 2092 3277 2159 prius
3306 2089 3593 2146 an‘erendre
3626 2107 3731 2157 pro

2140 2161 2275 2214 actis
2316 2162 2547 2232 synodi,
2598 2171 2653 2215 et
2698 2163 2801 2217 illae
2837 2162 3052 2232 quidem
3079 2162 3259 2232 longe
3303 2161 3725 2232 emendations,

2140 2246 2298 2299 quam
2346 2228 2399 2285 in
2445 2233 2725 2287 annalibus
2772 2228 3036 2297 legantur.
3068 2231 3313 2299 (Litteras
3348 2232 3500 2285 etiam
3528 2228 3731 2285 Zosimi

2139 2301 2253 2373 vide
2282 2311 2418 2356 tomo
2438 2303 2554 2373 jam
2583 2304 2773 2371 pluries
2801 2303 2960 2357 allato
2989 2300 3039 2357 Χ
3046 2302 3113 2370 Χ,
3142 2302 3239 2356 col.
3270 2302 3373 2357 649
3402 2312 3449 2355 et
3473 2301 3623 2373 65$.)

2216 2370 2322 2427 Sed
2345 2370 2454 2440 jam
2490 2370 2699 2443 tempus
2726 2384 2811 2428 est
2853 2384 3083 2443 tractare
3126 2372 3479 2439 quaestionem
3521 2372 3605 2426 his
3652 2372 3728 2427 de

2141 2442 2568 2513 litterismotam
2602 2446 2669 2495 ah
2699 2444 2913 2499 erudito
2951 2442 3208 2513 Cappello
3254 2443 3585 2498 adulterinas
3618 2458 3731 2511 pu-

2144 2522 2309 2584 tante.
2339 2512 2412 2568 Ea
2441 2529 2570 2568 vero
2601 2529 2776 2584 neque
2809 2515 2931 2569 talis
2956 2512 3203 2582 est,’quae
3229 2530 3335 2566 non
3368 2514 3541 2583 possit
3569 2514 3733 2567 testi-

2144 2583 2326 2637 monio
2375 2593 2618 2639 veterum
2678 2583 2849 2650 ﬁniri;
2900 2600 3073 2652 neque
3133 2584 3390 2648 difficilis,
3422 2598 3543 2637 cum
3588 2585 3729 2638 nihil

2142 2664 2415 2731 asseratur
2438 2670 2469 2709 a
2492 2655 2753 2731 Cappello
2774 2656 2917 2724 quod
2944 2655 3297 2731 vehementer
3324 2665 3528 2731 urgeat,
3554 2654 3729 2731 immo

2142 2724 2282 2792 quod
2315 2742 2412 2794 per
2431 2724 2665 2794 seipsum
2697 2742 2807 2780 non
2836 2733 3073 2782 corruat.
3099 2724 3231 2779 Nam
3255 2733 3312 2777 ut
3348 2724 3730 2779 a'testimonio

2143 2804 2382 2850 veterum
2422 2797 2614 2851 ducam
2646 2798 2880 2861 initium,
2916 2796 3109 2850 Marius
3159 2795 3426 2849 Mercator
3474 2796 3732 2849 meminit

2144 2866 2386 2935 priorum
2418 2867 2745 2928 litterarum.
2774 2882 2996 2936 quarum
3030 2870 3189 2920 etiam
3218 2869 3419 2920 mentio
3459 2866 3517 2919 fit
3546 2869 3599 2919 in
3629 2882 3730 2936 po-

2142 2934 2465 2991 sterioribus
2491 2955 2504 2990 :
2531 2938 2608 2991 ου
2633 2938 2729 2991 hoc
2756 2934 2948 3003 ipsum,
2966 2936 3483 3006 inquit(Commonit.
3500 2953 3617 3002 cap.
3642 2934 3726 3005 1),

2142 3006 2392 3061 nonnulla
2420 3006 2683 3063 Ctelestius
2720 3009 2865 3062 illius
2889 3011 3048 3061 sancti
3087 3007 3366 3061 sacerdotis
3406 3006 3729 3059 humanitate

2144 3076 2337 3149 dignus
2357 3089 2433 3133 est
2455 3080 2693 3143 habitus;
2714 3090 2761 3131 et
2787 3079 2863 3131 sic
2884 3078 3155 3149 epistolam
3182 3076 3725 3149 quamdambenigni-

2145 3149 2264 3201 tatis
2286 3148 2490 3220 plenam
2518 3150 2587 3202 ad
2614 3147 3049 3220 Afrosepiscopos
3064 3149 3267 3220 meruit,
3290 3164 3393 3217 qua
3418 3147 3505 3220 ille
3530 3148 3730 3220 abusus

2144 3229 2241 3272 est.
2268 3218 2342 3272 vel
2369 3220 2537 3272 adhuc
2557 3217 2800 3286 abutitur,
2828 3219 2897 3272 ad
2942 3218 3219 3273 multorum
3245 3218 3594 3289 ignorantium
3636 3217 3728 3271 de-

451 3307 611 3358 quaiu
645 3284 875 3358 priorem
908 3284 1458 3362 frequentemfuisse,
1484 3284 1900 3362 _ru'ultorumque
1924 3285 2037 3362 epi-
2064 3284 2110 3346 C
2140 3289 2440 3362 ceptionem.

452 3357 766 3428 secporum,
812 3357 1019 3416 indicat'
1058 3377 1162 3415 non
1211 3361 1440 3414 obscure
1483 3357 1752 3420 Zosimus,
1800 3370 1922 3409 cum
1964 3357 2042 3428 ait

453 3425 649 3501 (Epist.
682 3431 705 3483 l
731 3425 799 3484 ad
828 3429 1145 3501 Africanos),
1185 3446 1239 3484 se
1264 3446 1365 3483 non
1395 3425 2044 3501 Caelestiumrtantum,‘sed

453 3526 474 3551 ιτ
484 3500 605 3573 tiam
625 3496 981 3570 quoscumque,
1003 3496 1170 3573 quieo
1197 3509 1417 3573 tempore
1438 3515 1503 3553 ex
1523 3498 1734 3573 diversis
1755 3496 2043 3573 regionibus

453 3566 693 3635 aderant,
721 3566 1381 3634 sacerdotes'admonuisse,
1411 3582 1516 3625 etc.
1544 3570 1737 3623 Probat
1772 3566 1932 3621 etiam
1966 3566 2046 3620 lo-

454 3656 551 3695 cus
582 3641 749 3696 habiti
780 3652 975 3707 castus,
999 3642 1217 3697 basilica
1250 3640 1498 3695 nimirum
1530 3640 1698 3693 sancti
1725 3638 2040 3692 Clementis.

456 3712 644 3780 Neque
668 3713 817 3766 enim
852 3714 970 3767 aliis
1002 3712 1259 3782 negotiis,
1293 3727 1450 3782 quam
1480 3709 1669 3782 sacris,
1702 3710 1759 3782 id
1782 3722 1884 3768 est.
1916 3722 2044 3782 cun:

454 3777 615 3847 ciliis,
650 3784 1014 3839 inserviebam
1060 3777 1281 3852 Ieiupla.
1311 3777 1461 3835 Vide
1505 3777 1763 3852 tlolstenii
1792 3785 1947 3852 notas
1976 3777 2044 3852 ad

456 3854 721 3921 synodum
756 3854 1049 3909 Romanam
1080 3847 1186 3909 sub'
1214 3852 1486 3907 Bonifacio
1533 3852 1595 3905 ll.
1631 3851 1867 3904 Probaut
1892 3847 2046 3902 deni-

454 3940 561 3978 nue
589 3938 747 3980 voces
776 3939 1024 3981 serenust
1047 3938 1454 3987 ossronuuous,
1484 3922 1676 3989 quibus
1704 3930 1807 3973 non
1840 3928 2042 3989 tantum

454 3994 721 4059 Zositnus,
750 3996 845 4050 sed
873 3999 1033 4051 etiam
1068 3994 1399 4065 Augustinus
1428 3987 1593 4065 utitur
1622 3990 1759 4065 (Lib.
1789 4005 1822 4043 η
1850 3990 1916 4041 ad
1941 3987 2045 4041 Bo-

455 4066 565 4139 mf.
581 4082 698 4131 cap.
731 4065 811 4137 5),
842 4081 962 4122 cum
992 4067 1060 4122 de
1092 4060 1193 4121 hoc
1215 4060 1829 4139 ipsojudicioloquitur.
1850 4128 1875 4139 Δ
1917 4129 1927 4139 ι

532 4137 607 4192 Ex
647 4128 828 4192 t'erbi's
868 4148 1047 4193 autem
1081 4128 1363 4206 Augustini
1411 4128 2041 4206 manifesieconflcitur,

457 4208 599 4262 hunc
619 4218 817 4264 castum
844 4209 1028 4275 fuisse,
1058 4203 1393 4262 non'tantum
1416 4204 1624 4270 aliquot
1642 4203 2039 4275 episcoporum,

458 4290 518 4359 ut
550 4272 1223 4362 indicat“Zo.simush(Loco
1264 4291 1382 4356 mors
1422 4272 1742 4362 cilt‘ato),‘sed
1773 4276 1934 4362 e'riam
1965 4279 2044 4325 to-

458 4350 565 4401 tius
587 4350 718 4402 clcri
746 4349 993 4405 Romani.
1022 4340 1111 4405 Sic
1140 4351 1281 4403 enim
1311 4348 1385 4401 ait
1414 4364 1426 4397 :
1461 4340 1757 4412 Quinetiam
1784 4340 2044 4396 Romanos

456 4419 668 4472 clericos
710 4430 954 4486 arguunt,
985 4421 1260 4473 scribentes
1288 4434 1370 4473 eos
1406 4415 1657 4488 jussionis
1701 4424 1893 4488 terrore
1924 4428 2043 4478 per-

456 4505 656 4553 cussos,
676 4484 1058 4542 nonierubuisse
1083 4484 1516 4558 prtevaricationis
1538 4486 1729 4539 crimen
1755 4484 2041 4558 admittere,

459 4569 511 4611 ut
534 4568 713 4613 contra
738 4573 966 4614 retonent
996 4552 1351 4623 assumunt,
1380 4575 1481 4627 qua
1500 4558 1653 4627 gestis
1684 4552 1936 4627 catholico
1962 4554 2047 4605 do-

460 4631 619 4700 gmati
640 4628 918 4697 afuerant,
943 4639 1116 4700 postea
1139 4624 1763 4700 pronuntiaren'thalam
1784 4624 2045 4700 hominum

459 4696 567 4756 esse
607 4696 866 4763 naturam,
900 4696 1006 4754 etc.
1053 4699 1119 4753 Et
1140 4696 1303 4767 paulo
1326 4707 1445 4763 post
1476 4715 1490 4752 :
1525 4697 1619 4750 Tot
1658 4696 1791 4749 enim
1816 4704 1862 4747 et
1889 4697 2046 4767 tantis

458 4775 595 4827 inter
617 4772 953 4843 apostolicam
979 4764 1155 4843 sedem
1172 4779 1221 4823 et
1261 4769 1409 4843 Afros
1435 4768 1695 4843 episcopos
1726 4764 2046 4843 currentibus

457 4852 506 4895 et
537 4835 915 4897 recurrentibus
945 4842 1147 4908 scriptis
1192 4835 1576 4908 ecclesiasticis,
1618 4839 1771 4891 etiam
1800 4835 1953 4904 gestis
1984 4835 2048 4885 de

456 4915 556 4967 hac
582 4931 739 4967 causa
780 4912 923 4981 apud
968 4907 1116 4965 illam
1142 4911 1316 4965 sedem
1343 4907 1577 4965 Ccelestio
1606 4915 1853 4978 prasente
1883 4915 1928 4957 et
1966 4920 2047 4956 re-

456 4985 738 5052 spondente
765 4983 1168 5053 confectis,etc.
1308 5051 1320 5055 _
1439 5050 1449 5055 _
1572 5047 1608 5055 _
1678 5047 1690 5055 ι
1856 5043 1975 5055 ,,,,

530 5055 607 5109 De
647 5056 768 5126 loco
797 5043 875 5126 et'
894 5043 1052 5108 causa
1082 5060 1265 5121 aperte
1307 5047 1817 5126 loquitur_Zosimus
1848 5043 2042 5126 (Epist.

458 5126 571 5192 cit.)
605 5141 618 5176 :
652 5123 918 5179 Caelestius
947 5117 1208 5193 presbyter
1237 5132 1429 5193 nostro
1450 5136 1502 5173 se
1545 5117 2041 5193 ingessitexamini,

457 5188 693 5263 carpetens
740 5210 801 5247 ea
845 5188 960 5262 qua)
1002 5195 1066 5247 de
1100 5188 1172 5247 'se
1216 5192 1507 5261 apostolicae
1552 5188 1852 5263 sed_i_aliter
1878 5202 2043 5263 quam

458 5258 685 5328 oportuit
712 5258 877 5319 essent
906 5265 1181 5334 inculcata,
1213 5258 1581 5334 purgari,etc.
1615 5258 1713 5312 Die
1743 5258 2042 5327 cognitionis

455 5337 735 5408 resedimus
762 5336 815 5389 in
837 5337 999 5408 sancti
1025 5331 1297 5408 Clementis
1314 5331 1556 5396 basilica,
1588 5338 1695 5408 etc.
1966 5397 1977 5408 _

532 5405 683 5475 Quod
715 5405 947 5475 pertinet
972 5406 1037 5460 ad
1078 5414 1312 5475 tempus,
1342 5416 1513 5457 annus
1541 5400 1757 5475 quidem
1802 5415 1868 5455 ex
1900 5400 2040 5466 prio-

457 5476 609 5532 ribus
638 5473 838 5532 Ζοὲίιηὶ
886 5476 1080 5532 litteris
1118 5473 1204 5532 ad
1237 5475 1536 5535 Africanos,
1573 5473 1772 5525 mensis
1802 5486 1930 5525 vero
1974 5483 2041 5522 ex

459 5547 847 5614 posteriOribus
873 5548 1237 5616 cognoscitur.
1273 5546 1377 5616 lllzr!
1400 5545 1544 5599 enim
1568 5544 1896 5616 consignata.-
1916 5548 2043 5594 sunt

458 5613 698 5674 llonorio
718 5633 772 5672 ιι
800 5628 855 5674 et
874 5613 1061 5673 Flavio
1080 5615 1395 5672 Constantio
1424 5628 1590 5681 coss.,
1624 5615 1721 5683 qui
1744 5613 1843 5666 fuit
1868 5624 2041 5663 anuus

456 5688 659 5745 ϐίη-ἱειὶ
688 5690 823 5756 417,
872 5697 927 5744 et
974 5688 1174 5757 primus
1204 5685 1403 5740 ZOsillli
1440 5704 1452 5739 :
1485 5682 1681 5757 istiext
1712 5682 1816 5757 kal.
1847 5683 2037 5737 Octob.

459 5760 593 5817 Nam
624 5776 744 5816 cum
776 5754 987 5816 secuta!
1006 5761 1113 5812 sint
1139 5759 1339 5827 primas
1368 5771 1433 5811 ex
1459 5755 1666 5827 synodo
1698 5754 1908 5827 missas,
1943 5766 2041 5827 nec

462 5842 641 5887 tmuen
688 5832 899 5893 statim,
950 5824 1213 5899 siquidem
1260 5824 1559 5899 iuterjecta:
1608 5824 1809 5899 fuerint
1836 5825 2041 5899 crebrae

466 5904 682 5960 Calestii
705 5895 1068 5975 professiones,
1099 5916 1192 5971 par
1222 5909 1303 5955 est
1327 5898 1551 5953 credere
1576 5895 1769 5963 primas
1802 5896 1942 5949 circa
1977 5895 2037 5947 ll-

2078 4660 2123 4720 D

2221 3358 2500 3415 Facundos
2545 3360 2969 3425 Hermianensts,
3009 3376 3115 3416 non
3158 3360 3317 3414 unius
3375 3367 3602 3421 tantum,
3661 3369 3722 3411 ut

2146 3429 2429 3497 Mercator,
2461 3430 2558 3486 sed
2610 3431 2744 3485 duas
2795 3438 3079 3495 memorat,
3114 3431 3361 3499 singulas
3392 3429 3444 3483 in
3487 3427 3725 3499 gratiam

2146 3499 2478 3569 singulorum
2521 3502 2895 3556 haereticorum
2941 3502 3112 3557 datas.
3164 3497 3253 3558 Sic
3290 3500 3435 3556 enim
3465 3506 3541 3552 ait
3572 3497 3725 3569 (Lib.

2146 3584 2217 3624 vn
2244 3586 2361 3640 cap.
2393 3570 2449 3640 3)
2482 3570 2782 3626 :Invenient
2819 3582 3073 3641 postremo
3112 3573 3312 3626 beatum
3340 3586 3539 3641 quoque
3563 3570 3731 3641 _Zosi-

2146 3637 2314 3703 mum,
2336 3637 2632 3711 apostolica!
2659 3643 2795 3695 sedis
2819 3637 3122 3710 antistitem,
3163 3652 3341 3695 contra
3355 3637 3527 3711 sancti
3553 3637 3729 3693 Inno-

2146 3712 2298 3764 centii
2334 3708 2611 3766 decessoris
2647 3714 2730 3767 sui
2768 3708 3209 3782 sententiam,'qui
3248 3713 3440 3782 primus
3470 3708 3726 3779 Pelagia—

2144 3797 2266 3834 nam
2288 3782 2521 3835 hceresim
2545 3784 2912 3847 condemnavit,
2929 3784 3079 3849 ﬁdem
3096 3780 3257 3850 ipsius
3281 3780 3482 3851 Pelagii
3508 3783 3727 3850 ejusque

2147 3853 2407 3922 complicis
2456 3852 2694 3915 leestii,
2736 3868 2886 3921 quem
2935 3854 2989 3906 in
3044 3848 3280 3922 Ecclesia
3325 3848 3731 3920 Carthaginensi

2146 3921 2429 3976 conuictum
2452 3933 2602 3993 atque
2621 3924 2965 3990 appellantem
2984 3921 3316 3988 apostolicam
3342 3922 3515 3993 sedem
3542 3930 3587 3974 et
3610 3921 3729 3993 ipse

2145 3994 2302 4061 gestis
2333 3990 2665 4059 discusserat,
2707 4002 2967 4061 tamquam
2994 4008 3163 4045 veram
3191 4001 3238 4044 et
3266 3990 3573 4045 catholicam
3600 3990 3729 4044 lau-

2144 4063 2371 4143 dantemn,
2397 4064 2607 4143 insuper
2632 4063 2786 4143 etiam
2815 4064 3084 4143 Africanos
3113 4063 3404 4131 culpantem
3429 4062 3727 4143 episcopos,

2145 4135 2281 4201 quod
2310 4132 2372 4185 ab
2400 4132 2767 4188 illis—heretici
2803 4133 3145 4196 crederentur,
3178 4148 3315 4199 cum,
3349 4136 3564 4185 necdum
3591 4132 3729 4200 ipsis

2147 4204 2407 4272 Africanis
2444 4204 2694 4273 episcopis
2720 4202 2864 4273 dolos
2895 4220 3065 4257 eorum
3087 4204 3246 4273 multo
3277 4203 3602 4273 manifestius
3632 4203 3730 4255 de-

2147 4274 2447 4345 tegentibus.
2468 4272 2775 4328 memeratos
2804 4272 3075 4345 Pelagium
3115 4285 3161 4327 et
3190 4272 3480 4327 Ctelestium
3518 4282 3729 4343 putaret

2146 4344 2419 4398 orthodoxe
2429 4355 2479 4398 8.

2219 4414 2348 4468 Tam
2383 4415 2546 4470 claris
2580 4422 2795 4482 tamque
2833 4416 3087 4484 gravibus
3139 4415 3463 4469 testimoniis
3505 4412 3730 4468 duobus

2150 4488 2366 4539 tertium
2395 4484 2518 4539 addi
2557 4496 2729 4552 potest
2774 4486 2972 4540 Juliani
3023 4484 3195 4549 ipsius
3245 4484 3560 4540 Eclanensis
3605 4487 3730 4552 epi-

2148 4555 2345 4625 scopi:
2386 4555 2666 4610 obscurius
2718 4555 2850 4609 illud
2898 4554 3134 4620 quidem,
3179 4554 3225 4608 si
3276 4570 3371 4623 per
3427 4570 3486 4610 se
3541 4558 3728 4609 solum

2149 4636 2440 4689 spectetur,
2469 4626 2561 4679 sed
2600 4625 2741 4695 quod
2782 4642 2849 4681 ex
2887 4626 3115 4681 aliorqu
3158 4627 3437 4681 consortio
3473 4625 3728 4680 clarissi—

2151 4713 2287 4750 mam
2318 4696 2491 4751 lucem
2518 4696 2730 4749 habeat.

2219 4766 2461 4820 Julianus
2511 4767 2671 4835 igitur
2712 4767 2763 4820 in
2812 4765 2994 4821 libello
3020 4781 3177 4835 quem
3210 4765 3517 4834 scripsitad
3563 4764 3732 4819 Zosi-

2151 4852 2293 4890 mum
2336 4851 2605 4891 summum
2646 4836 2978 4905 pontificem.
3008 4836 3223 4890 nomine
3254 4836 3553 4891 octodecim
3604 4841 3732 4902 epi-

2149 4920 2435 4975 scoporum
2456 4907 2783 4962 damnationi
2814 4907 3009 4975 Pelagii
3036 4917 3089 4961 et
3111 4906 3353 4962 leestii
3374 4906 3729 4961 subscribere

2150 4977 2700 5042 detrectantium,eas
2726 4976 2879 5032 affert
2906 4977 3243 5031 detrectandi
3276 4991 3487 5037 causas,
3520 4989 3728 5043 easque

2151 5049 2497 5113 exceptiones
2543 5048 2800 5102 adversus
2843 5046 3103 5116 judicium
3158 5047 3212 5101 in
3251 5046 3381 5102 sede
3427 5047 3726 5117 apostolica

2153 5120 2371 5175 factum.
2402 5132 2538 5187 quas
2575 5131 2819 5172 summus
2846 5118 3079 5185 pontifex
3118 5119 3170 5173 in
3199 5118 3451 5172 secundis
3495 5117 3722 5183 litteris,

2151 5188 2203 5242 in
2255 5189 2451 5257 quibus
2503 5190 2737 5255 priorum
2792 5189 2850 5241 fit
2900 5188 3124 5253 mentio,
3164 5187 3486 5243 adhibuerat
3532 5197 3728 5241 contra

2148 5256 2479 5313 Africanos:
2529 5274 2626 5312 nec
2666 5258 2821 5313 all'ert
2860 5266 3088 5323 tantum,
3130 5259 3227 5312 sed
3276 5260 3463 5314 iisdem
3505 5272 3728 5326 quoque

2148 5330 2349 5393 verbis,
2380 5330 2444 5381 ad
2474 5328 2732 5398 majorem
2766 5329 2912 5383 sedis
2940 5330 3251 5398 apostolicae
3278 5330 3395 5384 sive
3422 5328 3729 5398 exprobra-

2149 5402 2374 5462 tionem,
2405 5400 2517 5453 sive
2556 5397 2961 5455 contumeliam.
2994 5400 3087 5457 Sic
3115 5400 3259 5455 enim
3302 5400 3466 5455 habet
3505 5397 3725 5468 (Libell.

2148 5467 2302 5541 Fidei
2327 5480 2458 5541 part.
2482 5467 2557 5537 Iv)
2582 5487 2595 5525 :

2220 5539 2367 5595 Illud
2387 5552 2557 5594 autem
2584 5541 2901 5595 sanctitatem
2921 5552 3139 5595 vestram
3157 5540 3450 5608 specialiter
3477 5539 3729 5593 admone-

2147 5627 2279 5676 mus,
2312 5628 2375 5665 ne
2409 5615 2479 5664 ad
2516 5622 2733 5664 vestram
2774 5610 3212 5679 reprehensionem
3265 5610 3457 5679 factum
3510 5610 3726 5677 putetis.

2144 5683 2281 5749 quod
2330 5681 2404 5735 sic
2443 5683 2705 5735 absentum
2756 5682 3158 5747 damnationem,
3203 5681 3265 5735 ob
3320 5681 3413 5733 Dei
3464 5681 3725 5747 timorem,

2141 5752 2455 5808 subscribere
2490 5768 2591 5805 non
2620 5753 2885 5814 audemus.
2910 5754 3047 5806 docti
3082 5767 3172 5807 uer
3207 5752 3509 5816 Scripturas
3534 5751 3726 5803 huma-

2143 5838 2262 5875 nam
2289 5822 2598 5877 voluntatem
2635 5823 2901 5892 praeceptis
2955 5821 3047 5875 Dei
3105 5840 3203 5877 non
3250 5821 3431 5875 debere
3486 5824 3729 5888 pra'fcrri

2143 5894 2355 5948 dicentis
2387 5909 2405 5949 :
2432 5893 2547 5948 lVon
2571 5893 2745 5948 credes
2767 5892 2964 5946 auditui
2989 5910 3139 5962 vano,
3166 5911 3255 5949 nec
3283 5893 3567 5947 consenties
3590 5904 3713 5945 cum
