3996 6184
441 322 547 375 ὖὶῧ
869 322 959 377 AD
996 320 1279 375 PARTEM
1316 320 1585 381 PRIMAM
1625 326 1907 385 OPERUM
1945 326 2015 381 Μ.
2057 326 2499 385 MERCATORIS
2540 326 2887 382 APPENDIX
2926 326 3266 384 SECUNDA.
3595 328 3738 386 554

444 434 726 511 Basiliscus
752 435 1111 511 subdiaconus,
1142 450 1174 485 a
1208 442 1296 511 tua
1341 433 1653 511 beatitudine
1698 451 1811 511 cuin
1860 434 2016 505 gestis
2046 439 2095 493 Α
2124 451 2237 511 mea
2260 437 2523 511 intererat.
2548 439 2621 511 sic
2650 454 2762 489 mea
2805 454 2895 511 per
2939 439 3238 504 apostolica:
3274 440 3413 494 sedis
3443 440 3733 511 judicium

441 506 576 558 sedis
613 504 1189 579 apostolicwhdirectus,
1218 500 1528 579 Carthagine
1568 506 1798 579 convenit
1836 500 2020 579 q'uarto
2123 504 2372 579 roborari,
2405 517 2461 579 ut
2495 510 2647 561 etiam
2692 500 2833 579 apud
2882 500 3101 561 vestram
3145 500 3481 564 reverentiam
3533 527 3731 579 prava

443 592 566 629 non.
604 573 849 651 Novemb.
891 574 1069 651 die,_ut
1090 574 1325 651 adessem
1355 573 1423 627 ad
1450 575 1790 642 apostolicam
1818 577 2014 642 sedem,
2121 578 2233 647 ejus
2250 578 2496 651 doctrina:
2517 578 2825 651 astipulator
2846 580 3231 633 existet-emilde
3252 597 3353 645 quo
3381 573 3729 651 congauderc

441 656 489 698 et
510 654 612 721 tute
636 645 827 721 iudicio
842 645 1148 721 sanctitatis,
1180 654 1285 721 r_t_c.
1434 716 1446 721 _
2120 645 2337 721 possem,
2361 649 2427 711 si,
2453 649 2709 721 dnnznatis
2736 650 2815 701 his
2835 664 2951 716 qua:
2977 666 3010 702 a
3034 666 3110 702 me
3132 652 3211 702 illi
3241 651 3441 721 objecta
3471 645 3719 719 fuerant.

510 714 743 770 Adhibet
771 715 999 792 tandem
1025 714 1334 792 Cappcllus,
1365 716 1513 770 velut
1556 725 1808 792 quartum
1850 730 2014 792 argtt-
2121 718 2386 772 meruisset
2414 719 2624 792 absolvi,
2656 736 2747 772 nec
2776 714 2920 792 prius
2948 737 3001 775 se
3029 720 3261 772 ordinari
3299 714 3724 792 quam'purguri
3790 778 3793 783 ,

441 798 714 856 mentum_
736 784 877 855 quod
929 785 1034 839 alia
1084 788 1346 848 ﬁrmaret,
1398 787 1785 841 auctoritatem
1849 787 2016 852 ipsius
2121 798 2397 850 pateretur.
2449 790 2514 843 Et
2558 800 2738 856 postea
2776 784 2980 842 EHunc
3023 801 3195 842 autem
3250 784 3495 845 libellum
3530 784 3720 846 mimi

438 870 655 930 quoque
685 853 895 911 Paulini
923 856 1158 921 diac0ni,
1194 868 1275 930 ut
1298 856 1712 930 instrumentum
1744 873 1821 930 Ae;
1872 856 2087 930 νεα-,ς
2117 855 2422 930 beatitudini
2449 853 2571 921 tum,
2594 876 2684 926 per
2710 858 3071 913 Marcellinum
3114 860 3479 915 sr'bdiaconum
3512 860 3710 916 Eccle-

439 926 589 980 canis
632 929 997 999 monumentis
1026 934 1236 981 erutum
1262 928 1625 999 instrumento
1668 927 1903 982 indidem
1927 943 2017 982 ac-
2068 925 2073 930 ί
2116 927 2207 981 site
2230 925 2664 999 Cartlmgineusis,
2687 931 2868 983 datum
2896 946 2947 984 v1
2984 933 3104 985 idus
3131 930 3455 992 Novembris.

439 998 855 1069 cepto_relellat
882 1012 897 1053 :
944 997 1217 1069 Paulinus,
1260 997 1462 1066 inquit,
1494 999 1546 1051 in
1606 999 1775 1052 libello
1820 1000 2016 1069 gratias
2148 1067 2158 1069 _
2190 999 2265 1052 Ex
2297 999 2382 1069 bis
2409 997 2620 1055 constat
2645 999 2946 1068 Paulinum,
2970 1001 3026 1055 1⁸
3049 1011 3297 1055 vocatum
3330 1002 3496 1057 fuisse
3523 1016 3552 1054 a
3583 1004 3710 1057 Zo-

439 1068 546 1136 ngit
592 1064 825 1128 Zosimo,
870 1068 1007 1136 quod
1054 1064 1348 1136 apostolica
1380 1072 1682 1121 auctoritate
1728 1064 2016 1125 damnasset

440 1126 732 1210 Calatiam
777 1126 1127 1210 necvssnreit
1163 1154 1412 1193 DAINABE
1460 1154 1700 1195 canones
1745 1156 1871 1203 quos
1909 1141 2017 1210 ipse

439 1206 517 1279 illi
549 1218 605 1262 ut
648 1217 914 1262 accusator
964 1208 1235 1279 objecerat.
1264 1224 1326 1264 ss
1377 1224 1583 1273 quoque
1636 1225 1738 1264 NON
1787 1206 2008 1266 vocs'i'o.

443 1276 580 1349 Tum
606 1280 765 1333 verba
795 1278 995 1347 profert
1021 1276 1218 1349 quibus
1249 1280 1499 1333 l’attiinus
1522 1280 1764 1335 meminit
1793 1282 2012 1349 quidem

443 1346 641 1405 Zosimi
684 1346 1330 1405 vehementer—instantis
1379 1351 1655 1416 tlmlestio,
1706 1361 1762 1405 ιιι
1803 1346 2012 1420 objecm

442 1421 725 1479 damnaret
767 1439 779 1473 :
818 1437 918 1475 nec
972 1431 1150 1474 tamen
1191 1422 1435 1475 meminit
1475 1422 1829 1477 absolutionis
1870 1421 2013 1477 illius

441 1492 595 1554 quasi
643 1492 958 1557 ﬁduciariar,
993 1510 1111 1558 quia:
1156 1493 1207 1545 in
1257 1490 1449 1547 litteris
1507 1503 1864 1551 memoratur,
1907 1505 2013 1550 non

440 1564 904 1626 pra-terruissurus
947 1563 1151 1629 utique.
1182 1564 1225 1615 si
1257 1580 1359 1629 qua
1395 1564 1582 1617 inisset
1621 1579 1715 1632 per
1743 1563 2015 1631 obreptioo

442 1647 567 1686 nrm
608 1633 856 1695 obtenta,
884 1643 939 1687 ct
983 1633 1142 1688 sedes
1191 1633 1484 1701 apostolica
1537 1634 1869 1689 decrevisset
1915 1634 2015 1687 ali—

439 1704 657 1771 quando
690 1704 739 1756 id
771 1704 912 1775 quod
943 1703 1311 1775 postmodum,
1345 1720 1504 1759 causa
1543 1705 1752 1773 plenius
1777 1707 2010 1775 cognita,

440 1775 785 1856 correxisset.
824 1773 920 1863 Es.
944 1774 1026 1857 bis
1069 1789 1197 1857 vero
1226 1774 1388 1863 infert
1420 1786 1529 1863 tres
1568 1773 2009 1863 ἱεωξξιιίεἱοξξιε.
2045 1803 2089 1863 Β

439 1857 561 1911 qun
616 1844 834 1901 nomine
884 1843 1088 1900 Zosimi
1138 1844 1609 1907 circumferuntur,
1664 1846 1784 1901 felle
1835 1846 2012 1913 potius

440 1920 600 1982 quam
634 1925 935 1971 atramento
972 1917 1210 1983 scripta},
1235 1916 1493 1970 conﬁctas
1521 1919 1682 1972 luis~e
1711 1932 1740 1968 a
1770 1915 2014 1985 Pelagia-

442 1985 547 2050 nis,
579 1996 634 2038 ut
675 1987 1036 2056 indulgerent,
1065 1997 1176 2041 tum
1218 2001 1333 2041 sua:
1366 1987 1670 2057 indoliquaa
1699 1986 1764 2041 ad
1807 1988 2012 2040 calum-

442 2057 697 2111 niandum
731 2056 904 2123 facta;
937 2068 1045 2112 tum
1086 2059 1181 2111 ira:
1214 2072 1341 2126 erga
1379 2056 1645 2110 summum
1681 2057 2011 2123 pontiﬁcem.

437 2140 470 2178 a
495 2141 600 2194 quo
630 2142 689 2182 se
720 2129 1002 2182 damnatos
1025 2127 1367 2193 impatienter
1391 2128 1630 2193 ferrent;
1665 2137 1775 2180 tum
1808 2128 1930 2181 odio
1960 2129 2011 2180 in

437 2195 742 2258 Africanos,
775 2214 1002 2267 quorum
1031 2198 1207 2252 studio
1246 2200 1426 2267 urgeri
1453 2214 1513 2253 se
1540 2201 1608 2252 ita
1641 2199 1923 2263 sentirent,
1959 2208 2015 2250 ut

438 2283 615 2338 neque
655 2269 924 2337 reSpirare
950 2278 1173 2338 possent
1203 2284 1480 2335 umquam,
1507 2278 1724 2339 propter
1758 2268 2012 2323 Ecclesia:

438 2340 687 2407 fulmina,
713 2355 886 2409 neque
935 2341 1141 2407 uspiam
1175 2341 1492 2405 consistere,
1527 2350 1746 2408 propter
1786 2340 2013 2407 impera-

439 2410 630 2466 toriam
673 2412 1143 2480 proscriptionem.
1187 2409 1352 2464 Infert
1387 2426 1630 2480 quoque,
1673 2417 1766 2464 aut
1818 2411 2009 2465 saltem

437 2483 776 2550 suspicatur,
804 2482 871 2536 ad
911 2481 1097 2537 iisdem
1143 2480 1441 2535 artiﬁcibus
1478 2481 1783 2535 elaboratas
1825 2491 2011 2548 postea

434 2549 570 2606 duas
590 2552 656 2607 ad
673 2551 1008 2607 Bonifacium
1034 2561 1089 2608 et
1103 2550 1455 2607 leestinutn
1468 2552 1537 2607 de
1558 2549 2011 2620 appellationibus

436 2623 697 2691 ep'stolas
749 2623 1145 2684 Africanorum,
1177 2622 1369 2692 quibus
1414 2638 1510 2692 par
1554 2623 1667 2689 pari
1721 2622 2007 2684 referrent,

438 2696 603 2746 homo
633 2708 756 2748 cum
787 2694 1268 2764 ttsurairedtlerent
1293 2692 1550 2763 quidquid
1577 2692 2011 2764 exprobrationis

435 2780 502 2819 ex
534 2766 669 2819 urbe
692 2764 863 2818 Roma
893 2763 1043 2832 prius
1062 2764 1415 2831 accepissent.

512 2835 587 2888 lla
647 2836 861 2890 quidem
906 2834 991 2888 vir
1044 2834 1305 2899 eruditus,
1348 2834 1443 2890 sed
1508 2849 1668 2901 quem
1723 2833 2007 2899 Baronius,

436 2905 884 2972 quemadmodum
908 2914 963 2959 et
982 2905 1116 2959 alios
1135 2904 1330 2972 oppido
1358 2921 1461 2959 non
1492 2920 1711 2974 paucos,
1738 2906 2009 2959 incautum

435 2974 655 3030 abduxit
684 2976 735 3028 in
767 2989 916 3029 suam
956 2977 1285 3042 Opinionem,
1315 2991 1416 3045 qua
1441 2975 1669 3031 credidit
1713 2977 1947 3029 libellum
1977 2991 2007 3033 a

436 3046 664 3100 Paulino
691 3047 927 3099 oblatum
964 3046 1130 3101 fuisse
1159 3046 1395 3110 Zosimo,
1432 3048 1482 3100 in
1516 3048 1809 3115 gratiarum
1842 3047 2011 3100 actio-

438 3131 584 3180 ηθιυς
604 3125 724 3185 Post
744 3116 1022 3173 damnatos
1049 3118 1347 3185 aposmlica
1378 3117 1704 3172 auctoritate
1734 3116 2005 3186 Pelagium

433 3168 934 3256 έηὶιιιὲϐᾧιέείῖἑίῆί
953 3168 1345 3253 {satisan
1374 3168 2006 3258 pi.“ﬁi.‘t§.‘.a’e'mzngi;
2036 3168 2083 3233 C

435 3259 535 3311 bus
562 3258 775 3313 oblatus
803 3260 893 3321 sit,
924 3273 1026 3313 nec
1073 3258 1217 3311 aliud
1261 3260 1334 3312 sit
1382 3274 1591 3323 revera,
1625 3267 1820 3325 praeter
1844 3258 2014 3312 artiﬁ-

433 3329 635 3382 cioSam
667 3330 952 3399 quamdam
980 3331 1408 3399 excusationem,
1430 3344 1526 3384 cur
1559 3329 1623 3381 ad
1653 3330 2005 3383 constitutum

433 3400 574 3453 diem
601 3415 705 3454 n0n
731 3398 959 3463 affuerit,
981 3398 1147 3455 immo
1184 3414 1282 3454 nec
1319 3398 1510 3454 adesse
1536 3399 1783 3454 debuerit
1809 3399 2013 3468 judicio

432 3469 579 3527 sedis
599 3471 927 3539 apostolicae.

506 3538 912 3610 Non’rqnidem
965 3538 1222 3606 diiﬁteor,
1261 3554 1472 3594 summo
1521 3540 1759 3609 pontiﬁci
1813 3541 2013 3608 gratias

434 3611 644 3681 aliquas
673 3628 701 3664 a
734 3612 955 3666 Paulino
982 3613 1202 3677 referri;
1226 3613 1413 3665 referri
1443 3627 1579 3681 nego
1606 3614 1677 3666 ob
1705 3627 2013 3681 supremam

435 3685 754 3737 sententiam
780 3684 829 3735 in
858 3682 1171 3738 leestium
1197 3684 1355 3736 latam
1382 3697 1397 3736 :
1425 3683 1563 3750 quod
1598 3686 1826 3737 maxime
1847 3698 2013 3750 Opor-

437 3761 595 3818 terct,
630 3755 671 3806 si
704 3754 1004 3808 audiendus
1045 3754 1181 3807 foret
1221 3754 1521 3818 Baronius;
1554 3754 1649 3810 sed
1688 3755 1785 3808 hac
1816 3770 1917 3807 una
1947 3756 2014 3808 tle

412 3838 621 3890 causa,
653 3827 777 3893 quia
818 3824 1093 3887 Z-nimus,
1122 3826 1263 3878 inter
1288 3825 1553 3894 agendum
1583 3840 1703 3879 cmn
1735 3826 2011 3889 (Itelestio,

439 3896 645 3949 l‘aulini
677 3903 1005 3950 mentionem
1038 3895 1272 3958 fecisset,
1308 3911 1536 3965 eamque
1576 3905 1723 3949 tanto
1758 3894 2016 3950 honoriﬁ-

434 3967 766 4032 centiorem,
808 3974 1008 4035 quanto
1039 3965 1412 4020 vehementius
1449 3967 1719 4020 institerat
1746 3976 1805 4020 ut
1839 3966 2014 4020 Coale-

435 4038 572 4093 stius
607 4052 964 4106 qumcumque
989 4035 1251 4091 diaconus
1290 4037 1345 4089 in
1384 4036 1567 4090 libello
1597 4037 1872 4104 objecerat
1897 4038 2015 4091 sine

435 4105 661 4161 circuitu
688 4105 994 4170 damnaret,
1022 4108 1067 4160 si
1097 4107 1258 4159 modo
1286 4105 1586 4161 catholicus
1610 4107 1799 4161 audire
1829 4107 2011 4161 vellet.

437 4179 660 4232 Tantam
682 4180 825 4234 enim
860 4178 1130 4246 pontiﬁcis
1170 4179 1476 4232 instantiam
1521 4178 1901 4245 interpretatus
1931 4188 2016 4232 est

438 4249 724 4311 Paulinus,
770 4250 922 4304 velut
962 4254 1241 4305 honestam
1280 4248 1571 4303 vadimonii
1614 4248 2014 4303 remissionem.

437 4320 576 4385 Quid
607 4321 751 4373 enim
784 4331 1095 4382 superesset
1119 4335 1299 4375 causa:
1322 4334 1419 4374 cur
1442 4319 1646 4389 judicio
1682 4334 1740 4374 se
1776 4322 2013 4385 sisteret,

439 4405 559 4441 etim
593 4392 706 4460 jam
725 4397 794 4460 Aet
812 4390 931 4457 ejus
963 4391 1097 4444 ﬁdes
1126 4393 1347 4460 probata
1376 4391 1536 4455 foret,
1562 4400 1616 4445 et
1646 4390 1859 4460 libellus
1887 4391 2016 4445 olim

440 4459 663 4513 Aurelio
710 4458 1035 4527 Carthagine
1094 4458 1307 4515 oblatus
1370 4477 1467 4530 pro
1535 4459 1839 4516 indubitato
1908 4461 2018 4516 litis

440 4532 801 4584 instrumento
824 4538 1077 4597 acceptus
1106 4532 1282 4584 esset?

516 4600 738 4672 Verum,
768 4608 823 4652 nt
873 4614 959 4672 res
1006 4608 1134 4672 tota,
1167 4616 1287 4669 quae
1334 4602 1481 4655 viros
1525 4603 1686 4656 etiam
1734 4602 2019 4672 diligentes

441 4671 797 4741 praeterfugit,
822 4670 1121 4725 evidentius
1159 4679 1417 4739 patescat,
1435 4673 1784 4727 exscribenda
1810 4670 2020 4727 videtur

444 4760 568 4803 pars
592 4744 778 4797 ultima
810 4741 1000 4806 libelli,
1024 4756 1125 4809 qua
1156 4744 1430 4810 negotium
1462 4743 1575 4797 fere
1603 4745 1869 4811 integrum
1891 4762 2021 4798 con-

441 4816 664 4869 tinetur.
703 4813 795 4869 Sic
823 4821 1000 4866 autem
1036 4827 1095 4866 se
1142 4814 1337 4866 habet:
1375 4812 1522 4867 Unde
1552 4829 1642 4866 oro
1681 4816 2021 4883 apostolatui»:

444 4895 588 4937 tuum
618 4898 673 4937 ut
701 4887 837 4937 hunc
874 4900 1042 4937 meum
1066 4884 1293 4938 libellum
1324 4886 1519 4949 suscipi
1538 4884 1743 4951 jubeas,
1774 4902 1877 4953 quo
1904 4902 2021 4956 gra-

440 4956 540 5009 tias
589 4959 809 5023 referam
857 4964 1011 5009 tanta!
1055 4955 1183 5015 sedi,
1224 4964 1269 5005 et
1313 4956 1571 5025 sententiis
1596 4957 1894 5025 justissimis
1931 4973 2022 5020 pro

444 5035 588 5087 parte
632 5043 745 5079 mea
786 5027 905 5078 latis
935 5040 953 5077 :
979 5041 1130 5093 quem
1183 5025 1376 5078 idcirco
1407 5024 1742 5093 direxi,quia
1787 5043 1865 5078 me
1909 5028 2023 5080 licet

438 5111 675 5149 sermone
698 5094 978 5148 Basiliscus
1006 5096 1369 5163 subdiaconus,
1394 5112 1425 5148 a
1456 5105 1543 5147 tua
1571 5094 1885 5149 beatitudine
1908 5113 2025 5148 cum

443 5165 597 5231 gestis
634 5166 769 5219 sedis
816 5167 1114 5228 apostolica:
1153 5166 1398 5230 directus,
1432 5166 1745 5235 Carthagine
1794 5170 2025 5221 convenit

441 5244 626 5304 quarto
657 5252 908 5290 nonarum
944 5235 1309 5290 Novembrium
1337 5236 1441 5304 die,
1475 5248 1527 5288 ut
1552 5237 1781 5289 adessem
1804 5242 1871 5289 ad
1900 5255 2025 5303 apo-

441 5306 675 5378 stolicam
717 5307 904 5367 sedem,
942 5315 991 5360 et
1038 5316 1139 5360 tua:
1170 5307 1374 5378 judicio
1422 5308 1729 5360 sanctitatis.
1772 5307 1851 5360 Ad
1890 5310 2028 5373 quod

444 5377 555 5434 fuse
573 5386 867 5446 suggestum
894 5388 967 5432 est
994 5393 1075 5432 me
1106 5377 1400 5441 promittere
1431 5394 1531 5429 non
1568 5378 1862 5444 defuturum
1894 5380 2024 5447 fore,

441 5449 488 5499 si
518 5447 788 5501 adversum
818 5463 916 5507 me,
949 5455 995 5501 et
1018 5465 1117 5501 non
1147 5465 1237 5518 pro
1272 5464 1369 5505 me,
1404 5449 1579 5517 fuisset
1612 5448 1719 5501 lata
1748 5449 2022 5501 sententia.

443 5519 469 5570 Ι
478 5519 528 5571 bi
550 5529 667 5570 tunc
696 5519 853 5590 igitur
880 5517 1008 5571 nihil
1038 5517 1187 5590 agere
1222 5520 1384 5589 potui,
1416 5520 1536 5587 quia
1558 5520 1619 5577 is,
1644 5520 1729 5586 qui
1761 5521 1830 5571 ad
1858 5522 2026 5572 scdtm

442 5589 781 5658 apostolicam
840 5597 1223 5657 provocaverat,
1275 5589 1463 5657 defuit,
1524 5606 1669 5656 quem
1733 5600 2028 5656 oportuerat

441 5662 618 5730 urique
646 5661 958 5721 meritasute
986 5661 1344 5729 appellationis
1369 5670 1617 5720 astruere,
1657 5661 1877 5713 maxime
1911 5676 2028 5712 cum

445 5732 575 5783 nihil
617 5739 799 5797 agente
844 5732 1196 5797 oppellatore,
1246 5730 1525 5782 secundum
1576 5732 1727 5782 etiam
1777 5732 2027 5783 humanas

449 5808 602 5866 itf"€8,
631 5803 861 5869 superior
888 5818 1081 5869 scmpcr
1104 5812 1174 5856 cst
1199 5802 1285 5855 ille
1310 5802 1394 5869 qui
1424 5802 1557 5853 ricit.
1595 5800 1732 5865 Quid
1763 5803 1892 5852 enim
1910 5802 2027 5867 jam

2046 4549 2100 4609 D

2115 1067 2258 1123 simo
2287 1086 2301 1122 :
2330 1068 2610 1126 Basiliscus
2660 1088 2739 1125 me
2783 1067 3013 1125 convenit
3039 1114 3055 1137 ,
3086 1082 3139 1125 ut
3168 1074 3394 1126 adessem
3418 1075 3491 1125 ad
3522 1077 3712 1127 sedens

2115 1141 2476 1208 apostolicam,
2501 1153 2606 1197 etc.
2646 1141 2705 1198 2⁸
2744 1141 3107 1211 Rescripsisse
3133 1152 3286 1197 sexto
3315 1152 3433 1207 post
3460 1157 3714 1198 conven-

2117 1214 2318 1282 tiottem
2357 1212 2444 1267 die
2497 1231 2509 1265 '.
2548 1212 2791 1268 Convenit
2836 1229 2914 1266 me
2961 1221 3146 1282 quarto
3195 1230 3444 1267 nonarum
3491 1230 3711 1268 novem-

2118 1280 2282 1332 bn’um
2322 1283 2426 1349 die,
2468 1291 2573 1337 etc.
2627 1282 2689 1335 5°
2721 1282 2944 1337 Dedisse
2974 1280 3230 1337 libellum
3281 1299 3434 1338 suum
3478 1300 3532 1337 vt
3580 1285 3714 1341 idus

2114 1349 2435 1423 Novembris
2464 1352 2840 1423 perferendum
2871 1354 3178 1408 Marcelliano
3207 1354 3537 1409 subdiacono
3556 1396 3570 1413 .
3607 1356 3712 1423 qui

2115 1421 2273 1493 simul
2299 1424 2490 1478 detulit
2521 1425 2728 1479 litteras
2764 1422 3203 1493 Carthaginensis
3242 1425 3455 1480 COIICiiii
3492 1425 3556 1479 ad
3589 1421 3710 1478 Zo-

2114 1491 2333 1559 simnm,
2359 1495 2552 1563 quibus
2575 1496 2710 1550 ratio
2737 1491 3052 1551 instituendi
3082 1510 3202 1550 cum
3234 1494 3487 1550 Caelestio
3508 1496 3711 1564 judicii

2116 1563 2523 1635 continebatur,
2551 1580 2883 1634 quarumque
2910 1565 3161 1620 meminit
3190 1563 3521 1634 Augustinus
3552 1565 3704 1635 (Lib.

2116 1636 2263 1706 trod
2297 1633 2481 1706 Bonif.
2522 1652 2633 1706 cap.
2666 1638 2722 1703 5)
2750 1678 2765 1699 .
2802 1633 2979 1689 immo
3026 1644 3081 1690 et
3127 1636 3243 1704 ipse
3285 1633 3711 1700 ’Paulinus'lln

2116 1703 2312 1775 libello)
2345 1703 2673 1777 hisjverbis:
2702 1706 2797 1761 Cui
2813 1707 2928 1777 jam
2956 1722 3058 1760 non
3084 1703 3304 1777 ntecum,
3331 1706 3419 1759 sed
3439 1724 3553 1760 cum
3582 1712 3711 1763 uni—

2116 1791 2260 1828 versa
2296 1777 2391 1829 Dei
2419 1776 2651 1830 Ecclesia
2678 1794 2833 1830 causa
2861 1788 2935 1830 est
2953 1818 2968 1841 ,
3007 1779 3140 1831 sicut
3174 1776 3299 1830 data
3326 1779 3393 1829 ad
3423 1780 3710 1832 beatitudi-

2117 1863 2230 1917 nem
2258 1856 2396 1900 tuam
2426 1849 2619 1917 scripta
2646 1857 2915 1902 testantur.
2955 1847 3014 1901 4⁸
3038 1847 3333 1917 Scripsisse
3362 1860 3488 1904 aute
3520 1850 3707 1916 iugatis

2114 1915 2353 1971 Coelestii
2382 1934 2449 1973 ex
2479 1915 2609 1973 urbe
2636 1919 2805 1977 [torua
2830 1934 2844 1982 ;
2877 1919 2945 1974 de
2970 1934 3037 1976 eo
3061 1915 3204 1974 enim
3241 1919 3479 1988 loquitur
3504 1915 3706 1986 (ibim)

2117 1988 2276 2041 veluti
2304 1990 2372 2043 de
2401 1998 2665 2055 praesente
2699 2007 2710 2042 :
2746 1989 2876 2043 Cum
2912 2000 3091 2041 contra
3118 1991 3453 2057 apostolicam
3490 2001 3708 2044 senten-

2116 2059 2238 2110 tiam
2267 2060 2434 2113 venire
2458 2060 2674 2126 nititur,
2706 2069 2809 2115 etc.
2868 2058 2935 2112 In
2971 2061 3105 2113 sedis
3134 2059 3430 2126 apostolica:
3452 2070 3582 2113 ccta
3614 2077 3709 2114 co-

2117 2139 2270 2183 natur
2298 2140 2528 2185 astruere
2552 2171 2566 2194 ,
2616 2144 2722 2185 etc.
2776 2130 2832 2186 5°
2861 2131 2994 2185 Tres
3025 2132 3272 2185 attulisse
3316 2145 3509 2184 causas
3562 2132 3707 2186 irriti

2116 2201 2405 2255 vadimnnii
2428 2242 2443 2265 ,
2476 2217 2671 2268 nempe
2700 2201 2842 2269 quod
2874 2202 3164 2270 appellatio
3198 2204 3414 2267 pristina
3448 2202 3707 2270 neglecta

2114 2269 2304 2326 fuisset
2350 2289 2379 2325 a
2431 2288 2521 2325 reo
2553 2290 2565 2325 :
2599 2272 2819 2335 Defuit,
2867 2269 3016 2336 quem
3059 2282 3351 2339 aportuerat
3380 2269 3559 2325 merita
3589 2288 3709 2325 sua:

2114 2341 2473 2411 appellationis
2494 2353 2755 2408 astruere;
2781 2341 2921 2411 quod
2944 2342 3212 2397 condictio
3236 2343 3373 2395 intra
3398 2342 3705 2397 secundum

2116 2426 2352 2466 mensem
2383 2428 2490 2467 non
2515 2414 2665 2483 prius
2683 2413 2974 2483 signiﬁcata
3000 2412 3158 2467 luerit
3181 2427 3339 2483 quam
3364 2424 3532 2466 totum
3564 2424 3708 2466 tem-

2116 2497 2212 2549 pus
2257 2483 2551 2537 efﬂuxis~et
2586 2502 2598 2535 :
2632 2481 2872 2538 Convenit
2902 2500 2951 2536 tv
2980 2499 3234 2537 nonarum
3283 2481 3653 2536 Novembrium
3682 2501 3703 2548 ,-

2114 2554 2254 2620 quod
2286 2555 2601 2624 signiﬁcatio
2643 2555 2780 2609 facta
2811 2553 3009 2621 fuerit,
3044 2569 3148 2609 non
3188 2558 3391 2621 scripto
3416 2597 3431 2620 ,
3478 2567 3534 2607 ut
3579 2556 3705 2623 lege

2114 2636 2328 2679 cautum
2358 2633 2445 2679 est
2471 2666 2487 2691 ,
2540 2625 2634 2679 sed
2664 2627 2829 2679 verbo
2856 2634 3061 2679 tantum
3088 2664 3103 2686 ,
3136 2625 3278 2695 quod
3324 2625 3522 2678 nullius
3569 2640 3701 2679 mo-

2114 2696 2278 2751 menti
2311 2714 2325 2748 :
2358 2695 2493 2762 Quia
2535 2713 2613 2750 me
2642 2696 2757 2749 licet
2788 2712 3039 2757 sermone,
3083 2694 3189 2749 etc.
3220 2694 3283 2745 ϐο
3314 2695 3555 2763 Denique
3585 2710 3701 2748 non

2114 2765 2291 2833 egiSse
2336 2770 2535 2833 gratias
2573 2766 2642 2821 de
2689 2770 2957 2822 sententia
2988 2765 3454 2823 condemnationis
3485 2768 3705 2829 ultima,

2112 2851 2229 2903 quae
2262 2838 2363 2890 lata
2392 2852 2498 2891 non
2528 2850 2612 2892 est
2638 2849 2761 2892 ante
2792 2852 3031 2892 mensem
3069 2836 3261 2891 Maium
3292 2853 3415 2892 ann.
3446 2835 3571 2901 418,
3602 2837 3708 2892 sed

2113 2910 2179 2958 de
2212 2908 2293 2961 his
2325 2908 2494 2962 solum
2528 2924 2647 2977 quae
2685 2918 2800 2962 acta
2834 2909 3046 2962 fuerant
3082 2918 3208 2962 ante
3234 2906 3377 2962 diem
3406 2906 3439 2960 8
3471 2907 3710 2961 Novem-

2115 2977 2223 3030 bris
2251 2994 2377 3031 antt.
2410 2980 2513 3034 417
2550 2997 2563 3033 :
2597 2994 2718 3032 nam
2755 2978 3096 3031 Marcellinus
3138 2978 3303 3033 libelli
3346 2978 3552 3030 delator
3584 2978 3705 3030 Ro-

2114 3063 2253 3101 mam
2279 3050 2485 3119 appulit
2514 3059 2638 3104 ante
2666 3051 2849 3102 tertias
2868 3048 3067 3101 Zosimi
3091 3049 3307 3119 litteras
3329 3048 3399 3101 ad
3425 3049 3610 3111 Afros;
3645 3049 3704 3101 in

2115 3119 2245 3188 ipsis
2282 3117 2423 3174 enim
2474 3120 2531 3173 ﬁt
2558 3120 2767 3188 appulsi
2806 3117 3105 3173 Marcellini
3135 3120 3334 3173 mentio
3368 3136 3381 3169 :
3425 3120 3539 3173 ista:
3570 3134 3707 3172 vero

2116 3187 2310 3244 littera:
2340 3192 2477 3243 data:
2508 3187 2632 3244 sunt
2662 3200 2787 3245 ante
2817 3190 2976 3243 latam
3006 3205 3034 3242 a
3059 3188 3276 3245 Zosimo
3306 3204 3611 3257 supremam
3648 3193 3705 3243 in

2115 3259 2430 3315 leestium
2462 3263 2815 3323 sententiam,
2844 3271 2908 3315 ut
2931 3276 2998 3314 ex
3028 3260 3160 3328 ipsis
3186 3271 3370 3325 aperte
3396 3270 3624 3313 constat.

2191 3332 2283 3383 llis
2304 3336 2553 3385 omnibus
2578 3330 2970 3385 animadversis
2994 3338 3293 3400 respondeo
3316 3330 3526 3383 tan‘tiem
3558 3329 3706 3397 Cap-

2118 3401 2281 3470 pello,
2315 3417 2488 3469 neque
2516 3405 2616 3455 hoc
2645 3401 2834 3456 ultimo
2859 3411 3197 3468 argumento,
3227 3416 3401 3469 neque
3430 3402 3708 3469 prioribus

2116 3472 2238 3527 aliis
2265 3474 2466 3534 tribus,
2497 3474 2626 3526 satis
2654 3472 2850 3525 conﬁci
2877 3474 3183 3541 suppositas
3214 3472 3375 3524 fuisse
3400 3486 3430 3522 a
3462 3471 3708 3538 Pelagia-

2118 3545 2200 3595 nis
2232 3544 2435 3597 litteras
2461 3557 2596 3611 quas
2628 3542 3024 3597 illustrissimus
3054 3542 3337 3596 Annalium
3369 3546 3601 3607 scriptor
3629 3558 3699 3595 ex

2118 3612 2389 3667 Vaticanis
2440 3615 2805 3667 ttionumentis
2835 3614 2887 3667 in
2939 3615 3111 3667 lucem
3144 3611 3352 3676 edidit,
3398 3612 3708 3681 quibusque

2118 3682 2275 3738 ﬁdem
2308 3685 2625 3739 Mercatoris
2653 3693 2708 3738 et
2735 3684 2972 3738 Facundi
3001 3686 3294 3738 auctoritas
3321 3693 3517 3735 tantam
3549 3683 3703 3745 facit,

2116 3764 2312 3823 quanta
2338 3767 2510 3821 p0test
2539 3770 2660 3809 esse
2686 3756 2944 3820 maxima,
2968 3755 3020 3808 in
3051 3755 3213 3809 rebus
3236 3753 3421 3823 procul
3453 3761 3703 3821 tempore

2116 3827 2455 3881 distantibus.

2694 3894 2742 3949 Χ
2780 3895 3092 3951 SYNODUS
3112 3938 3127 3961 ,

2118 3991 2162 4042 Α
2201 3988 2462 4043 Theodoto
2508 3989 2821 4042 Antiochrno
2867 3991 3105 4059 episcOpo
3144 3991 3389 4042 adversus
3434 3988 3706 4057 Pelagium

2188 4060 2396 4123 habita,
2448 4070 2504 4111 ut
2550 4061 2767 4122 videtur,
2814 4060 3117 4123 Antiochiet,
3163 4062 3341 4113 iisdem
3384 4060 3704 4122 consulibus,

2188 4147 2359 4185 mense
2389 4129 2596 4183 Octobri
2624 4147 2762 4183 anno
2793 4130 2979 4184 Christi
3009 4130 3132 4184 417.

2195 4244 2462 4299 Decimam
2511 4244 2774 4314 synodum
2829 4243 3010 4297 habuit
3054 4243 3362 4298 Theodotus
3404 4244 3707 4297 Antiocbic

2120 4316 2423 4383 episcopus,
2460 4325 2516 4367 ut
2550 4315 2737 4368 scribit
2766 4315 3029 4369 Mercator
3066 4316 3117 4366 in
3148 4314 3263 4369 htcc
3292 4315 3451 4368 verba
3478 4331 3490 4366 :
3520 4315 3706 4367 Adhuc

2120 4388 2271 4440 etiam
2298 4384 2674 4454 Hierosolymis
2701 4384 3273 4456 constitutusl’clagius
3308 4398 3574 4439 accusatus
3606 4388 3707 4455 fuit

2121 4458 2262 4525 apud
2290 4458 2577 4524 synodum;
2621 4466 2667 4507 et
2701 4456 2865 4525 primo
2894 4455 3100 4525 quidem
3130 4455 3507 4523 tergiversando
3536 4458 3705 4509 ambi-

2125 4529 2234 4598 guis
2259 4526 2563 4598 quibusdam
2591 4526 3072 4598 seqprofessionibus
3101 4534 3291 4598 tegens,
3324 4536 3369 4580 ct
3397 4543 3709 4590 prosequens

2124 4596 2310 4660 dubia,
2342 4597 2418 4649 vel
2444 4596 2782 4663 respondens,
2813 4596 2957 4648 illam
2979 4607 3098 4648 tunc
3124 4596 3321 4649 videtur
3349 4599 3709 4664 episcOporum

2123 4668 2439 4722 audientiam
2461 4666 2735 4731 delusisse;
2777 4666 2864 4718 sed
2894 4668 3215 4736 postmodum
3243 4667 3501 4720 evidenter
3522 4668 3711 4736 depre-

2124 4739 2331 4799 hensus,
2351 4736 2693 4789 insistentibus
2716 4738 3117 4800 accusatoribus,
3137 4754 3167 4788 a
3188 4739 3466 4803 posteriore
3484 4739 3709 4806 synodo,

2124 4811 2205 4863 cui
2250 4820 2441 4863 sanctw
2487 4809 2745 4878 memoriae
2788 4806 3077 4859 Theodotus
3132 4807 3421 4861 Antiochia:
3469 4808 3709 4878 pra’sedit

2124 4882 2419 4949 cpiscopus,
2452 4888 2600 4946 atque
2625 4877 2941 4949 detectus,‘a
2967 4879 3154 4930 sanctis
3184 4894 3383 4947 quoque
3419 4889 3465 4930 et
3494 4894 3710 4949 veneras

2127 4946 2307 5005 bilibus
2354 4948 2835 5019 Hierosolymorum
2883 4946 3011 5000 locis
3053 4959 3125 5001 est
3173 4946 3474 5002 deturbatus
3522 4963 3540 4999 .'
3572 4947 3711 5019 quod

2126 5020 2356 5087 eiusdem
2415 5020 2578 5073 sancti
2635 5018 2881 5072 Theodoti
2930 5019 2995 5070 ad
3045 5020 3517 5071 reverendissimum
3570 5018 3713 5071 urbis

2129 5092 2307 5145 Roma:
2330 5093 2646 5162 episcopum,
2678 5101 2732 5162 et
2751 5100 2939 5143 sancta:
2965 5090 3334 5162 recordationis
3352 5089 3556 5157 Prayhi
3582 5087 3713 5139 Ilie-

2127 5160 2481 5231 rosolymitani
2509 5161 2734 5231 episcopi
2772 5163 2929 5212 missa
2960 5160 3151 5231 scripta
3177 5169 3459 5213 testantur.
3492 5173 3713 5231 quorum

2128 5226 2440 5295 exemplaria
2478 5226 2548 5284 ad
2585 5226 2947 5283 documentum
2981 5226 3221 5285 habemus
3250 5232 3303 5283 in
3332 5226 3565 5283 manibus
3611 5226 3713 5298 (In

2129 5303 2437 5359 Commonit.
2479 5318 2593 5371 cap.
2627 5302 2705 5369 5).

2204 5376 2328 5427 Ηωο
2356 5369 2592 5443 synodus
2623 5373 2801 5441 ignota
2831 5369 2931 5425 fuit
2953 5370 3250 5440 Augustino
3272 5370 3395 5441 :qui
3417 5371 3565 5443 enim
3595 5378 3715 5443 tan-

2130 5456 2241 5497 tum
2274 5441 2643 5512 prmjutlicium
2688 5443 2941 5496 tacuisset
2981 5444 3222 5495 scribens
3255 5444 3518 5496 adversus
3542 5441 3715 5496 Julia-

2131 5530 2280 5578 num,
2307 5530 2428 5568 cum
2451 5513 2663 5567 curiose
2690 5514 2893 5581 singula
2927 5527 3103 5565 causa:
3130 5513 3414 5567 catholica:
3444 5522 3716 5565 momenta

2129 5587 2493 5653 conquireret,
2513 5596 2566 5637 et
2599 5583 2665 5636 iis
2690 5593 2930 5637 uteretur
2958 5584 3168 5652 quoties
3186 5583 3402 5637 occasio
3440 5596 3501 5635 se
3528 5581 3718 5635 daret!

2200 5656 2299 5721 Qui
2338 5668 2536 5721 printer
2567 5654 2913 5708 Mercatorem
2939 5654 3267 5707 mentionem
3292 5654 3497 5716 fecerit,
3526 5654 3718 5707 saltem

2130 5734 2394 5794 apertam,
2423 5725 2693 5794 neminem
2723 5723 2961 5789 memini,
2987 5723 3518 5794 prmterrblarianum
3537 5722 3719 5794 Victo-

2130 5791 2294 5863 rium,
2319 5797 2419 5851 nisi
2446 5795 2584 5849 forte
2607 5793 3003 5849 Antiochenam
3034 5793 3325 5848 concilium
3355 5808 3457 5864 pro
3487 5791 3717 5860 Diospo-
