3996 6184
240 384 375 439 3δό

818 378 1125 438 DISSERT.
1169 380 1236 439 ll.
1277 382 1367 441 DE
1404 382 1697 443 SYNODIS
1734 384 2007 444 HABITIS
2044 383 2112 443 IN
2148 382 2374 442 CAUSA
2413 381 2960 442 PELAGIANORUM

3436 388 3541 447 5815

243 499 433 552 litnno
477 497 615 553 dixit
648 514 661 552 ε
695 496 822 552 Herc
845 538 861 562 ,
893 496 1107 569 inquit,
1139 506 1187 552 et
1216 497 1321 551 alia
1350 500 1584 567 quaedam
1622 513 1851 552 evomens
1879 503 1925 560 Α
1956 500 2240 569 epistolam
2272 498 2660 569 scripsit,_qna,
2691 508 2750 552 ttt
2778 500 2851 553 ait
2875 499 3119 555 Zosimus
3143 501 3194 555 in
3218 502 3443 569 epistola
3472 506 3540 560 ad

244 569 510 638 Pelagius
534 611 548 628 .
599 586 712 622 cum
750 586 780 621 a
816 568 991 621 multis
1036 569 1399 622 admoneretur
1425 609 1437 625 .
1471 570 1851 621 damnationem

241 642 467 703 timens,
498 640 774 693 recentavit
808 642 1003 709 primo;
1048 653 1172 691 mox
1198 654 1377 692 rursus
1404 638 1473 692 ad
1510 639 1687 709 eadem
1712 640 1853 708 prio-

238 725 423 778 raque
450 713 706 775 relapsus,
730 713 791 763 ab
808 706 1135 763 'Antiocltena
1155 710 1373 778 synodo,
1400 710 1521 762 item
1551 706 1851 762 Innocentio

237 797 432 847 primo
447 779 756 849 Zosimoque
769 781 983 833 summis
996 779 1324 849 pontiﬁcibus
1341 780 1613 833 damnatus
1629 787 1724 844 est,
1743 791 1847 834 etc.

242 849 353 919 (Its
384 852 592 921 praefat.
617 848 767 921 epist.
796 850 1012 905 Hieron.
1043 852 1110 902 ad
1139 848 1563 921 Ctesiphontem).
1664 854 1667 857 ⁷

334 919 742 985 ιιᾶκί,⁷δ;ιιιέιιι,
778 932 1017 989 apertam
1037 961 1051 979 .
1094 929 1234 983 etc.,
1267 920 1391 987 quia
1422 919 1569 974 locus
1597 928 1679 974 est
1710 920 1849 987 apud
1881 962 1891 973 .

243 989 539 1053 Plautium.
569 995 661 1059 qui
688 993 735 1046 si
761 992 1099 1055 emendetur,
1132 1003 1188 1043 ιιι
1218 989 1462 1058 profecto
1490 990 1670 1052 debet,
1704 990 1848 1045 Mer-

235 1066 466 1116 eatoris
488 1064 693 1117 dictum
726 1073 874 1117 certo
904 1062 1119 1131 probet.
1158 1061 1249 1115 Sic
1295 1060 1436 1113 enim
1488 1062 1649 1131 habet
1694 1061 1847 1131 (Cod.

238 1132 349 1197 54)
408 1148 428 1187 :
471 1131 638 1186 Porro
686 1133 795 1188 haec
840 1133 1043 1198 quidem
1088 1130 1374 1201 Pelagiana
1420 1146 1508 1185 seu
1551 1130 1853 1184 Calestiana

236 1202 493 1267 Ita‘resis,
526 1205 701 1257 nonin
730 1203 946 1272 Oriente
963 1200 1231 1255 dumtaxat
1256 1202 1433 1272 viguit,
1460 1200 1550 1254 sed
1572 1203 1724 1254 etiam
1751 1201 1853 1254 0c-

234 1273 513 1326 cidentem
559 1278 808 1339 pentasit,
840 1284 887 1327 et
913 1271 1221 1344 Carthagine
1245 1273 1298 1325 in
1317 1272 1506 1344 Africa
1542 1272 1606 1344 ah
1642 1273 1851 1326 Aurelio

232 1352 411 1415 atque
447 1347 733 1414 Augustino
769 1342 1079 1415 deprehensa
1104 1342 1155 1397 et
1180 1343 1431 1406 convicta,
1469 1342 1721 1415 uariisque
1750 1360 1849 1415 pur-

233 1412 388 1467 blice
427 1412 655 1469 conciliis
691 1412 935 1469 damnata
984 1423 1094 1479 est;
1140 1415 1289 1485 ejecti
1317 1429 1440 1485 gero
1473 1414 1564 1482 qui
1602 1429 1719 1465 cum
1770 1414 1851 1469 his

234 1484 532 1548 sentirent,
566 1498 825 1553 tamquam
854 1486 1096 1549 haeretici,
1128 1483 1271 1537 extra
1306 1483 1622 1553 Ecclesium,
1650 1493 1848 1553 tempo-

230 1554 399 1626 ribus
429 1552 777 1626 episcoporum
806 1554 1075 1626 Theophili
1107 1554 1455 1626 Alexandriae,
1484 1562 1530 1607 et
1558 1552 1851 1608 Innocentii

231 1624 402 1677 urbis
434 1624 626 1691 Roma,
659 1637 764 1681 tam
790 1644 821 1679 tt
856 1624 1105 1679 Bouiania
1132 1641 1288 1695 quam
1317 1624 1600 1694 Africanis,
1627 1626 1849 1679 ceteris-

230 1710 345 1756 que
386 1695 680 1751 Occidentis
706 1698 976 1767 episcOpis.
1008 1694 1259 1767 Nantubi
1292 1695 1343 1748 in
1376 1694 1565 1767 Graeco
1597 1695 1844 1763 habetur,

230 1767 289 1843 ἔγ
320 1776 447 1827 τοῖς
487 1768 690 1843 χρόνοις
717 1765 807 1823 rei)
842 1768 1082 1843 Θεοφίλου
1110 1765 1619 1843 τοῦᾳᾊλεξανδρςίας.
1668 1766 1849 1843 legen-

1955 568 2238 641 Al'ricanOs
2266 571 2389 641 data
2424 584 2472 621 ιι
2504 567 2608 622 kal.
2639 571 2887 624 Octobris
2916 588 3084 625 canste
3114 567 3313 641 Pelagii
3342 576 3541 628 enixius

1952 640 2263 713 astipulator
2301 640 2601 713 intervenit,
2649 656 2763 693 cunt
2801 643 3015 713 jamritt
3064 640 3251 713 locum
3282 645 3542 713 quondam

1954 709 2116 783 sancti
2140 709 2360 783 Joannis
2379 710 2650 783 episcopus
2676 719 2803 764 esset
2830 712 3102 783 ordinatus
3120 709 3312 783 (Epist.
3337 714 3393 773 4.
3426 730 3540 783 qua!

1952 778 1987 830 2
2016 782 2067 832 in
2098 797 2253 833 causa
2294 778 2566 848 Pelagii).
2614 780 2865 846 Oportuit
2909 782 3066 848 igitur
3114 778 3253 837 int-cr
3311 778 3537 848 primani

1954 848 2093 905 hanc
2119 850 2416 923 epistolam
2464 850 2973 923 commendatoriam
2998 894 3023 923 ,ί
3055 856 3310 922 scriptam
3355 857 3538 923 utique

2027 929 2074 975 ςῑ
2100 921 2241 976 diem
2278 920 2344 974 lt)
2373 919 2592 973 Januar.
2625 929 2681 974 et
2708 919 2866 973 aliam
2892 919 3408 989 condemnatoriam,
3444 919 3538 979 c'u-

2027 936 2074 975 ,ι
2100 936 2241 976 atem
2278 936 2344 974 ‘IU
2373 936 2592 973 sanuar.
2625 936 2681 974 et
2708 936 2866 973 suam
2892 936 3408 989 condemnatortam,
3444 942 3531 979 cu-

1946 936 2034 1058 m
2063 991 2303 1045 meminit
2331 990 2629 1062 Mereatur,
2661 990 2994 1062 intercedere
3040 1002 3249 1061 tempus
3294 995 3531 1062 aliquod,

1950 1072 2109 1185 gtgue
2136 1062 2204 1115 ita
2233 1061 2497 1132 synodum
2529 1076 2635 1114 non
2663 1070 2789 1116 ante
2817 1060 2976 1116 ﬁnem
3007 1066 3134 1116 anni
3158 1060 3268 1116 M7
3293 1060 3535 1121 coactam

1974 1146 2140 1185 uisse.
3480 1160 3483 1165 ⁴

1974 1146 2140 1186 111888.
3480 1160 3483 1165 ‘

2024 1202 2131 1257 Nec
2160 1203 2306 1257 enim
2339 1201 2510 1270 potuit
2547 1201 2703 1271 cogi,
2735 1200 2817 1257 vel
2847 1213 2972 1257 ante
3002 1201 3240 1267 Pascha,
3272 1218 3375 1267 ne,
3408 1218 3531 1257 cum

1950 1280 2192 1338 apertum
2225 1271 2364 1327 foret
2407 1287 2573 1327 verna
2622 1282 2945 1339 tempestate
2995 1288 3185 1337 mare,
3228 1286 3534 1342 pugnantes

1948 1343 2109 1397 simul
2140 1343 2362 1397 Romam
2394 1342 2588 1398 litteras
2626 1344 2914 1403 venirent;
2944 1344 3028 1397 vel
3060 1346 3241 1397 statim
3276 1353 3396 1408 post
3427 1343 3530 1397 Pa-

1949 1413 2100 1484 scha,
2133 1415 2377 1468 eamdem
2408 1415 2478 1467 ob
2516 1428 2733 1469 causam
2770 1431 2783 1467 :
2818 1414 2983 1467 immo
3010 1428 3188 1484 neque
3216 1425 3340 1467 ante
3370 1416 3529 1468 tinent

1951 1483 2309 1553 Septembris,
2339 1495 2452 1538 tum
2474 1485 2599 1553 quia
2632 1484 2825 1539 litterze
2844 1499 2870 1536 a
2904 1483 3113 1553 synodo
3126 1486 3401 1538 venissent
3423 1484 3531 1537 lio-

1949 1570 2093 1610 mam
2124 1557 2226 1612 hoc
2252 1570 2415 1619 anno,
2446 1563 2733 1621 antequam
2765 1555 3009 1609 Zosimus
3038 1557 3227 1609 tertias
3261 1554 3530 1609 Africanis

1950 1625 2162 1681 litteras
2208 1626 2443 1680 dedisset
2472 1640 2546 1678 xu
2584 1623 2694 1679 kal.
2724 1625 2895 1694 April.
2929 1640 3053 1680 ann.
3100 1623 3228 1688 418,
3261 1636 3372 1678 tttm
3403 1628 3527 1694 quia

1950 1697 2254 1765 Septembri
2305 1695 2550 1766 Praylius
2575 1696 2768 1749 abesse
2799 1710 2905 1750 non
2937 1694 3122 1751 debuit
3165 1696 3235 1748 ab
3281 1694 3527 1766 Ecclesia

1952 1765 2431 1839 llierosolymitana
2452 1807 2467 1829 ,
2500 1768 2551 1819 in
2577 1782 2704 1839 _qua
2737 1767 3145 1839 celebrarentur
3168 1766 3407 1839 ettemnia
3438 1765 3529 1820 die

229 1836 383 1888 dum
423 1835 592 1920 δεῖξέν
619 1848 726 1929 τοὶς
757 1835 969 1919 χρόνοιὲξ
985 1844 1076 1893 τοῦ
1106 1836 1352 1918 Θερδὸτον
1382 1835 1473 1891 τοῦ
1499 1838 1828 1929 ’Λντέηοχτίαςλ

1952 1835 2364 1929 ἒέχεεριόιιιὺῖ,
2401 1846 2542 1929 teste
2576 1835 3063 1929 Nicephorotln'b.
3098 1836 3378 1929 vtn'l‘listt;
3405 1853 3522 1929 cap:

231 1922 439 1974 neque
468 1913 609 1962 enim
666 1908 999 1975 ﬁeripotuit
1037 1918 1091 1963 ut
1129 1908 1455 1972 ejicerentur
1490 1924 1557 1961 ex
1602 1908 1840 1963 Ecclesia

231 1980 291 2048 in
318 1977 595 2048 Erymo,
622 1979 905 2048 Theophili
939 1978 1292 2048 temporibus,
1321 1977 1724 2048 Pelagiani,qui
1754 1980 1837 2033 vix

230 2046 601 2118 i_nu0tuerant
653 2051 709 2104 in
756 2046 1047 2105 Occidente
1094 2064 1220 2101 ann.
1268 2047 1404 2113 412,
1456 2064 1561 2114 quo
1605 2047 1840 2118 Cyrillus

232 2116 561 2187 Theophilo
606 2125 868 2176 successit
900 2137 915 2174 :
946 2136 1067 2174 cum
1100 2129 1279 2172 tamen
1320 2116 1712 2173 admirabiliter
1740 2120 1837 2173 ista

226 2202 370 2251 qua:
434 2193 686 2245 dicuntur
741 2190 1025 2245 Theodoto
1087 2188 1426 2245 Antiocheno
1488 2190 1836 2253 conveniant,

228 2260 458 2330 quippe
506 2264 594 2328 qui
641 2272 994 2316 memoratam
1027 2278 1056 2313 a
1088 2261 1383 2314 Mercatore
1421 2260 1684 2330 synodum
1732 2275 1835 2314 non

226 2327 419 2401 longe
445 2327 562 2397 post
589 2342 833 2401 tempore
864 2333 1045 2386 habuit
1073 2375 1087 2398 ,
1119 2346 1279 2399 quam
1310 2331 1394 2384 vel
1430 2327 1755 2401 Carthagine
1783 2343 1837 2385 et

223 2397 450 2455 Milevo
480 2404 545 2455 ad
581 2397 948 2460 innocentium
980 2397 1218 2457 Africani
1246 2400 1543 2455 scriberent
1577 2397 1649 2456 de
1677 2400 1835 2455 Pela-

220 2470 326 2538 gio
364 2480 425 2525 et
461 2471 717 2529 Caelestio
743 2516 759 2539 ,
799 2474 885 2529 vel
916 2472 1258 2528 innocentius
1284 2472 1504 2527 eosdem
1531 2472 1832 2541 damnaret,

221 2548 289 2592 ut
338 2556 473 2595 mox
507 2544 838 2601 ostendetur.

298 2610 542 2685 Premit
586 2616 747 2685 igitur
772 2614 978 2685 synodo
1020 2628 1122 2682 qua
1162 2612 1230 2668 de
1267 2612 1475 2685 agimus
1501 2612 1831 2678 Theodotus,

218 2682 487 2752 celebris
517 2682 754 2739 ille‘toto
782 2682 1004 2739 Oriente
1033 2685 1339 2752 episcopus,
1372 2684 1463 2750 qui
1486 2698 1613 2737 ann.
1645 2686 1741 2739 411
1781 2688 1833 2737 in

216 2750 434 2805 sedem
465 2753 852 2809 Antiochenam
884 2750 1190 2810 Alexandro
1219 2750 1480 2807 successit
1516 2770 1527 2805 :
1568 2752 1659 2807 Vir
1689 2770 1835 2807 utan-

214 2824 525 2897 suetudine
576 2827 790 2897 insignis
812 2867 828 2889 ,
867 2826 1146 2895 margarita
1182 2824 1508 2897 continentia
1532 2864 1547 2888 ,
1592 2834 1834 2897 accurata

216 2893 365 2967 vita
394 2893 712 2967 institutione
734 2898 939 2967 egregie
962 2893 1242 2967 exornatus
1262 2938 1277 2961 ,
1311 2905 1369 2967 ut
1395 2895 1631 2967 loquitur
1660 2894 1837 2950 Theo-

217 2961 472 3035 doretns
510 2966 644 3035 (Lib.
672 2982 687 3020 ι
719 2961 1009 3033 [Παίων.
1035 2965 1152 3034 '57).
1184 2966 1277 3019 Ille
1306 2961 1721 3032 Apollinaristas
1749 2981 1833 3020 re-

217 3031 404 3086 duxit
434 3038 500 3088 ad
519 3031 827 3091 'Ecclesiam
856 3079 870 3101 ,
901 3031 965 3090 es
992 3031 1675 3106 qua'Messalianosrejecit
1703 3036 1831 3106 sine

218 3117 335 3171 spe
375 3108 580 3160 reditus
607 3149 621 3169 ,
657 3109 707 3161 in
754 3108 985 3161 concilio
1015 3105 1652 3171 Constantinopolitano.
1686 3105 1833 3161 Obiit

218 3187 370 3228 ann.
412 3174 519 3248 «117
544 3219 559 3241 ,
592 3186 729 3233 teSIe
754 3178 1095 3233 Theodoreto
1137 3175 1226 3248 (In
1254 3178 1355 3243 ﬁne
1386 3175 1631 3228 Historia:
1651 3176 1827 3248 totius)

1948 1905 2072 1977 50),
2105 1905 2552 1965 convenientibus
2600 1922 2665 1962 ex
2712 1905 2846 1962 orbe
2896 1916 3009 1962 toto
3055 1908 3289 1976 populis.
3339 1905 3529 1961 ReSIat

1944 1979 2108 2047 igitur
2132 1989 2187 2034 ut
2206 2026 2219 2044 ,
2249 1995 2408 2048 quam
2440 1978 2720 2041 citissime,
2752 1993 2937 2033 mense
2966 1980 3188 2034 Octobri
3212 1978 3527 2032 Theodotus

1941 2050 2246 2105 Antiochiae
2273 2049 2533 2119 synodum
2566 2048 2844 2112 ltabuerit;
2875 2064 3032 2118 quam
3062 2049 3391 2109 tardissime.
3418 2048 3526 2119 No-

1942 2120 2149 2174 vembri
2180 2138 2193 2175 :
2228 2118 2348 2173 nam
2375 2122 2474 2172 hoc
2504 2134 2671 2184 anno,
2699 2119 2747 2171 id
2776 2129 2875 2179 est,
2907 2120 3031 2182 M7,
3067 2123 3386 2173 euttvettissc
3408 2118 3525 2177 Δη-

1944 2190 2197 2244 tiochiam
2248 2191 2569 2258 episcopos,
2614 2191 2748 2243 satis
2802 2199 2986 2257 aperte
3034 2192 3323 2257 loquuntur
3360 2189 3523 2242 verba

1940 2260 2252 2316 Mercatoris
2279 2274 2333 2313 et
2367 2258 2560 2313 Pltutii.
2594 2258 2778 2327 Neque
2808 2262 2951 2313 enim
2978 2258 3067 2313 ille
3094 2261 3161 2314 de
3185 2273 3407 2328 utraque
3434 2273 3525 2328 sy-

1941 2330 2083 2385 nodo
2131 2332 2491 2399 Diospolitana
2540 2342 2595 2384 et
2642 2329 2974 2385 Antiochena
3024 2344 3149 2385 eum
3199 2330 3252 2383 iu
3301 2328 3521 2383 inodum

1938 2402 2274 2469 scripsisset,
2306 2417 2413 2469 quo
2457 2414 2648 2454 revera
2700 2400 2945 2469 scripsit.
2986 2401 3031 2454 si
3059 2400 3230 2455 altera
3260 2414 3365 2454 non
3394 2413 3524 2453 con-

1938 2484 2120 2527 secuta
2147 2473 2339 2527 fuisset
2360 2471 2613 2535 alteram,
2634 2486 2793 2539 quam
2823 2472 3052 2539 primum
3073 2471 3267 2539 potuit,
3288 2470 3390 2525 hoc
3415 2478 3521 2534 est,

1938 2551 2065 2609 post
2108 2552 2337 2597 mortetn
2387 2542 2614 2613 Joannis
2660 2540 3132 2613 Hierosolymitani
3168 2558 3179 2592 :
3214 2557 3393 2613 neque
3434 2540 3521 2594 hic

1936 2621 2061 2682 apte
2108 2614 2479 2683 coniunxisset
2527 2611 3001 2683 Innocentium‘et
3048 2611 3423 2678 Theodotum,
3466 2620 3522 2665 ct

1938 2692 2163 2754 uterque
2185 2684 2376 2739 eodem
2406 2698 2545 2736 anno
2572 2682 2888 2754 Pelagianos
2915 2698 3020 2737 non
3047 2682 3373 2754 damnasset.

2008 2753 2087 2808 Et
2114 2770 2242 2811 vero
2296 2756 2514 2823 utrique
2558 2753 2766 2806 auctori
2817 2754 2954 2805 ratio
2999 2753 3323 2821 astipulatur
3350 2795 3363 2806 .
3394 2771 3519 2811 cum

1936 2826 2080 2878 enim
2099 2841 2241 2896 aegre
2257 2825 2460 2881 ferrent
2482 2824 2619 2878 Eros
2639 2834 2692 2876 et
2718 2823 2954 2896 Lazarus
2975 2824 3277 2896 absolutum
3297 2840 3326 2878 a
3359 2827 3519 2879 Dios-

1938 2893 2209 2963 politanis,
2245 2897 2417 2965 gratia
2457 2905 2513 2950 et
2544 2894 2780 2960 potentia
2811 2893 3058 2965 Joannis,
3089 2893 3399 2963 Pelagium;
3432 2911 3520 2951 se-

1935 2981 2041 3033 que
2070 2964 2293 3035 proinde
2321 2967 2658 3021 insitnulatos
2698 2965 2781 3019 vel
2809 2964 3113 3035 calumniae,
3144 2966 3231 3019 vel
3258 2966 3515 3035 inscitire,

1935 3038 2024 3104 qui
2057 3034 2328 3092 hominem
2360 3045 2706 3093 accusassent
2738 3050 2805 3090 ex
2851 3034 3036 3094 libris.
3069 3050 3206 3103 quos
3236 3034 3519 3093 damnaret

1937 3106 2075 3174 ipse,
2106 3118 2199 3162 aut
2226 3108 2340 3163 suis
2369 3116 2459 3161 aut
2498 3107 2724 3169 alienis,
2758 3120 2893 3174 quos
2923 3104 3062 3160 male
3090 3106 3475 3162 intellexissent
3497 3148 3516 3174 ,

1938 3177 2280 3243 inStiterunt;
2309 3194 2415 3246 quo
2447 3180 2675 3246 primum
2704 3185 2949 3240 tempore
2982 3174 3133 3230 licuit
3169 3175 3310 3244 apud
3354 3178 3518 3232 totius

220 3256 367 3318 post
408 3245 476 3300 16
500 3262 699 3302 annum
746 3250 1085 3314 episeopatus
1111 3264 1125 3313 ;
1147 3244 1155 3248 ’
1176 3248 1313 3301 unde
1354 3248 1642 3314 redarguas
1674 3247 1831 3304 Nice-
1859 3244 1903 3305 C
1935 3248 2169 3318 Orientis
2199 3244 2505 3318 primatem,
2535 3259 2595 3301 iit
2622 3263 2781 3301 eausa
2812 3256 3215 3310 retractaretnr,
3250 3256 3371 3316 post
3414 3250 3516 3303 ob-

216 3317 475 3382 phoruut
502 3331 730 3384 quatuor
756 3320 1039 3373 dumtaxat
1073 3334 1243 3371 annos
1273 3318 1375 3386 ipsi
1407 3318 1754 3373 tribuentem.

295 3387 616 3444 Occasione
674 3390 939 3444 Theodoti
985 3401 1041 3442 et.
1097 3390 1583 3452 Messaliauorum,
1656 3392 1829 3443 anim-

216 3454 467 3512 adverte
486 3461 774 3513 cancilium
797 3476 825 3511 a
854 3460 1092 3515 Sisinnio
1114 3470 1169 3513 et
1190 3459 1465 3513 Theodoto
1495 3458 1827 3513 celebratum

216 3536 432 3580 contra
466 3529 833 3595 Messalianos,
866 3546 893 3582 a
928 3530 1081 3584 Bittio
1112 3545 1216 3583 non
1242 3529 1376 3584 satis
1404 3538 1651 3584 accurate
1676 3530 1778 3583 dici
1810 3546 1823 3583 :

218 3595 496 3650 Habitum
523 3602 724 3664 quidem
761 3602 817 3663 in
858 3600 1064 3654 Oriente
1086 3642 1101 3664 ,
1142 3600 1228 3653 sed
1274 3601 1465 3653 incerto
1499 3600 1611 3652 loco
1633 3639 1647 3663 ,
1689 3616 1826 3653 anno

219 3664 431 3721 Christi
463 3669 563 3723 427
586 3713 601 3736 ,
630 3670 886 3725 Caelestini
913 3673 946 3724 5
967 3713 982 3736 ,
1020 3669 1293 3724 Theodosii
1333 3671 1405 3723 20
1437 3687 1449 3721 :
1484 3685 1603 3722 nam
1635 3673 1826 3737 partim

217 3753 294 3791 ex
342 3738 532 3793 Photiu
558 3782 573 3803 ,
606 3743 799 3810 partim
836 3758 900 3795 ex
931 3744 1154 3796 Socrate
1179 3750 1391 3795 Constat
1419 3740 1654 3810 habitum
1680 3739 1825 3793 Gon-

217 3810 586 3878 stantinopoli
609 3808 824 3866 ‘mense
855 3814 1044 3866 Martio
1070 3854 1083 3875 ,
1117 3829 1242 3864 ann.
1284 3812 1388 3865 4'26
1412 3851 1427 3873 ,
1462 3808 1740 3865 C(elesuni
1766 3812 1823 3872 4,

218 3877 536 3935 Theodosii
562 3883 648 3950 l9,
664 3884 967 3939 TheodOsiu
993 3898 1065 3937 xu
1086 3893 1139 3937 et
1164 3882 1537 3937 Valentiniano
1560 3880 1763 3935 liliuore
1787 3897 1825 3935 ll

216 3962 360 4017 aug.
390 3966 533 4005 coss.

300 4020 594 4093 Sic_enim
642 4024 829 4078 scribit
874 4023 1098 4077 Photius
1144 4023 1352 4089 (Codice
1378 4022 1468 4093 52)
1514 4038 1527 4076 :
1563 4023 1825 4079 Sisinnius

216 4088 357 4143 item
396 4090 995 4165 Constantinopolitanus
1020 4136 1035 4157 ,
1066 4104 1111 4147 et
1146 4088 1458 4148 Theodottts'
1479 4095 1825 4165 Antiochenus

217 4176 559 4216 communem
577 4163 845 4230 epistolam
868 4168 932 4217 ad
956 4164 1287 4218 Berinianum
1314 4174 1360 4217 et
1388 4163 1820 4230 Amphilochium,

217 4245 543 4306 exterasque
589 4237 641 4287 in
680 4235 991 4303 Pamphylia
1032 4237 1293 4305 episcenos
1340 4237 1626 4306 scripsere,
1676 4240 1823 4306 cujus

217 4303 469 4365 epistola:
514 4307 620 4357 haec
663 4309 927 4374 inscriptio
955 4317 1028 4359 est
1059 4303 1078 4359 ὲ
1114 4324 1132 4356 t
1172 4306 1278 4357 Deo
1314 4304 1625 4360 charissimis
1649 4303 1824 4361 sacro-

218 4388 349 4445 rtem
393 4374 601 4442 (σειραῖς
648 4375 924 4429 Beriniano
966 4387 1010 4429 et
1053 4377 1406 4445 Amphilochia
1431 4416 1447 4440 ,
1491 4378 1824 4445 omnibusque

217 4443 365 4496 adeo
395 4448 448 4496 in
477 4445 787 4515 Pamphylia
816 4448 1082 4519 episc0pis,
1112 4443 1373 4501 S'ist'nnius
1409 4460 1558 4519 atque
1587 4443 1824 4502 Theodo-

222 4523 355 4577 tus,
406 4526 452 4567 et
496 4521 730 4570 universa
771 4528 945 4570 sancta
984 4517 1218 4587 synodus
1242 4559 1255 4581 ,
1306 4534 1417 4585 quo?
1449 4517 1542 4570 Dei
1571 4522 1739 4585 gratia
1769 4521 1820 4573 in

221 4600 423 4658 magna
451 4588 576 4658 urbe
615 4586 1060 4658 Constantinopoli
1109 4598 1285 4641 coacta
1327 4599 1433 4647 est,
1486 4594 1819 4645 consecrandi

222 4657 401 4722 gratia
438 4657 544 4709 De»
573 4660 909 4711 amantissimi
939 4657 1161 4727 cpi-scapi
1194 4658 1411 4711 Sisinnii
1436 4701 1450 4719 ,
1473 4661 1627 4728 jussu
1651 4670 1695 4713 et
1723 4680 1820 4714 au-

223 4728 466 4796 c_toritnte
499 4730 802 4796 pientissimi
833 4742 877 4781 et
909 4731 1111 4783 Christo
1142 4729 1283 4780 chori
1312 4732 1632 4796 imperatoris
1659 4736 1819 4786 nostri

224 4792 531 4917 Eheodosii,
561 4802 776 4851 salutem
805 4801 857 4851 in
888 4801 1126 4865 Domino,
1166 4818 1183 4851 ι
1216 4812 1266 4854 et
1307 4792 1501 4853 caitcra
1534 4817 1652 4869 quae
1676 4805 1817 4873 apud

279 4883 470 4917 111111111-

279 4883 470 4921 111111111.

294 4936 435 5015 sunt
461 4948 651 5015 autem,
671 4939 908 4995 Socratis
938 4942 1053 5015 haec
1084 4940 1240 5015 verba
1276 4939 1413 5015 (Li_b.
1436 4956 1648 5015 \‘ttrcap.
1674 4945 1769 5015 28)
1798 4963 1812 4999 :

226 5006 493 5082 §isiunius
542 5012 808 5082 ordinatus
838 5015 1002 5082 pridie
1030 5011 1133 5066 kal.
1165 5006 1323 5065 Mart.
1346 5006 1634 5065 Theodosio
1668 5006 1817 5070 xu'et

232 5075 598 5153 i'alentiitiano
623 5081 821 5153 Mittere
838 5075 962 5153 ang.
988 5100 1021 5137 ll
1044 5101 1174 5137 coss.
1201 5083 1299 5137 llic
1320 5096 1491 5137 anuus
1512 5096 1591 5139 est
1614 5084 1810 5142 Christi

222 5144 345 5211 426,
378 5150 655 5205 lecStini
684 5151 735 5213 4,
767 5162 817 5205 et
861 5144 1148 5210 Theodosii
1182 5154 1270 5207 19.

290 5220 549 5297 N_on_est
602 5225 823 5297 perinde
865 5226 1021 5280 facile
1066 5226 1311 5281 invenire
1360 5233 1573 5292 tempus
1617 5228 1805 5297 synodi

221 5288 701 5370 Antiochcnmfde
729 5312 829 5363 qua
860 5313 998 5349 nunc
1024 5298 1227 5370 agitur;
1270 5288 1571 5370 conandum
1604 5288 1801 5369 tamen,

221 5364 266 5414 si
293 5378 402 5430 qua
432 5364 485 5417 id
529 5365 737 5419 ratione
768 5364 1077 5431 possimus;
1104 5369 1168 5421 Et
1195 5382 1342 5423 certe
1371 5383 1489 5421 cum
1523 5368 1720 5424 Marius
1750 5364 1799 5425 in

217 5446 278 5484 ea
310 5435 525 5502 synodo
556 5438 727 5489 tradat
756 5438 1021 5507 Pelagium
1059 5439 1127 5491 ab
1159 5440 1384 5507 ipsOttIcl
1416 5439 1625 5507 I’raylio
1650 5442 1810 5494 datin

218 5512 425 5581 natum,
472 5509 783 5581 litterasque
812 5509 1192 5581 damnationis
1235 5509 1300 5561 ad
1348 5510 1529 5561 sedent
1578 5525 1799 5577 aposm-

220 5572 390 5650 licam
417 5591 447 5629 a
494 5572 978 5650 Praylio—ﬂntissas;
1019 5596 1248 5649 cumque
1290 5581 1533 5650 Prayhus
1582 5572 1800 5634 succes-

220 5648 350 5718 serit
373 5645 656 5718 in_sedetn
686 5645 1229 5718 Hierosolyntitanam
1259 5645 1451 5705 Joanni
1481 5652 1584 5705 vita
1616 5651 1796 5708 functo

221 5712 299 5794 die
334 5716 399 5771 10
425 5714 654 5794 Januar.
697 5734 825 5794 ann.
856 5712 960 5775 4η
981 5760 997 5784 ,
1028 5723 1263 5791 synodus
1293 5720 1535 5790 proiecto
1563 5736 1667 5775 non
1702 5739 1797 5790 po-

225 5789 458 5861 tnit_cogi
487 5800 613 5843 ante
643 5791 781 5844 hunc
812 5792 981 5856 ipsum
1013 5789 1243 5859 annum,
1276 5789 1438 5847 immo
1468 5807 1639 5861 neque
1666 5789 1791 5848 ante

222 5858 333 5910 .tnni
366 5860 527 5915 tinem
564 5876 576 5913 :
613 5876 734 5915 nam
774 5863 1011 5933 i‘raylius
1042 5864 1107 5917 ad
1140 5863 1435 5919 Romanum
1478 5858 1785 5934 episcopum

1935 3317 2067 3372 ittttn
2096 3317 2319 3374 Joannis
2352 3335 2478 3373 ann.
2508 3319 2611 3373 “7
2636 3319 2742 3371 vita
2770 3318 2981 3371 tuneti?

2004 3390 2156 3445 Adde
2196 3391 2338 3460 quod
2370 3390 2630 3445 credibile
2658 3400 2763 3455 est,
2798 3404 2970 3457 neque
3002 3403 3029 3439 a
3060 3386 3349 3443 Gallicanis
3394 3390 3513 3455 epi-

1931 3462 2111 3528 scopis
2132 3459 2741 3530 accusat0ribus,neque
2761 3476 2789 3512 a
2814 3459 3092 3514 Theodoto
3112 3461 3512 3515 accusationem

1931 3533 2235 3599 excipiente
2282 3543 2624 3587 anteversum
2689 3540 2899 3599 tempus
2957 3530 3201 3585 solemne
3240 3529 3513 3585 habenda:

1931 3602 2072 3673 circa
2092 3611 2315 3673 tempus
2353 3604 2598 3657 autumni
2626 3601 2843 3673 synodi,
2874 3616 2941 3655 ne
2968 3602 3226 3669 praesules
3257 3617 3399 3656 novo
3430 3604 3513 3656 la-

1930 3671 2059 3726 bore
2084 3671 2448 3741 fatigarentur.

2005 3742 2228 3796 Venisse
2254 3760 2416 3811 porro
2445 3742 2510 3797 ad
2541 3742 2833 3796 concilium
2863 3741 3158 3813 Praylium,
3193 3742 3316 3796 licet
3346 3744 3512 3797 moris

1930 3826 2036 3865 non
2067 3822 2235 3874 esset,
2280 3815 2381 3867 nisi
2426 3821 2534 3867 tota
2583 3814 2834 3868 ditecesis
2879 3822 3267 3867 convocaretur
3311 3814 3513 3867 idcirco

1930 3893 2079 3950 puto,
2109 3884 2247 3950 quod
2279 3899 2307 3936 a
2349 3884 2637 3937 Gallicanis
2674 3883 2963 3951 episcopis,
2997 3885 3161 3935 immo
3189 3885 3325 3936 forte
3358 3892 3412 3935 et
3440 3886 3507 3937 ah

1929 3952 2257 4023 Hieronymo
2295 3956 2519 4009 edocws
2566 3955 2635 4009 de
2663 3954 2862 4023 Pelagii
2893 3956 3030 4007 mala
3062 3952 3165 4006 (ide
3190 3952 3509 4023 Pelagiano-

1927 4022 2157 4096 rumque
2173 4025 2456 4093 iactantia,
2486 4040 2582 4096 per
2609 4022 2872 4096 epistolas
2896 4024 2949 4078 itt
2978 4025 3164 4096 orbem
3192 4022 3506 4096 universum

1927 4094 2142 4167 missas,
2172 4092 2323 4167 quasi
2356 4114 2460 4151 non
2486 4092 2732 4167 persona
2761 4095 2905 4167 sola,
2939 4096 3033 4150 sed
3064 4094 3225 4147 etiam
3250 4092 3507 4167 dogmata

1926 4178 1954 4216 a
1990 4163 2289 4221 Palaestinis
2322 4163 2572 4222 Patribns
2599 4168 2843 4222 absoluta
2884 4166 3218 4228 forent,'sua
3248 4164 3509 4218 interesw

1926 4234 2138 4290 duxerit
2165 4240 2395 4305 penitius
2416 4254 2633 4292 causam
2661 4238 2994 4305 recognosci,
3025 4252 3092 4288 ne
3119 4249 3253 4303 quas
3280 4234 3503 4287 dederat

1926 4305 1977 4358 in
2008 4309 2526 4364 eomutendationem
2561 4309 2783 4376 Pelagii,
2819 4322 2928 4375 pra!
2952 4308 3252 4362 reverentia
3276 4319 3507 4373 praeces-

1925 4377 2086 4437 Soris.
2120 4379 2348 4442 litteras,
2373 4380 2490 4432 orbi
2522 4378 2835 4433 scandalum
2869 4377 3069 4443 facere,
3096 4386 3152 4432 et
3186 4376 3380 4429 hteresi
3413 4392 3506 4446 pa-

1925 4448 2180 4502 trocinari
2203 4450 2556 4518 permitteret.

2000 4519 2073 4572 Ex
2105 4519 2188 4573 his
2209 4517 2377 4589 porro
2420 4518 2699 4588 pervidere
2728 4527 2813 4573 est
2849 4534 2956 4588 quo
2979 4518 3206 4573 consilio
3256 4517 3504 4587 Pelagius

1925 4588 2130 4643 litteras
2156 4592 2622 4645 coomncndatitias
2642 4605 2671 4642 a
2700 4589 2912 4659 Praylio
2940 4590 3006 4643 ad
3032 4589 3216 4643 sedem
3244 4590 3503 4657 apostoli-

1924 4675 2040 4714 cam
2069 4666 2415 4727 expresserit,
2442 4661 2771 4729 Romamque
2793 4677 2915 4714 cum
2940 4660 3052 4714 suis
3074 4660 3301 4724 miserit,
3318 4661 3501 4729 simul-

1925 4745 2028 4799 que
2045 4742 2192 4801 gesta
2224 4733 2599 4801 Diosnolitanae
2624 4728 2835 4801 synodi.
2861 4741 2917 4787 et
2939 4731 3177 4785 libellum
3204 4744 3315 4783 sua:
3340 4728 3457 4782 ﬁdei
3481 4746 3495 4781 :

1922 4802 2135 4855 volebat
2156 4803 2418 4871 siquidem
2452 4803 2749 4870 versipellis
2781 4802 3088 4863 hatreticus,
3114 4811 3169 4854 et
3193 4801 3499 4871 suisrebus

1921 4870 2253 4941 implicatum
2286 4885 2471 4930 tenere
2504 4872 2771 4943 Prayliunt
2799 4872 3209 4943 Hierosolymis,
3235 4880 3292 4922 et
3315 4870 3498 4943 lionttc

1920 4940 2157 4998 animum
2200 4944 2528 5006 Innocentii,
2555 4940 2715 5011 quem
2756 4944 2991 4998 nondum
3045 4940 3250 4996 sciebat
3300 4940 3495 4994 deiun-

1918 5024 2085 5082 ctum,
2119 5031 2421 5085 occupate;
2453 5032 2542 5079 ne,
2573 5016 2617 5068 si
2648 5013 2777 5084 quid
2812 5016 2863 5068 in
2893 5013 3123 5085 Concilio
3156 5019 3495 5085 _tetttaretur,

1918 5087 2059 5154 quod
2089 5103 2117 5140 a
2149 5082 2441 5142 Gallicanis
2469 5082 2740 5156 episcopis
2768 5085 2948 5154 urgeri
2985 5084 3122 5152 apud
3154 5082 3493 5156 Theodotum

1915 5153 2214 5220 sentiebat.
2272 5159 2458 5215 Roma:
2504 5153 2885 5213 retractaretur
2925 5157 3117 5211 factum
3158 5153 3394 5222 Diospoli
3426 5155 3495 5209 de

1913 5241 2140 5295 persona
2164 5231 2449 5299 judicium.

1984 5296 2266 5355 Perierunt
2292 5313 2410 5357 acta
2439 5302 2745 5368 litteraeque
2775 5314 2837 5353 ex
2864 5297 3071 5369 synodo
3099 5297 3164 5350 ad
3194 5296 3345 5369 urbis
3378 5296 3491 5363 epi-

1910 5381 2131 5438 scomim
2163 5374 2364 5435 missae,
2398 5387 2589 5440 magno
2618 5367 2799 5440 utique
2828 5367 3209 5424 ecclesiastica:
3249 5367 3489 5440 historias

1909 5440 2106 5495 damno
2146 5458 2159 5495 :
2203 5438 2508 5507 patuissent
2540 5442 2683 5496 enitn
2713 5438 2939 5495 retecta:
2985 5440 3189 5493 infandi
3239 5438 3486 5492 monachi

1904 5521 2071 5580 artes,
2104 5526 2152 5565 et
2181 5512 2341 5581 forte,
2374 5516 2424 5567 in
2452 5513 2760 5580 exemplum
2789 5511 3233 5579 consequentium
3257 5510 3489 5581 sarculo-

1903 5596 2042 5647 rum,
2078 5586 2216 5637 ratio
2262 5579 2548 5639 haberetur
2594 5579 2972 5637 haereticorum
3014 5582 3168 5635 mala:
3201 5579 3325 5633 hdei
3356 5595 3486 5632 con-

1900 5652 2200 5724 yinceudai,
2230 5656 2563 5724 cogendique
2594 5652 2836 5708 hun-ines
2875 5652 3157 5707 convictos
3177 5692 3192 5717 ,
3232 5650 3485 5724 exemplo

1898 5720 2138 5797 Pelagii,
2184 5717 2267 5797 se,
2293 5717 2559 5797 suumque
2585 5727 2842 5796 pudorem
2882 5726 3124 5782 tenebrts
3174 5717 3483 5777 solitudinis

1896 5795 2091 5863 ignotae
2119 5796 2387 5852 occulere.
