3996 6186
514 388 624 445 3W

1102 496 1173 551 XI
1210 495 1547 553 SYNtlDUS'

514 631 703 689 Coacta
724 631 1034 713 Carthagine
1054 630 1365 713 ali-Aurelio,
1392 630 1629 710 Honorio
1654 646 1724 684 ιιι
1748 639 1791 684 ct
1808 629 2097 713 Tlte‘qdosio

625 717 717 757 vm
748 704 855 755 ΛΑ.
886 700 1018 770 CQ,
1047 711 1165 755 ante.
1192 702 1672 771 Quadragesimam,
1704 719 1839 755 anno
1866 702 1991 755 418.

582 838 886 893 Admodum
929 839 1159 893 obscura
1208 846 1291 892 est
1337 838 1616 893 undecima
1660 837 1934 908 synodus,
1984 855 2100 908 qua:

513 911 674 964 tertia
693 909 1134 979 C.trtbagittettsis
1161 908 1214 962 in
1243 923 1401 963 causa
1438 910 1747 978 Pelagiana;
1781 911 1895 977 ejus
1919 919 2098 964 tamen

512 982 750 1050 cognitio
814 996 918 1034 non
973 980 1318 1034 mediocriter
1364 980 1429 1033 ad
1485 980 1757 1033 historiam
1807 981 2098 1034 conducit:

510 1067 679 1119 quare
710 1052 870 1119 paulo
897 1050 1161 1104 curiosius
1189 1051 1240 1103 in
1272 1066 1388 1104 eam
1420 1053 1695 1119 inquirere
1734 1061 1942 1119 oportet
1970 1092 1984 1114 ,
2034 1068 2101 1106 ne

516 1138 639 1174 cum
667 1121 865 1188 aliquid
897 1133 1092 1189 prmter
1120 1119 1401 1174 doctorum
1431 1120 1751 1175 sententiam
1792 1120 1987 1176 dicturi
2029 1125 2103 1177 si-

513 1207 655 1254 mus,
685 1192 813 1246 illud
843 1194 959 1246 sine
987 1192 1135 1261 gravi
1170 1199 1374 1244 ratione
1401 1204 1647 1245 asserere
1676 1192 1975 1245 videamur.

590 1262 792 1315 Verum
816 1303 830 1326 ,
882 1260 1003 1328 quia
1050 1260 1180 1316 solis
1225 1261 1335 1315 fere
1374 1277 1441 1315 ex
1472 1262 1641 1315 tertiis
1672 1261 1877 1315 Zosimi
1910 1262 2102 1317 litteris

510 1333 577 1386 ad
610 1332 888 1387 Africanos
913 1332 1185 1398 inquisitio
1212 1332 1417 1401 agenda
1457 1344 1573 1399 est,
1626 1332 1721 1386 has
1772 1348 1871 1401 ego
1919 1336 2100 1388 statim

518 1403 671 1457 initio
709 1403 1069 1457 excribendas
1110 1405 1307 1469 putavi,
1343 1414 1456 1456 tum
1487 1415 1544 1455 ttt
1571 1404 1726 1456 fidem
1751 1404 2100 1458 dicendorum

514 1476 739 1539 iaciant,
775 1484 885 1527 tutn
914 1485 970 1528 ut
1000 1476 1350 1528 correctiores
1379 1475 1640 1541 legantur.
1672 1474 1798 1542 (lla:
1823 1476 1983 1527 tertiis
2018 1476 2103 1526 lit-

511 1555 632 1597 tera:
676 1561 792 1597 cunt
837 1561 995 1614 supra
1040 1546 1328 1597 memoratis
1378 1545 1623 1598 habentur
1670 1556 1804 1597 tomo
1835 1546 1969 1598 dicto
1995 1545 2101 1599 XX

512 1626 699 1668 nostra:
737 1614 1006 1678 BibliOtlt.,
1037 1614 1135 1667 col.
1165 1615 1314 1683 676.)

590 1685 665 1737 Ex
702 1685 784 1738 his
813 1694 1020 1739 constat
1050 1686 1312 1752 primum,
1357 1686 1509 1739 binas
1545 1700 1573 1738 a
1621 1683 1845 1739 Zosimo
1893 1685 2100 1741 litteras

511 1756 578 1808 ad
610 1755 884 1810 Aurelium
909 1765 963 1810 et
985 1756 1267 1809 universos
1290 1772 1382 1823 per
1402 1758 1635 1809 Africam
1663 1756 1946 1824 episcopos
1967 1760 2102 1812 scri-

511 1837 630 1894 ptas
660 1827 852 1892 fuisse;
881 1841 1013 1880 unas
1042 1828 1109 1880 de
1140 1828 1412 1891 leestio,
1442 1842 1564 1896 qua:
1592 1828 1716 1881 licet
1745 1837 1963 1881 careant
1988 1828 2095 1883 diei

510 1906 567 1950 et
589 1897 949 1963 mensisnota,
965 1898 1351 1967 consignantur
1374 1907 1549 1952 tamen
1577 1896 2097 1953 consulalullonorii

511 1982 566 2020 ιι
591 1976 645 2021 et
664 1969 829 2021 Flavii
854 1968 1153 2023 Constantii
1188 1985 1259 2025 ηε
1296 1971 1491 2023 alteras
1522 1969 1589 2022 de
1618 1969 1867 2038 Pelagio,
1913 1970 2094 2023 statim

511 2052 540 2110 a
586 2038 877 2105 prioribus,
912 2040 1042 2110 sine,
1077 2049 1200 2094 nota
1252 2040 1467 2110 quidem
1506 2040 1811 2106 consulum,
1837 2040 1932 2094 sed
1972 2056 2097 2096 cum

508 2107 600 2162 die
628 2117 682 2162 et
713 2124 917 2168 mense.
949 2126 1000 2163 st
1030 2109 1139 2165 kal.
1167 2107 1358 2165 Octob.

581 2176 808 2233 Constat
835 2179 1030 2235 deinde
1054 2181 1245 2235 litteris
1264 2181 1465 2236 Zosimi
1497 2195 1812 2248 responsum
1840 2180 2004 2237 fuisse
2031 2198 2097 2237 ex

510 2248 712 2313 Africa,
743 2252 1067 2321 missautque
1094 2254 1508 2307 obtestationem
1547 2263 1604 2305 ut
1649 2269 1715 2306 ne
1758 2256 1997 2321 pontifex
2031 2255 2100 2308 de

512 2335 572 2374 re
599 2328 743 2394 tanta
766 2320 1034 2394 judicaret
1062 2323 1181 2377 sine
1225 2323 1496 2377 Africanis
1535 2320 1938 2387 instrumentis,
1979 2341 2099 2394 qua:

510 2405 632 2443 eum
663 2390 1024 2447 obtestatione
1064 2396 1229 2448 missa
1269 2403 1430 2458 sunt,
1459 2410 1686 2461 qumque
1723 2400 1913 2462 partim
1950 2390 2099 2463 gesta

513 2463 928 2533 przecedcntium
961 2464 1288 2532 synodorum
1313 2507 1328 2532 ,
1365 2467 1558 2533 partim
1600 2466 1840 2519 libellum
1889 2465 2097 2519 Paulini

517 2532 835 2604 litterasque
862 2532 1263 2588 Gallicanorum
1286 2532 1685 2604 episcoporum,
1718 2550 1780 2588 ac
1809 2536 1999 2589 librum
2034 2538 2101 2591 de

512 2600 711 2677 Natura
760 2604 992 2677 Pelagii,
1031 2615 1086 2658 et
1118 2600 1520 2675 responsionem
1568 2607 1847 2674 Augustini
1893 2609 2101 2677 aliaque

517 2673 673 2741 plura
696 2674 1056 2729 continerent.

582 2742 1011 2815 Conslatrtertio,
1034 2760 1139 2799 non
1170 2748 1318 2815 prius
1346 2756 1589 2803 sanctum
1616 2746 1922 2815 pontificem
1951 2749 2104 2802 oble-

512 2813 1009 2886 stationiAfrorum
1036 2813 1383 2885 respondisse
1407 2860 1421 2883 ,
1452 2813 1628 2885 quam
1660 2819 1960 2885 accepisset
2010 2835 2104 2886 per

513 2882 880 2959 Marcellinum
918 2882 1304 2959 subdiaconnm
1346 2882 1657 2959 synodicam
1679 2929 1693 2949 ,
1724 2882 1950 2953 eantque
1984 2882 2103 2956 pro-

512 2953 698 3028 lixam,
723 2969 843 3009 cum
870 2958 1074 3028 scribat
1098 2958 1276 3028 aliqua
1301 2953 1445 3014 taedii
1472 2960 1844 3013 testificatione
1866 2976 1924 3013 sc
1946 2953 2103 3013 omne

512 3024 764 3099 volumen
795 3027 1035 3099 epistolae
1061 3024 1315 3093 volvisse.
1338 3045 1509 3099 eoque
1530 3031 1818 3099 aliquando
1841 3032 2101 3098 perlecto,

513 3094 849 3152 intellexisse
881 3096 1089 3168 priores
1120 3114 1245 3157 suas
1275 3094 1481 3156 litteras
1524 3094 1635 3155 non'
1668 3114 1768 3156 suo
1807 3094 1969 3158 sensu
2010 3094 2105 3156 ac;

512 3177 665 3235 cepta
675 3181 720 3220 s.

950 386 1039 440 AD
1077 381 1359 442 PARTEM
1401 379 1663 437 PRIMAM
1707 375 1993 435 OPEBUM
2033 376 2100 432 M.
2149 374 2592 432 MERCATORIS
2632 372 2974 431 APPENDIX
3016 373 3352 431 SECUNDL

3679 366 3804 423 3.38

2366 506 2632 548 DIGRESSIO
2656 509 2720 547 οε
2746 507 3004 548 CONCILIIS
3034 506 3310 548 AFRICAN-E
3342 506 3629 547 ECL‘Li'lei.

2278 626 2353 700 Ex
2396 638 2638 700 veterum
2680 630 3041 684 monuntentls
3088 629 3353 697 colligitur
3396 632 3588 698 (Apud.
3621 626 3797 700 Cypr.

2202 697 2349 765 epist.
2381 697 2472 764 46,
2506 702 2637 768 Aug.
2670 709 2819 758 epist.
2854 700 3004 767 HO),
3038 700 3089 754 in
3134 705 3314 753 Africa
3357 697 3585 767 quatuor
3625 697 3800 768 geriem

2202 768 2589 842 rumsynodos
2616 768 2822 822 habitas
2850 770 3046 842 fuisse;
3079 785 3198 823 nam
3228 780 3282 824 et
3316 771 3597 839 aliquando
3630 776 3797 826 unius

2202 838 2434 912 civitatis
2459 841 2761 912 episcopus,
2794 841 3027 912 volrutn
3060 842 3172 895 suis
3211 838 3415 912 tantum
3461 845 3797 912 prcsltyterts

2203 920 2256 961 et
2285 910 2600 983 diaconihus
2629 911 2999 983 Conveniebat,
3034 912 3175 979 quod
3206 911 3530 983 contrahere
3561 910 3796 983 presby-

2206 982 2398 1033 terium
2430 981 2744 1052 dicebatur;
2767 983 2849 1035 vel
2884 982 3043 1035 etiam
3069 983 3275 1049 plebem
3297 982 3610 1045 advocabat,
3641 981 3797 1052 quod

2203 1058 2321 1103 erat
2361 1060 2508 1119 gesta
2556 1051 2916 1105 ecclesiastica
2965 1055 3267 1115 conficere;
3307 1054 3389 1106 vel
3416 1054 3467 1106 itt
3499 1051 3797 1109 concilium

2202 1135 2415 1190 quoque
2440 1121 2729 1175 adhibebat
2754 1136 2785 1176 e
2811 1121 3001 1176 vicinia
3031 1127 3332 1189 episroitos.

2275 1193 2379 1263 Sed
2430 1191 2719 1261 aliquando
2766 1194 2966 1260 primas
3014 1195 3170 1246 unius
3220 1196 3440 1261 integra:
3489 1197 3799 1263 provincia:

2202 1262 2484 1335 episcopos
2505 1263 2916 1335 pertractariam
2936 1264 3178 1335 vocabat,
3196 1282 3296 1333 qua
3312 1266 3517 1320 ratione
3536 1269 3757 1335 pra'scri
3772 1295 3798 1305 -

2207 1334 2537 1405 hitnrcanon
2552 1333 2619 1386 76
2631 1333 2764 1387 Cod.
2783 1334 3014 1388 Africani
3033 1352 3044 1386 :
3062 1333 3268 1388 Placuit
3300 1346 3351 1388 ut
3374 1333 3802 1405 quotiescumque

2205 1402 2475 1456 concilium
2498 1404 2912 1476 congregandum
2937 1415 3029 1476 est,
3056 1406 3278 1476 episcopi
3307 1402 3396 1475 qui
3430 1424 3588 1475 neque
3612 1402 3797 1473 (etate,

2204 1489 2362 1546 neque
2382 1475 2701 1543 (egritudine,
2720 1491 2879 1544 neque
2893 1475 3067 1544 aliqua
3076 1478 3297 1546 graviori
3310 1479 3602 1531 necessitate
3624 1480 3801 1545 impeo

2203 1544 2445 1609 diuntur,
2479 1556 2812 1612 competenter
2840 1544 3142 1610 occurrant;
3171 1557 3217 1600 et
3248 1547 3548 1613 primatibus
3574 1544 3803 1601 suarum

2202 1630 2514 1686 quarumque
2540 1617 2915 1685 provinciarum
2942 1618 3204 1669 intimetur
3232 1629 3287 1669 nt
3313 1618 3376 1669 de
3403 1620 3648 1671 universis
3680 1622 3802 1686 epi—

2202 1686 2398 1758 sc0pis.
2439 1684 2514 1758 uel
2542 1684 2708 1749 dum,
2743 1688 2820 1740 vel
2859 1697 2957 1739 tres
2997 1697 3176 1741 turma:
3217 1690 3360 1756 ﬁant,
3393 1705 3451 1741 ac
3480 1691 3540 1739 de
3570 1684 3803 1758 singulis

2204 1757 2382 1809 turmis
2413 1756 2652 1822 vicissim,
2682 1768 2921 1825 quotquot
2952 1758 3093 1811 electi
3122 1759 3329 1823 fuerint,
3360 1761 3425 1810 ad
3452 1760 3587 1811 diem
3616 1756 3804 1811 conci-

2202 1826 2258 1878 lii
2281 1827 2641 1881 instantissime
2661 1836 2954 1881 occurrant.
2981 1829 3131 1892 Quod
3156 1831 3319 1883 sinon
3345 1841 3592 1899 pomermt
3615 1846 3805 1882 accur-

2200 1913 2337 1960 rere,
2366 1900 2720 1952 excusationes
2759 1915 2878 1952 suas
2908 1901 2959 1952 in
2989 1900 3231 1952 tractoria
3260 1901 3606 1963 conscribant;
3634 1900 3715 1952 vel
3747 1904 3801 1953 si

2201 1977 2313 2035 post
2356 1968 2627 2021 adventum
2675 1971 2930 2022 tractoriis
2976 1970 3160 2038 aliqua
3211 1974 3528 2023 necessitates
3578 1982 3801 2036 repente

2199 2039 2415 2106 forsitan
2464 2048 2589 2091 orta:
2629 2040 2857 2109 fuerint,
2899 2038 3002 2092 nisi
3043 2040 3292 2093 rationem
3334 2041 3681 2110 impedimenti
3710 2044 3802 2094 sui

2199 2111 2339 2176 apud
2368 2126 2515 2163 suum
2542 2112 2810 2177 primatem
2839 2111 3185 2177 reddiderint,
3224 2110 3465 2164 Ecclesia:
3500 2126 3607 2164 sure
3650 2127 3801 2164 cont-

2200 2181 2439 2234 munione
2463 2179 2639 2234 debere
2667 2198 2772 2235 esse
2796 2192 3075 2235 contentos.
3398 2210 3405 2213 -

2272 2251 2349 2305 Et
2408 2252 2649 2319 pluribus
2706 2252 2992 2321 aliquando
3048 2251 3336 2319 provinciis
3390 2252 3802 2306 conveniebant

2200 2323 2440 2390 episcopi
2470 2332 2686 2390 propter
2713 2338 2998 2377 commune
3024 2324 3294 2392 negotium
3314 2363 3328 2384 ,
3363 2336 3469 2375 n0n
3510 2334 3687 2377 tamen
3724 2339 3802 2377 ex

2201 2393 2470 2456 omnibus,
2495 2393 2797 2462 cujusmodi
2822 2393 2922 2447 fuit
2947 2395 3299 2464 Bysacenum,
3324 2392 3387 2445 ad
3410 2394 3550 2461 qttod
3575 2409 3639 2447 ex
3668 2409 3803 2464 pro—

2202 2465 2374 2534 vincia
2408 2466 2777 2531 proconsulari
2809 2466 2956 2519 missi
2987 2463 3108 2518 sunt
3142 2464 3380 2534 episcopi
3420 2464 3577 2534 legati
3619 2463 3795 2534 (Cod.

2203 2532 2403 2586 Eccles.
2434 2534 2690 2597 Africana:
2720 2536 2788 2587 ad
2817 2552 2944 2588 ann.
2974 2536 3123 2605 594).

2277 2605 2512 2671 Denique
2535 2605 2825 2671 aliquando
2855 2621 2920 2660 ex
2954 2615 3062 2659 tota
3098 2605 3293 2659 Africa:
3318 2605 3560 2669 ditecesi,
3594 2606 3645 2658 id
3678 2616 3795 2669 est,

2202 2690 2266 2729 ex
2296 2676 2548 2746 omnibus
2574 2676 2840 2731 Africanis
2865 2676 3171 2746 provinciis,
3200 2676 3374 2731 accitu
3394 2676 3803 2745 Carthaginen-

2204 2746 2278 2801 sis
2301 2745 2559 2815 episcopi,
2588 2745 2884 2801 conventus
2913 2747 3308 2813 celebrabatur,
3335 2762 3657 2816 quamquam
3691 2747 3804 2802 fuit

2204 2818 2323 2871 aliis
2372 2819 2705 2885 temporibus
2752 2818 2857 2873 alia
2915 2818 3245 2873 convocandi
3300 2818 3494 2872 forma.
3551 2816 3804 2887 Singulis

2204 2889 2347 2942 euint
2385 2888 2542 2941 annis
2572 2889 2799 2957 primum
2830 2898 3224 2944 convenerunt.
3255 2888 3455 2943 Deinde
3490 2896 3702 2956 tempus
3728 2904 3804 2943 ex

2206 2960 2428 3011 arbitrio
2466 2959 2904 3028 Carthaginensis
2941 2961 3208 3029 episc0pi,
3242 2968 3332 3013 aut
3362 2958 3537 3027 potius
3568 2972 3598 3013 e
3628 2973 3790 3028 nego-

2207 3029 2401 3083 tiorum
2433 3034 2772 3099 necessitate,
2805 3032 3076 3099 pependit.

2280 3100 2517 3155 Primum
2547 3117 2716 3169 genus
2741 3141 2756 3163 ,
2786 3102 2927 3166 quod
2959 3101 3281 3156 tlimcesanis
3310 3108 3614 3153 nostrorum
3648 3109 3800 3154 tem-

2208 3187 2398 3240 porum
2427 3172 2646 3241 synodis
2673 3172 2979 3237 resivottdet,
3009 3184 3307 3225 conventus
3330 3171 3499 3240 magis
3521 3184 3616 3223 seu
3644 3184 3809 3224 corn-

584 3229 813 3312 Constat
841 3248 1054 3306 quarto,
1085 3240 1215 3295 nihil
1248 3257 1499 3311 suprema
1530 3242 1793 3298 sententia
1825 3242 2099 3298 definitum
2130 3229 2173 3292 (ἶ
2212 3229 2597 3312 presbyterium
2628 3229 2789 3312 quam
2818 3229 3100 3297 concilium
3129 3229 3448 3306 dicebatur?
3470 3241 3803 3299 secundum.

515 3305 682 3362 fuisse
719 3309 787 3362 de
825 3305 1265 3383 causarleestii
1308 3305 1434 3368 ante
1474 3329 1546 3367 xu
1594 3314 1705 3368 kal.
1742 3314 1939 3383 Apr.l.,
1997 3331 2101 3382 quo

518 3388 758 3453 tempore
790 3380 1217 3453 tertiaslitteras
1258 3383 1507 3437 Zosimns
1546 3384 1715 3451 dedit,
1744 3380 1853 3453 jam
1888 3380 2024 3451 non,
2049 3398 2102 3437 ut

516 3451 747 3537 priores,
780 3451 1024 3533 universis
1046 3469 1137 3535 per
1158 3454 1694 3537 africnmcpnstitutis
1719 3451 2004 3537 episcOpis;
2016 3457 2103 3537 sed

516 3516 729 3595 Aurelio
754 3530 799 3573 et
820 3524 1022 3595 caeteris
1046 3516 1137 3590 qui
1180 3516 1233 3578 in
1259 3525 1475 3578 concilio
1505 3516 1899 3595 Carthaginensi
1922 3528 2106 3595 aﬂ'uis-

518 3599 648 3660 sent.
678 3589 833 3655 Quod
861 3591 1149 3660 diligenter
1174 3589 1717 3650 animadvertendum
1735 3606 1840 3650 est.

591 3657 821 3735 Constat
840 3657 1025 3731 quinto
1052 3665 1263 3735 aliquod
1290 3665 1475 3732 fuisse,
1502 3668 1665 3720 immo
1684 3666 1953 3734 geminum
1977 3669 2107 3723 Car-

520 3727 871 3802 thagincnsis'
904 3727 1195 3801 pravinci'a-
1244 3727 1535 3791 concilium
1564 3778 1578 3802 ,
1622 3727 1747 3792 anie
1793 3737 2105 3793 Africanum

522 3801 822 3867 plenarium
847 3802 958 3857 kal.
989 3806 1137 3879 Maiis
1160 3805 1503 3879 inchoatum;
1537 3801 1590 3862 et
1612 3810 1843 3879 apriore
1867 3811 2106 3879 quidem,

521 3882 644 3939 post
670 3886 919 3941 acceptas
951 3878 1139 3931 saltem
1173 3882 1372 3945 primas
1403 3877 1602 3932 Zosimi
1633 3878 1700 3934 de
1727 3877 1983 3934 Calestio
2020 3881 2111 3934 lit-

520 3952 686 4011 teras,
714 3946 930 3999 missam
957 3945 1122 4001 fuisse
1145 3950 1557 4004 obteStationem
1584 3964 1705 4003 eum
1736 3949 2110 4005 instrumentis

522 4027 723 4093 causai,
755 4030 874 4093 qua:
903 4017 1050 4093 prius
1075 4018 1343 4093 diximus;
1377 4019 1442 4072 ad
1467 4020 1781 4093 posterioris
1804 4036 1929 4074 vero
1951 4037 2111 4093 syno-

521 4083 713 4162 dieanl
738 4083 921 4162 datum
955 4102 992 4162 a_
1017 4086 1234 4162 Zosimo
1270 4083 1590 4157 reSponsum
1633 4091 1792 4162 illud,
1829 4083 2067 4162 quod'tn
2094 4136 2108 4157 ,

523 4152 634 4227 kal.
664 4156 830 4210 Maias
851 4159 1176 4227 Carthagine
1199 4152 1476 4227 acceptum
1500 4170 1602 4223 est.
1628 4152 2107 4218 duobus'ttimiruni

520 4224 710 4301 diebus
738 4238 862 4301 ante
891 4224 1200 4284 inchoatum
1230 4224 1483 4301 generale
1510 4233 1820 4285 concilium.

595 4298 687 4368 llis
732 4298 968 4368 quinque
1008 4301 1080 4355 ita
1125 4298 1455 4363 constitutis,
1489 4303 1775 4368 contendo,
1811 4320 1873 4357 ex
1902 4304 2110 4360 duobus

525 4366 688 4445 modo
716 4366 1023 4445 memoratis
1050 4370 1485 4445 Cartltaginensis
1518 4366 1807 4445 provincia:
1844 4376 2105 4442 comitiis,

522 4435 775 4513 alterum,
810 4441 964 4506 cujus
987 4441 1178 4495 litteris
1202 4435 1447 4499 sttntus
1484 4435 1587 4499 non
1627 4447 1921 4513 respondit,
1956 4435 2106 4499 habi;

523 4515 635 4577 tum
671 4505 833 4561 fuisse
862 4524 1048 4564 mense
1074 4512 1315 4577 Octobri,
1347 4515 1428 4569 vel
1455 4518 1613 4569 etiam
1645 4505 1933 4570 Novembri
1976 4534 2104 4571 anu.

2209 3311 2399 3367 nomen
2445 3311 2743 3381 accipiebat
2786 3314 2871 3367 vel
2920 3329 2947 3365 a
2994 3314 3305 3383 provincia,
3349 3312 3430 3365 vel
3461 3311 3528 3365 ab
3566 3315 3699 3365 urbe
3730 3314 3805 3366 ad

2205 3400 2365 3450 quam
2381 3386 2613 3452 episcopi
2630 3399 2658 3435 a
2675 3385 2900 3452 primate
2921 3382 3126 3439 evecati
3149 3382 3517 3446 conﬂuebant;
3549 3384 3805 3448 tertium,

2208 3454 2512 3508 Africanum
2544 3456 2782 3524 quidem,
2810 3457 2903 3509 sed
2938 3455 3260 3523 particulare
3286 3452 3666 3507 nominabatur
3686 3492 3700 3513 ,
3738 3464 3802 3506 ut

2207 3542 2234 3577 a
2265 3534 2454 3592 quarto
2481 3527 2899 3588 discernerrtur,
2925 3524 3065 3595 qttod
3093 3524 3395 3579 universale
3418 3534 3665 3576 vncaltlm
3690 3535 3807 3588 εει,

2207 3598 2273 3649 ad
2312 3597 2452 3665 quod
2491 3611 2685 3666 nempe
2721 3598 2968 3651 omnibus
3002 3611 3069 3650 ex
3115 3596 3403 3666 provinciis
3432 3595 3655 3661 Africa,
3700 3597 3795 3649 vel

2209 3667 2447 3736 episcopi
2474 3666 2719 3736 quilibet,
2752 3668 2837 3722 vel
2869 3666 3099 3736 delegati
3131 3666 3545 3720 conveniebant.

2286 3732 2526 3793 Africana
2561 3753 2721 3807 porro
2750 3732 3017 3793 dimcesis'
3031 3737 3300 3807 prioribus
3337 3733 3665 3807 temporibus
3701 3732 3807 3807 ha-

2211 3809 2324 3863 buit
2355 3803 2653 3875 provincias
2679 3810 2933 3878 quinque,
2963 3803 3404 3879 proconsularem
3434 3820 3527 3879 seu
3566 3803 3807 3879 Cartha-

2248 3881 2485 3934 inensem
2508 3923 2522 3946 ,
2556 3876 2880 3950 Bysacenain
2905 3919 2921 3941 .
2953 3876 3257 3934 Numidiam
3277 3919 3292 3950 ,
3332 3876 3701 3950 Mauritaniam
3745 3885 3806 3930 et

2241 3947 2615 4017 Tripolitanam.
2650 3950 2854 4005 Deinde
2882 3950 3213 4005 Mauritania:
3260 3948 3382 4003 duae
3424 3947 3577 3999 factae
3623 3956 3759 3999 sunt
3784 3988 3802 4010 ,

2211 4019 2483 4074 Sitifensis
2512 4031 2567 4076 et
2601 4019 2971 4076 Caesariensis.
3001 4020 3167 4084 (Sunt
3195 4019 3285 4085 qui
3327 4017 3625 4071 Numidiam
3668 4033 3809 4085 quo-

2210 4107 2312 4160 que
2334 4090 2385 4144 in
2410 4092 2543 4145 duas
2573 4090 2795 4145 divisam
2827 4101 3033 4161 putent,
3061 4093 3153 4144 sed
3184 4106 3288 4143 non
3323 4104 3511 4157 magna
3541 4086 3806 4161 ratione.)

2210 4156 2454 4217 Accessit
2485 4162 2713 4231 denique
2741 4156 2989 4231 Hispania
3021 4156 3428 4223 Transfretana,
3465 4174 3559 4211 seu
3597 4156 3809 4231 Mattrif

2211 4235 2350 4287 tania
2382 4228 2683 4302 Tingitana,
2716 4234 2757 4286 si
2792 4228 2951 4287 modo
2982 4248 3104 4287 vera
3147 4232 3215 4285 sit
3258 4230 3538 4302 inscriptio
3582 4228 3807 4302 concilii

2212 4304 2436 4373 plenarii
2476 4301 2600 4357 ann.
2644 4304 2749 4357 418
2783 4304 2967 4367 habiti,
3002 4312 3160 4369 prout
3186 4303 3378 4370 legitur
3401 4301 3456 4373 in
3493 4301 3808 4373 manuscri-

2209 4369 2301 4445 pto
2327 4376 2511 4429 codice
2539 4376 2847 4428 monasterii
2891 4376 3069 4445 sancti
3111 4369 3340 4426 Davonis
3388 4369 3808 4445 Gattdavettsis:

2210 4440 2529 4515 quantquattt
2557 4455 2612 4499 et
2637 4445 2851 4499 aliunde
2878 4446 2929 4499 id
2960 4444 3172 4513 probari
3208 4450 3415 4515 potest,
3458 4450 3521 4515 ut
3545 4440 3807 4493 ostende-

2216 4511 2335 4571 mus
2364 4511 2416 4571 in
2462 4515 2836 4571 dissertatione
2882 4511 3463 4570 de‘Constitutionibus
3509 4511 3812 4579 imperato-

522 4576 661 4659 ξμς
694 4577 942 4659 alterum,
976 4581 1130 4650 cujus
1159 4576 1405 4639 Patrihus
1435 4586 1681 4659 lusimus
1706 4589 1989 4651 cpistolattt
2018 4590 2107 4643 de-
2138 4600 2187 4659 D
2215 4605 2355 4641 runt.

522 4646 776 4727 ditﬁantea
801 4646 1313 4715 relatam,'coactum
1336 4667 1459 4711 ante
1480 4646 1949 4727 Quadragesintatn
1978 4675 2104 4715 ann.

523 4716 664 4798 “8;
696 4734 1018 4798 quamquam
1055 4738 1159 4798 non
1185 4736 1272 4798 est
1296 4716 1958 4798 visumitpertevprctium
1996 4740 2107 4785 tra-

522 4791 761 4867 etatioue
787 4794 1014 4867 alterum
1044 4795 1112 4848 ab
1151 4796 1320 4850 altero
1362 4791 1689 4867 distinguere
1718 4791 1744 4864 ,’
1785 4816 1906 4855 cum
1951 4805 2108 4856 unius

526 4860 658 4933 nihil
685 4863 905 4917 omnino
937 4866 1169 4931 supersit
1201 4876 1396 4933 praeter
1420 4860 1859 4924 obscurissimam
1902 4889 2103 4927 tnetno-

530 4930 690 5004 riant,
723 4936 943 4989 alterius
977 4930 1136 5004 paulo
1166 4930 1239 4992 sit
1264 4936 1581 5003 explicatior
1609 4942 1765 4994 ratio.

597 5002 739 5069 Quot
776 5002 1015 5073 episcopi
1059 5002 1430 5070 convenerint,
1463 5011 1723 5063 incertum
1764 5022 1846 5065 est
1884 5028 1897 5063 :
1934 5028 2107 5075 putres

526 5075 877 5152 convenisse,
921 5076 973 5128 id
1005 5085 1301 5152 est,__unant
1331 5082 1518 5133 saltent
1552 5081 1618 5134 de
1649 5083 1837 5135 turmis
1856 5124 1869 5145 ,
1896 5083 1965 5137 de
1993 5086 2111 5152 qui-

529 5143 634 5224 bus
662 5144 864 5200 dictum
893 5157 983 5224 est
1005 5148 1071 5201 ad
1099 5150 1455 5204 Milevitanam
1484 5143 1865 5224 synodunnes
1894 5169 1958 5209 eo
1983 5143 2112 5206 cou-

531 5214 738 5292 ficitur,
768 5216 1271 5292 quodconvetttum
1321 5214 1567 5276 summus
1617 5223 1858 5292 pontifex
1901 5227 2109 5280 concilii

528 5286 968 5363 Carthaginiensis
995 5293 1210 5363 nomine
1235 5294 1501 5360 appellet:
1532 5286 1635 5361 qua
1659 5310 1727 5349 ex
1751 5295 2113 5363 appellatione

530 5357 763 5437 amplius
795 5358 927 5414 illud
959 5357 1318 5437 infertur,_eit'
1336 5365 1449 5417 sola
1489 5357 1855 5431 proconsulari
1896 5368 2114 5437 provin-

530 5427 827 5504 cia_Patres
854 5433 1192 5504 convenisse.
1223 5433 1420 5497 Verum
1451 5427 1502 5488 id
1534 5446 1700 5490 totum
1734 5427 1988 5491 illustrari
2021 5454 2112 5504 po-

531 5497 697 5553 stulat
724 5502 980 5577 nonnulla
1004 5519 1179 5557 rerum
1211 5504 1580 5559 Africanarum
1616 5507 1822 5575 notitia,
1848 5524 1966 5577 (111ὶὲ
1989 5497 2115 5561 con-

534 5571 881 5648 sequentibus
910 5575 1074 5648 etiam
1106 5577 1327 5644 synodis
1358 5578 1527 5632 lucem
1554 5578 1778 5634 allatura
1808 5571 1908 5642 sit;
1940 5581 2118 5645 impli-

533 5643 824 5714 catissimis
850 5643 993 5698 enim
1024 5643 1167 5712 stepe
1200 5650 1455 5714 tenebris,
1481 5648 1547 5701 ad
1588 5650 1919 5703 eruditorum
1963 5643 2122 5703 etiam

533 5710 911 5789 tydiutnpres
940 5710 1323 5789 _Africanarum
1366 5710 1693 5789 synodorum
1740 5720 2123 5775 obvolvuntur.

535 5780 718 5839 Placet
750 5782 910 5855 igitur
940 5786 1041 5842 ltoc
1073 5788 1124 5841 itt
1151 5780 1524 5860 argumctitum
1567 5806 1854 5860 parumper
1897 5793 2123 5860 digredi.

2289 4659 2363 4712 Ex
2396 4658 2478 4713 bis
2508 4671 2796 4729 cognosce,
2823 4657 3011 4729 lector,
3041 4670 3163 4725 qua:
3190 4652 3379 4725 synodi
3411 4651 3682 4729 Africanae
3706 4652 3809 4729 -di-

2213 4731 2396 4784 cendae
2424 4731 2553 4793 sint,
2576 4722 2696 4799 ἷιυω
2716 4728 2801 4781 vel
2826 4722 3279 4799 Carthagineuses
3302 4734 3529 4787 tantum,
3556 4723 3640 4799 vel
3669 4722 3815 4777 alte-

2212 4803 2326 4855 rius
2357 4793 2738 4868 cujuscutitque
2768 4793 3076 4867 provinci-.23.
3109 4796 3373 4850 Africanas
3401 4803 3546 4868 sunt,
3570 4793 3640 4845 ad
3671 4806 3817 4868 quas

2212 4887 2280 4925 cx
2329 4863 2570 4939 pluribus
2608 4863 2901 4943 pfoevit'tciis
2936 4867 3172 4943 episcopi
3213 4866 3625 4943 conveniebant:
3668 4863 3814 4916 Car-

2215 4938 2554 5010 tltaginenses
2576 4981 2591 5004 ,
2631 4941 2715 4994 vel
2753 4941 2973 4995 alterius
3014 4938 3335 5011 provinciae,
3367 4948 3500 5004 quas
3528 4938 3689 5011 unius
3721 4948 3818 5011 so-

2214 5005 2355 5076 ltus',
2398 5022 2486 5065 aut
2532 5011 2931 5079 proconsularis
2957 5049 2971 5073 ,
3015 5005 3109 5062 aut
3154 5009 3540 5074 cujuscumque
3582 5005 3819 5079 alterius

2216 5075 2500 5151 provincia:
2531 5075 2769 5149 episcopi
2791 5080 3158 5135 celebrabant.
3191 5078 3408 5133 Illarum
3440 5075 3815 5143 cogendarttttt

2215 5156 2506 5207 auctoritas
2549 5167 2711 5222 penes
2755 5151 3069 5219 episc0putn
3116 5151 3595 5222 Cartltagi‘nensem
3646 5156 3812 5222 erat;

2216 5224 2439 5278 istarum
2470 5214 2632 5288 penes
2656 5214 2896 5288 singulos
2925 5214 3198 5291 primates.
3224 5220 3279 5272 ltt
3306 5219 3415 5291 illis
3438 5214 3826 5291 decernebath

2218 5305 2302 5347 tur
2324 5292 2902 5366 qtmitotiusditecesis
2924 5288 3244 5366 intererant;
3272 5293 3321 5342 itt
3348 5288 3485 5352 istis,
3509 5303 3630 5366 quae
3656 5289 3828 5366 unius

2220 5359 2528 5430 provinciat.
2561 5364 2641 5418 Ad
2673 5363 2953 5417 Africanas
2985 5363 3359 5429 appellabatur
3398 5376 3425 5412 a
3468 5359 3830 5427 provinciali-

2216 5437 2349 5499 bus;
2383 5436 2448 5489 ad
2480 5434 2834 5505 provinciales
2865 5449 2894 5487 a
2917 5432 3121 5503 judicio
3161 5431 3491 5499 singulorum
3526 5430 3829 5499 episcopo-

2221 5523 2359 5560 rum.

2294 5578 2563 5632 Africana:
2592 5575 2815 5645 singulis
2841 5573 2997 5629 annis
3023 5572 3278 5643 cogendae
3310 5570 3529 5626 fuerunt
3565 5585 3825 5645 caprar-

2224 5648 2424 5713 scripto
2444 5648 2658 5702 concilii
2679 5639 3067 5716 Hipponensis,
3092 5639 3156 5698 ἶιι
3184 5652 3331 5712 p-ttct
3353 5659 3417 5698 ex
3446 5658 3568 5697 can.
3600 5639 3669 5694 18
3687 5643 3826 5695 cod.

2228 5719 2463 5774 Africani
2498 5736 2510 5771 :
2542 5715 2841 5774 Secundum
2874 5715 3091 5770 Nicaznn
3117 5724 3335 5774 statuta,
3374 5725 3595 5781 ~pr0pter
3631 5729 3830 5765 causas

2230 5791 2618 5851 ecclesiasticas,
2649 5804 2761 5856 qna:
2791 5790 2857 5841 ad
2889 5788 3161 5856 perniciem
3193 5786 3415 5853 plebium
3458 5800 3592 5854 sirpe
3624 5793 3825 5835 ueteru-

2234 5873 2376 5911 scunt
2396 5897 2417 5921 .,
2444 5861 2659 5924 siryulis
2689 5862 2969 5923 quibuujue
2998 5859 3147 5911 annis
3180 5857 3456 5911 concilium
3487 5863 3828 5909 convocetur.
