3996 6186
508 268 615 324 355

938 263 1027 318 AD
1066 258 1345 317 PARTEM
1385 256 1650 311 PlllMAM
1694 254 1975 312 OPERUM
2017 257 2088 312 Μ.
2128 254 2567 313 MERCATORIS
2606 254 2952 311 Al’l‘ENDlX
2992 254 3093 311 SE!
3125 253 3328 311 UNDA.

3678 255 3782 308 5-56

512 384 734 439 Domino
767 382 870 434 Deo
900 388 1071 433 nostra
1100 374 1151 445 (1
1159 373 1406 445 Μάνεω.
1439 371 1619 427 Noluit
1643 373 1840 445 dicere,
1873 381 2087 441 peccata
2117 376 2167 433 Α
2194 373 2343 426 misit
2370 375 2423 428 in
2456 375 2764 445 universum
2795 373 2980 428 orbem
3026 373 3258 428 nobilem
3292 372 3435 445 illam
3467 372 3782 445 epistolam.

512 464 727 518 nostra,
758 451 881 513 sed,
925 444 1229 518 populisui,
1262 444 1436 518 dixit,
1474 451 1530 498 et
1558 458 1684 504 sua,
1717 444 1839 509 quia
1884 445 2091 518 futuros

513 526 671 584 istos,
706 514 793 591 qui
829 514 938 573 tam
976 514 1116 570 male
1156 514 1490 583 intelligunt,
1521 524 1791 583 tamquam
1832 517 2089 584 propheta

553 588 768 649 rovidii.
2107 588 2115 595 ”

515 611 827 715 Ρηὲςῗιῗκέιιι
845 655 1042 725 placuit
1059 665 1114 708 ttt
1133 656 1457 723 quicumque
1475 652 1636 725 verba
1665 653 1775 719 ipsa
1800 654 2092 709 liominicat

512 732 802 793 oratiOuis,
842 724 929 781 ubi
974 727 1201 781 dicimus
1232 742 1244 777 :
1280 724 1490 778 Dimitte
1527 724 1671 777 nobis
1709 725 1878 778 debita
1916 736 2093 780 nostra

513 801 731 872 (Matth.
764 814 835 861 vr,
872 797 996 872 l2),
1023 794 1311 872 ita_VoIntt_t
1338 811 1366 847 a
1394 796 1597 849 sanctis
1625 794 1754 872 diri,
1786 805 1836 847 ut
1861 795 2090 872 humili-

516 865 618 933 ler,
664 885 767 923 non
800 870 1060 921 veraciter
1101 865 1201 918 hoc
1240 866 1475 929 dicatur;
1505 866 1794 917 anathema
1830 865 1920 919 sit.
1962 866 2094 933 Quis

516 943 659 997 enim
690 941 825 993 lerat
856 948 1120 1001 orantem,
1151 946 1204 989 et
1236 952 1342 989 non
1377 935 1705 1001 hominibus,
1734 936 1826 987 sed
1858 937 1957 1003 ipsi
1993 942 2096 988 llu-

516 1012 665 1065 mino
686 1009 1057 1069 mentientem,
1080 1007 1169 1074 qui
1190 1007 1343 1060 labiis
1362 1005 1464 1058 sibi
1486 1005 1616 1058 dicit
1637 1006 1833 1058 dimitti
1851 1008 2013 1071 velle,
2041 1017 2093 1061 et

516 1083 681 1136 corde
698 1081 826 1133 dicit
847 1095 965 1145 qut?
981 1078 1079 1131 sibi
1102 1076 1458 1143 dimittantur,
1485 1075 1662 1129 debita
1686 1090 1790 1128 non
1819 1077 2033 1129 habere.
2068 1096 2086 1128 ι

590 1153 812 1221 Dignum
848 1163 977 1221 vero
1011 1157 1197 1221 rmtatu
1222 1158 1303 1221 est
1328 1148 1379 1199 itt
1405 1146 1798 1221 omnibusaliis
1824 1146 2093 1221 Africana:

518 1216 774 1276 Ecclesia:
809 1218 1074 1282 conciliis,
1129 1218 1262 1270 nihil
1303 1216 1444 1285 quod
1485 1216 1548 1268 ad
1589 1216 1746 1269 tidem
1800 1219 2095 1284 pertineret

516 1294 791 1346 decretum
822 1304 963 1351 esse,
1000 1288 1093 1342 sed
1120 1299 1295 1341 actum
1323 1289 1390 1341 de
1420 1287 1533 1339 sola
1564 1286 1863 1355 disciplina.
1891 1292 2093 1341 causis-

515 1378 620 1432 que
644 1376 1013 1432 personarunt.
1037 1362 1115 1412 An
1144 1360 1267 1432 quia
1300 1356 1712 1432 provincialium
1740 1358 2090 1432 conciliorum

516 1426 662 1486 nulla
696 1440 812 1485 erat
840 1431 906 1484 de
936 1429 1272 1498 dogmatibus
1298 1426 1586 1498 deﬁniendi
1620 1428 1939 1498 auctoritas,
1970 1442 2091 1482 cum

518 1503 650 1556 fides
696 1502 765 1555 sit
804 1496 1103 1553 communis
1140 1512 1321 1557 causa,
1360 1496 1659 1565 cujnsmodi
1703 1498 1867 1557 nulla.
1902 1499 2001 1552 nisi
2040 1500 2090 1550 in

515 1574 745 1627 concilio
767 1572 925 1626 totius
948 1571 1145 1623 Africae
1163 1569 1457 1633 agebatur?
1480 1568 1583 1622 Sed
1604 1582 1699 1621 cur
1721 1583 1821 1621 nec
1843 1567 1896 1621 in
1920 1570 2095 1637 primo

516 1644 748 1697 concilio
806 1639 1129 1694 universali?
1182 1638 1263 1691 An
1316 1638 1681 1704 iutelligebant
1731 1639 1901 1691 sancti
1950 1638 2091 1700 viri,

518 1728 746 1781 quorum
777 1712 881 1764 dux
916 1710 1182 1781 Aurelius,
1205 1717 1261 1761 et
1289 1710 1433 1781 velut
1465 1709 1734 1777 ingenium
1764 1707 2092 1777 Augustinus

515 1780 654 1849 erat,
686 1782 887 1853 quoties
914 1780 1037 1851 fidei
1066 1780 1199 1853 ratio
1237 1780 2086 1853 ventilatur,‘oinnesepiscopos,

515 1848 718 1907 nonnisi
744 1854 811 1904 ad
844 1848 1075 1915 Petrum,
1108 1850 1162 1901 id
1190 1859 1284 1911 est,
1317 1849 1397 1902 sui
1426 1848 1647 1901 nominis
1683 1860 1727 1901 et
1759 1848 1970 1901 Itanoris
1998 1866 2091 1901 au-

514 1933 734 1988 ctorem,
772 1922 961 1990 referre
992 1922 1201 1979 debere,
1232 1935 1443 1987 eamque
1482 1933 1590 1971 esse
1619 1920 1885 1990 antiquam
1929 1920 2093 1971 tradi-

514 1994 699 2046 tionem
748 1989 1060 2060 Patrumque
1096 1990 1329 2041 instituta
1371 1990 1676 2060 sacerdotali
1703 1989 1881 2060 ,ofﬁcio
1924 2002 2091 2042 custo-

512 2064 701 2116 dienda
741 2061 831 2128 (In
861 2057 1051 2114 not.vin
1088 2060 1238 2128 epist.
1271 2060 1339 2111 ad
1379 2058 1592 2112 Milevit.
1615 2068 1661 2112 et
1688 2057 1932 2130 Carthag.
1965 2076 2089 2113 con-

512 2134 663 2199 cil.)?

583 2198 691 2256 (Zur
727 2216 857 2271 ergo
893 2216 1033 2254 nunc
1064 2200 1263 2253 conditi
1304 2198 1577 2252 canones?
1607 2198 1661 2254 Id
1710 2200 1904 2254 factum
1939 2216 2087 2266 reor,

511 2275 633 2342 quia
661 2273 772 2341 jam
804 2271 870 2325 ad
903 2272 1091 2325 Patres
1129 2280 1452 2340 pervenerat
1484 2271 1759 2342 exemplar
1796 2273 2105 2342 tractoria»,

512 2340 605 2397 sed
654 2340 873 2412 privatis
911 2352 1114 2396 tantum
1166 2342 1389 2412 litteris,
1435 2340 1669 2394 nondum
1720 2355 1815 2409 per
1863 2341 2086 2410 legatos.

510 2410 721 2479 Quare,
748 2422 807 2467 ut
846 2413 1164 2465 abeuntibus
1194 2410 1462 2479 episcopis
1491 2413 1811 2473 traderetur,
1844 2411 1955 2479 jam
1992 2413 2090 2464 ali—

510 2501 613 2551 qua
649 2486 699 2538 in
724 2492 1060 2538 antecessum
1091 2497 1211 2550 pars
1246 2482 1534 2544 tractoﬁm,
1565 2495 1634 2533 ex
1667 2496 1727 2532 ea
1758 2490 1882 2548 puto
1910 2490 2081 2535 extra-

509 2565 626 2609 ctos
655 2569 911 2616 canones,
952 2555 1140 2605 saltem
1180 2552 1317 2604 duos
1349 2552 1574 2619 priores,
1601 2551 1773 2618 (quid,
1801 2553 1866 2615 si,
1897 2551 2087 2606 deesse

512 2625 776 2679 tractoria:
837 2638 958 2678 cum
1013 2623 1259 2675 dolerent
1306 2630 1506 2689 partem
1555 2636 1675 2687 qua:
1720 2624 1944 2688 gratiam
1990 2621 2085 2676 Dei

508 2704 798 2760 spectaret,
830 2708 947 2746 eam
988 2692 1101 2744 suis
1130 2693 1426 2745 canonihtts
1456 2690 1806 2756 supplendam
1837 2692 2085 2746 credide-

510 2765 695 2831 runt?)
723 2778 854 2831 quos
886 2765 952 2813 ab
984 2762 1232 2814 omnibus
1263 2761 1389 2813 ferri
1423 2760 1642 2828 majoris
1680 2763 1775 2815 fuit
1806 2764 2080 2831 ponderis,

509 2850 667 2901 quam
716 2835 760 2886 si
802 2848 833 2886 a
881 2834 1013 2885 Solis
1057 2832 1338 2899 delegatis,
1392 2846 1616 2900 quorum
1666 2832 1800 2887 l‘orte
1850 2842 2083 2901 potestas

508 2919 746 2971 cousque
776 2918 882 2956 non
916 2902 1237 2968 pertinebat.

579 2974 720 3040 Quot
747 2975 983 3040 episc0pi
1012 2973 1386 3039 ccttveneriut,
1412 2972 1612 3026 dictum
1642 2983 1794 3027 antea
1820 2990 1835 3029 :
1864 2973 2080 3028 ducenti

508 3045 757 3098 niuttrum
786 3055 836 3098 et
866 3044 1292 3113 quatuot-decim,
1317 3045 1359 3098 si
1394 3052 1571 3114 tamen
1599 3060 1789 3098 omnes
1818 3047 1906 3113 qui
1933 3047 2079 3114 prius

506 3123 900 3177 convenerant,
941 3116 1245 3168 revenerittt
1284 3122 1407 3182 post
1450 3113 1818 3170 Pentecostent
1860 3113 1943 3169 ex,
1970 3120 2080 3169 suis
2108 3123 2151 3182 (ἶ

506 3186 785 3247 Ecclesiis,
817 3199 949 3253 quas
980 3186 1274 3238 inviserant
1305 3201 1319 3237 :
1352 3200 1519 3252 quare
1564 3187 1779 3254 irrepsit
1819 3202 1972 3239 error
2022 3188 2072 3239 in

505 3255 702 3309 librum
744 3255 1152 3322 Chronographi
1202 3254 1482 3323 Prosperi,
1526 3257 1615 3323 qni
1667 3266 1910 3309 numerat
1949 3256 2073 3309 217.

505 3324 631 3378 Fuit
660 3340 789 3378 vero
817 3324 969 3377 facile
1001 3326 1223 3378 notariis
1253 3340 1352 3393 pro
1379 3326 1485 3378 2M
1514 3341 1710 3390 ponere
1730 3327 1831 3379 2l7
1853 3343 1867 3391 ;
1892 3344 2078 3391 quaut-

505 3410 663 3462 quam
702 3395 787 3448 hic
823 3409 977 3447 error
1014 3409 1118 3449 non
1159 3397 1209 3448 in
1241 3395 1488 3457 omnibus
1514 3397 1953 3451 codicibusmss.
1998 3413 2077 3449 re-

505 3468 729 3533 peritur.

578 3535 711 3610 llinc
737 3535 897 3588 etiam
926 3543 1100 3610 poetae
1137 3533 1384 3603 Prosperi
1424 3537 1732 3610 castiganda
1762 3537 2075 3610 hyperbole,

441 3631 445 3634 -
504 3605 606 3677 qui
635 3616 716 3658 ter
754 3606 999 3677 centenis
1043 3620 1323 3673 procerum
1372 3605 1814 3677 editos‘lingttis'
1841 3605 2080 3662 canones

505 3675 680 3742 dixit:
714 3675 887 3729 solent
923 3677 1065 3746 enim
1113 3685 1283 3743 poeta:
1327 3692 1629 3746 numerum,
1676 3675 1765 3746 {pii
1816 3679 2081 3733 ducentos

506 3756 919 3870 praetergressus
968 3745 1157 3810 fuerit,
1217 3757 1575 3802 trecentorum
1627 3745 1847 3804 nomine
1894 3754 2083 3820 appel-

529 3832 637 3869 are.

529 3832 637 3869 31³0.

576 3887 784 3940 Dictum
826 3887 985 3939 ullam
1032 3886 1163 3940 satis
1212 3903 1331 3958 quo,
1361 3898 1601 3957 tempore
1637 3891 1963 3946 sanctissimi
2006 3892 2083 3947 illi

504 3957 818 4029 defensores
845 3957 964 4011 ﬁdei
988 3957 1359 4029 convenerint.
1390 3959 1605 4014 circiter
1628 3977 1821 4029 nempe
1848 3962 2082 4017 medium

503 4028 741 4081 Junium.
774 4027 875 4081 Par
900 4037 981 4082 est
1013 4031 1153 4082 enim
1181 4028 1407 4083 credere
1435 4040 1552 4096 post
1574 4029 1707 4084 festa
1735 4027 2084 4087 Pentecostes

505 4111 715 4166 peracta
758 4102 1159 4168 solentuetnqtta
1202 4098 1523 4167 baptismum
1562 4116 1832 4155 reversos.
1881 4103 2079 4168 Quare,

503 4169 547 4241 si
591 4183 649 4221 se
695 4169 1051 4241 dedtll‘llllillli
1093 4170 1230 4222 viam
1281 4178 1401 4237 post
1450 4177 1697 4241 octavum
1742 4187 1773 4225 a
1818 4174 2085 4241 baptismo

504 4238 670 4311 diem,
691 4254 797 4311 quo
819 4239 1236 4294 absttlvebantur
1258 4242 1409 4301 festa,
1429 4240 1654 4311 diesque
1674 4242 1724 4294 iit
1751 4238 2081 4298 conﬁcienda

504 4310 585 4357 via
616 4309 925 4379 quindecim
959 4312 1263 4378 posuerint.
1293 4326 1413 4379 qua:
1446 4309 1761 4366 brevissima
1795 4330 1974 4379 mora,
2010 4318 2085 4367 l‘a—

507 4377 722 4450 tendum
747 4387 841 4450 est
862 4377 968 4432 non
987 4377 1325 4450 convenisse
1352 4390 1478 4436 ante
1508 4382 1650 4437 diem
1677 4384 1739 4437 l7
1762 4384 1936 4450 Junii;
1962 4377 2083 4439 nam

505 4460 632 4499 ann.
656 4446 760 4500 418
785 4448 958 4501 littera
985 4449 1333 4505 Dominicalis
1364 4463 1482 4505 erat
1510 4452 1571 4517 F,
1596 4463 1651 4508 et
1679 4454 1883 4512 Pascha
1913 4446 2085 4509 conti-

505 4526 655 4583 gerat
680 4516 771 4587 die
800 4517 829 4587 7
862 4518 1057 4586 April..
1090 4529 1252 4587 atque
1274 4521 1344 4574 ita
1379 4516 1699 4579 Pentecoste
1732 4525 1993 4580 inciderat
2030 4528 2081 4580 in

504 4589 647 4642 diem
672 4584 741 4641 26
766 4584 1205 4654 Maii,‘absolttti'o
1237 4590 1490 4646 festorum
1519 4596 1570 4646 in
1591 4596 1627 4647 ἓ
1652 4596 1816 4651 Junii.

1053 4679 1165 4734 XlV
1206 4681 1545 4748 SYNODUS,

506 4767 683 4823 Romw
710 4771 887 4849 t'isdenm
906 4787 1048 4849 ‘coss.
1088 4787 1119 4823 a
1144 4769 1351 4849 Zosim-o
1373 4791 1509 4849 papa
1532 4778 1773 4849 adversus
1816 4776 2081 4849 Pelagittm

733 4853 780 4895 et
811 4841 1120 4909 Cwlestium,
1152 4843 1231 4895 die
1260 4843 1328 4897 15
1354 4841 1547 4914 Aprilis
1574 4846 1842 4903 celebrata.

576 4934 786 5006 Decima
829 4944 1015 5006 quarta
1049 4934 1309 5004 synodus,
1338 4952 1456 5005 qua:
1496 4943 1653 4992 tertia
1684 4940 1951 5006 lloutana,
1988 4943 2081 4994 Ita-

504 5003 624 5075 bita
651 5021 678 5054 a
722 5003 935 5057 Zo~imo
965 5003 1121 5073 papa,
1154 5021 1215 5058 ea
1254 5003 1368 5074 ipsa
1398 5022 1482 5062 eat
1522 5026 1679 5075 quam
1713 5012 1784 5064 Μ.
1815 5003 2080 5067 Mercator

501 5072 813 5149 audientiam
842 5072 1121 5149 pleniorem
1147 5072 1332 5149 vocat,
1362 5072 1689 5134 Comutonit.
1728 5095 1846 5149 cap.
1884 5087 1938 5142 t:
1974 5090 2077 5137 Au-

501 5143 770 5223 gustinus,
799 5146 1095 5223 apostolica:
1122 5147 1259 5223 sedis
1293 5159 1577 5223 ragamenAet
1594 5143 1873 5223 judicium,
1909 5155 2001 5208 ιιι).
2040 5169 2078 5208 ιι

502 5212 566 5264 ad
594 5212 783 5292 ‘Bonif.
808 5212 1034 5292 papa,
1066 5227 1121 5292 et
1144 5219 1299 5292 epist.
1333 5220 1463 5285 £94;
1497 5212 1802 5290 Possidius,
1834 5212 2079 5279 Ecclesia

500 5280 765 5364 cptltolica:
790 5280 1071 5364 judicium,
1108 5290 1160 5341 in
1182 5280 1316 5364 ῪὶιτιΔ
1349 5280 1520 5364 sancti
1542 5280 1929 5364 Attgust.'cap.
1973 5296 2073 5362 i8;

503 5352 1143 5433 llonorius'imperator,
1186 5352 1778 5433 beatissimwhEcclesite
1821 5352 1972 5433 ac'ta,
2021 5352 2075 5420 in

504 5423 664 5498 edict.
701 5425 767 5479 ad
810 5423 1038 5494 Pallad;
1067 5423 1319 5498 Prosper,
1348 5431 1625 5484 concilium
1662 5423 1971 5488 cunctorum
1996 5454 2081 5490 sa-

503 5494 766 5577 cerdotum
820 5498 1097 5577 mundique
1156 5494 1332 5577 manu
1360 5500 1729 5577 subscriptum,
1783 5505 1877 5559 lib.
1929 5519 2075 5562 c0nt.

502 5564 641 5643 Coll.
676 5581 796 5643 cap.
822 5569 913 5643 si,
947 5564 1080 5643 «με
1105 5586 1272 5624 carm.
1302 5572 1370 5626 de
1398 5564 1645 5643 lngraiis.

577 5636 724 5712 llane
738 5638 936 5712 habuit
961 5638 1206 5694 Zosiuuts
1237 5653 1357 5709 post
1387 5636 1677 5712 palelactas
1701 5646 2078 5704 haereticorum

499 5716 677 5773 artes,
708 5709 1058 5778 Caelestitque
1109 5709 1439 5783 perspectam
1481 5718 1678 5771 malam
1712 5720 1869 5785 tidem
1911 5738 1921 5772 :
1955 5721 2078 5776 inde

2113 4487 2165 4546 Ι)

2195 460 2329 515 quat,
2378 454 2445 515 ut
2479 445 2553 499 ait
2598 444 2851 510 Prostter,
2892 446 2968 496 ad
3014 445 3291 515 impiorum
3339 443 3784 515 detruncationem

2194 514 2373 584 gladio
2416 514 2559 569 Petri
2594 517 2803 569 dextras
2833 516 3060 569 omnium
3087 512 3302 569 armauit
3328 514 3615 567 antistitum
3640 512 3785 582 (Lib.

2196 595 2335 637 cont.
2371 587 2559 640 (ζουσι.
2589 602 2705 654 cap.
2736 587 2851 653 Η).

2267 655 2372 709 Sed
2416 666 2635 723 praestat
2670 656 2859 711 audire
2902 653 3614 726 Mercatoremwommanit.
3660 671 3782 723 cap.

2196 727 2250 792 3)
2276 744 2289 779 :
2317 727 2441 791 Qua:
2470 728 2644 780 omnia
2672 727 3026 791 suprascripta
3050 725 3300 791 capitula,
3328 737 3383 778 ut
3404 727 3521 795 jam
3543 728 3786 795 superius

2195 798 2390 849 dictum
2425 806 2530 860 est,
2560 799 2779 850 continet
2810 796 2903 850 illa
2927 795 3090 851 beata:
3116 795 3383 867 memoria:
3408 794 3642 867 episcopi
3669 794 3782 850 Ζο-

2195 868 2312 936 simi
2361 868 2598 936 epistola,
2644 882 2756 934 qua:
2803 877 3047 919 tractoria
3089 865 3322 928 dicitur;
3363 865 3466 936 qua
3515 865 3785 920 leestius

2198 935 2541 1006 Pelagiusque
2571 938 2803 990 damnati
2840 947 2997 1002 sunt;
3032 954 3145 1005 qua:
3183 947 3227 988 et
3260 935 3780 1000 Constantinopolim,

2194 1017 2243 1059 et
2272 1022 2363 1075 per
2392 1018 2552 1060 totum
2594 1008 2765 1060 orbem
2793 1010 2969 1072 missa,
2994 1007 3452 1077 subscriptionibus
3489 1018 3785 1061 sanctorum

2203 1076 2417 1129 Patrum
2444 1086 2515 1129 est
2542 1079 2797 1139 roborata,
2829 1086 2936 1131 etc.

2273 1148 2489 1200 Dixerat
2530 1148 2781 1202 superius
2819 1160 2940 1216 post
2984 1148 3176 1201 factam
3221 1146 3465 1213 epistolae
3510 1162 3604 1211 per
3646 1148 3784 1202 sub-

2198 1220 2495 1284 rcptioucm
2536 1234 2564 1268 a
2602 1217 2859 1271 Ctelestio
2889 1219 3123 1271 obtentse
3156 1220 3480 1271 mentionem
3516 1232 3530 1269 :
3566 1217 3788 1286 Ερὶεεοο

2200 1288 2276 1353 pis
2310 1303 2423 1339 vero
2466 1303 2528 1339 ea:
2566 1288 2744 1358 Africa
2780 1288 3198 1347 rescribentibus,
3231 1303 3529 1355 omnemque
3570 1303 3786 1340 causam

2197 1373 2311 1424 qua:
2343 1358 2482 1428 apud
2508 1374 2592 1411 eos
2632 1359 2767 1427 facta
2808 1358 2972 1425 fuerat
3013 1359 3396 1425 exponentibus,
3425 1358 3592 1409 missis
3625 1360 3789 1411 etiam

2197 1428 2347 1493 gestis
2378 1427 2590 1490 exinde,
2631 1444 2749 1497 quis:
2777 1433 2981 1493 fuerant
3023 1437 3141 1480 tunc
3180 1443 3293 1479 cum
3336 1427 3447 1494 illo,
3479 1429 3555 1480 vel
3592 1430 3654 1479 de
3683 1430 3721 1479 il
3747 1445 3789 1481 ο

2198 1498 2446 1564 confecta.
2499 1496 2705 1552 uocatus
2740 1500 2807 1551 ad
2852 1498 3170 1551 audientiam
3211 1496 3521 1567 pleniorem,
3560 1508 3614 1547 ut
3659 1515 3784 1566 qua:

2197 1570 2529 1639 promiserat,
2581 1570 2843 1638 festinaret
2889 1568 3130 1639 implere,
3175 1568 3228 1619 id
3275 1578 3379 1627 est,
3424 1568 3789 1639 ntidamnatis

2199 1638 2455 1702 prtedtctis
2481 1640 2739 1709 capitulis,
2771 1638 3021 1693 sententia
3047 1638 3289 1709 Afrorum
3320 1638 3642 1705 pontiﬁcum,
3672 1656 3785 1704 qua

2201 1709 2366 1773 fuerat
2387 1708 2747 1780 communione
2791 1711 3042 1780 privatus,
3070 1708 3432 1780 absolveretur,
3462 1724 3582 1780 non
3605 1712 3782 1763 solum

2201 1793 2298 1829 non
2326 1779 2516 1844 adfuit,
2550 1786 2637 1832 sed
2669 1777 2822 1832 etiam
2851 1795 2912 1831 es
2939 1788 3216 1831 memorata
3241 1777 3477 1830 Romana
3503 1778 3623 1829 urbe
3651 1795 3784 1843 pro-

2198 1848 2350 1917 fugit,
2379 1860 2531 1917 atque
2554 1850 2615 1902 ob
2642 1853 2737 1903 hoc
2763 1866 2793 1901 a
2822 1850 2978 1902 beatae
3013 1848 3271 1902 memoria:
3301 1848 3544 1915 prwdicw
3563 1846 3784 1904 Zosimo

2196 1919 2465 1984 episcopo,
2508 1920 2711 1988 scriptis
2746 1919 3076 1987 amplissimis
3114 1927 3159 1971 et
3194 1919 3500 1987 longissimis
3533 1920 3781 1984 perdam-

2194 1997 2345 2042 natus
2367 1999 2475 2060 est;
2514 1990 2569 2043 in
2594 1990 2774 2058 quibus
2812 2001 2857 2043 et
2885 1990 2997 2059 ipsa
3035 1989 3293 2060 capitula.
3325 1988 3389 2041 de
3414 1988 3595 2056 quibus
3621 2005 3786 2042 accu-

2194 2068 2334 2111 satus
2381 2059 2577 2124 fuerat,
2623 2062 2982 2124 continentur;
3027 2069 3073 2112 et
3102 2059 3287 2112 omnis
3330 2074 3522 2121 causa,
3565 2067 3670 2111 tam
3710 2063 3785 2114 de

2195 2127 2426 2201 Caelestio
2464 2132 2846 2199 suprascripto,
2877 2145 3034 2199 quam
3063 2129 3126 2182 dc
3154 2127 3366 2198 Pelagio
3392 2132 3633 2197 magistro
3657 2133 3783 2201 ejus

2195 2199 2466 2270 propiore,
2496 2202 2695 2253 videtur
2720 2218 2827 2254 esse
2853 2209 3067 2253 narrata
3096 2214 3115 2253 :
3150 2215 3367 2270 quorum
3395 2199 3695 2270 scriptorum
3725 2212 3782 2253 et

2192 2284 2284 2341 nos
2321 2270 2402 2341 hic
2431 2268 2674 2323 habemus
2704 2272 3045 2341 exemplaria,
3081 2280 3129 2323 et
3163 2266 3234 2321 ad
3268 2266 3783 2341 Orierualesgla'crle-

2190 2340 2295 2392 sias
2325 2339 2545 2410 ZEgypti
2568 2339 2917 2403 dimcesim,'et
2943 2339 3455 2409 ConstantinOpolim,
3479 2350 3525 2393 et
3549 2339 3591 2392 Τ
3595 2340 3784 2393 [tessa-

2192 2410 2432 2473 lonicam,
2449 2420 2494 2463 et
2520 2410 3159 2482 Hierosolytrtam,similia
3186 2412 3460 2479 eademque
3487 2413 3677 2481 scripta
3704 2411 3783 2464 ad

2189 2482 2453 2552 episcopos
2476 2483 2775 2535 transmissa
2797 2499 2903 2535 esse
2930 2483 3272 2552 suggerimus.
3338 2548 3349 2552 Δ
3459 2547 3474 2552 Α
3516 2548 3543 2552 Α-
3786 2488 3795 2494 “

2266 2551 2339 2604 De
2363 2547 2615 2606 tractoria
2659 2552 2897 2620 pluribus
2922 2547 3130 2620 egimus
3159 2553 3212 2604 in
3241 2548 3381 2620 notis
3409 2547 3476 2602 ad
3506 2548 3774 2604 Commo-

2192 2620 2465 2687 nitorium,
2499 2619 2717 2691 agemus
2744 2634 2796 2676 et
2825 2622 2877 2676 in
2909 2619 3286 2676 dissertatione
3308 2619 3375 2673 de
3403 2620 3795 2691 subscriptio~

2190 2691 2347 2744 nibus
2374 2689 2646 2760 imperatis
2671 2695 2721 2746 itt
2748 2706 2909 2747 causa
2940 2691 3343 2761 Pelagianorum
3362 2689 3494 2761 :_ubi
3528 2690 3666 2745 hanc
3695 2693 3774 2747 ab

2187 2772 2405 2816 auctore
2435 2758 2745 2833 appendicis
2774 2763 2840 2816 ad
2879 2758 3158 2832 epistolam
3185 2758 3484 2833 leestini,
3518 2762 3778 2833 nomina-

2187 2838 2295 2885 tam
2322 2830 2667 2889 ostendemus
2697 2830 2993 2886 canonicam
3027 2834 3400 2898 auctoritatem,
3436 2830 3489 2883 id
3518 2840 3603 2885 est
3633 2831 3777 2887 lidei

2187 2904 2448 2968 regulam,
2477 2904 2634 2970 eique
2668 2904 2890 2972 perinde
2925 2906 2974 2956 in
3003 2916 3164 2957 causa
3197 2902 3603 2972 Pelagianorum
3637 2903 3793 2955 sub--

2184 2973 2528 3044 scribendum
2558 2970 2741 3037 fuisse,
2763 2985 2926 3044 atque
2952 2974 3003 3027 in
3026 2988 3184 3027 causa
3219 2970 3563 3042 Eutychiauze
3586 2976 3779 3028 luere-

2186 3043 2260 3095 sis
2282 3046 2452 3097 saneti
2480 3044 2678 3099 Leonis
2702 3043 2944 3113 epistola:
2969 3045 3035 3097 ad
3070 3044 3402 3098 Flavianum.

2257 3114 2399 3180 Quot
2436 3117 2670 3184 episcopi
2701 3117 3069 3178 convenerint,
3114 3128 3330 3181 prorsus
3369 3114 3602 3184 ignotum
3637 3122 3729 3167 est
3756 3132 3774 3168 :

2186 3186 2366 3252 plures
2391 3182 2728 3249 convenisse,
2751 3200 2817 3240 ex
2841 3201 2907 3239 eo
2933 3188 3218 3253 colligitur,
3241 3186 3383 3254 q-tod
3408 3198 3438 3235 a
3461 3182 3779 3240 Mercatore

2181 3253 2379 3323 plenior
2398 3257 2659 3310 audientia
2681 3257 2906 3309 dicatur.
2933 3255 3240 3309 lutet-fuisse
3260 3253 3464 3309 clerum
3488 3253 3770 3319 urbicum,

2182 3330 2348 3380 immo
2379 3335 2433 3379 et
2470 3328 2958 3396 frequentissimum
2998 3326 3271 3394 populum,
3314 3324 3477 3377 tradit
3504 3327 3771 3392 Augusti-

2183 3412 2302 3460 nus,
2332 3396 2446 3450 sive
2476 3397 2564 3449 ubi
2593 3405 2775 3450 narrat
2791 3397 2998 3452 Sixtum
3023 3396 3422 3465 presbyterum,
3449 3409 3595 3463 quem
3621 3398 3775 3461 fama

2172 3469 2391 3547 jactaret
2416 3467 2599 3536 favisse
2624 3468 2842 3547 inimicis
2862 3466 3062 3547 gratiae,
3082 3467 3305 3547 priorem
3326 3466 3417 3545 eis,
3444 3466 3508 3547 in
3525 3468 3778 3547 frequen-

2182 3534 2374 3589 tissimo
2418 3534 2641 3607 papulo,
2681 3534 2952 3591 anathema
2986 3537 3176 3589 dixisse
3212 3535 3407 3605 (Epist.
3448 3534 3612 3602 £94);
3650 3536 3779 3590 sive

2183 3622 2303 3661 eunt
2344 3607 2508 3662 refert
2546 3609 2793 3673 querelas
2838 3607 3270 3676 Pelagianorum,
3324 3613 3417 3658 aut
3460 3609 3774 3659 calumnias

2186 3684 2399 3755 potius,
2430 3678 2695 3732 adversus
2739 3678 2971 3755 clericus
3006 3676 3299 3755 Romanos,
3348 3677 3573 3743 perinde
3607 3678 3776 3755 quasi

2175 3750 2426 3820 jnssionis
2462 3758 2652 3802 terrore
2686 3748 2934 3820 percussi,
2969 3764 3071 3800 non
3112 3747 3425 3820 erubuissent
3457 3747 3776 3820 prevarica-

2184 3817 2335 3872 tionis
2368 3820 2556 3871 crimen
2592 3818 2879 3879 admittere,
2911 3828 2963 3870 ut
2999 3830 3175 3871 contra
3203 3818 3427 3887 priorem
3461 3817 3780 3870 sententiam

2184 3906 2352 3955 suam,
2389 3906 2491 3959 qua
2525 3890 2676 3961 gestis
2700 3889 2950 3961 catholico
2994 3889 3225 3958 dogmati
3254 3887 3779 3961 adfuerant,‘_postea

2184 3956 2568 4028 pronuntiarent
2588 3960 2777 4012 malam
2809 3956 3194 4011 hominumesse
3215 3967 3452 4011 naturam
3472 3956 3615 4025 (Lib.
3640 3972 3676 4011 ll
3701 3961 3779 4011 ad

2185 4029 2361 4097 Bonif.
2393 4046 2508 4098 cap.
2541 4031 2624 4100 5).

2259 4101 2332 4154 De
2360 4097 2600 4166 tempore
2630 4100 2954 4164 disputatum
2978 4107 3081 4165 est,
3117 4099 3305 4151 saltem
3336 4114 3401 4151 ex
3428 4108 3597 4165 parte,
3624 4097 3780 4153 inter

2189 4169 2562 4238 inquirendum
2602 4170 2653 4222 in
2682 4169 2930 4223 Africana
2961 4168 3184 4223 cooeilia
3216 4186 3228 4221 :
3259 4185 3380 4222 cum
3411 4169 3551 4222 enim
3563 4182 3611 4238 9
3636 4183 3779 4222 con-

2186 4237 2338 4293 sessu
2383 4242 2565 4295 habito
2594 4240 2700 4294 kal.
2735 4240 2888 4293 Maiis
2915 4240 3234 4307 rescriptum
3268 4238 3334 4292 sit
3362 4240 3534 4293 tertiis
3559 4237 3781 4293 Zosimi

2188 4310 2384 4365 litteris
2435 4311 2577 4364 datis
2629 4326 2699 4364 xu
2745 4308 2854 4363 kal.
2911 4312 3140 4377 Aprilis,
3187 4310 3381 4379 quibus
3427 4310 3780 4379 signiﬁcabat

2186 4382 2430 4449 pontifex
2457 4382 2589 4435 ttihil
2621 4380 2798 4435 adhuc
2819 4379 3094 4434 delinitum
3119 4378 3329 4449 summo
3349 4378 3587 4447 judicio;
3613 4395 3781 4433 cum-

2188 4448 2294 4521 que
2323 4450 2467 4520 prius
2509 4453 2829 4507 sententiam
2870 4452 3054 4505 tulerit
3094 4465 3255 4519 quam
3302 4448 3782 4521 llonorius,judi-

2190 4520 2334 4577 eium
2363 4523 2529 4591 ipsius
2557 4536 2819 4591 sequens,
2848 4523 3287 4576 constitutionem
3317 4520 3472 4574 daret
3498 4520 3563 4573 ad
3588 4520 3784 4574 Palla-

2192 4594 2337 4647 dium
2372 4593 2547 4661 pridie
2581 4591 2688 4647 kal.
2734 4591 2931 4655 Maias,
2970 4607 3191 4645 necesse
3218 4600 3303 4646 est
3339 4591 3613 4661 synodum
3639 4604 3785 4646 con-

2189 4660 2403 4718 venisse
2457 4662 2777 4717 intermedio
2828 4673 3069 4730 tempore
3114 4678 3127 4712 :
3178 4671 3233 4715 at
3294 4662 3549 4731 temporis
3605 4660 3786 4729 hujus

2192 4734 2480 4788 maximam
2529 4742 2734 4803 partem
2781 4735 2951 4787 tenuit
2990 4733 3409 4803 Quadragesima
3448 4746 3569 4785 cum
3616 4731 3786 4787 festis

2193 4804 2557 4871 paschalibus,
2586 4819 2703 4871 quae
2739 4804 3081 4873 contigerunt
3112 4804 3202 4857 die
3238 4803 3268 4854 7
3298 4802 3657 4873 Aprilis.7[‘ar
3690 4816 3787 4856 εει

2188 4874 2414 4929 credere
2448 4874 2628 4929 statim
2672 4881 2797 4943 post
2837 4871 3111 4928 absolutos
3161 4874 3278 4927 dies
3324 4875 3487 4926 fesms
3527 4871 3784 4927 habitant

2187 4946 2489 5016 synodum,
2530 4944 2585 4997 id
2615 4942 2731 5008 est,
2765 4942 2853 5016 die
2893 4944 2959 4999 15
2989 4944 3218 5016 Aprilis,
3239 4945 3533 5016 igestisque
3561 4943 3633 4995 ad
3663 4943 3782 5016 Ho-

2189 5012 2401 5069 norium
2446 5015 2669 5081 delatis,
2716 5014 2913 5069 editam
2958 5014 3131 5082 pridie
3167 5012 3281 5068 kal.
3325 5012 3488 5067 Maias
3526 5012 3779 5067 sanctio-

2186 5102 2333 5140 nent.
3782 5108 3787 5113 '

2263 5156 2395 5211 lluie
2440 5168 2740 5224 temporum
2770 5155 2968 5209 rationi
3007 5153 3150 5209 belle
3187 5154 3370 5209 omnia
3410 5155 3785 5217 conveniunt,

2186 5228 2301 5282 sive
2328 5229 2810 5297 qua:_Attgustiuus
2847 5228 2912 5279 ad
2938 5226 3188 5297 Optatum
3221 5225 3409 5278 scribit
3436 5224 3785 5297 de__epi5tola

2185 5294 2384 5352 Zosimi
2408 5294 2601 5368 (Epist.
2615 5300 2753 5367 apud
2766 5298 2982 5367 August.
3013 5295 3176 5362 201);
3208 5298 3474 5368 sive'qute
3502 5294 3789 5368 Hierony-

2186 5384 2307 5425 mus
2336 5365 2666 5437 ad'Alipium
2705 5378 2761 5423 et
2798 5365 3189 5437 Augustinum,
3231 5365 3298 5420 de
3329 5366 3597 5437 iugulata,
3633 5365 3791 5434 ipsis

2182 5435 2628 5509 cooperatoribus
2672 5449 2725 5493 et
2767 5435 3481 5509 auctoribtts._Ccelestiana
3520 5435 3793 5509 haeresi;

2182 5506 2304 5565 sive
2328 5511 2571 5583 qumgalii
2595 5520 2871 5580 auctores,
2902 5510 2970 5565 de
2992 5518 3103 5583 toto
3126 5506 3329 5562 Zosimi
3365 5522 3485 5563 cum
3518 5506 3793 5576 Pelagia-

2185 5586 2270 5635 nis
2301 5582 2535 5649 negotio.
3066 5582 3071 5583 7
3359 5647 3368 5649 _
3470 5647 3485 5649 _
3698 5606 3701 5607 ν

2255 5647 2550 5708 'l‘ractoria:
2581 5651 2784 5706 Zosimi
2833 5650 2967 5706 nihil
3012 5656 3284 5718 superest,
3319 5647 3419 5702 nisi
3464 5647 3797 5715 fragmenta

2184 5725 2463 5791 qua-dam,
2515 5736 2704 5794 parum
2736 5724 2875 5793 apud
2922 5722 3315 5791 Augustinum,
3346 5720 3535 5788 partim
3575 5722 3630 5772 in
3675 5732 3793 5787 ap-
