3996 6184
218 296 340 351 337

794 292 1103 349 Dl‘e‘Sl‘JltT.
1149 291 1210 346 ll.
1261 291 1346 345 DE
1384 291 1670 348 SYNUDlS
1708 291 1976 349 llABlTlS
2015 291 2078 347 lit
2118 291 2343 349 CAUSA
2386 292 2944 351 PELSGIANORUM.

3403 300 3509 359 358

220 410 462 477 pendier;
489 408 737 474 epistola:
764 403 1133 478 leesttniad
1165 403 1446 473 episcopos
1476 402 1684 478 Gallia},
1721 401 1818 456 sed
1849 405 1901 462 Α
1930 396 2323 478 scriptoribus,
2359 404 2657 478 prmsertjm
2688 406 2979 478 Augustino
3003 448 3017 471 ,
3051 407 3336 478 Prospero,
3370 410 3511 465 Iler-

218 474 293 533 éa
328 480 410 533 vis
445 478 645 532 idonea
673 490 794 540 quae
821 486 1022 528 tantam
1044 474 1310 542 jacturam
1337 475 1703 527 consolentur.

448 587 533 643 Ea:
567 587 784 659 epistola
812 586 1086 655 Augustini
1120 584 1218 640 157
1248 586 1315 637 ad
1350 583 1613 655 Optatum.

298 682 462 749 Nam,
489 692 547 735 ut
570 681 681 749 jam
714 678 889 749 verbis
921 686 1041 731 utar
1064 694 1182 745 qum
1208 678 1261 730 in
1288 677 1403 749 ipsa
1434 677 1658 749 epistola
1688 674 1819 749 bea-

221 746 733 806 tissimi'autistitis
762 748 961 802 Zosimi
1005 750 1293 817 leguntur:
1325 746 1525 799 Fidelis
1574 748 1820 800 Dominus

215 825 275 875 in
316 822 480 876 verbis
510 823 615 875 suis
643 862 657 883 ,
687 823 895 891 ejusque
924 819 1201 891 baptismus
1228 835 1282 871 re
1317 835 1376 870 ac
1403 818 1594 880 verbis,
1626 818 1679 869 id
1711 827 1784 891 est
1803 859 1816 878 ,

217 909 400 961 opere,
439 889 755 959 confessione
795 902 842 944 et
888 890 1183 961 remissione
1216 898 1733 961 vera_peccatorttm._
1766 889 1819 940 in

213 958 365 1016 omni
393 958 554 1027 sexu,
583 972 763 1027 aetate,
791 960 1085 1013 conditione
1112 959 1307 1026 generis
1344 958 1561 1010 humani
1591 959 1817 1011 eamdem

214 1034 604 1097 plenitudinem
641 1042 793 1084 tenet.
828 1029 1021 1083 Nullus
1054 1032 1218 1090 enim,
1246 1029 1344 1080 nisi
1373 1031 1459 1097 qui
1488 1029 1679 1095 peccati
1712 1046 1819 1081 ser-

209 1120 312 1156 eus
350 1114 453 1166 est,
486 1103 613 1155 liber
643 1103 856 1171 efﬁcitur
887 1116 907 1153 ,ο
937 1115 1027 1151 nec
1054 1101 1340 1165 redemptus
1364 1101 1471 1171 dici
1503 1108 1683 1171 potest,
1718 1100 1818 1152 nisi

208 1176 307 1241 qui
332 1191 455 1227 vere
481 1191 572 1240 per
603 1169 868 1239 peccatum
895 1171 1049 1239 fuerit
1077 1180 1197 1222 ante
1233 1170 1462 1241 captivus
1480 1169 1656 1241 ,sicut
1683 1172 1814 1222 scri-

209 1239 365 1311 ptum
408 1239 489 1299 est
528 1259 547 1296 .'
580 1244 640 1297 Si
689 1259 774 1295 vos
810 1242 946 1309 [ilius
987 1240 1291 1299 liberaverit,
1336 1255 1449 1292 vere
1490 1239 1645 1311 liberi
1675 1241 1815 1292 eritis

209 1310 406 1379 (Joan.
440 1330 557 1375 vnt,
581 1311 699 1378 56).
741 1311 843 1363 I’er
873 1313 1039 1381 ipsunt
1067 1326 1202 1363 enim
1235 1311 1552 1381 renascimur
1569 1310 1815 1377 spiritali-

208 1396 312 1442 ter.
338 1401 435 1454 per
463 1390 633 1448 ipsum
667 1380 1025 1454 cruciﬁgimur
1048 1381 1239 1454 mundo
1262 1395 1278 1431 :
1306 1380 1466 1449 ipsius
1487 1390 1647 1431 morte
1679 1397 1815 1454 mor—

208 1457 278 1507 tis
306 1450 374 1506 ab
400 1457 569 1507 Adam
594 1454 825 1506 omnibus
843 1450 986 1503 nobis
1008 1450 1311 1503 introducta:
1336 1462 1485 1519 atque
1505 1452 1814 1504 transmissa:

208 1528 477 1578 uniuersae
503 1526 708 1586 animle,
738 1521 869 1575 illud
899 1522 1264 1590 propagatione
1293 1529 1610 1572 contractum
1641 1519 1810 1574 cltiro-

207 1596 476 1664 graphum
512 1594 787 1660 rumpitur,
838 1594 890 1645 in
936 1608 1038 1664 quo
1084 1590 1257 1643 nullus
1302 1592 1509 1643 omnino
1547 1600 1806 1664 natorum,

203 1660 492 1731 antequam
527 1682 614 1734 per
642 1664 949 1721 baptismum
979 1661 1243 1734 liberetur,
1282 1677 1382 1734 non
1420 1672 1615 1713 tenetur
1648 1660 1805 1713 «bna-

205 1738 351 1789 :citts.
403 1736 455 1789 In
505 1731 593 1788 liis
630 1734 805 1789 verbis
852 1733 1167 1799 apostolica:
1213 1731 1377 1794 sedis,
1431 1740 1535 1784 tam
1586 1736 1801 1800 antiqua

206 1817 377 1873 atque
414 1806 630 1860 l'ntidata
672 1814 817 1857 certa
861 1812 917 1857 et
952 1802 1097 1873 clara
1135 1812 1213 1873 est
1246 1800 1511 1855 catholica
1558 1803 1713 1867 lides,
1746 1816 1801 1857 ttt

212 1872 369 1931 nefas
401 1878 469 1929 sit
498 1879 565 1931 de
600 1876 687 1929 illa
720 1874 969 1928 dubitare
990 1872 1343 1927 Christianos.

211 1992 292 2043 lix
320 1991 702 2055 praeteritorum
723 1988 858 2041 sedis
880 1986 1180 2055 apostolica:
1202 1986 1498 2054 pontificum
1523 1988 1803 2040 auctorita-

274 2062 418 2115 tibus
458 2063 561 2115 sive
603 2059 895 2124 sententiis,
952 2058 1184 2119 epistolae
1232 2055 1486 2109 Caelestini
1536 2073 1684 2127 papa:
1733 2058 1801 2111 ad

274 2134 545 2202 episcopos
576 2129 872 2184 Galliarum
902 2127 1087 2196 subjici
1118 2128 1301 2180 solitis.

272 2232 418 2287 CAP.
450 2230 581 2286 VIII.
622 2229 774 2298 Quod
806 2230 983 2283 omnia
1014 2227 1212 2293 studia,
1249 2235 1303 2280 et
1331 2226 1509 2281 omnia
1540 2242 1702 2295 opera
1734 2243 1799 2284 ac

201 2303 413 2359 merita
455 2311 763 2357 sanctorum
793 2299 857 2353 ad
891 2300 980 2351 Dei
1018 2299 1241 2366 gloriam
1289 2298 1609 2366 laudemque
1652 2300 1794 2353 rele—

196 2374 381 2428 renda
414 2374 541 2435 sint.
569 2372 693 2441 quia
724 2385 881 2441 nemo
911 2368 1125 2422 aliunde
1150 2368 1197 2421 ei
1224 2368 1466 2436 placeat,
1502 2369 1599 2422 nisi
1634 2385 1699 2441 ex
1730 2385 1795 2423 eo

195 2444 353 2510 quod
383 2445 496 2511 ipse
522 2439 823 2497 donaverit.
855 2440 910 2493 In
941 2454 1099 2511 quam
1130 2454 1226 2511 nos
1256 2440 1580 2511 sententiam
1613 2439 1795 2510 dirigit

192 2508 819 2568 beata—recordationis
850 2524 999 2580 papa:
1038 2508 1233 2580 Zosimi
1267 2510 1527 2577 regularis
1557 2508 1795 2565 auctori-

194 2594 308 2647 tas,
343 2600 470 2638 cum
497 2584 743 2637 scribens
770 2581 833 2635 ad
855 2579 1030 2634 totius
1056 2579 1203 2633 orbis
1230 2581 1513 2647 episcOpos
1540 2581 1611 2633 ait
1639 2598 1651 2632 :
1683 2580 1793 2635 Nos

190 2665 389 2707 autem
425 2655 666 2707 instinctu
713 2652 808 2705 Dei
856 2650 1063 2720 (omnia
1102 2651 1236 2703 enim
1279 2648 1407 2720 bona
1436 2652 1504 2703 ad
1534 2662 1794 2706 auctorem

189 2742 367 2802 unus
400 2726 662 2794 referenda
697 2731 812 2777 sunt
838 2719 1020 2786 ,unde
1047 2719 1366 2802 nascuntur)
1398 2721 1467 2773 ad
1497 2724 1716 2802 [rutrum
1745 2734 1791 2776 et

186 2791 625 2875 coepiscoporum
668 2803 954 2847 nostrorum
1012 2791 1369 2870 conscientiam
1420 2791 1656 2871 universa
1706 2809 1788 2846 re-

189 2859 456 2920 tulimus:
503 2867 647 2919 llunc
694 2871 873 2919 autem
920 2875 1227 2916 sermonem
1276 2859 1654 2915 sincerissima:
1697 2878 1790 2917 ve-

187 2938 393 2991 ritatis
436 2936 551 2990 luce
598 2935 895 2989 radiantem
942 2942 1090 2985 tanto
1120 2929 1234 2984 Afri
1290 2932 1527 3001 episcopi
1582 2932 1787 2990 honore

187 3008 453 3062 venerati
479 3016 600 3061 sunt
624 3048 639 3071 ,
674 3015 731 3059 ut
760 3004 832 3057 ita
864 3002 928 3057 ad
960 3001 1207 3056 eumdem
1240 3002 1409 3053 virum
1440 3003 1738 3057 scriberent
1770 3021 1784 3062 ;

189 3076 357 3131 Illud
384 3093 520 3145 vero,
548 3078 681 3146 quod
710 3077 763 3128 in
788 3073 968 3127 litteris
990 3089 1118 3146 quas
1139 3072 1480 3146 in__universas_
1492 3076 1786 3146 provincias

189 3150 403 3202 curasti
446 3142 862 3202 esse'mittendas
906 3144 1121 3214 posuisti
1163 3142 1336 3195 dicens
1382 3158 1400 3195 :
1452 3142 1565 3196 Nos
1617 3154 1784 3198 tamen

190 3220 457 3273 instinctu
488 3218 602 3284 Dei,
633 3227 764 3282 etc.,
794 3214 867 3268 sic
894 3215 1187 3284 accepimus
1208 3214 1420 3277 dictant,
1462 3224 1515 3266 ut
1545 3214 1665 3268 illos
1694 3217 1781 3283 qui

189 3301 389 3342 contra
422 3286 515 3342 Dei
545 3282 859 3359 adjutorium
887 3284 1141 3359 extollunt
1167 3282 1380 3359 humani
1407 3283 1604 3359 arbitrii
1630 3282 1781 3359 liber-

189 3370 384 3420 tatem,
412 3354 639 3412 districto
667 3355 841 3427 gladio
862 3356 1104 3427 veritatis,
1132 3354 1273 3427 velut
1297 3357 1482 3427 cursim
1504 3358 1777 3419 transiens,

188 3440 517 3501 amputans.
552 3424 689 3496 Quid
710 3427 843 3480 enim
867 3435 971 3501 tam
995 3424 1153 3501 lbera
1179 3425 1341 3501 fecisti
1367 3426 1599 3501 arbitrio,
1627 3443 1779 3494 quam

190 3494 347 3565 quod
378 3494 609 3554 universa
639 3505 690 3552 in
716 3506 903 3551 nostra!
922 3494 1225 3548 humilitatis
1252 3497 1613 3549 conscientiam
1640 3511 1752 3550 retu

191 3573 351 3624 listt?
382 3571 445 3622 Et
483 3583 645 3623 tamen
684 3569 929 3623 instinctu
956 3566 1051 3619 Dei
1084 3566 1278 3633 factum
1307 3582 1411 3619 esse
1444 3566 1665 3634 ﬁdeliter
1690 3585 1777 3619 sa-

190 3644 494 3711 pienterque
541 3641 742 3701 vidisti,
790 3638 1030 3711 veraciter
1074 3636 1391 3711 ﬁdenterque
1424 3637 1619 3688 dixisti.
1651 3636 1779 3711 Ideo

192 3706 551 3780 utiqua'quia
578 3719 897 3780 preparatur
920 3707 1152 3780 voluntas
1180 3724 1213 3780 a
1242 3706 1480 3780 Domino.
1510 3716 1559 3760 et
1587 3718 1638 3759 ttt
1664 3709 1778 3780 boui

189 3777 405 3851 aliquid
444 3777 638 3851 agant,
690 3777 1378 3851 paternis__inspirationibus
1426 3793 1639 3851 suorum
1675 3778 1781 3851 ipse

193 3845 367 3923 tangit
414 3845 569 3905 corda
617 3845 861 3923 ﬁliorum.
914 3845 1171 3923 Quotquot
1208 3847 1568 3923 ettim_spiritu
1597 3845 1702 3899 Dei
1722 3869 1778 3898 a-

190 3916 416 3993 guritur,
448 3924 499 3976 hi
529 3924 625 3991 ﬁlii
652 3922 745 3973 Dei
770 3929 887 3972 sunt
917 3916 1107 3993 (Altam.
1139 3933 1227 3970 \‘lll
1258 3958 1281 3993 ,_
1307 3916 1371 3993 11
1398 3916 1415 3983 l
1440 3934 1453 3979 ;
1488 3928 1540 3971 ut
1572 3934 1661 3993 nec
1688 3935 1775 3970 no.

190 3988 365 4047 suum
385 3988 555 4046 deesse
574 3994 846 4047 sentiamus
878 3989 1164 4049 arbitrium,
1191 3998 1235 4040 et
1267 3990 1316 4039 in
1342 3988 1484 4039 bonis
1503 3988 1780 4057 quibusque

192 4065 477 4116 roluntatis
503 4063 742 4115 humana:
770 4060 982 4130 singulis
1010 4060 1223 4113 motibus
1252 4075 1412 4129 magis
1442 4058 1585 4111 illius
1614 4064 1779 4112 valere

192 4151 305 4186 non
344 4135 627 4186 dubitemus
656 4133 925 4185 auxilium.

270 4204 407 4257 Car.
444 4204 532 4257 IX.
575 4206 725 4268 Quod
774 4205 843 4255 ita
888 4200 1031 4255 Deus
1075 4200 1125 4253 in
1161 4197 1410 4253 cordibus
1456 4196 1729 4253 hominum
1762 4241 1775 4260 ,

194 4286 366 4343 atque
411 4276 460 4327 in
509 4275 627 4344 ipso
675 4272 847 4328 libero
887 4281 1141 4344 operetur
1182 4270 1446 4333 arbitrio,
1499 4276 1556 4344 ut
1595 4278 1776 4325 sancta

197 4340 481 4413 cogitatio,
505 4340 650 4411 pium
680 4344 959 4397 consilium
990 4340 1274 4409 omnisque
1302 4351 1476 4413 motus
1501 4341 1657 4413 bona:
1690 4357 1779 4392 vo-

204 4410 434 4470 luututis
461 4410 526 4468 α
564 4417 669 4468 er
696 4414 785 4473 sit.
816 4414 935 4483 quia
968 4428 1062 4481 per
1091 4411 1466 4483 illutualiqutd
1499 4410 1622 4483 boui
1658 4427 1779 4479 pos-

201 4502 388 4540 sumus
413 4526 428 4548 ,
458 4486 575 4539 sine
602 4501 707 4552 quo
738 4480 867 4538 nihil
896 4497 1197 4551 possumus.
1231 4481 1309 4535 Ad
1340 4481 1478 4533 hanc
1507 4480 1647 4552 enim
1681 4497 1777 4552 nos

203 4557 596 4626 professionem
622 4550 767 4610 idem
790 4550 982 4608 doctor
1008 4554 1254 4615 instituit,
1280 4552 1507 4626 quicum
1529 4550 1776 4626 adtotius

202 4622 352 4682 orbis
381 4630 669 4694 episcopos
696 4628 762 4679 de
788 4626 980 4680 divina:
1005 4628 1189 4692 gratia:
1215 4622 1568 4694 opitulatione
1598 4622 1752 4688 loque

204 4710 350 4752 retur
384 4716 395 4749 :
423 4693 588 4763 Quod
618 4713 735 4767 ergo
758 4736 775 4759 ,
816 4696 890 4767 ait
914 4737 927 4756 ,
974 4705 1169 4761 tempus
1206 4693 1469 4767 intervenit
1493 4707 1638 4767 ,__quo
1667 4695 1778 4763 ejus

201 4787 300 4821 non
325 4784 569 4838 egeamus
593 4763 828 4819 aui‘ilio?
857 4764 923 4819 In
956 4767 1189 4838 omnibus
1230 4764 1385 4838 igitur
1423 4763 1617 4815 actibus
1655 4777 1776 4815 cau-

201 4834 371 4902 sisque
386 4880 403 4902 ,
442 4838 837 4906 cogitationibus
862 4877 875 4897 .
922 4835 1136 4889 motibus
1161 4875 1175 4895 .
1208 4834 1495 4906 adjutoret
1526 4842 1777 4899 protector

200 4911 430 4962 orandus
464 4903 557 4961 est.
605 4907 892 4976 Superbum
934 4917 1004 4959 est
1035 4908 1168 4959 enim
1200 4945 1215 4969 ,
1266 4903 1320 4956 ut
1360 4903 1635 4976 quidquam
1667 4906 1778 4976 sibi

203 4982 427 5032 humana
475 4990 663 5031 natura
684 4973 977 5043 'prtesuutat
1006 5018 1020 5041 ,
1050 4979 1305 5030 clamante
1334 4973 1581 5039 Apostolo
1606 4989 1624 5025 :
1656 4973 1776 5027 Non

200 5064 266 5102 est
302 5050 457 5101 nobis
507 5049 800 5100 colluctatio
846 5049 1087 5102 adversus
1118 5062 1322 5099 carnem
1352 5058 1399 5097 et
1429 5046 1732 5115 sanguinem
1762 5087 1776 5108 ,

198 5123 283 5174 sed
314 5130 503 5172 contra
529 5120 784 5189 principes
820 5130 866 5170 et
901 5128 1171 5188 potestates
1198 5120 1332 5189 geris
1360 5116 1515 5186 hujus
1539 5126 1778 5189 ,Acoutga

196 5191 458 5255 spiritalia
485 5184 724 5255 nequitia
750 5190 800 5240 in
829 5184 1112 5241 caelestibus
1143 5197 1157 5252 (
1188 5185 1381 5253 Epltes.
1411 5184 1459 5239 vi
1481 5228 1495 5249 ,
1534 5186 1598 5239 12
1619 5184 1659 5256 ).
1716 5185 1779 5239 Et

196 5273 323 5314 sicut
354 5261 469 5328 ipse
499 5259 684 5312 iterum
712 5258 837 5311 dicit
863 5274 881 5311 :
910 5256 1105 5328 Infelix
1133 5274 1223 5327 ego
1254 5258 1425 5328 homo,
1468 5259 1581 5326 quis
1612 5272 1687 5328 me
1717 5258 1783 5309 li-

196 5325 392 5386 berabit
415 5331 480 5381 de
500 5344 711 5398 corpore
740 5330 914 5381 mortis
945 5325 1134 5398 hujus?
1157 5325 1344 5398 iliratia
1373 5327 1469 5398 Dei
1496 5344 1583 5398 per
1603 5325 1777 5398 ._l_esun'

198 5402 468 5456 Christum
518 5396 798 5469 Dominum
846 5396 1077 5452 nostrum
1119 5397 1293 5469 (Rom.
1322 5412 1414 5462 ιιι,
1444 5396 1559 5466 24).
1594 5396 1659 5449 Et
1690 5398 1781 5459 itee

197 5489 306 5524 rum
333 5487 353 5524 :
384 5470 576 5523 Gratia
604 5466 701 5522 Dei
730 5486 842 5521 sum
872 5470 927 5522 id
963 5472 1099 5538 quod
1131 5466 1248 5520 sum
1272 5509 1287 5532 ,
1318 5479 1363 5521 et
1391 5471 1559 5537 gratia
1588 5471 1702 5539 ejus
1730 5469 1779 5520 in

198 5558 273 5596 tne
295 5558 461 5594 vacua
484 5557 589 5593 non
613 5540 706 5608 fuit
728 5556 745 5601 ;
774 5540 862 5592 sed
885 5540 1001 5607 plus
1022 5540 1125 5593 illis
1150 5539 1378 5591 omnibus
1400 5538 1651 5603 laboravi,
1679 5553 1779 5591 non

201 5629 288 5683 ego
315 5621 516 5683 autem,
547 5612 635 5683 sed
664 5611 830 5683 gratia
862 5608 953 5683 Dei
978 5626 1170 5683 mecum
1198 5609 1241 5677 tl
1270 5608 1389 5683 C_or.
1418 5623 1507 5674 xv,

266 5684 399 5750 Quis
426 5678 795 5745 lueritexitus,
810 5682 997 5749 quisve
1023 5680 1249 5742 fruetus,
1277 5681 1389 5733 sive
1415 5678 1779 5750 concilii.sive

206 5748 507 5813 tractoria.
541 5748 841 5823 intelligere
864 5750 990 5807 licet
1014 5766 1080 5806 ex
1102 5751 1351 5805 omnibus
1394 5748 1637 5813 ejusdem
1677 5750 1777 5807 aevi

1816 3139 1860 3201 C
1890 3149 2064 3192 sancto
2103 3155 2221 3191 sene
2260 3139 2549 3191 Donatiano

1924 482 2131 545 calore,
2166 473 2392 545 aliisque
2421 490 2539 526 cum
2574 473 2838 537 Possidio,
2871 478 3023 545 cujus
3053 473 3507 535 sunt'hzrcvverlta

1926 539 2028 618 (In
2056 541 2193 618 Vita.
2230 539 2451 612 S.’Aug.
2486 560 2603 618 cap.
2637 545 2738 618 18)
2770 561 2783 599 :
2820 546 2884 598 Et
2914 539 3151 612 quoniam
3181 550 3334 603 iidem
3366 558 3381 618 (
3410 553 3508 605 Pe-

1924 609 2223 687 lagianism!
2243 623 2257 676 t
2290 609 2509 687 peruersi
2534 609 2690 687 ,‘sedi
2719 609 3015 681 apostolica;
3036 636 3128 687 per
3155 636 3297 672 suam
3343 609 3508 675 a'mbi-

1925 684 2110 755 tionem
2144 686 2379 755 eamdem
2418 684 2684 751 perﬁdiam
2710 687 3016 753 persuadere
3036 684 3357 743 conabantur
3377 733 3391 755 ,
3422 695 3506 745 in-

1922 753 2231 804 stantissime
2273 753 2425 803 etiam
2475 755 2705 805 conciliis
2742 756 3002 822 Africanis
3050 771 3347 813 sanctorum
3378 753 3504 832 epi-

1922 838 2191 893 scaporum
2222 831 2422 894 gestant
2444 835 2516 875 est
2556 835 2610 875 ut
2640 837 2818 877 sancto
2849 844 2997 894 papa:
3026 831 3161 883 urbis
3196 830 3371 884 Roma:
3395 830 3431 892 ,⁷
3456 842 3503 885 et

1921 891 2061 959 prius
2093 892 2363 944 venerabili
2395 891 2695 946 Innocentio
2721 935 2735 956 ,
2788 891 2856 946 etv
2885 891 3059 957 postea
3086 912 3264 952 sancto
3295 901 3501 955 Zosimo

1921 964 2030 1029 ejus
2054 964 2333 1015 successori
2368 967 2765 1032 persuaderetur
2792 968 2929 1033 quod
2957 968 3047 1019 illa
3087 982 3221 1021 secta
3254 972 3499 1025 catholica

1919 1034 2021 1097 [ide
2049 1043 2097 1085 et
2124 1034 2467 1085 abominanda
2496 1044 2541 1085 et
2572 1034 2871 1087 damnanda
2898 1038 3097 1102 fuisset.
3150 1042 3212 1090 At
3240 1042 3318 1092 illi
3348 1054 3501 1095 tanta:

1918 1106 2051 1155 sedis
2089 1104 2343 1155 antistites
2372 1106 2476 1155 suis
2503 1105 2712 1157 diuersis
2752 1108 3058 1170 ttmporibus
3083 1111 3280 1160 eosdem
3314 1121 3498 1164 notan-

1917 1181 2012 1237 tes,
2044 1183 2194 1242 atque
2212 1191 2241 1225 a
2264 1175 2496 1242 membris
2521 1174 2761 1229 Ecclesite
2782 1179 3131 1242 prtecidenti-s,
3163 1181 3295 1233 datis
3320 1182 3498 1233 litteris

1917 1195 2012 1237 tes,
2044 1195 2194 1242 atque
2212 1195 2241 1225 α
2264 1195 2496 1225 metuaris
2521 1195 2761 1229 Lt‘t‘testtc
2819 1195 3131 1236 rwcutettti's,
3163 1195 3295 1233 uatts
3320 1195 3497 1233 ltlterts

1915 1244 1983 1294 ad
2004 1245 2297 1315 Africanas,
2331 1241 2654 1315 Orientisque
2681 1256 2726 1297 et
2756 1195 3043 1301 (fceidentis
3072 1247 3332 1302 Ecclesias
3357 1291 3370 1313 ,
3413 1268 3497 1305 eos

1915 1314 2257 1365 anathemati:
2278 1315 2419 1365 mdes
2452 1326 2497 1367 et
2528 1314 2823 1368 devitandas
2867 1318 2927 1369 ab
2958 1322 3187 1371 omnibus
3224 1320 3493 1373 catholicis

1914 1396 2236 1437 censuerunt.
2278 1385 2339 1435 I'It
2363 1383 2455 1435 hoc
2483 1387 2583 1437 tale
2611 1388 2672 1438 de
2702 1387 2804 1440 illis
2834 1386 3079 1441 Ecclesiae
3113 1391 3203 1441 Dei
3230 1390 3494 1445 catholica:

1915 1455 2457 1528 prolatutnjudicium
2501 1459 2652 1509 etiam
2695 1458 2953 1527 piissimus
2998 1460 3271 1528 imperator
3309 1460 3494 1513 Hono-

1912 1524 2020 1598 rius
2050 1526 2265 1598 audiens
2312 1542 2375 1578 ac
2402 1542 2616 1598 sequens
2640 1566 2655 1590 ,
2696 1524 2815 1581 suis
2859 1546 2943 1581 eos
2985 1524 3177 1598 legibus
3224 1532 3493 1586 damnatos

1911 1593 2042 1645 inter
2064 1594 2323 1648 httrcticos
2356 1596 2528 1649 haberi
2557 1598 2734 1649 debere
2759 1593 3050 1651 constituit:
3080 1599 3228 1654 Unde
3256 1606 3489 1655 nonnulli

1912 1679 1977 1740 ea
2004 1665 2075 1716 eis
2106 1668 2173 1717 ad
2201 1676 2391 1740 sanctce
2422 1668 2599 1720 matris
2628 1667 2872 1721 Ecclesia:
2898 1672 3168 1740 gremium,
3201 1674 3335 1727 unde
3361 1679 3488 1726 resi-

1834 1773 1879 1831 B
1911 1734 2115 1798 lierattt,
2142 1737 2424 1801 redierunt,
2452 1747 2557 1791 etc.

2471 1827 2564 1882 xv
2604 1828 2953 1896 SYNODUS,

1976 1918 2281 1993 Carthagine
2309 1922 2370 1973 ab
2396 1920 2603 1975 Aurelio
2633 1931 2942 1993 congregata
2970 1940 3031 1976 ex
3063 1932 3168 1977 tota
3210 1926 3411 1981 dioecesi

2156 1991 2367 2059 Africw,
2397 1994 2570 2045 eodem
2600 1991 2756 2057 anno,
2787 2009 2957 2047 mense
2977 1994 3228 2065 Augusto.

1976 2078 2189 2156 Decima
2220 2083 2405 2149 quinta
2438 2083 2696 2156 synodus,
2740 2099 2923 2152 quam,
2952 2086 2995 2137 si
3026 2102 3145 2139 ctttu
3189 2090 3485 2156 Augustino

1901 2147 2046 2218 loqui
2077 2147 2302 2205 velimus
2326 2192 2340 2213 ,
2377 2147 2590 2206 teritum
2624 2147 2807 2207 dicere
2837 2156 3091 2208 llt‘ltellllh
3121 2158 3170 2210 iu
3200 2147 3355 2211 cuum
3389 2161 3484 2213 Pi:-

1901 2219 2111 2290 lagiana
2151 2222 2436 2276 concilium
2466 2223 2770 2277 universale
2809 2224 3116 2279 Africanum
3146 2271 3159 2287 ,
3208 2231 3478 2285 celebrata
3514 2234 3523 2241 ί

1900 2300 2002 2357 est,
2037 2303 2092 2344 ut
2121 2292 2321 2346 dictum
2352 2302 2511 2347 antea
2540 2333 2554 2356 ,
2608 2292 2928 2361 Carthagine
2972 2296 3190 2350 circiter
3237 2299 3471 2355 tne-dium

1899 2360 2230 2433 Augustum;
2265 2378 2436 2433 neque
2475 2366 2617 2417 enim
2654 2360 2857 2417 tat-ditis
2890 2368 3064 2431 potuit
3089 2406 3103 2427 ,
3154 2384 3273 2421 cum
3317 2372 3478 2424 inter-

1901 2431 2059 2487 fuerit
2088 2431 2415 2502 Augustinus
2441 2474 2456 2498 ,
2504 2435 2591 2503 qui
2617 2450 2687 2487 su
2709 2433 2923 2491 kalend.
2948 2437 3198 2492 Octobris
3220 2436 3291 2492 Cu
3310 2454 3479 2497 sai-exe

1898 2503 2218 2558 versabatur
2250 2504 2302 2556 in
2330 2504 2668 2558 Mauritania.

1965 2572 2343 2650 consederunt
2364 2574 2605 2650 episcopi
2649 2574 2953 2650 quindecim
2985 2577 3067 2650 Ade
3094 2578 3316 2646 singu'is
3349 2597 3474 2650 pro-

1897 2644 2087 2700 vincds
2116 2644 2314 2715 electi,
2361 2654 2416 2698 ut
2444 2655 2526 2699 est
2556 2647 2605 2698 iu
2650 2660 2860 2700 canone
2904 2647 3089 2700 ultimo
3122 2644 3476 2715 priueedéntis

1894 2714 2292 2791 concilii,__ltem
2315 2715 2531 2784 placuit,
2560 2732 2623 2791 ne
2649 2717 2842 2770 diutius
2869 2718 3094 2771 universi
3122 2714 3352 2791 episcopi
3390 2725 3477 2791 qui

1893 2788 1960 2839 ad
1989 2787 2265 2840 concilium
2292 2787 2586 2856 congregati
2616 2796 2752 2847 sunt,
2788 2797 3113 2854 tenerentur,
3148 2787 3212 2841 ab
3241 2787 3476 2845 unit'erso

1893 2857 2107 2934 concilio
2137 2858 2339 2934 judices
2379 2867 2545 2934 ternos
2576 2859 2648 2934 de
2685 2858 2905 2934 singulis
2929 2861 3401 2934 prouinciiseligi;
3430 2875 3478 2916 et

1891 2926 2037 2981 electi
2064 2925 2180 2980 sunt
2205 2929 2269 2980 de
2288 2929 2543 2997 provincia
2567 2925 2957 2997 Carthaginensi
2995 2925 3322 2994 Vincentius:
3341 2931 3476 2985 For-

1892 2998 2211 3071 tunatianus,
2244 3010 2289 3051 et
2320 2996 2535 3071 ρίαν-ηεξ
2564 2997 2629 3050 de
2653 2996 2913 3071 prouincia
2955 2998 3219 3071 Numidae
3248 3002 3471 3071 Alipius,

1891 3068 2203 3137 Augustinus
2235 3076 2285 3141 et_
2324 3067 2639 3132 Restitutus;
2671 3069 2734 3119 de
2758 3070 3017 3141 provincia
3042 3067 3472 3141 Byzaceuaﬂuni

2584 3140 2821 3206 primate,
2856 3139 3178 3204 Cresconius,
3204 3141 3475 3198 locandus

1889 3208 2335 3295 €1.4’Etlllllaﬂll‘8,’
2382 3211 2444 3262 de
2476 3208 2796 3295 Mauritania
2837 3210 3072 3295 .SitiLeusi
3115 3213 3424 3295 Severia-nus
3451 3258 3466 3279 ,

1885 3279 2138 3332 Asiaticus
2168 3290 2213 3333 et
2243 3279 2508 3343 Donatus;
2538 3280 2601 3332 de
2625 3281 2881 3349 provincia
2936 3279 3277 3351 Tripolitana,
3306 3282 3467 3337 Plau-

1885 3355 1983 3403 tius
2004 3392 2018 3415 ,
2063 3352 2148 3418 qui
2177 3360 2245 3404 ex
2264 3368 2401 3404 more
2429 3351 2624 3423 legatus
2656 3366 2786 3423 unus
2815 3361 2888 3404 est
2927 3352 3110 3406 missus
3134 3369 3151 3405 :
3178 3356 3266 3423 qui
3299 3370 3470 3409 omnes

1883 3438 1997 3495 cum
2025 3433 2200 3474 sancto
2235 3438 2352 3474 sene
2390 3422 2592 3495 Aurelio
2633 3422 2865 3474 universa
2904 3422 3245 3495 cognoscant,
3297 3442 3329 3477 a
3369 3442 3471 3495 quo

1883 3493 2022 3561 petiit
2054 3495 2338 3566 universum
2366 3493 2637 3544 concilium
2667 3502 2718 3543 ut
2748 3492 2941 3566 cunctis
2970 3492 3074 3545 sive
3104 3496 3259 3563 gestis
3290 3535 3305 3558 ,
3354 3492 3471 3566 qua

1883 3566 2111 3629 confecta
2150 3565 2263 3633 jant
2312 3574 2451 3624 sttnt,
2485 3579 2573 3615 seu
2618 3564 2861 3631 epistolis,
2896 3563 3002 3627 ipse
3048 3563 3373 3618 subscribah
3401 3566 3468 3619 Et

1882 3632 2304 3705 subscripsirunt.
2352 3634 2593 3685 Aurelius
2623 3633 2891 3705 episcopus
2920 3632 3165 3705 Ecclesia:
3192 3636 3465 3705 Carthagi-

1883 3705 2053 3777 nensis
2094 3701 2211 3754 huic
2254 3704 2453 3777 decreto
2498 3703 2747 3777 consensi,
2791 3712 2835 3755 et
2883 3704 3117 3777 prailecto
3160 3701 3465 3777 subscripsi.

1884 3772 2130 3824 Similiter
2178 3781 2223 3824 et
2272 3775 2439 3825 cwteri
2485 3772 2911 3839 subscripserunt.
2966 3772 3186 3827 Prtcl'uit
3215 3778 3280 3829 de
3311 3772 3462 3831 more
3534 3812 3539 3815 λ

1884 3844 2151 3905 Aurelius,
2183 3858 2301 3915 cum
2335 3843 2628 3915 Donatiano
2658 3856 2790 3915 sene
2815 3844 3101 3909 provinciae
3134 3846 3463 3915 Byzucettte:

1882 3927 1984 3981 qua
2040 3914 2321 3985 occasiOue
2362 3913 2585 3985 observa
2635 3913 2887 3981 primates
2918 3928 3132 3982 semper
3163 3913 3324 3985 supra
3366 3933 3464 3971 uu-

1882 4000 2089 4037 utet-unt
2123 3984 2414 4052 legatorum
2443 3982 2679 4037 all'uisse.

1952 4054 2084 4107 Nota
2118 4068 2245 4107 vero
2276 4055 2325 4107 itt
2353 4069 2559 4108 canone
2581 4055 2747 4108 citato
2776 4054 3044 4109 numerari
3080 4065 3128 4106 Ia
3156 4066 3282 4107 itum
3310 4055 3465 4123 quin-

1882 4124 2051 4178 decim
2083 4125 2305 4188 electos,
2339 4125 2633 4180 desiderari
2671 4142 2799 4178 Vt'l‘O
2832 4126 3043 4179 nomina
3072 4128 3366 4179 electorum
3398 4143 3463 4181 ex

1881 4195 2190 4249 Mttttitunia
2227 4206 2335 4249 tunt
2368 4196 2709 4257 Οωκηιὶυηεὶ,
2745 4209 2852 4249 ttun
2876 4197 3163 4263 Tingitana
3193 4236 3208 4258 ,
3261 4213 3324 4250 ex
3359 4214 3463 4266 qua

1882 4275 2057 4318 tunc-tt
2093 4279 2205 4318 utra
2230 4281 2316 4332 itte
2349 4270 2667 4319 eont'cuisSo
2702 4268 2883 4320 Patres
2914 4275 3127 4321 Constat
3169 4283 3233 4321 ex
3266 4284 3466 4334 pru‘cc-

1881 4338 2058 4389 dentis
2086 4336 2300 4389 curuilit
2334 4338 2564 4389 Alricziui
2610 4337 2946 4404 prolatione.
2982 4337 3039 4388 lli
3073 4348 3250 4392 autem
3298 4340 3341 4391 si
3371 4342 3467 4391 ad-

1881 4417 2061 4460 essent
2110 4422 2229 4460 cutu
2275 4407 2587 4473 primatibus
2635 4408 2885 4473 duobus,
2933 4420 3193 4476 augerent
3247 4410 3463 4478 quidem

1884 4492 2194 4550 numerum,
2216 4494 2319 4530 non
2374 4490 2545 4530 tamen
2579 4478 2649 4530 ita
2685 4486 2741 4531 ιιι
2766 4494 2947 4547 parent
2983 4480 3262 4533 t-l'licercnt
3298 4483 3343 4533 ei
3375 4484 3463 4550 qui

1887 4550 2152 4613 reperitur
2184 4549 2234 4602 itt
2263 4550 2489 4615 vulgatis
2517 4550 2759 4603 conciliis
2780 4591 2793 4610 ,
2830 4552 2914 4603 ubi
2946 4551 3235 4604 COHCllllllll
3268 4549 3463 4605 dicitur

1886 4618 2123 4671 Ituliilum
2153 4634 2181 4671 a
2213 4620 2282 4672 58
2310 4621 2596 4685 episcopis.
2633 4619 2714 4673 Att
2756 4636 2859 4673 non
2910 4622 3048 4673 forte
3088 4631 3465 4676 remanserunt

1884 4690 2089 4759 aliquot
2116 4704 2207 4742 sua
2240 4699 2430 4757 Sponte
2456 4688 2681 4743 Patres?
2712 4692 2790 4744 An
2823 4691 3005 4757 puduit
3040 4691 3314 4744 lilii-arium
3350 4703 3433 4743 tau

1886 4762 1981 4812 ti‘li
2013 4761 2261 4822 numeri,
2295 4767 2350 4812 et
2376 4761 2444 4815 15
2474 4761 2671 4815 additis
2704 4764 2823 4814 hinc
2854 4773 2906 4815 et
2937 4762 3057 4814 inde
3091 4763 3228 4814 uotis
3270 4762 3462 4814 auxit?

1882 4830 2057 4884 Causa
2102 4845 2261 4897 porro
2302 4844 2398 4884 cur
2434 4845 2501 4885 ex
2542 4830 2876 4885 Mauritanits
2925 4833 3130 4884 dualms
3181 4833 3462 4886 ttl‘Jl‘lllmlS

1885 4901 2015 4954 nulli
2049 4901 2408 4955 remanserint
2439 4902 2597 4970 legati
2624 4942 2637 4965 ,
2673 4904 2783 4954 lucc
2816 4901 2945 4954 mihi
2980 4902 3190 4954 videtur
3223 4916 3327 4954 non
3357 4903 3459 4955 itu-

1884 4972 2210 5054 probabilis;
2243 4970 2385 5039 quod
2423 4987 2613 5054 nempe
2640 4984 2785 5053 tunc,
2818 4987 2937 5025 cum
2965 4972 3162 5024 electio
3190 4972 3323 5054 lact-.t
3355 4982 3460 5053 est,

1885 5042 2051 5097 immo
2077 5058 2196 5095 cum
2223 5056 2393 5095 canon
2425 5043 2676 5096 conditus
2700 5084 2714 5104 ,
2758 5043 2867 5111 jam
2900 5050 3235 5096 recesserant
3265 5042 3462 5095 utrius-

1884 5128 1988 5181 que
2015 5113 2281 5182 pra-dicta:
2313 5113 2597 5180 provinciae
2628 5114 2863 5181 episcopi
2893 5154 2907 5175 ,
2955 5123 3173 5181 propter
3206 5112 3401 5166 bellum
3430 5127 3460 5165 ει

1888 5184 2203 5251 Wisigotltis
2251 5183 2453 5235 illatum
2490 5183 2740 5236 Vandalis
2765 5225 2780 5250 ,
2825 5184 3045 5254 Silingis
3070 5191 3125 5237 et
3151 5183 3332 5237 Alanis
3356 5223 3371 5249 ,
3407 5184 3460 5237 in

1884 5268 2061 5309 vietna
2093 5265 2243 5322 parte
2273 5254 2544 5321 Hispania:
2569 5255 3009 5309 consistentibus.

1956 5324 2094 5391 Quid
2142 5333 2349 5389 gcsltttn
2383 5327 2450 5378 sit
2483 5324 2535 5377 in
2566 5325 2796 5394 synodo,
2829 5328 2964 5379 satis
3003 5337 3273 5392 superque
3320 5332 3464 5389 patet

1883 5412 1946 5449 cx
1995 5394 2384 5462 superioribus.
2442 5394 2615 5448 Lecta:
2666 5394 2912 5448 nimirum
2966 5394 3170 5448 Zo-itui
3222 5394 3462 5462 epistola:

1882 5468 2003 5520 tluze
2029 5504 2047 5531 ,
2092 5466 2257 5521 altera
2290 5466 2356 5518 ad
2400 5482 2588 5519 omnes
2612 5467 2759 5521 urbis
2788 5467 3070 5534 episeopos
3110 5467 3415 5519 communis
3445 5504 3463 5533 ,

1882 5539 2049 5591 altera
2078 5535 2328 5589 ad’Alros
2356 5536 2662 5604 singularis.
2712 5538 2860 5591 Acta:
2896 5537 3081 5605 gratia:
3126 5535 3342 5603 scriptis
3374 5534 3465 5589 ltt-

1884 5607 2034 5674 teris,
2066 5622 2291 5675 quarunt
2338 5606 2693 5676 fragmentum
2746 5608 2849 5660 hoc
2877 5608 3124 5676 turbetur
3155 5605 3294 5676 apud
3330 5605 3462 5676 Ριη.

1880 5693 2101 5746 sperum
2133 5678 2289 5749 (Lib.
2325 5675 2457 5729 cont.
2482 5675 2617 5731 Coll.
2641 5694 2756 5747 cap.
2792 5675 2893 5749 1Q)
2921 5695 2933 5730 :
2964 5675 3287 5749 Etraverunt
3323 5675 3470 5737 Atii-

1880 5750 1997 5804 cani
2015 5746 2241 5821 episcopi
2270 5749 2335 5800 ad
2366 5750 2591 5802 .utndem
2614 5746 2802 5814 papam
2826 5747 3089 5803 Zosimum
3111 5746 3287 5802 rescri.’
3305 5762 3459 5801 ωας,
