3948 6188
369 318 475 378 375

792 320 883 377 AD
922 319 1204 377 PARTEM
1242 316 1515 374 PRIMAB
1550 316 1841 374 OPERUM‘
1878 318 1945 372 Μ.
1990 309 2436 371 MERCATORIS
2473 304 2824 362 APPENDIX
2861 302 3205 362 SECUNDA.

3538 297 3648 354 aro
3716 365 3723 369 κ

286 474 289 479 .
367 429 625 486 defecturi
656 442 779 487 sunt
801 434 1067 502 episcopis
1092 431 1241 486 nullo
1283 438 1441 502 pacto
1465 438 1558 485 aut
1584 432 1794 489 ratione
1822 433 1948 491 sub-
1977 433 2026 491 A
2054 438 2178 502 ante
2208 423 2517 502 concilium
2542 421 2872 502 Ephesinuim
2920 422 2974 475 in
3023 433 3184 502 causa
3230 417 3641 502 Pelagianorum

368 504 539 570 icctos
567 519 686 558 esse
711 504 928 558 debere.

438 571 496 627 4.
556 593 575 625 ι
606 574 659 629 Si
689 573 781 643 qui
806 584 982 627 autem
1012 572 1330 627 clericorum
1354 572 1671 638 defecerint,
1722 584 1778 628 ct
1829 574 1942 626 ausi

368 642 584 706 fuerint,
607 646 691 715 vel
714 642 982 709 privatim,
1014 644 1098 697 vci
1130 644 1360 715 publice,
1388 660 1507 715 qua:
1556 654 1683 700 sunt
1711 644 1942 699 Nestorii

368 725 458 765 aut
505 714 737 768 leestii
768 729 979 778 sapere,
1026 714 1290 768 sancitum
1319 714 1462 770 est’a
1500 727 1684 771 Sancta
1735 716 1943 784 synodo

368 787 497 836 istos
527 800 736 852 quoque
762 786 1034 852 depositus
1058 800 1198 840 esse.

534 874 553 904 ι
580 858 911 925 Quicumque
941 865 1119 910 autem
1144 856 1214 909 ob
1244 856 1418 920 turpia
1440 864 1585 923 gesta
1609 862 1736 909 sunt
1760 871 1788 909 a
1817 872 1944 925 syn-

367 925 470 977 ndo
492 930 853 991 condemnati,
880 928 961 979 vcl
989 942 1018 979 a
1044 927 1272 994 propriis
1301 942 1488 980 eorum
1521 926 1808 995 episconis,
1826 928 1944 995 qui-

367 995 465 1047 lms
489 1008 682 1061 praeter
702 1013 935 1051 canones
967 997 1371 1063 Nestorius,qui
1404 997 1605 1051 nullum
1637 1013 1813 1051 rerum
1843 1000 1945 1053 dis-

364 1069 568 1119 crimen
598 1068 847 1131 habebat,
865 1077 918 1121 et
944 1070 1032 1133 qui
1061 1082 1181 1120 cum
1206 1068 1301 1122 illo
1315 1066 1501 1122 eadem
1527 1069 1766 1122 sentiunt
1788 1070 1944 1123 resti-

368 1148 520 1191 tuere
565 1138 741 1191 cenati
794 1148 918 1192 sont
970 1138 1321 1207 gradum.vel
1361 1140 1813 1205 communionem,
1848 1154 1942 1193 aut

368 1208 734 1273 rouabuntnr;
762 1209 894 1263 istos
917 1210 1229 1263 censuimus
1252 1208 1383 1261 nihil
1414 1209 1801 1276 profecisse,et
1829 1226 1943 1265 ma—

365 1293 497 1332 nere
523 1286 577 1332 et
605 1295 724 1334 esse
755 1280 1105 1333 nihilominus
1132 1280 1428 1347 depositas.

437 1349 492 1403 6.
559 1370 577 1401 ι
614 1351 871 1404 Similiter
923 1361 1101 1405 autem
1148 1362 1201 1404 et
1243 1351 1287 1404 si
1329 1351 1415 1417 qui
1442 1349 1609 1403 velint
1637 1365 1697 1404 ca
1729 1366 1846 1419 qua:
1875 1352 1941 1408 de

367 1418 593 1488 singulis
625 1437 719 1487 per
739 1432 978 1476 sanctam
1004 1424 1267 1492 synodum
1297 1420 1617 1488 Ephesinam
1646 1418 1791 1490 gesta
1817 1434 1943 1477 sunt

366 1507 703 1559 quocumque
728 1492 886 1546 modo
909 1508 1144 1561 movere,
1161 1501 1343 1547 sancta
1366 1492 1604 1561 synodus
1622 1494 1734 1559 ipsa
1757 1495 1938 1548 decre-

368 1562 460 1624 vit,
492 1564 534 1615 si
556 1564 770 1631 quidt-m
796 1562 1030 1632 episcopi
1053 1574 1144 1618 aut
1165 1562 1345 1618 clerici
1368 1561 1584 1625 fuerint,
1614 1577 1708 1617 eos
1723 1567 1943 1618 omnino

365 1650 391 1679 τι
427 1634 646 1700 proprio
673 1635 865 1689 cadere
885 1635 1087 1705 gradu;
1118 1634 1165 1689 si
1188 1650 1317 1689 vero
1346 1632 1487 1699 laici,
1514 1636 1942 1691 excommunica-

365 1714 447 1756 tos
466 1717 608 1757 esse.
644 1724 661 1754 ι

436 1772 454 1826 Ι
464 1789 494 1827 η
519 1776 873 1829 ροιιςὶῑὶειιιιιιιι
895 1774 1356 1830 schismaticorum
1371 1789 1605 1843 quorum
1628 1790 1818 1845 agmen
1840 1776 1940 1832 du-

364 1844 520 1898 cebat
561 1845 795 1901 Joannes
848 1846 1145 1901 Antiochia:
1197 1845 1502 1914 episcopus,
1544 1844 1787 1902 Julianus
1815 1864 1939 1904 cum

365 1917 479 1989 suis
505 1919 855 1988 participibus
880 1919 1159 1972 absolutus
1188 1918 1346 1985 vulgo
1367 1918 1583 1979 dicitur,
1625 1934 1798 1987 eaque
1822 1921 1942 1989 opi-

369 1988 456 2039 nio
486 1998 709 2043 auctore
737 1990 998 2057 Gregorio
1024 1989 1212 2057 Magno
1244 1997 1364 2039 nata
1386 1997 1489 2050 est,
1518 1996 1575 2041 ut
1612 1990 1796 2044 multis
1826 1988 1941 2058 pla-

366 2058 848 2128 cet.Scribitenim
876 2076 903 2112 a
934 2060 1162 2128 quodam
1195 2058 1428 2112 concilio
1448 2059 1589 2127 quod
1611 2059 1942 2127 presinntn

298 2130 303 2133 λ
366 2127 764 2184 schismaticnm
791 2127 1000 2198 putant,
1018 2129 1297 2183 definitum
1323 2129 1390 2182 de
1415 2130 1545 2182 Adae
1575 2132 1783 2184 anima:
1810 2132 1944 2198 Quia

366 2200 417 2249 in
438 2212 641 2267 peccato
662 2209 862 2253 mortua
898 2216 998 2254 non
1030 2200 1201 2269 fuerit,
1232 2215 1292 2252 eo
1332 2201 1467 2267 quod
1515 2199 1750 2254 diabolus
1775 2201 1827 2253 in
1856 2218 1944 2254 cor

366 2270 585 2325 hominis
601 2288 700 2323 non
719 2271 1070 2341 ingrediatur;
1092 2281 1133 2324 et
1162 2272 1204 2323 si
1228 2270 1339 2340 quis
1363 2272 1458 2323 hoc
1478 2270 1706 2333 dixisset,
1729 2271 1945 2326 anathe-

366 2350 596 2413 ma‘esset
622 2340 759 2413 (Lib.
780 2340 819 2395 'v
844 2342 1048 2413 Regesti
1078 2343 1223 2411 epist.
1262 2342 1350 2413 l4,
1377 2340 1540 2413 etlib.
1571 2356 1624 2394 γι
1650 2343 1799 2410 epist.
1826 2343 1942 2412 6i).

439 2410 726 2466 Historiam
772 2413 845 2467 rei
900 2410 1041 2467 iilius
1094 2410 1351 2480 prolixius
1392 2412 1499 2465 alio
1532 2413 1581 2465 iii
1615 2413 1732 2465 loco
1762 2410 1945 2467 narrat

370 2478 549 2566 (Libro
579 2499 649 2566 vn
687 2482 980 2566 (puniit),
1031 2478 1291 2566 docetque
1330 2483 1382 2536 in
1436 2483 1631 2566 multis
1669 2483 1943 2566 codicibus

368 2552 979 2623 Constantinopolitanis
999 2564 1053 2608 et
1082 2552 1279 2607 lsauris
1303 2553 1563 2619 permixta
1610 2553 1774 2607 fuisse
1821 2564 1941 2608 acta

368 2622 647 2695 catholicae
673 2622 863 2695 synodi
893 2639 1013 2679 cum
1044 2625 1206 2693 gestis
1232 2624 1443 2695 concilii
1471 2623 1693 2677 alterius
1717 2639 1941 2695 g‘vcrum

370 2698 423 2746 iu
456 2693 602 2749 hisce
629 2692 812 2763 gestis,
844 2695 1143 2761 cuiusmodi
1169 2708 1309 2747 nunc
1345 2693 1625 2759 habemus,
1674 2692 1808 2747 nihil
1840 2696 1944 2749 tale

369 2766 670 2829 invenitur;
702 2782 873 2834 neque
886 2780 1018 2820 vero
1041 2765 1409 2819 inveniebatur
1421 2763 1622 2817 olim‘iu
1650 2767 1947 2834 primarum

368 2834 573 2889 sodium
615 2836 915 2889 codicibus.

439 2905 636 2959 Cantra
666 2907 802 2961 hanc
817 2904 1183 2960 definitionem
1203 2904 1441 2975 disputat
1466 2914 1682 2959 sanctus
1701 2906 1943 2975 pontife:

368 2974 542 3030 citatis
580 2976 633 3030 in
668 2977 796 3031 locis
825 2977 1064 3042 duobus;
1095 2974 1190 3030 sed
1221 2976 1291 3029 ita
1339 2983 1397 3029 ut
1440 2984 1669 3029 mortem
1702 2974 1944 3044 peccato

370 3054 700 3101 contractam
730 3047 796 3102 ab
817 3047 1025 3102 Adamo
1047 3050 1430 3114 interpretetur
1456 3065 1505 3100 ιη
1535 3048 1710 3117 primo
1738 3049 1805 3103 de
1828 3050 1943 3104 sola

369 3117 667 3184 spirituali;
694 3118 744 3171 in
772 3120 1009 3173 secundo
1039 3119 1106 3174 de
1132 3118 1399 3184 corporali
1424 3133 1653 3188 quoque,
1681 3119 1768 3172 ubi
1806 3134 1938 3174 con-

1970 1814 2018 1875 B

2052 501 2228 568 reipsa
2259 507 2472 551 coaetas
2495 490 2907 568 fuisse_sentio:
2951 507 3042 548 eas
3091 499 3269 546 tamen
3317 490 3649 544 omittendas

2052 565 2255 637 putavi,
2288 569 2411 637 quia
2440 565 2991 637 sententiamrmeam,
3031 576 3206 632 neque
3230 568 3377 637 certa
3398 569 3647 615 veterum

2050 630 2451 699 testiﬁcatione,
2482 650 2657 703 neque
2682 634 2853 688 valida
2886 630 3131 699 ratione,
3156 630 3251 686 sed
3295 638 3502 686 tantum
3532 646 3645 688 non

2047 708 2385 776 improhabili
2415 706 2746 771 conjectura,
2771 705 3109 776 (conﬁrmare
3133 716 3374 772 possum.

2120 770 2307 835 llabita
2352 788 2435 833 est
2464 770 2630 845 prima
2683 774 2882 843 Ephesi
2913 776 2973 845 in
3020 770 3149 829 Asia
3200 787 3330 828 ann.
3385 772 3513 845 H7,
3542 770 3641 826 de

2044 866 2170 919 qua,
2204 852 2307 905 nisi
2350 842 2526 919 fallor,
2578 842 2902 915 loquebatur
2949 843 3185 914 Prosper
3221 857 3347 899 cum
3378 842 3644 900 scriberet.

2044 918 2137 993 (In
2158 922 2331 976 Carm.
2355 935 2470 988 cap.
2499 918 2559 986 ‘2)
2590 934 2603 970 :

2140 1012 2391 1061 Praetereo
2414 1014 2596 1071 quanto
2616 1005 2769 1056 fuerit
2790 1006 2923 1071 bene
2938 1004 3298 1071 motatumnltu

2137 1072 2274 1123 Clara
2296 1069 2539 1133 Ephesos,
2562 1083 2657 1119 non
2674 1082 2819 1133 passa
2839 1070 2943 1117 suis
2958 1069 3231 1133 consistere
3249 1069 3391 1133 tectis

2138 1135 2262 1187 Vasa
2286 1130 2389 1192 irae,
2411 1139 2464 1183 et
2483 1130 2639 1180 morbi
2665 1131 2828 1193 natus,
2858 1138 2911 1180 et
2930 1131 3118 1180 semina
3142 1130 3329 1182 mortis.

2042 1238 2173 1291 Nam
2201 1251 2388 1292 versus
2430 1235 2674 1303 Prosperi
2706 1233 2931 1305 intelligi
2961 1249 3083 1307 (non
3115 1249 3274 1305 posse
3303 1234 3371 1291 de
3419 1237 3634 1307 synodo

2046 1308 2399 1367 mcutueuica.
2432 1308 2619 1361 videor
2648 1307 2774 1360 mihi
2804 1305 3084 1361 manifeste
3119 1305 3552 1375 demonstrasse,
3583 1310 3647 1363 ῆι)

2045 1379 2185 1433 notis
2216 1379 2279 1432 ad
2318 1379 2643 1433 Commonil.
2676 1377 2987 1431 Mercatoris
3016 1376 3169 1447 (Cap.
3201 1378 3279 1446 1).

2115 1450 2360 1505 Secunda
2409 1448 2689 1519 Syracusis
2739 1448 2790 1501 in
2844 1446 3047 1513 Sicilia,
3106 1446 3175 1503 de
3228 1462 3332 1520 qua
3383 1448 3632 1519 ejusdem

2044 1536 2234 1577 versus
2275 1523 2599 1589 interpretor
2620 1535 2636 1571 :

2137 1612 2339 1675 Quaque
2364 1612 2457 1661 nde
2484 1610 2632 1660 tellus
2658 1611 2810 1675 etiam
2826 1609 3078 1675 Trinacria
3099 1608 3302 1663 fervens

2140 1672 2326 1737 Agmctt
2352 1676 2604 1736 vipereum
2634 1673 2843 1735 prOpriis
2866 1672 3100 1734 exegerit
3122 1675 3242 1723 oris.

2044 1780 2197 1847 Nam,
2229 1787 2288 1834 ut
2311 1793 2456 1844 saepe
2483 1778 2683 1833 dictum
2709 1785 2813 1842 est,
2845 1777 2962 1831 sine
2989 1775 3313 1848 auctoritate
3346 1775 3536 1848 synodi
3567 1776 3645 1830 de

2046 1866 2141 1906 Sua
2170 1851 2299 1906 sede
2321 1851 2498 1904 nullus
2514 1849 2644 1903 olim
2674 1848 2958 1917 episcopus
2980 1846 3637 1915 dejiciebaturz‘dejectoa

2045 1938 2177 1977 vero
2232 1921 2413 1991 plures
2441 1921 2492 1991 in
2526 1917 2707 1991 Sicilia
2740 1919 3104 1991 ostendemus
3130 1918 3209 1991 __in
3254 1917 3646 1974 dissertatione

2046 1986 2348 2063 quinta'adi
2365 1990 2604 2045 libellum
2634 1987 2755 2063 fidei
2783 1987 3062 2063 aiiuliano
3079 1986 3305 2063 editum.

2115 2062 2293 2118 Tertia
2326 2062 2533 2125 Romae,
2577 2059 2678 2114 sub
2708 2058 3001 2122 Bonifacio,
3031 2059 3099 2113 de
3128 2073 3231 2128 qua
3263 2059 3405 2115 idem
3444 2068 3640 2115 auctor

2047 2133 2184 2204 (Lib.
2217 2143 2355 2204 cont.
2378 2132 2511 2185 Coll.
2543 2147 2660 2204 cap.
2691 2130 2822 2204 si):
2875 2129 3096 2204 Quando
3148 2137 3339 2185 sanctae
3378 2132 3641 2204 memoria:

2046 2201 2184 2271 papa
2228 2202 2530 2268 Bonifacius
2571 2202 2923 2272 piissimorum
2968 2201 3333 2272 imperatorum
3377 2202 3640 2272 catholica

2046 2274 2312 2328 derotione
2337 2271 2618 2345 gaudebat,
2646 2280 2693 2345 et
2720 2280 2896 2345 contra
2922 2271 3156 2345 inimicos
3179 2273 3359 2341 gratia:
3376 2271 3503 2345 “Dei,
3528 2288 3637 2328 non

2044 2346 2212 2399 solum
2233 2342 2553 2412 apoitolicis,
2575 2343 2664 2398 sed
2689 2343 2841 2396 etiam
2864 2342 3017 2412 regiis
3042 2342 3282 2396 utebatur
3320 2343 3523 2397 edictis.

2115 2411 2370 2482 Quartam
2421 2413 2765 2469 Alexandria;
2796 2411 2928 2467 ann.
2956 2411 3062 2468 450
3100 2412 3371 2482 Cyrillus,
3427 2428 3523 2482 per
3573 2426 3643 2469 se

2045 2487 2260 2553 quidem
2317 2486 2373 2539 in
2428 2499 2590 2540 causa
2643 2482 2876 2538 Nestorii
2913 2523 2930 2548 ,
2988 2498 3052 2537 ex
3110 2484 3397 2553 occasione
3447 2493 3639 2539 tamen

2045 2552 2265 2625 propter
2318 2555 2657 2625 Pelagianos,
2715 2554 2911 2625 coegit,
2954 2553 3084 2625 (sive
3122 2552 3632 2625 (quodacccpisset

2044 2623 2161 2681 acta
2187 2628 2399 2682 concilii
2430 2623 2658 2679 Romani
2690 2639 2716 2676 a
2747 2624 3041 2695 leesﬁno
3068 2624 3133 2677 ad
3156 2638 3216 2680 se
3245 2623 3428 2683 missa.
3454 2623 3635 2695 iisque

2044 2706 2429 2761 consentanea,
2461 2711 2581 2751 cum
2629 2696 2696 2750 de
2734 2694 3012 2759 Nestorio,
3062 2704 3172 2750 tum
3225 2695 3293 2749 de
3334 2694 3636 2765 Pelagianis

2045 2770 2256 2824 sancire
2278 2768 2445 2824 vellet
2467 2783 2482 2823 :
2507 2769 2621 2822 sive
2641 2766 2762 2834 quia
2787 2774 3014 2820 noverat
3032 2765 3238 2834 aliquos
3259 2765 3434 2822 adhuc
3463 2769 3637 2822 latere

2047 2839 2096 2893 in
2130 2840 2366 2895 Ecclesia
2413 2854 2508 2894 sua
2553 2837 2845 2905 discipulos
2894 2836 3160 2891 Valeriani
3212 2836 3510 2904 Pelagiani,
3564 2836 3643 2892 de

2045 2925 2151 2977 quo
2179 2910 2416 2964 cavendo
2442 2910 2676 2964 monitus
2706 2908 2898 2973 fuerat,
2926 2906 3035 2974 jam
3065 2906 3193 2961 inde
3229 2922 3259 2960 a
3294 2908 3628 2975 temporibus

2045 2980 2361 3046 lnnocentii,
2393 2995 2422 3034 a
2452 2979 2681 3050 quodam
2713 2977 2968 3050 Eusebio,
3002 2992 3160 3050 quem
3205 2978 3637 3050 Cremonensem

2044 3053 2356 3174 ipi7scopum
2377 3046 2629 3174 (rspipatus
2656 3059 2739 3104 est
2765 3046 3032 3105 Baronius
3061 3046 3171 3120 (In
3197 3046 3393 3102 Annal.
3439 3049 3508 3102 ad
3536 3065 3630 3103 an.

2156 3163 2170 3174 .
2203 3139 2345 3174 num.
2484 3162 2498 3174 .

2091 3123 2170 3187 l7,
2203 3139 2345 3177 num.
2380 3122 2498 3189 15).

370 3181 689 3262 sentientem
717 3190 875 3244 habet
910 3181 1288 3260 Augustinum,
1318 3190 1409 3258 qui
1441 3181 1646 3258 prima
1674 3188 1941 3260 interpre-
1968 3181 2013 3243 C
2119 3181 2248 3248 Post
2273 3181 2596 3262 Epliesinum
2626 3189 2915 3247 concilium
2944 3198 3176 3262 quatuor
3203 3188 3405 3262 pariter
3435 3189 3632 3262 synodi

368 3258 552 3313 tationi
583 3275 821 3329 pugnare
847 3262 1001 3315 solet.

446 3329 638 3385 Verum
670 3331 755 3385 hic
778 3334 949 3385 oritur
974 3329 1260 3384 difficultas
1292 3344 1395 3383 non
1420 3330 1573 3395 levis,
1601 3330 1726 3399 quid
1758 3347 1950 3399 nempe

369 3399 437 3454 ad
487 3415 602 3455 rem
634 3401 1043 3470 Pelagianorum
1086 3399 1287 3455 faceret
1317 3401 1420 3455 iste
1463 3416 1657 3469 canon,
1699 3416 1820 3455 cum
1871 3404 1947 3457 illi

372 3471 604 3525 animam
632 3472 820 3526 Adami
855 3481 1118 3526 mortuam
1148 3471 1259 3526 Deo
1282 3486 1376 3539 per
1406 3482 1703 3540 peccaturo,
1729 3487 1827 3527 nec
1858 3489 1950 3529 ne—

372 3552 583 3609 garent,
613 3557 711 3597 nec
756 3545 807 3597 in
836 3559 901 3598 eo
930 3543 1284 3596 dissentirent
1312 3558 1339 3594 a
1369 3542 1669 3596 catholicis.
1721 3542 1946 3610 Deinde,

372 3614 649 3684 quomodo
667 3629 731 3668 ex
765 3629 829 3669 eo
848 3614 987 3684 quod
1012 3612 1256 3666 diabolus
1285 3613 1433 3684 illabi
1458 3627 1560 3667 nou
1584 3614 1755 3680 possit
1781 3617 1830 3667 in
1855 3630 1949 3669 cor

372 3683 628 3749 hominis,
675 3683 926 3739 conficiat
955 3684 1037 3736 vel
1066 3684 1118 3737 in
1148 3683 1382 3751 speciem
1426 3685 1685 3754 quispiam
1711 3685 1945 3740 animam

375 3754 566 3825 Adami
597 3766 815 3824 peccato
837 3772 943 3811 nou
975 3769 1094 3809 esse
1127 3763 1415 3808 mortuam.
1443 3757 1523 3808 An
1545 3769 1610 3810 eo
1640 3771 1809 3825 usque
1856 3758 1948 3811 des

372 3824 605 3893 sipuisse
635 3827 927 3896 putandum
977 3835 1061 3880 est
1104 3825 1407 3880 Orientales
1445 3824 1839 3893 schismaticos,
1891 3838 1950 3882 ut

373 3895 867 3967 nnnradverterent
909 3897 1006 3950 hac
1050 3895 1405 3967 rationetolli
1443 3912 1602 3951 omne
1648 3909 1943 3967 peccatum,

370 3966 511 4031 quod
546 3967 797 4023 instinctu
823 3968 1022 4023 diaboli
1053 3967 1240 4021 fieret?
1264 3966 1417 4021 llunc
1439 3968 1633 4021 nodum
1658 3971 1949 4037 attigerunt

369 4037 557 4106 aliqui,
592 4052 750 4093 nemo
775 4040 1034 4094 hactenus
1064 4037 1467 4106 explicavit.An
1496 4039 1810 4107 versipelles
1840 4039 1951 4094 ha:-

372 4110 525 4163 retici
556 4110 701 4163 credi
744 4120 966 4176 possunt
1007 4108 1285 4163 delinitum
1315 4108 1551 4163 voluisse
1574 4123 1605 4162 a
1634 4109 1746 4163 suis
1772 4119 1949 4177 patro-

377 4179 460 4231 nis
479 4180 620 4248 quod
648 4182 968 4236 catholicum
990 4196 1084 4249 per
1113 4194 1172 4234 se
1196 4179 1462 4245 foret,sed
1484 4194 1550 4234 ex
1581 4193 1687 4248 quo
1717 4180 1948 4235 conﬁce-
1973 4239 1975 4241 ,

373 4260 493 4322 rent
529 4251 677 4322 (apud
708 4253 896 4322 vulgus
925 4252 1127 4306 nullum
1175 4266 1297 4306 esse
1338 4258 1612 4320 peccatum
1645 4252 1946 4319 originale?

377 4321 430 4373 Si
456 4320 596 4373 enim
625 4320 846 4390 peccato
869 4333 1079 4376 mortua
1103 4332 1186 4377 est
1208 4322 1395 4376 Adami
1422 4322 1619 4383 anima,
1641 4336 1739 4375 nec
1767 4330 1945 4378 tamen

374 4391 577 4463 idcirco
606 4402 811 4463 mortua
824 4402 928 4463 Lest
956 4394 1075 4461 quia
1111 4403 1334 4447 mortem
1366 4393 1466 4463 ipsi
1496 4390 1675 4446 intulit
1702 4392 1947 4447 diabolus

371 4460 600 4531 illabens
620 4461 790 4515 cordi.
813 4459 1201 4516 Certe—nullius
1247 4459 1422 4518 anima
1452 4463 1588 4518 mori
1620 4473 1814 4531 potest,
1846 4465 1948 4518 uisi

2051 3259 2333 3320 celebratai
2358 3273 2481 3318 sunt
2504 3264 2693 3332 quinto
2718 3262 2920 3316 saeculo
2967 3259 3226 3332 adversus
3266 3259 3487 3328 Pelagii,
3516 3262 3637 3316 sive

2051 3349 2285 3399 errores,
2309 3334 2428 3389 sive
2449 3331 2742 3403 reliquias:
2774 3332 2986 3402 quinto,
3008 3331 3246 3400 inquam,
3276 3332 3497 3399 saeculo,
3530 3346 3639 3388 nec

2051 3406 2193 3460 enim
2232 3406 2372 3459 ultra
2401 3419 2693 3459 excurrere
2722 3413 2807 3457 est
2827 3403 3060 3456 animus.

2121 3476 2297 3541 Quare
2342 3474 2692 3542 praetermitto
2740 3473 3025 3528 concilium
3069 3471 3438 3531 Sardiniense.
3488 3472 3639 3541 quod

2054 3546 2235 3601 Patres
2264 3545 2502 3601 Africani
2533 3547 2585 3599 iu
2610 3545 2857 3601 Sardinia
2888 3544 3101 3599 exsules
3136 3545 3313 3598 iecere
3338 3559 3465 3598 ann.
3495 3545 3637 3613 521,

2050 3618 2309 3686 cujusque
2338 3631 2490 3671 mens
2527 3618 2625 3671 fuit
2658 3615 2991 3686 Fulgentius.

2121 3683 2321 3743 Omitto
2351 3688 2551 3757 pariter
2579 3683 2797 3741 celebre
2840 3685 2972 3757 illud
3001 3683 3386 3757 Arausicanurn
3435 3699 3635 3757 secun-

2051 3758 2198 3818 dum,
2229 3754 2369 3826 quod
2400 3758 2467 3813 M
2512 3757 2771 3826 episcopi,
2826 3756 3022 3826 quibus
3072 3754 3287 3823 praefuit
3339 3754 3633 3826 Caesarius,

2053 3824 2319 3885 Arausica:
2344 3824 2644 3884 habuerunt
2666 3844 2699 3880 v
2728 3824 2857 3881 non;
2884 3826 3016 3889 .lul.,
3051 3826 3213 3880 Decio
3256 3824 3468 3891 juniore
3498 3841 3637 3880 con-

2050 3902 2191 3963 sule,
2221 3900 2272 3953 id
2298 3909 2399 3965 est,
2430 3915 2558 3953 ann.
2590 3897 2793 3953 Christi
2812 3897 2940 3964 5‘29,
2963 3895 3159 3951 Felicis
3181 3896 3358 3964 quarti
3380 3896 3436 3961 5,
3466 3895 3643 3950 Atha-

2050 3972 2195 4025 larici
2230 3970 2370 4039 regis
2399 3970 2567 4024 italiae
2615 3971 2671 4025 ’5.

2119 4037 2410 4096 Severinus
2441 4042 2624 4094 Binius
2653 4039 2705 4093 in
2738 4037 2881 4093 notis
2926 4037 2994 4092 ad
3037 4038 3071 4093 3
3117 4050 3376 4091 caunnem
3420 4037 3643 4093 concilii

2053 4112 2318 4176 Reiensis,
2365 4111 2693 4180 temporibus
2745 4110 2881 4166 Sixti
2924 4108 3120 4180 summi
3169 4107 3639 4180 pontificispann.

2049 4182 2175 4247 459,
2229 4184 2297 4236 ab
2346 4178 2612 4250 episcopis
2660 4181 2949 4251 provinciae
2990 4178 3385 4251 Narbonensis,
3432 4178 3644 4251 llilario

2052 4253 2300 4321 praside,
2331 4248 2610 4316 celebrati,
2636 4248 2858 4306 secutus
2881 4251 3164 4305 Baronium
3198 4248 3301 4319 (Ad
3344 4265 3468 4303 ann.
3503 4250 3646 4317 450,

2051 4340 2193 4377 nunt.
2226 4322 2341 4392 45),
2371 4324 2620 4391 opinatus
2642 4333 2727 4377 est
2754 4337 2961 4376 canone
2984 4321 3241 4392 dictoagi
3269 4321 3339 4374 de
3361 4322 3638 4390 episcopis

2049 4397 2139 4462 qui
2180 4390 2307 4448 cum
2331 4390 2544 4463 Pelagio
2571 4393 2950 4457 adlimsissent,
2996 4390 3324 4463 simulabant
3361 4391 3642 4463 paeniten-

2052 4460 2205 4527 tiam,
2237 4480 2341 4534 quo
2363 4460 2742 4533 recuperarent
2772 4464 2932 4518 sedes
2959 4462 3151 4516 merito
3194 4460 3295 4534 sibi
3334 4462 3617 4534 ademptas

371 4544 466 4583 sua
490 4530 767 4626 voluntate
798 4540 1001 4612 peccet,
1034 4546 1147 4626 quor
1168 4540 1331 4586 modo
1360 4548 1582 4602 peccare
1612 4530 1815 4601 parvuli
1847 4550 1944 4590 ne-
1976 4564 2028 4626 Β
2056 4535 2110 4626 id
2151 4537 2195 4590 si
2219 4530 2825 4626 verepprobnbiliterque
2870 4534 3160 4594 diceretur,
3204 4532 3425 4613 deberet
3453 4533 3644 4602 ntiqua

369 4608 604 4674 queunt;
627 4602 845 4674 (anima:
876 4603 1039 4674 euim_
1069 4602 1267 4658 inferre
1313 4615 1538 4659 mortem
1572 4620 1729 4659 nemo
1754 4617 1948 4674 potest,

372 4672 478 4725 nisi
506 4676 596 4740 qui
624 4673 677 4726 in
705 4688 822 4728 eam
858 4671 1217 4742 ingrediatur;
1253 4690 1355 4730 nec
1381 4676 1587 4746 ingredi
1614 4671 1866 4746 cuiquam
1895 4678 1951 4731 li-

371 4754 481 4816 cet,
514 4754 874 4813 praeterquam
918 4746 1048 4810 Deo,
1092 4746 1183 4813 qui
1233 4757 1461 4802 mortem
1516 4748 1712 4802 animae
1767 4749 1952 4816 procul

371 4814 537 4869 dubio
575 4830 681 4871 non
712 4816 861 4871 facit.

447 4887 580 4940 Tota
614 4890 730 4943 haec
766 4887 990 4941 historia
1022 4887 1241 4941 canonis
1266 4896 1428 4957 atque
1454 4888 1670 4942 concilii
1703 4890 1755 4942 in
1785 4890 1955 4945 altera

378 4968 530 5023 parte
558 4958 791 5026 Operum
816 4958 969 5012 Marii
999 4957 1310 5012 Mercatoris
1336 4960 1756 5024 traCtabitur,ita
1780 4972 1831 5013 ut
1858 4976 1954 5029 pn-

380 5030 579 5094 pularis
606 5031 787 5097 Opinio
814 5031 895 5083 sin
928 5030 1104 5083 minus
1133 5030 1316 5092 certis,
1350 5032 1538 5083 saltem
1587 5032 1955 5097 probabilibus

379 5098 679 5152 rationibus
700 5100 992 5154 refellatur.
1020 5100 1118 5166 Qui
1140 5100 1283 5155 enim
1315 5101 1555 5155 creditus
1580 5111 1662 5156 est
1684 5117 1854 5155 canon
1886 5105 1957 5157 ab

376 5170 742 5224 Orientalibus
762 5172 1023 5236 saucitus,
1046 5174 1365 5227 ostendetur
1393 5187 1421 5224 a
1454 5172 1684 5225 Nestorii
1722 5175 1956 5227 concilio

374 5239 620 5312 quodam
659 5240 979 5306 fabricatus;
1027 5257 1177 5306 cum,
1228 5244 1603 5311 instigantibus
1633 5244 1954 5312 Pelagianis,

373 5308 656 5383 cathoiicis
679 5312 848 5383 regite
876 5314 1026 5368 urbis
1064 5314 1275 5368 clericis
1311 5308 1590 5368 hiauichtei
1624 5308 1951 5383 impietatem

376 5397 471 5443 per
499 5381 781 5454 nefandam
813 5384 1136 5439 calumniam
1160 5384 1463 5454 aflingcret.
1497 5386 1598 5440 Sed
1631 5381 1728 5439 hac
1774 5388 1841 5441 de
1895 5402 1959 5440 rei

374 5452 579 5525 prolixe
605 5454 659 5508 in
688 5454 830 5510 notis
878 5455 947 5510 ad
974 5457 1259 5525 epistolam
1293 5452 1584 5511 secundam
1614 5457 1846 5511 Nestor-ii
1887 5458 1955 5511 ad

366 5524 653 5590 tlyrillum.

1076 5596 1244 5652 XXV.

368 5663 571 5733 ἔξω)ᾰὶ
623 5676 731 5719 octo
776 5668 963 5722 habin
1014 5670 1193 5738 quinto
1250 5670 1436 5722 amulo
1485 5672 1539 5722 in
1593 5671 1772 5724 eadem
1800 5686 1958 5724 causa

691 5738 1094 5809 I‘elagianormn
1118 5741 1272 5794 variis
1297 5743 1627 5809 temporibus.

2056 4607 2156 4661 hoc
2182 4603 2466 4661 concilium
2514 4608 2564 4659 in
2597 4620 2783 4661 eorum
2840 4618 3063 4660 numero
3116 4603 3322 4657 censeri
3352 4618 3473 4671 qua:
3510 4612 3646 4671 post

2055 4677 2381 4747 Ephesinum
2412 4678 2464 4732 in
2491 4691 2652 4747 causa
2684 4675 2969 4743 Pelagiana
3014 4685 3199 4728 coaeta
3247 4683 3411 4747 sunt;
3462 4674 3643 4747 nuin

2051 4743 2118 4803 ei
2141 4763 2206 4803 eo
2235 4762 2572 4816 consequens
2600 4746 2741 4800 foret
2784 4755 2911 4799 autc
2942 4753 3182 4816 tempora
3208 4743 3421 4797 concilii
3460 4743 3649 4811 Ephe-

2056 4820 2161 4873 sini
2208 4820 2261 4873 in
2290 4815 2477 4873 eadem
2530 4816 2803 4886 provincia
2833 4815 3171 4870 Narbonensi
3217 4815 3481 4886 synodum
3510 4829 3648 4868 con-

2058 4900 2280 4944 tractam
2304 4891 2487 4952 fuisse,
2514 4885 2565 4943 in
2598 4903 2701 4957 qua
2719 4887 3072 4955 depositionis
3099 4886 3361 4939 sententia
3380 4885 3655 4941 adversus

2057 4962 2340 5031 episcopos
2368 4959 2457 5029 qui
2486 4960 2698 5031 restitui
2720 4958 3027 5031 flagitabant
3057 4957 3159 5011 lata
3188 4967 3358 5031 esset.

2129 5028 2319 5086 Sediu
2375 5046 2495 5086 eam
2550 5029 2765 5083 Baronii
2798 5029 3041 5096 Biuiique
3085 5028 3405 5096 sententiam
3446 5040 3650 5081 conce-

2058 5103 2185 5156 dere
2216 5120 2319 5155 non
2350 5118 2589 5167 possum,
2616 5115 2738 5156 cum
2768 5101 2851 5152 sui
2871 5090 3118 5152 auctores
3147 5090 3482 5166 neque'ttanc
3504 5098 3646 5163 ulla,

2056 5177 2169 5228 sive
2200 5174 2569 5227 testificatione
2592 5181 2853 5229 veterum.
2903 5172 3017 5224 sive
3049 5170 3258 5223 ratione
3286 5169 3641 5235 confirment,

2060 5261 2231 5313 neque
2273 5245 2699 5298 consentientem
2755 5241 2988 5293 habeant
3016 5239 3229 5294 Patrem
3264 5238 3645 5313 _Sirmondnm

2057 5309 2279 5369 iui'iotis
2310 5316 2375 5370 ad
2408 5315 2637 5368 Reicnse
2664 5312 2973 5376 concilium,
3025 5325 3197 5379 nequc
3226 5309 3391 5363 ullum
3422 5310 3491 5363 de
3517 5321 3653 5366 octo

2056 5386 2370 5452 canonibus,
2403 5400 2469 5439 ne
2490 5386 2707 5438 tertium
2737 5383 2975 5451 quidem,
3003 5380 3367 5449 argumentari
3407 5383 3642 5451 possint,

2063 5460 2126 5509 ad
2155 5458 2331 5511 simile
2356 5456 2550 5524 aliquid
2578 5457 2660 5508 vel
2686 5455 2875 5509 leviter
2904 5452 3233 5522 probandum
3268 5469 3280 5503 :
3308 5453 3474 5505 immo
3516 5467 3648 5507 cum

2066 5542 2303 5595 apertum
2334 5530 2407 5582 sit
2433 5523 2485 5582 in
2517 5526 2673 5581 tertio
2701 5528 2784 5595 agi
2807 5525 2876 5578 de
2904 5524 3020 5578 solo
3047 5523 3391 5595 Arnietttat'io
3420 5523 3650 5594 suisque

2061 5593 2480 5662 ordinatoribus,
2524 5610 2578 5652 et
2622 5597 2713 5666 qui
2743 5593 2943 5651 eadem
2974 5594 3058 5649 vel
3089 5593 3284 5647 similia
3335 5593 3648 5666 auderent,

2062 5673 2315 5723 nimirum
2368 5664 2676 5739 episcopum
2723 5666 2976 5739 ordinare
3019 5666 3136 5718 sine
3189 5666 3430 5739 legitimo
3477 5664 3649 5739 trium

2064 5736 2436 5808 episcoporum
2461 5736 2713 5802 nurnero;
2743 5754 2906 5806 quam
2927 5737 2998 5792 ob
3024 5750 3241 5791 causam
3262 5736 3643 5791 schismaticoc

433 5808 643 5867 ‘l‘raner
664 5808 897 5878 synodos
920 5814 1183 5869 hactenus
1222 5808 1535 5886 recenSitas,
1568 5822 1797 5885 quatuor
1826 5813 1955 5870 alias
2065 5829 2182 5872 rum
2212 5815 2389 5885 potius
2414 5828 2572 5883 quam
2595 5808 2970 5868 [rusticorum
3000 5822 3224 5866 numero
3254 5809 3583 5865 haberentur
3607 5849 3625 5873 ,

1988 5909 2043 5919 -υκ
