  <div class='ocr_page' id='page_1' title='image "/cluster/home/n/w/nwhite01/storage/ocr_20150623/48/hvd.32044096580691/194.png"; bbox 0 0 3972 6180; ppageno 0'>
   <div class='ocr_carea' id='block_1_1' title="bbox 158 270 243 327">
    <p class='ocr_par' dir='ltr' id='par_1_1' title="bbox 158 270 243 327">
     <span class='ocr_line' id='line_1_1' title="bbox 158 270 243 327; baseline -0.024 0"><span class='ocrx_word' id='word_1_1' title='bbox 158 270 243 327; x_wconf 71' lang='grc' dir='ltr'><strong>ΞΠ</strong></span> 
     </span>
    </p>
   </div>
   <div class='ocr_carea' id='block_1_2' title="bbox 524 256 3011 320">
    <p class='ocr_par' dir='ltr' id='par_1_2' title="bbox 524 256 3011 320">
     <span class='ocr_line' id='line_1_2' title="bbox 524 256 3011 320; baseline 0.001 -3"><span class='ocrx_word' id='word_1_2' title='bbox 524 256 834 317; x_wconf 77' lang='lat' dir='ltr'><strong>DISSEBT.</strong></span> <span class='ocrx_word' id='word_1_3' title='bbox 877 256 968 314; x_wconf 85' lang='lat' dir='ltr'><strong>lll.</strong></span> <span class='ocrx_word' id='word_1_4' title='bbox 1011 258 1101 314; x_wconf 87' lang='lat' dir='ltr'><strong>DE</strong></span> <span class='ocrx_word' id='word_1_5' title='bbox 1143 256 1808 317; x_wconf 69' lang='lat' dir='ltr'><strong>CONSTITUTIONIBUS</strong></span> <span class='ocrx_word' id='word_1_6' title='bbox 1848 258 2353 317; x_wconf 74' lang='lat' dir='ltr'><strong>lMPERATORUM</strong></span> <span class='ocrx_word' id='word_1_7' title='bbox 2393 259 2459 316; x_wconf 87' lang='lat' dir='ltr'><strong>IN</strong></span> <span class='ocrx_word' id='word_1_8' title='bbox 2497 259 2724 319; x_wconf 84' lang='lat' dir='ltr'><strong>CAUSA</strong></span> <span class='ocrx_word' id='word_1_9' title='bbox 2759 259 3011 320; x_wconf 79' lang='lat' dir='ltr'><strong>PELAG.</strong></span> 
     </span>
    </p>
   </div>
   <div class='ocr_carea' id='block_1_3' title="bbox 3306 265 3416 324">
    <p class='ocr_par' dir='ltr' id='par_1_3' title="bbox 3306 265 3416 324">
     <span class='ocr_line' id='line_1_3' title="bbox 3306 265 3416 324; baseline 0.027 -3"><span class='ocrx_word' id='word_1_10' title='bbox 3306 265 3416 324; x_wconf 75' lang='lat'><strong>573</strong></span> 
     </span>
    </p>
   </div>
   <div class='ocr_carea' id='block_1_4' title="bbox 208 374 3412 451">
    <p class='ocr_par' dir='ltr' id='par_1_4' title="bbox 208 374 3412 451">
     <span class='ocr_line' id='line_1_4' title="bbox 208 374 3412 451; baseline -0.001 -15"><span class='ocrx_word' id='word_1_11' title='bbox 208 385 315 439; x_wconf 84' lang='lat' dir='ltr'><strong>Leo</strong></span> <span class='ocrx_word' id='word_1_12' title='bbox 354 394 583 451; x_wconf 81' lang='lat' dir='ltr'><strong>magnus</strong></span> <span class='ocrx_word' id='word_1_13' title='bbox 609 394 736 451; x_wconf 83' lang='lat' dir='ltr'><strong>ann.</strong></span> <span class='ocrx_word' id='word_1_14' title='bbox 776 376 1113 451; x_wconf 67' lang='lat' dir='ltr'><strong>447_Nicet:e</strong></span> <span class='ocrx_word' id='word_1_15' title='bbox 1159 375 1715 451; x_wconf 26' lang='lat' dir='ltr'><strong>episropo‘Aquileim</strong></span> <span class='ocrx_word' id='word_1_16' title='bbox 1744 381 1795 436; x_wconf 83' lang='grc' dir='ltr'>Α</span> <span class='ocrx_word' id='word_1_17' title='bbox 1824 385 1967 451; x_wconf 81' lang='lat' dir='ltr'><strong>teras</strong></span> <span class='ocrx_word' id='word_1_18' title='bbox 1998 376 2152 451; x_wconf 79' lang='lat' dir='ltr'><strong>daret</strong></span> <span class='ocrx_word' id='word_1_19' title='bbox 2188 374 2506 451; x_wconf 80' lang='lat' dir='ltr'><strong>eruditionis</strong></span> <span class='ocrx_word' id='word_1_20' title='bbox 2536 374 2817 430; x_wconf 78' lang='lat' dir='ltr'><strong>catholica:</strong></span> <span class='ocrx_word' id='word_1_21' title='bbox 2856 376 3118 432; x_wconf 85' lang='lat' dir='ltr'><strong>adversus</strong></span> <span class='ocrx_word' id='word_1_22' title='bbox 3162 374 3412 449; x_wconf 82' lang='lat' dir='ltr'><strong>Pelagia-</strong></span> 
     </span>
    </p>
   </div>
   <div class='ocr_carea' id='block_1_5' title="bbox 152 444 1718 520">
    <p class='ocr_par' dir='ltr' id='par_1_5' title="bbox 152 444 1718 520">
     <span class='ocr_line' id='line_1_5' title="bbox 152 444 1718 520; baseline -0.007 -10"><span class='ocrx_word' id='word_1_23' title='bbox 152 444 729 520; x_wconf 51' lang='lat' dir='ltr'><strong>liabendam&#39;syuodttm</strong></span> <span class='ocrx_word' id='word_1_24' title='bbox 751 449 995 520; x_wconf 72' lang='lat' dir='ltr'><strong>graviter</strong></span> <span class='ocrx_word' id='word_1_25' title='bbox 1029 447 1279 515; x_wconf 64' lang='lat' dir='ltr'><strong>praecepit</strong></span> <span class='ocrx_word' id='word_1_26' title='bbox 1309 444 1506 520; x_wconf 75' lang='lat' dir='ltr'><strong>(Epist.</strong></span> <span class='ocrx_word' id='word_1_27' title='bbox 1550 446 1620 520; x_wconf 45' lang='grc' dir='ltr'><strong>ϐψ</strong></span> <span class='ocrx_word' id='word_1_28' title='bbox 1668 455 1718 499; x_wconf 90' lang='lat' dir='ltr'><strong>et</strong></span> 
     </span>
    </p>
   </div>
   <div class='ocr_carea' id='block_1_6' title="bbox 155 517 1714 591">
    <p class='ocr_par' dir='ltr' id='par_1_6' title="bbox 155 517 1714 591">
     <span class='ocr_line' id='line_1_6' title="bbox 155 517 1714 591; baseline -0.006 -12"><span class='ocrx_word' id='word_1_29' title='bbox 155 526 255 589; x_wconf 67' lang='lat'><strong>85),</strong></span> <span class='ocrx_word' id='word_1_30' title='bbox 284 523 346 577; x_wconf 84' lang='lat' dir='ltr'><strong>ad</strong></span> <span class='ocrx_word' id='word_1_31' title='bbox 370 517 661 591; x_wconf 76' lang='lat' dir='ltr'><strong>exigendas</strong></span> <span class='ocrx_word' id='word_1_32' title='bbox 681 518 1105 591; x_wconf 65' lang='lat' dir='ltr'><strong>subscriptiones</strong></span> <span class='ocrx_word' id='word_1_33' title='bbox 1132 530 1291 591; x_wconf 86' lang='lat' dir='ltr'><strong>puras</strong></span> <span class='ocrx_word' id='word_1_34' title='bbox 1315 517 1489 591; x_wconf 76' lang='lat' dir='ltr'><strong>:tb__eis</strong></span> <span class='ocrx_word' id='word_1_35' title='bbox 1512 518 1602 587; x_wconf 87' lang='lat' dir='ltr'><strong>qui</strong></span> <span class='ocrx_word' id='word_1_36' title='bbox 1643 532 1714 571; x_wconf 74' lang='lat' dir='ltr'><strong>ex</strong></span> 
     </span>
    </p>
   </div>
   <div class='ocr_carea' id='block_1_7' title="bbox 154 588 1495 660">
    <p class='ocr_par' dir='ltr' id='par_1_7' title="bbox 154 588 1495 660">
     <span class='ocr_line' id='line_1_7' title="bbox 154 588 1495 660; baseline -0.005 -12"><span class='ocrx_word' id='word_1_37' title='bbox 154 588 321 649; x_wconf 59' lang='lat' dir='ltr'><strong>heresi</strong></span> <span class='ocrx_word' id='word_1_38' title='bbox 352 588 635 660; x_wconf 74' lang='lat' dir='ltr'><strong>Pelagiana</strong></span> <span class='ocrx_word' id='word_1_39' title='bbox 663 590 863 642; x_wconf 88' lang='lat' dir='ltr'><strong>vellent</strong></span> <span class='ocrx_word' id='word_1_40' title='bbox 888 590 952 643; x_wconf 88' lang='lat' dir='ltr'><strong>ad</strong></span> <span class='ocrx_word' id='word_1_41' title='bbox 982 588 1273 660; x_wconf 70' lang='lat' dir='ltr'><strong>Ecclesium</strong></span> <span class='ocrx_word' id='word_1_42' title='bbox 1298 588 1495 660; x_wconf 81' lang='lat' dir='ltr'><strong>redire.</strong></span> 
     </span>
    </p>
   </div>
   <div class='ocr_carea' id='block_1_8' title="bbox 212 656 1716 725">
    <p class='ocr_par' dir='ltr' id='par_1_8' title="bbox 212 656 1716 725">
     <span class='ocr_line' id='line_1_8' title="bbox 212 656 1716 725; baseline -0.005 -6"><span class='ocrx_word' id='word_1_43' title='bbox 212 666 386 719; x_wconf 63' lang='lat' dir='ltr'><strong>Romae</strong></span> <span class='ocrx_word' id='word_1_44' title='bbox 413 656 711 716; x_wconf 76' lang='lat' dir='ltr'><strong>celebravit</strong></span> <span class='ocrx_word' id='word_1_45' title='bbox 732 662 892 714; x_wconf 77' lang='lat' dir='ltr'><strong>aliam</strong></span> <span class='ocrx_word' id='word_1_46' title='bbox 920 658 1167 716; x_wconf 79' lang='lat' dir='ltr'><strong>Gelasius</strong></span> <span class='ocrx_word' id='word_1_47' title='bbox 1195 673 1321 710; x_wconf 84' lang='lat' dir='ltr'><strong>ann.</strong></span> <span class='ocrx_word' id='word_1_48' title='bbox 1352 658 1453 713; x_wconf 68' lang='lat' dir='ltr'><strong>49i</strong></span> <span class='ocrx_word' id='word_1_49' title='bbox 1475 698 1490 723; x_wconf 92' lang='lat'><strong>,</strong></span> <span class='ocrx_word' id='word_1_50' title='bbox 1525 656 1576 711; x_wconf 89' lang='lat' dir='ltr'><strong>itt</strong></span> <span class='ocrx_word' id='word_1_51' title='bbox 1614 674 1716 725; x_wconf 89' lang='lat' dir='ltr'><strong>qua</strong></span> 
     </span>
    </p>
   </div>
   <div class='ocr_carea' id='block_1_9' title="bbox 156 730 1718 801">
    <p class='ocr_par' dir='ltr' id='par_1_9' title="bbox 156 730 1718 801">
     <span class='ocr_line' id='line_1_9' title="bbox 156 730 1718 801; baseline -0.006 -12"><span class='ocrx_word' id='word_1_52' title='bbox 156 737 256 790; x_wconf 80' lang='lat' dir='ltr'><strong>libri</strong></span> <span class='ocrx_word' id='word_1_53' title='bbox 307 732 718 801; x_wconf 81' lang='lat' dir='ltr'><strong>Pelagianorum</strong></span> <span class='ocrx_word' id='word_1_54' title='bbox 771 730 1059 797; x_wconf 90' lang='lat' dir='ltr'><strong>proscripti</strong></span> <span class='ocrx_word' id='word_1_55' title='bbox 1105 738 1269 801; x_wconf 82' lang='lat' dir='ltr'><strong>sunt,</strong></span> <span class='ocrx_word' id='word_1_56' title='bbox 1319 742 1438 801; x_wconf 85' lang='lat' dir='ltr'><strong>euut</strong></span> <span class='ocrx_word' id='word_1_57' title='bbox 1502 738 1718 801; x_wconf 67' lang='lat' dir='ltr'><strong>propter</strong></span> 
     </span>
    </p>
   </div>
   <div class='ocr_carea' id='block_1_10' title="bbox 158 797 1716 870">
    <p class='ocr_par' dir='ltr' id='par_1_10' title="bbox 158 797 1716 870">
     <span class='ocr_line' id='line_1_10' title="bbox 158 797 1716 870; baseline -0.006 -10"><span class='ocrx_word' id='word_1_58' title='bbox 158 820 283 860; x_wconf 79' lang='lat' dir='ltr'><strong>suam</strong></span> <span class='ocrx_word' id='word_1_59' title='bbox 306 797 661 870; x_wconf 71' lang='lat' dir='ltr'><strong>impiEtatem,</strong></span> <span class='ocrx_word' id='word_1_60' title='bbox 713 810 821 855; x_wconf 93' lang='lat' dir='ltr'><strong>tum</strong></span> <span class='ocrx_word' id='word_1_61' title='bbox 853 802 1081 854; x_wconf 74' lang='lat' dir='ltr'><strong>maxime</strong></span> <span class='ocrx_word' id='word_1_62' title='bbox 1112 799 1183 870; x_wconf 86' lang='lat' dir='ltr'><strong>ob</strong></span> <span class='ocrx_word' id='word_1_63' title='bbox 1229 797 1476 852; x_wconf 55' lang='lat' dir='ltr'><strong>haeresim</strong></span> <span class='ocrx_word' id='word_1_64' title='bbox 1509 799 1563 853; x_wconf 87' lang='lat' dir='ltr'><strong>in</strong></span> <span class='ocrx_word' id='word_1_65' title='bbox 1600 799 1716 851; x_wconf 87' lang='lat' dir='ltr'><strong>Dal-</strong></span> 
     </span>
    </p>
   </div>
   <div class='ocr_carea' id='block_1_11' title="bbox 161 869 1717 942">
    <p class='ocr_par' dir='ltr' id='par_1_11' title="bbox 161 869 1717 942">
     <span class='ocr_line' id='line_1_11' title="bbox 161 869 1717 942; baseline -0.006 -12"><span class='ocrx_word' id='word_1_66' title='bbox 161 876 292 931; x_wconf 83' lang='lat' dir='ltr'><strong>matia</strong></span> <span class='ocrx_word' id='word_1_67' title='bbox 333 869 643 942; x_wconf 67' lang='lat' dir='ltr'><strong>Picaanique</strong></span> <span class='ocrx_word' id='word_1_68' title='bbox 694 872 965 940; x_wconf 87' lang='lat' dir='ltr'><strong>provincia</strong></span> <span class='ocrx_word' id='word_1_69' title='bbox 1016 869 1343 942; x_wconf 86' lang='lat' dir='ltr'><strong>reviviscere</strong></span> <span class='ocrx_word' id='word_1_70' title='bbox 1390 880 1717 942; x_wconf 79' lang='lat' dir='ltr'><strong>conantem:</strong></span> 
     </span>
    </p>
   </div>
   <div class='ocr_carea' id='block_1_12' title="bbox 158 939 1717 1012">
    <p class='ocr_par' dir='ltr' id='par_1_12' title="bbox 158 939 1717 1012">
     <span class='ocr_line' id='line_1_12' title="bbox 158 939 1717 1012; baseline -0.006 -13"><span class='ocrx_word' id='word_1_71' title='bbox 158 962 255 1012; x_wconf 62' lang='lat' dir='ltr'><strong>quin</strong></span> <span class='ocrx_word' id='word_1_72' title='bbox 290 958 450 998; x_wconf 87' lang='lat' dir='ltr'><strong>causa</strong></span> <span class='ocrx_word' id='word_1_73' title='bbox 494 939 595 997; x_wconf 80' lang='lat' dir='ltr'><strong>fuit</strong></span> <span class='ocrx_word' id='word_1_74' title='bbox 626 939 979 1007; x_wconf 25' lang='lat' dir='ltr'><strong>ut’Gelasios,</strong></span> <span class='ocrx_word' id='word_1_75' title='bbox 1015 940 1209 993; x_wconf 84' lang='lat' dir='ltr'><strong>Albino</strong></span> <span class='ocrx_word' id='word_1_76' title='bbox 1240 939 1486 1012; x_wconf 80' lang='lat' dir='ltr'><strong>consule,</strong></span> <span class='ocrx_word' id='word_1_77' title='bbox 1521 939 1571 992; x_wconf 91' lang='lat' dir='ltr'><strong>id</strong></span> <span class='ocrx_word' id='word_1_78' title='bbox 1616 947 1717 1004; x_wconf 86' lang='lat' dir='ltr'><strong>est,</strong></span> 
     </span>
    </p>
   </div>
   <div class='ocr_carea' id='block_1_13' title="bbox 157 1009 1720 1080">
    <p class='ocr_par' dir='ltr' id='par_1_13' title="bbox 157 1009 1720 1080">
     <span class='ocr_line' id='line_1_13' title="bbox 157 1009 1720 1080; baseline -0.004 -11"><span class='ocrx_word' id='word_1_79' title='bbox 157 1009 262 1070; x_wconf 73' lang='lat' dir='ltr'><strong>ann.</strong></span> <span class='ocrx_word' id='word_1_80' title='bbox 283 1014 404 1075; x_wconf 68' lang='lat'><strong>495,</strong></span> <span class='ocrx_word' id='word_1_81' title='bbox 432 1013 676 1067; x_wconf 84' lang='lat' dir='ltr'><strong>Honorio</strong></span> <span class='ocrx_word' id='word_1_82' title='bbox 704 1012 979 1073; x_wconf 71' lang='lat' dir='ltr'><strong>Dalmatia:</strong></span> <span class='ocrx_word' id='word_1_83' title='bbox 1010 1012 1264 1080; x_wconf 89' lang='lat' dir='ltr'><strong>episeopo</strong></span> <span class='ocrx_word' id='word_1_84' title='bbox 1312 1009 1393 1063; x_wconf 88' lang='lat' dir='ltr'><strong>bis</strong></span> <span class='ocrx_word' id='word_1_85' title='bbox 1440 1012 1720 1080; x_wconf 74' lang='lat' dir='ltr'><strong>scriberet,</strong></span> 
     </span>
    </p>
   </div>
   <div class='ocr_carea' id='block_1_14' title="bbox 158 1079 1724 1153">
    <p class='ocr_par' dir='ltr' id='par_1_14' title="bbox 158 1079 1724 1153">
     <span class='ocr_line' id='line_1_14' title="bbox 158 1079 1724 1153; baseline -0.004 -12"><span class='ocrx_word' id='word_1_86' title='bbox 158 1088 294 1141; x_wconf 86' lang='lat' dir='ltr'><strong>semel</strong></span> <span class='ocrx_word' id='word_1_87' title='bbox 320 1102 351 1138; x_wconf 89' lang='lat' dir='ltr'><strong>v</strong></span> <span class='ocrx_word' id='word_1_88' title='bbox 387 1083 500 1137; x_wconf 85' lang='lat' dir='ltr'><strong>kal.</strong></span> <span class='ocrx_word' id='word_1_89' title='bbox 530 1086 694 1153; x_wconf 82' lang='lat' dir='ltr'><strong>Aug.,</strong></span> <span class='ocrx_word' id='word_1_90' title='bbox 730 1085 922 1137; x_wconf 90' lang='lat' dir='ltr'><strong>iterum</strong></span> <span class='ocrx_word' id='word_1_91' title='bbox 945 1079 1059 1135; x_wconf 85' lang='lat' dir='ltr'><strong>sine</strong></span> <span class='ocrx_word' id='word_1_92' title='bbox 1085 1092 1210 1153; x_wconf 81' lang='lat' dir='ltr'><strong>nma</strong></span> <span class='ocrx_word' id='word_1_93' title='bbox 1234 1080 1531 1153; x_wconf 79' lang='lat' dir='ltr'><strong>temporis:</strong></span> <span class='ocrx_word' id='word_1_94' title='bbox 1558 1079 1724 1153; x_wconf 88' lang='lat' dir='ltr'><strong>immo</strong></span> 
     </span>
    </p>
   </div>
   <div class='ocr_carea' id='block_1_15' title="bbox 158 1149 1723 1226">
    <p class='ocr_par' dir='ltr' id='par_1_15' title="bbox 158 1149 1723 1226">
     <span class='ocr_line' id='line_1_15' title="bbox 158 1149 1723 1226; baseline -0.003 -17"><span class='ocrx_word' id='word_1_95' title='bbox 158 1158 207 1213; x_wconf 79' lang='lat' dir='ltr'><strong>ad</strong></span> <span class='ocrx_word' id='word_1_96' title='bbox 229 1170 406 1212; x_wconf 86' lang='lat' dir='ltr'><strong>omnes</strong></span> <span class='ocrx_word' id='word_1_97' title='bbox 435 1168 537 1226; x_wconf 88' lang='lat' dir='ltr'><strong>per</strong></span> <span class='ocrx_word' id='word_1_98' title='bbox 569 1149 841 1211; x_wconf 69' lang='lat' dir='ltr'><strong>Pictonum</strong></span> <span class='ocrx_word' id='word_1_99' title='bbox 883 1153 1170 1223; x_wconf 86' lang='lat' dir='ltr'><strong>episcopos</strong></span> <span class='ocrx_word' id='word_1_100' title='bbox 1197 1149 1306 1205; x_wconf 83' lang='lat' dir='ltr'><strong>kal.</strong></span> <span class='ocrx_word' id='word_1_101' title='bbox 1337 1151 1603 1205; x_wconf 84' lang='lat' dir='ltr'><strong>Novemb.</strong></span> <span class='ocrx_word' id='word_1_102' title='bbox 1637 1152 1723 1204; x_wconf 87' lang='lat' dir='ltr'><strong>lit-</strong></span> 
     </span>
    </p>
   </div>
   <div class='ocr_carea' id='block_1_16' title="bbox 1825 447 2461 513">
    <p class='ocr_par' dir='ltr' id='par_1_16' title="bbox 1825 447 2461 513">
     <span class='ocr_line' id='line_1_16' title="bbox 1825 447 2461 513; baseline -0.005 -13"><span class='ocrx_word' id='word_1_103' title='bbox 1825 447 2056 500; x_wconf 90' lang='lat' dir='ltr'><strong>uismum</strong></span> <span class='ocrx_word' id='word_1_104' title='bbox 2103 447 2461 513; x_wconf 88' lang='lat' dir='ltr'><strong>plenissimas.</strong></span> 
     </span>
    </p>
   </div>
   <div class='ocr_carea' id='block_1_17' title="bbox 1896 514 3417 587">
    <p class='ocr_par' dir='ltr' id='par_1_17' title="bbox 1896 514 3417 587">
     <span class='ocr_line' id='line_1_17' title="bbox 1896 514 3417 587; baseline 0.003 -18"><span class='ocrx_word' id='word_1_105' title='bbox 1896 517 2081 569; x_wconf 86' lang='lat' dir='ltr'><strong>Habita</strong></span> <span class='ocrx_word' id='word_1_106' title='bbox 2108 515 2281 569; x_wconf 82' lang='lat' dir='ltr'><strong>fuerat</strong></span> <span class='ocrx_word' id='word_1_107' title='bbox 2296 531 2424 569; x_wconf 90' lang='lat' dir='ltr'><strong>ann.</strong></span> <span class='ocrx_word' id='word_1_108' title='bbox 2449 516 2552 570; x_wconf 76' lang='grc'><strong>475</strong></span> <span class='ocrx_word' id='word_1_109' title='bbox 2572 514 2790 570; x_wconf 77' lang='lat' dir='ltr'><strong>Arelate</strong></span> <span class='ocrx_word' id='word_1_110' title='bbox 2809 515 3050 587; x_wconf 85' lang='lat' dir='ltr'><strong>synodus</strong></span> <span class='ocrx_word' id='word_1_111' title='bbox 3073 531 3100 570; x_wconf 86' lang='lat' dir='ltr'><strong>a</strong></span> <span class='ocrx_word' id='word_1_112' title='bbox 3119 516 3417 574; x_wconf 85' lang='lat' dir='ltr'><strong>Gallicanis</strong></span> 
     </span>
    </p>
   </div>
   <div class='ocr_carea' id='block_1_18' title="bbox 1821 586 3414 655">
    <p class='ocr_par' dir='ltr' id='par_1_18' title="bbox 1821 586 3414 655">
     <span class='ocr_line' id='line_1_18' title="bbox 1821 586 3414 655; baseline 0.003 -16"><span class='ocrx_word' id='word_1_113' title='bbox 1821 588 2110 654; x_wconf 84' lang='lat' dir='ltr'><strong>episcopis,</strong></span> <span class='ocrx_word' id='word_1_114' title='bbox 2145 586 2233 639; x_wconf 89' lang='lat' dir='ltr'><strong>ubi</strong></span> <span class='ocrx_word' id='word_1_115' title='bbox 2285 586 2644 653; x_wconf 86' lang='lat' dir='ltr'><strong>subscriptum</strong></span> <span class='ocrx_word' id='word_1_116' title='bbox 2693 596 2779 641; x_wconf 88' lang='lat' dir='ltr'><strong>est</strong></span> <span class='ocrx_word' id='word_1_117' title='bbox 2833 586 3073 655; x_wconf 76' lang='lat' dir='ltr'><strong>epistolre</strong></span> <span class='ocrx_word' id='word_1_118' title='bbox 3118 586 3299 643; x_wconf 83' lang='lat' dir='ltr'><strong>Fausti</strong></span> <span class='ocrx_word' id='word_1_119' title='bbox 3345 590 3414 644; x_wconf 87' lang='lat' dir='ltr'><strong>ad</strong></span> 
     </span>
    </p>
   </div>
   <div class='ocr_carea' id='block_1_19' title="bbox 1824 657 3417 727">
    <p class='ocr_par' dir='ltr' id='par_1_19' title="bbox 1824 657 3417 727">
     <span class='ocr_line' id='line_1_19' title="bbox 1824 657 3417 727; baseline 0.002 -17"><span class='ocrx_word' id='word_1_120' title='bbox 1824 657 2447 727; x_wconf 37' lang='lat' dir='ltr'><strong>Lucidumtdictumque</strong></span> <span class='ocrx_word' id='word_1_121' title='bbox 2485 658 2643 710; x_wconf 87' lang='lat' dir='ltr'><strong>simul</strong></span> <span class='ocrx_word' id='word_1_122' title='bbox 2693 658 2979 712; x_wconf 84' lang='lat' dir='ltr'><strong>anathema</strong></span> <span class='ocrx_word' id='word_1_123' title='bbox 3025 658 3102 711; x_wconf 89' lang='lat' dir='ltr'><strong>illi</strong></span> <span class='ocrx_word' id='word_1_124' title='bbox 3148 660 3236 727; x_wconf 82' lang='lat' dir='ltr'><strong>qui</strong></span> <span class='ocrx_word' id='word_1_125' title='bbox 3280 660 3417 713; x_wconf 88' lang='lat' dir='ltr'><strong>inter</strong></span> 
     </span>
    </p>
   </div>
   <div class='ocr_carea' id='block_1_20' title="bbox 1820 726 3416 798">
    <p class='ocr_par' dir='ltr' id='par_1_20' title="bbox 1820 726 3416 798">
     <span class='ocr_line' id='line_1_20' title="bbox 1820 726 3416 798; baseline 0.002 -18"><span class='ocrx_word' id='word_1_126' title='bbox 1820 726 2043 797; x_wconf 87' lang='lat' dir='ltr'><strong>reliquas</strong></span> <span class='ocrx_word' id='word_1_127' title='bbox 2094 726 2297 798; x_wconf 78' lang='lat' dir='ltr'><strong>Pelagii</strong></span> <span class='ocrx_word' id='word_1_128' title='bbox 2344 727 2628 798; x_wconf 79' lang='lat' dir='ltr'><strong>impietates</strong></span> <span class='ocrx_word' id='word_1_129' title='bbox 2659 768 2674 792; x_wconf 93' lang='lat'><strong>,</strong></span> <span class='ocrx_word' id='word_1_130' title='bbox 2733 728 2990 780; x_wconf 84' lang='lat' dir='ltr'><strong>hominem</strong></span> <span class='ocrx_word' id='word_1_131' title='bbox 3035 726 3164 781; x_wconf 89' lang='lat' dir='ltr'><strong>sine</strong></span> <span class='ocrx_word' id='word_1_132' title='bbox 3205 740 3416 796; x_wconf 85' lang='lat' dir='ltr'><strong>peccato</strong></span> 
     </span>
    </p>
   </div>
   <div class='ocr_carea' id='block_1_21' title="bbox 1820 796 3413 866">
    <p class='ocr_par' dir='ltr' id='par_1_21' title="bbox 1820 796 3413 866">
     <span class='ocr_line' id='line_1_21' title="bbox 1820 796 3413 866; baseline 0.001 -16"><span class='ocrx_word' id='word_1_133' title='bbox 1820 800 1985 862; x_wconf 89' lang='lat' dir='ltr'><strong>nasci,</strong></span> <span class='ocrx_word' id='word_1_134' title='bbox 2015 806 2061 850; x_wconf 81' lang='lat' dir='ltr'><strong>et</strong></span> <span class='ocrx_word' id='word_1_135' title='bbox 2092 815 2181 865; x_wconf 89' lang='lat' dir='ltr'><strong>per</strong></span> <span class='ocrx_word' id='word_1_136' title='bbox 2219 796 2389 849; x_wconf 78' lang='lat' dir='ltr'><strong>solum</strong></span> <span class='ocrx_word' id='word_1_137' title='bbox 2417 797 2642 849; x_wconf 84' lang='lat' dir='ltr'><strong>laborem</strong></span> <span class='ocrx_word' id='word_1_138' title='bbox 2686 814 2832 866; x_wconf 85' lang='lat' dir='ltr'><strong>posse</strong></span> <span class='ocrx_word' id='word_1_139' title='bbox 2856 799 3068 859; x_wconf 85' lang='lat' dir='ltr'><strong>salvari,</strong></span> <span class='ocrx_word' id='word_1_140' title='bbox 3112 799 3413 853; x_wconf 80' lang='lat' dir='ltr'><strong>damnanda</strong></span> 
     </span>
    </p>
   </div>
   <div class='ocr_carea' id='block_1_22' title="bbox 1823 868 3409 939">
    <p class='ocr_par' dir='ltr' id='par_1_22' title="bbox 1823 868 3409 939">
     <span class='ocr_line' id='line_1_22' title="bbox 1823 868 3409 939; baseline 0.003 -20"><span class='ocrx_word' id='word_1_141' title='bbox 1823 869 2219 938; x_wconf 79' lang='lat' dir='ltr'><strong>prtesuntptione</strong></span> <span class='ocrx_word' id='word_1_142' title='bbox 2248 868 2591 939; x_wconf 84' lang='lat' dir='ltr'><strong>contenderit,</strong></span> <span class='ocrx_word' id='word_1_143' title='bbox 2634 878 2680 920; x_wconf 84' lang='lat' dir='ltr'><strong>et</strong></span> <span class='ocrx_word' id='word_1_144' title='bbox 2706 868 2792 937; x_wconf 82' lang='lat' dir='ltr'><strong>qui</strong></span> <span class='ocrx_word' id='word_1_145' title='bbox 2815 884 2927 921; x_wconf 87' lang='lat' dir='ltr'><strong>eum</strong></span> <span class='ocrx_word' id='word_1_146' title='bbox 2951 870 3061 923; x_wconf 83' lang='lat' dir='ltr'><strong>sine</strong></span> <span class='ocrx_word' id='word_1_147' title='bbox 3100 872 3270 939; x_wconf 81' lang='lat' dir='ltr'><strong>gratia</strong></span> <span class='ocrx_word' id='word_1_148' title='bbox 3310 870 3409 925; x_wconf 85' lang='lat' dir='ltr'><strong>Dei</strong></span> 
     </span>
    </p>
   </div>
   <div class='ocr_carea' id='block_1_23' title="bbox 1825 938 2530 1006">
    <p class='ocr_par' dir='ltr' id='par_1_23' title="bbox 1825 938 2530 1006">
     <span class='ocr_line' id='line_1_23' title="bbox 1825 938 2530 1006; baseline -0.003 -14"><span class='ocrx_word' id='word_1_149' title='bbox 1825 939 2031 992; x_wconf 82' lang='lat' dir='ltr'><strong>liberari</strong></span> <span class='ocrx_word' id='word_1_150' title='bbox 2053 954 2201 1006; x_wconf 84' lang='lat' dir='ltr'><strong>posse</strong></span> <span class='ocrx_word' id='word_1_151' title='bbox 2228 938 2530 991; x_wconf 83' lang='lat' dir='ltr'><strong>crediderit.</strong></span> 
     </span>
    </p>
   </div>
   <div class='ocr_carea' id='block_1_24' title="bbox 1898 1008 3415 1080">
    <p class='ocr_par' dir='ltr' id='par_1_24' title="bbox 1898 1008 3415 1080">
     <span class='ocr_line' id='line_1_24' title="bbox 1898 1008 3415 1080; baseline 0.001 -17"><span class='ocrx_word' id='word_1_152' title='bbox 1898 1009 2098 1063; x_wconf 81' lang='lat' dir='ltr'><strong>Eodem</strong></span> <span class='ocrx_word' id='word_1_153' title='bbox 2132 1008 2524 1080; x_wconf 76' lang='lat' dir='ltr'><strong>fereletupore</strong></span> <span class='ocrx_word' id='word_1_154' title='bbox 2551 1016 2870 1080; x_wconf 80' lang='lat' dir='ltr'><strong>congregata</strong></span> <span class='ocrx_word' id='word_1_155' title='bbox 2900 1016 2983 1062; x_wconf 88' lang='lat' dir='ltr'><strong>est</strong></span> <span class='ocrx_word' id='word_1_156' title='bbox 3009 1009 3113 1063; x_wconf 89' lang='lat' dir='ltr'><strong>alia</strong></span> <span class='ocrx_word' id='word_1_157' title='bbox 3142 1008 3415 1080; x_wconf 78' lang='lat' dir='ltr'><strong>Lugduni,</strong></span> 
     </span>
    </p>
   </div>
   <div class='ocr_carea' id='block_1_25' title="bbox 1826 1077 2985 1150">
    <p class='ocr_par' dir='ltr' id='par_1_25' title="bbox 1826 1077 2985 1150">
     <span class='ocr_line' id='line_1_25' title="bbox 1826 1077 2985 1150; baseline -0.002 -18"><span class='ocrx_word' id='word_1_158' title='bbox 1826 1094 1945 1150; x_wconf 80' lang='lat' dir='ltr'><strong>quae</strong></span> <span class='ocrx_word' id='word_1_159' title='bbox 1973 1079 2302 1135; x_wconf 85' lang='lat' dir='ltr'><strong>Arelatensis</strong></span> <span class='ocrx_word' id='word_1_160' title='bbox 2325 1077 2545 1135; x_wconf 73' lang='lat' dir='ltr'><strong>deoreta</strong></span> <span class='ocrx_word' id='word_1_161' title='bbox 2588 1077 2985 1147; x_wconf 72' lang='lat' dir='ltr'><strong>comprobavit.</strong></span> 
     </span>
    </p>
   </div>
   <div class='ocr_carea' id='block_1_26' title="bbox 1072 1432 2388 1522">
    <p class='ocr_par' dir='ltr' id='par_1_26' title="bbox 1072 1432 2388 1522">
     <span class='ocr_line' id='line_1_26' title="bbox 1072 1432 2388 1522; baseline 0.001 -2"><span class='ocrx_word' id='word_1_162' title='bbox 1072 1432 1845 1521; x_wconf 77' lang='lat' dir='ltr'><strong>DISSERTA’I‘IO</strong></span> <span class='ocrx_word' id='word_1_163' title='bbox 1922 1436 2388 1522; x_wconf 80' lang='lat' dir='ltr'><strong>TERTIA.</strong></span> 
     </span>
    </p>
   </div>
   <div class='ocr_carea' id='block_1_27' title="bbox 622 1596 2925 1657">
    <p class='ocr_par' dir='ltr' id='par_1_27' title="bbox 622 1596 2925 1657">
     <span class='ocr_line' id='line_1_27' title="bbox 622 1596 2925 1657; baseline 0.003 -7"><span class='ocrx_word' id='word_1_164' title='bbox 622 1599 709 1651; x_wconf 85' lang='lat' dir='ltr'><strong>DE</strong></span> <span class='ocrx_word' id='word_1_165' title='bbox 741 1598 1351 1653; x_wconf 79' lang='lat' dir='ltr'><strong>CONSTITUTIONIBUS</strong></span> <span class='ocrx_word' id='word_1_166' title='bbox 1384 1596 1851 1651; x_wconf 78' lang='lat' dir='ltr'><strong>IMPERATORUM</strong></span> <span class='ocrx_word' id='word_1_167' title='bbox 1887 1600 1951 1653; x_wconf 77' lang='lat' dir='ltr'><strong>IN</strong></span> <span class='ocrx_word' id='word_1_168' title='bbox 1986 1599 2195 1653; x_wconf 71' lang='lat' dir='ltr'><strong>CAUSA</strong></span> <span class='ocrx_word' id='word_1_169' title='bbox 2224 1603 2608 1656; x_wconf 68' lang='lat' dir='ltr'><strong>PELAGIANIE</strong></span> <span class='ocrx_word' id='word_1_170' title='bbox 2638 1604 2925 1657; x_wconf 66' lang='lat' dir='ltr'><strong>HzEllESlS</strong></span> 
     </span>
    </p>
   </div>
   <div class='ocr_carea' id='block_1_28' title="bbox 1229 1722 2307 1782">
    <p class='ocr_par' dir='ltr' id='par_1_28' title="bbox 1229 1722 2307 1782">
     <span class='ocr_line' id='line_1_28' title="bbox 1229 1722 2307 1782; baseline 0.006 -7"><span class='ocrx_word' id='word_1_171' title='bbox 1229 1724 1313 1775; x_wconf 76' lang='lat' dir='ltr'><strong>AB</strong></span> <span class='ocrx_word' id='word_1_172' title='bbox 1346 1722 1518 1776; x_wconf 82' lang='lat' dir='ltr'><strong>ANNO</strong></span> <span class='ocrx_word' id='word_1_173' title='bbox 1553 1723 1859 1778; x_wconf 81' lang='lat' dir='ltr'><strong>CCCCXVIII</strong></span> <span class='ocrx_word' id='word_1_174' title='bbox 1893 1726 1981 1777; x_wconf 80' lang='lat' dir='ltr'><strong>AD</strong></span> <span class='ocrx_word' id='word_1_175' title='bbox 2015 1726 2307 1782; x_wconf 71' lang='lat' dir='ltr'><strong>CCCCXXX.</strong></span> 
     </span>
    </p>
   </div>
   <div class='ocr_carea' id='block_1_29' title="bbox 171 1848 3414 1945">
    <p class='ocr_par' dir='ltr' id='par_1_29' title="bbox 171 1848 3414 1945">
     <span class='ocr_line' id='line_1_29' title="bbox 171 1848 3414 1945; baseline 0.001 -26"><span class='ocrx_word' id='word_1_176' title='bbox 171 1861 223 1921; x_wconf 86' lang='lat' dir='ltr'><strong>lu</strong></span> <span class='ocrx_word' id='word_1_177' title='bbox 250 1855 448 1920; x_wconf 87' lang='lat' dir='ltr'><strong>eadem</strong></span> <span class='ocrx_word' id='word_1_178' title='bbox 475 1855 677 1919; x_wconf 86' lang='lat' dir='ltr'><strong>verba</strong></span> <span class='ocrx_word' id='word_1_179' title='bbox 708 1850 897 1917; x_wconf 78' lang='lat' dir='ltr'><strong>Marii</strong></span> <span class='ocrx_word' id='word_1_180' title='bbox 929 1848 1306 1918; x_wconf 85' lang='lat' dir='ltr'><strong>Mercatoris</strong></span> <span class='ocrx_word' id='word_1_181' title='bbox 1339 1872 1355 1913; x_wconf 89' lang='lat'><strong>:</strong></span> <span class='ocrx_word' id='word_1_182' title='bbox 1392 1849 1541 1918; x_wconf 88' lang='lat' dir='ltr'><strong>Non</strong></span> <span class='ocrx_word' id='word_1_183' title='bbox 1573 1850 1773 1913; x_wconf 86' lang='lat' dir='ltr'><strong>solum</strong></span> <span class='ocrx_word' id='word_1_184' title='bbox 1803 1852 2231 1934; x_wconf 79' lang='lat' dir='ltr'><strong>imperialibus</strong></span> <span class='ocrx_word' id='word_1_185' title='bbox 2264 1856 2527 1936; x_wconf 84' lang='lat' dir='ltr'><strong>legibus,</strong></span> <span class='ocrx_word' id='word_1_186' title='bbox 2557 1864 2678 1922; x_wconf 90' lang='lat' dir='ltr'><strong>etc.</strong></span> <span class='ocrx_word' id='word_1_187' title='bbox 2714 1860 3119 1940; x_wconf 86' lang='lat' dir='ltr'><strong>(Commonit.</strong></span> <span class='ocrx_word' id='word_1_188' title='bbox 3156 1878 3295 1941; x_wconf 92' lang='lat' dir='ltr'><strong>cap.</strong></span> <span class='ocrx_word' id='word_1_189' title='bbox 3325 1864 3414 1945; x_wconf 90' lang='lat'><strong>3.)</strong></span> 
     </span>
    </p>
   </div>
   <div class='ocr_carea' id='block_1_30' title="bbox 229 2156 3418 2236">
    <p class='ocr_par' dir='ltr' id='par_1_30' title="bbox 229 2156 3418 2236">
     <span class='ocr_line' id='line_1_30' title="bbox 229 2156 3418 2236; baseline 0 -17"><span class='ocrx_word' id='word_1_190' title='bbox 229 2167 484 2234; x_wconf 79' lang='lat' dir='ltr'><strong>Postquam</strong></span> <span class='ocrx_word' id='word_1_191' title='bbox 517 2160 595 2217; x_wconf 84' lang='lat' dir='ltr'><strong>de</strong></span> <span class='ocrx_word' id='word_1_192' title='bbox 621 2159 847 2231; x_wconf 85' lang='lat' dir='ltr'><strong>synodis</strong></span> <span class='ocrx_word' id='word_1_193' title='bbox 868 2159 922 2236; x_wconf 82' lang='lat' dir='ltr'><strong>in</strong></span> <span class='ocrx_word' id='word_1_194' title='bbox 952 2157 1545 2236; x_wconf 77' lang='lat' dir='ltr'><strong>causaPelagianorum</strong></span> <span class='ocrx_word' id='word_1_195' title='bbox 1577 2157 1728 2236; x_wconf 76' lang='lat' dir='ltr'><strong>babi-</strong></span> <span class='ocrx_word' id='word_1_196' title='bbox 1755 2167 1805 2228; x_wconf 84' lang='grc' dir='ltr'>Β</span> <span class='ocrx_word' id='word_1_197' title='bbox 1831 2157 2087 2236; x_wconf 65' lang='grc' dir='ltr'><strong>Βιτηανᾴ.</strong></span> <span class='ocrx_word' id='word_1_198' title='bbox 2123 2161 2272 2236; x_wconf 79' lang='lat' dir='ltr'><strong>epist.</strong></span> <span class='ocrx_word' id='word_1_199' title='bbox 2330 2158 2400 2236; x_wconf 73' lang='lat' dir='ltr'><strong>ad</strong></span> <span class='ocrx_word' id='word_1_200' title='bbox 2450 2156 2765 2236; x_wconf 57' lang='lat' dir='ltr'><strong>Cauendum.</strong></span> <span class='ocrx_word' id='word_1_201' title='bbox 2819 2178 3028 2231; x_wconf 89' lang='lat' dir='ltr'><strong>regem;</strong></span> <span class='ocrx_word' id='word_1_202' title='bbox 3076 2162 3229 2236; x_wconf 84' lang='lat' dir='ltr'><strong>_0sius</strong></span> <span class='ocrx_word' id='word_1_203' title='bbox 3278 2167 3418 2236; x_wconf 83' lang='lat' dir='ltr'><strong>apud</strong></span> 
     </span>
    </p>
   </div>
   <div class='ocr_carea' id='block_1_31' title="bbox 176 2228 1727 2299">
    <p class='ocr_par' dir='ltr' id='par_1_31' title="bbox 176 2228 1727 2299">
     <span class='ocr_line' id='line_1_31' title="bbox 176 2228 1727 2299; baseline -0.005 -8"><span class='ocrx_word' id='word_1_204' title='bbox 176 2239 230 2294; x_wconf 88' lang='lat' dir='ltr'><strong>tis</strong></span> <span class='ocrx_word' id='word_1_205' title='bbox 260 2228 593 2290; x_wconf 75' lang='lat' dir='ltr'><strong>dissertatum</strong></span> <span class='ocrx_word' id='word_1_206' title='bbox 626 2228 733 2297; x_wconf 80' lang='lat' dir='ltr'><strong>est,</strong></span> <span class='ocrx_word' id='word_1_207' title='bbox 765 2231 1010 2298; x_wconf 86' lang='lat' dir='ltr'><strong>sequitur</strong></span> <span class='ocrx_word' id='word_1_208' title='bbox 1037 2228 1292 2299; x_wconf 86' lang='lat' dir='ltr'><strong>deinceps</strong></span> <span class='ocrx_word' id='word_1_209' title='bbox 1330 2238 1391 2283; x_wconf 91' lang='lat' dir='ltr'><strong>ut</strong></span> <span class='ocrx_word' id='word_1_210' title='bbox 1412 2229 1479 2284; x_wconf 89' lang='lat' dir='ltr'><strong>ad</strong></span> <span class='ocrx_word' id='word_1_211' title='bbox 1528 2229 1727 2298; x_wconf 89' lang='lat' dir='ltr'><strong>princi-</strong></span> 
     </span>
    </p>
   </div>
   <div class='ocr_carea' id='block_1_32' title="bbox 174 2299 1727 2378">
    <p class='ocr_par' dir='ltr' id='par_1_32' title="bbox 174 2299 1727 2378">
     <span class='ocr_line' id='line_1_32' title="bbox 174 2299 1727 2378; baseline -0.006 -15"><span class='ocrx_word' id='word_1_212' title='bbox 174 2323 272 2378; x_wconf 84' lang='lat' dir='ltr'><strong>pum</strong></span> <span class='ocrx_word' id='word_1_213' title='bbox 291 2308 491 2362; x_wconf 85' lang='lat' dir='ltr'><strong>decreta</strong></span> <span class='ocrx_word' id='word_1_214' title='bbox 510 2304 947 2378; x_wconf 66' lang='lat' dir='ltr'><strong>veniamr,_qna:,</strong></span> <span class='ocrx_word' id='word_1_215' title='bbox 966 2301 1129 2378; x_wconf 53' lang='lat' dir='ltr'><strong>lusit</strong></span> <span class='ocrx_word' id='word_1_216' title='bbox 1148 2299 1426 2378; x_wconf 54' lang='lat' dir='ltr'><strong>Possidius</strong></span> <span class='ocrx_word' id='word_1_217' title='bbox 1453 2299 1486 2378; x_wconf 70' lang='lat'><strong>_(</strong></span> <span class='ocrx_word' id='word_1_218' title='bbox 1506 2299 1571 2378; x_wconf 74' lang='lat' dir='ltr'><strong>In</strong></span> <span class='ocrx_word' id='word_1_219' title='bbox 1605 2300 1727 2355; x_wconf 76' lang='lat' dir='ltr'><strong>Vita</strong></span> 
     </span>
    </p>
   </div>
   <div class='ocr_carea' id='block_1_33' title="bbox 174 2369 1728 2449">
    <p class='ocr_par' dir='ltr' id='par_1_33' title="bbox 174 2369 1728 2449">
     <span class='ocr_line' id='line_1_33' title="bbox 174 2369 1728 2449; baseline -0.006 -15"><span class='ocrx_word' id='word_1_220' title='bbox 174 2369 204 2434; x_wconf 72' lang='lat' dir='ltr'><strong>S</strong></span> <span class='ocrx_word' id='word_1_221' title='bbox 228 2380 343 2449; x_wconf 75' lang='lat' dir='ltr'><strong>Aug.</strong></span> <span class='ocrx_word' id='word_1_222' title='bbox 369 2393 483 2449; x_wconf 46' lang='lat' dir='ltr'><strong>cap;</strong></span> <span class='ocrx_word' id='word_1_223' title='bbox 517 2373 652 2443; x_wconf 81' lang='grc'><strong>18),</strong></span> <span class='ocrx_word' id='word_1_224' title='bbox 678 2371 924 2449; x_wconf 63' lang='lat' dir='ltr'><strong>Ecclesia</strong></span> <span class='ocrx_word' id='word_1_225' title='bbox 955 2370 1052 2425; x_wconf 86' lang='lat' dir='ltr'><strong>Dei</strong></span> <span class='ocrx_word' id='word_1_226' title='bbox 1066 2369 1344 2449; x_wconf 68' lang='lat' dir='ltr'><strong>catholicae</strong></span> <span class='ocrx_word' id='word_1_227' title='bbox 1357 2369 1624 2449; x_wconf 80' lang='lat' dir='ltr'><strong>judicium</strong></span> <span class='ocrx_word' id='word_1_228' title='bbox 1647 2388 1728 2426; x_wconf 86' lang='lat' dir='ltr'><strong>se-</strong></span> 
     </span>
    </p>
   </div>
   <div class='ocr_carea' id='block_1_34' title="bbox 175 2442 1723 2511">
    <p class='ocr_par' dir='ltr' id='par_1_34' title="bbox 175 2442 1723 2511">
     <span class='ocr_line' id='line_1_34' title="bbox 175 2442 1723 2511; baseline -0.006 -8"><span class='ocrx_word' id='word_1_229' title='bbox 175 2461 270 2503; x_wconf 71' lang='lat' dir='ltr'><strong>rata</strong></span> <span class='ocrx_word' id='word_1_230' title='bbox 290 2442 693 2503; x_wconf 45' lang='lat' dir='ltr'><strong>iant.&#39;FuerUnt</strong></span> <span class='ocrx_word' id='word_1_231' title='bbox 716 2444 811 2497; x_wconf 88' lang='lat' dir='ltr'><strong>illa</strong></span> <span class='ocrx_word' id='word_1_232' title='bbox 830 2456 962 2500; x_wconf 79' lang='lat' dir='ltr'><strong>vero</strong></span> <span class='ocrx_word' id='word_1_233' title='bbox 988 2442 1227 2511; x_wconf 90' lang='lat' dir='ltr'><strong>quinque</strong></span> <span class='ocrx_word' id='word_1_234' title='bbox 1249 2451 1341 2496; x_wconf 90' lang='lat' dir='ltr'><strong>aut</strong></span> <span class='ocrx_word' id='word_1_235' title='bbox 1361 2442 1453 2497; x_wconf 74' lang='lat' dir='ltr'><strong>Sex</strong></span> <span class='ocrx_word' id='word_1_236' title='bbox 1479 2444 1723 2509; x_wconf 81' lang='lat' dir='ltr'><strong>omnino,</strong></span> 
     </span>
    </p>
   </div>
   <div class='ocr_carea' id='block_1_35' title="bbox 175 2512 1728 2589">
    <p class='ocr_par' dir='ltr' id='par_1_35' title="bbox 175 2512 1728 2589">
     <span class='ocr_line' id='line_1_35' title="bbox 175 2512 1728 2589; baseline 0.001 -22"><span class='ocrx_word' id='word_1_237' title='bbox 175 2536 291 2589; x_wconf 63' lang='lat' dir='ltr'><strong>qua,</strong></span> <span class='ocrx_word' id='word_1_238' title='bbox 318 2518 434 2573; x_wconf 89' lang='lat' dir='ltr'><strong>licet</strong></span> <span class='ocrx_word' id='word_1_239' title='bbox 450 2516 672 2572; x_wconf 85' lang='lat' dir='ltr'><strong>condita</strong></span> <span class='ocrx_word' id='word_1_240' title='bbox 700 2514 808 2568; x_wconf 88' lang='lat' dir='ltr'><strong>sint</strong></span> <span class='ocrx_word' id='word_1_241' title='bbox 830 2514 999 2589; x_wconf 80' lang='lat' dir='ltr'><strong>variis</strong></span> <span class='ocrx_word' id='word_1_242' title='bbox 1024 2512 1457 2589; x_wconf 81' lang='lat' dir='ltr'><strong>teniporibus_et_</strong></span> <span class='ocrx_word' id='word_1_243' title='bbox 1487 2528 1518 2566; x_wconf 89' lang='lat' dir='ltr'><strong>a</strong></span> <span class='ocrx_word' id='word_1_244' title='bbox 1564 2513 1728 2589; x_wconf 73' lang='lat' dir='ltr'><strong>variis</strong></span> 
     </span>
    </p>
   </div>
   <div class='ocr_carea' id='block_1_36' title="bbox 176 2583 1727 2657">
    <p class='ocr_par' dir='ltr' id='par_1_36' title="bbox 176 2583 1727 2657">
     <span class='ocr_line' id='line_1_36' title="bbox 176 2583 1727 2657; baseline -0.004 -12"><span class='ocrx_word' id='word_1_245' title='bbox 176 2583 575 2657; x_wconf 79' lang='lat' dir='ltr'><strong>imperatoribus,</strong></span> <span class='ocrx_word' id='word_1_246' title='bbox 636 2590 801 2657; x_wconf 87' lang='lat' dir='ltr'><strong>immo</strong></span> <span class='ocrx_word' id='word_1_247' title='bbox 854 2594 909 2657; x_wconf 88' lang='lat' dir='ltr'><strong>et</strong></span> <span class='ocrx_word' id='word_1_248' title='bbox 952 2583 1727 2657; x_wconf 26' lang='lat' dir='ltr'><strong>ab_AugustaUValeutiniani</strong></span> 
     </span>
    </p>
   </div>
   <div class='ocr_carea' id='block_1_37' title="bbox 178 2653 1724 2726">
    <p class='ocr_par' dir='ltr' id='par_1_37' title="bbox 178 2653 1724 2726">
     <span class='ocr_line' id='line_1_37' title="bbox 178 2653 1724 2726; baseline -0.004 -11"><span class='ocrx_word' id='word_1_249' title='bbox 178 2653 338 2726; x_wconf 78' lang='lat' dir='ltr'><strong>matre,</strong></span> <span class='ocrx_word' id='word_1_250' title='bbox 359 2653 608 2714; x_wconf 81' lang='lat' dir='ltr'><strong>eumdem</strong></span> <span class='ocrx_word' id='word_1_251' title='bbox 643 2655 989 2711; x_wconf 86' lang='lat' dir='ltr'><strong>nihilominus</strong></span> <span class='ocrx_word' id='word_1_252' title='bbox 1020 2654 1145 2709; x_wconf 83' lang='lat' dir='ltr'><strong>ﬁdei</strong></span> <span class='ocrx_word' id='word_1_253' title='bbox 1164 2653 1444 2708; x_wconf 71' lang='lat' dir='ltr'><strong>catholica:</strong></span> <span class='ocrx_word' id='word_1_254' title='bbox 1461 2670 1724 2726; x_wconf 81' lang='lat' dir='ltr'><strong>amorem,</strong></span> 
     </span>
    </p>
   </div>
   <div class='ocr_carea' id='block_1_38' title="bbox 177 2725 1731 2799">
    <p class='ocr_par' dir='ltr' id='par_1_38' title="bbox 177 2725 1731 2799">
     <span class='ocr_line' id='line_1_38' title="bbox 177 2725 1731 2799; baseline -0.002 -15"><span class='ocrx_word' id='word_1_255' title='bbox 177 2732 389 2799; x_wconf 85' lang='lat' dir='ltr'><strong>idemque</strong></span> <span class='ocrx_word' id='word_1_256' title='bbox 413 2729 679 2785; x_wconf 74' lang='lat' dir='ltr'><strong>Ecclesia:</strong></span> <span class='ocrx_word' id='word_1_257' title='bbox 710 2726 953 2781; x_wconf 75' lang='lat' dir='ltr'><strong>fovenda:</strong></span> <span class='ocrx_word' id='word_1_258' title='bbox 999 2726 1237 2799; x_wconf 84' lang='lat' dir='ltr'><strong>studium</strong></span> <span class='ocrx_word' id='word_1_259' title='bbox 1284 2725 1617 2799; x_wconf 82' lang='lat' dir='ltr'><strong>OSIendunt;</strong></span> <span class='ocrx_word' id='word_1_260' title='bbox 1671 2737 1731 2782; x_wconf 92' lang='lat' dir='ltr'><strong>ut</strong></span> 
     </span>
    </p>
   </div>
   <div class='ocr_carea' id='block_1_39' title="bbox 180 2796 1727 2867">
    <p class='ocr_par' dir='ltr' id='par_1_39' title="bbox 180 2796 1727 2867">
     <span class='ocr_line' id='line_1_39' title="bbox 180 2796 1727 2867; baseline -0.003 -11"><span class='ocrx_word' id='word_1_261' title='bbox 180 2817 267 2857; x_wconf 87' lang='lat' dir='ltr'><strong>non</strong></span> <span class='ocrx_word' id='word_1_262' title='bbox 294 2796 480 2856; x_wconf 78' lang='lat' dir='ltr'><strong>temere</strong></span> <span class='ocrx_word' id='word_1_263' title='bbox 509 2799 782 2867; x_wconf 83' lang='lat' dir='ltr'><strong>quispiam</strong></span> <span class='ocrx_word' id='word_1_264' title='bbox 816 2798 1047 2852; x_wconf 88' lang='lat' dir='ltr'><strong>senserit</strong></span> <span class='ocrx_word' id='word_1_265' title='bbox 1075 2796 1236 2850; x_wconf 85' lang='lat' dir='ltr'><strong>etiam</strong></span> <span class='ocrx_word' id='word_1_266' title='bbox 1280 2805 1409 2849; x_wconf 91' lang='lat' dir='ltr'><strong>tunc</strong></span> <span class='ocrx_word' id='word_1_267' title='bbox 1450 2798 1727 2863; x_wconf 90' lang='lat' dir='ltr'><strong>impletum</strong></span> 
     </span>
    </p>
   </div>
   <div class='ocr_carea' id='block_1_40' title="bbox 177 2866 1725 2935">
    <p class='ocr_par' dir='ltr' id='par_1_40' title="bbox 177 2866 1725 2935">
     <span class='ocr_line' id='line_1_40' title="bbox 177 2866 1725 2935; baseline -0.002 -10"><span class='ocrx_word' id='word_1_268' title='bbox 177 2872 441 2927; x_wconf 71' lang='lat' dir='ltr'><strong>vaticinium</strong></span> <span class='ocrx_word' id='word_1_269' title='bbox 466 2866 627 2926; x_wconf 68' lang='lat' dir='ltr'><strong>Isaiae</strong></span> <span class='ocrx_word' id='word_1_270' title='bbox 646 2866 718 2923; x_wconf 85' lang='lat' dir='ltr'><strong>de</strong></span> <span class='ocrx_word' id='word_1_271' title='bbox 747 2867 944 2922; x_wconf 89' lang='lat' dir='ltr'><strong>Christi</strong></span> <span class='ocrx_word' id='word_1_272' title='bbox 975 2867 1211 2922; x_wconf 85' lang='lat' dir='ltr'><strong>Ecclesia</strong></span> <span class='ocrx_word' id='word_1_273' title='bbox 1238 2882 1250 2918; x_wconf 90' lang='lat'><strong>:</strong></span> <span class='ocrx_word' id='word_1_274' title='bbox 1288 2866 1453 2921; x_wconf 84' lang='lat' dir='ltr'><strong>Erunt</strong></span> <span class='ocrx_word' id='word_1_275' title='bbox 1471 2882 1611 2935; x_wconf 83' lang='lat' dir='ltr'><strong>reges</strong></span> <span class='ocrx_word' id='word_1_276' title='bbox 1633 2885 1725 2922; x_wconf 78' lang='lat' dir='ltr'><strong>nu-</strong></span> 
     </span>
    </p>
   </div>
   <div class='ocr_carea' id='block_1_41' title="bbox 180 2936 1585 3012">
    <p class='ocr_par' dir='ltr' id='par_1_41' title="bbox 180 2936 1585 3012">
     <span class='ocr_line' id='line_1_41' title="bbox 180 2936 1585 3012; baseline -0.004 -15"><span class='ocrx_word' id='word_1_277' title='bbox 180 2944 283 2997; x_wconf 84' lang='lat' dir='ltr'><strong>tritii</strong></span> <span class='ocrx_word' id='word_1_278' title='bbox 304 2944 392 3009; x_wconf 83' lang='lat' dir='ltr'><strong>tui,</strong></span> <span class='ocrx_word' id='word_1_279' title='bbox 422 2952 469 2996; x_wconf 84' lang='lat' dir='ltr'><strong>et</strong></span> <span class='ocrx_word' id='word_1_280' title='bbox 487 2942 686 3012; x_wconf 75' lang='lat' dir='ltr'><strong>reginae</strong></span> <span class='ocrx_word' id='word_1_281' title='bbox 707 2940 929 3012; x_wconf 72' lang='lat' dir='ltr'><strong>nutrices</strong></span> <span class='ocrx_word' id='word_1_282' title='bbox 954 2948 1055 2992; x_wconf 81' lang='lat' dir='ltr'><strong>tute</strong></span> <span class='ocrx_word' id='word_1_283' title='bbox 1081 2936 1262 3006; x_wconf 80' lang='lat' dir='ltr'><strong>(Isaite</strong></span> <span class='ocrx_word' id='word_1_284' title='bbox 1285 2954 1406 3012; x_wconf 63' lang='lat' dir='ltr'><strong>xctx</strong></span> <span class='ocrx_word' id='word_1_285' title='bbox 1431 2979 1445 3003; x_wconf 92' lang='lat'><strong>,</strong></span> <span class='ocrx_word' id='word_1_286' title='bbox 1471 2938 1585 3012; x_wconf 76' lang='lat'><strong>23).</strong></span> 
     </span>
    </p>
   </div>
   <div class='ocr_carea' id='block_1_42' title="bbox 234 3008 1727 3083">
    <p class='ocr_par' dir='ltr' id='par_1_42' title="bbox 234 3008 1727 3083">
     <span class='ocr_line' id='line_1_42' title="bbox 234 3008 1727 3083; baseline -0.003 -15"><span class='ocrx_word' id='word_1_287' title='bbox 234 3014 301 3068; x_wconf 86' lang='lat' dir='ltr'><strong>De</strong></span> <span class='ocrx_word' id='word_1_288' title='bbox 321 3008 657 3083; x_wconf 58' lang='lat' dir='ltr'><strong>singttlis&#39;ita</strong></span> <span class='ocrx_word' id='word_1_289' title='bbox 691 3009 1025 3083; x_wconf 78' lang='lat' dir='ltr'><strong>tractandum</strong></span> <span class='ocrx_word' id='word_1_290' title='bbox 1075 3018 1310 3083; x_wconf 87' lang='lat' dir='ltr'><strong>puto,__ut</strong></span> <span class='ocrx_word' id='word_1_291' title='bbox 1338 3008 1451 3083; x_wconf 78' lang='lat' dir='ltr'><strong>ipsa</strong></span> <span class='ocrx_word' id='word_1_292' title='bbox 1498 3011 1727 3083; x_wconf 73' lang='lat' dir='ltr'><strong>primum</strong></span> 
     </span>
    </p>
   </div>
   <div class='ocr_carea' id='block_1_43' title="bbox 182 3078 1733 3153">
    <p class='ocr_par' dir='ltr' id='par_1_43' title="bbox 182 3078 1733 3153">
     <span class='ocr_line' id='line_1_43' title="bbox 182 3078 1733 3153; baseline -0.002 -14"><span class='ocrx_word' id='word_1_293' title='bbox 182 3078 491 3140; x_wconf 69' lang='lat' dir='ltr'><strong>exbibeantur</strong></span> <span class='ocrx_word' id='word_1_294' title='bbox 523 3096 661 3153; x_wconf 84' lang='lat' dir='ltr'><strong>pura</strong></span> <span class='ocrx_word' id='word_1_295' title='bbox 705 3080 772 3134; x_wconf 87' lang='lat' dir='ltr'><strong>ab</strong></span> <span class='ocrx_word' id='word_1_296' title='bbox 802 3081 1052 3153; x_wconf 82' lang='lat' dir='ltr'><strong>omnibus</strong></span> <span class='ocrx_word' id='word_1_297' title='bbox 1082 3079 1527 3153; x_wconf 36' lang='lat' dir='ltr'><strong>mendis,‘quibus</strong></span> <span class='ocrx_word' id='word_1_298' title='bbox 1549 3078 1733 3137; x_wconf 82' lang='lat' dir='ltr'><strong>hacte-</strong></span> 
     </span>
    </p>
   </div>
   <div class='ocr_carea' id='block_1_44' title="bbox 182 3149 1728 3221">
    <p class='ocr_par' dir='ltr' id='par_1_44' title="bbox 182 3149 1728 3221">
     <span class='ocr_line' id='line_1_44' title="bbox 182 3149 1728 3221; baseline -0.002 -12"><span class='ocrx_word' id='word_1_299' title='bbox 182 3170 261 3209; x_wconf 83' lang='lat' dir='ltr'><strong>nus</strong></span> <span class='ocrx_word' id='word_1_300' title='bbox 278 3149 573 3220; x_wconf 74' lang='lat' dir='ltr'><strong>scatebani;</strong></span> <span class='ocrx_word' id='word_1_301' title='bbox 598 3161 710 3208; x_wconf 91' lang='lat' dir='ltr'><strong>tum</strong></span> <span class='ocrx_word' id='word_1_302' title='bbox 737 3153 897 3206; x_wconf 68' lang='lat' dir='ltr'><strong>varia:</strong></span> <span class='ocrx_word' id='word_1_303' title='bbox 919 3151 1176 3207; x_wconf 88' lang='lat' dir='ltr'><strong>lectiones</strong></span> <span class='ocrx_word' id='word_1_304' title='bbox 1202 3149 1562 3219; x_wconf 83' lang='lat' dir='ltr'><strong>proferantur,</strong></span> <span class='ocrx_word' id='word_1_305' title='bbox 1584 3167 1728 3221; x_wconf 58' lang='lat' dir='ltr'><strong>quae,</strong></span> 
     </span>
    </p>
   </div>
   <div class='ocr_carea' id='block_1_45' title="bbox 184 3221 1727 3294">
    <p class='ocr_par' dir='ltr' id='par_1_45' title="bbox 184 3221 1727 3294">
     <span class='ocr_line' id='line_1_45' title="bbox 184 3221 1727 3294; baseline -0.001 -14"><span class='ocrx_word' id='word_1_306' title='bbox 184 3241 279 3281; x_wconf 89' lang='lat' dir='ltr'><strong>cum</strong></span> <span class='ocrx_word' id='word_1_307' title='bbox 307 3229 353 3282; x_wconf 89' lang='lat' dir='ltr'><strong>in</strong></span> <span class='ocrx_word' id='word_1_308' title='bbox 397 3228 542 3281; x_wconf 86' lang='lat' dir='ltr'><strong>hunc</strong></span> <span class='ocrx_word' id='word_1_309' title='bbox 580 3238 753 3294; x_wconf 84' lang='lat' dir='ltr'><strong>usque</strong></span> <span class='ocrx_word' id='word_1_310' title='bbox 798 3223 945 3277; x_wconf 85' lang='lat' dir='ltr'><strong>diem</strong></span> <span class='ocrx_word' id='word_1_311' title='bbox 1000 3221 1241 3294; x_wconf 87' lang='lat' dir='ltr'><strong>pluribus</strong></span> <span class='ocrx_word' id='word_1_312' title='bbox 1270 3221 1324 3275; x_wconf 90' lang='lat' dir='ltr'><strong>in</strong></span> <span class='ocrx_word' id='word_1_313' title='bbox 1352 3221 1486 3276; x_wconf 89' lang='lat' dir='ltr'><strong>locis</strong></span> <span class='ocrx_word' id='word_1_314' title='bbox 1510 3237 1727 3279; x_wconf 90' lang='lat' dir='ltr'><strong>sensum</strong></span> 
     </span>
    </p>
   </div>
   <div class='ocr_carea' id='block_1_46' title="bbox 187 3293 1728 3367">
    <p class='ocr_par' dir='ltr' id='par_1_46' title="bbox 187 3293 1728 3367">
     <span class='ocr_line' id='line_1_46' title="bbox 187 3293 1728 3367; baseline -0.001 -17"><span class='ocrx_word' id='word_1_315' title='bbox 187 3313 268 3351; x_wconf 87' lang='lat' dir='ltr'><strong>non</strong></span> <span class='ocrx_word' id='word_1_316' title='bbox 293 3297 631 3367; x_wconf 88' lang='lat' dir='ltr'><strong>impedierint</strong></span> <span class='ocrx_word' id='word_1_317' title='bbox 671 3293 901 3367; x_wconf 77' lang='lat' dir='ltr'><strong>tantum,</strong></span> <span class='ocrx_word' id='word_1_318' title='bbox 927 3293 1022 3348; x_wconf 85' lang='lat' dir='ltr'><strong>sed</strong></span> <span class='ocrx_word' id='word_1_319' title='bbox 1070 3293 1231 3367; x_wconf 74' lang='lat' dir='ltr'><strong>etiam</strong></span> <span class='ocrx_word' id='word_1_320' title='bbox 1267 3294 1644 3367; x_wconf 71' lang='lat' dir='ltr'><strong>perverterint,</strong></span> <span class='ocrx_word' id='word_1_321' title='bbox 1699 3309 1728 3349; x_wconf 89' lang='lat' dir='ltr'><strong>a</strong></span> 
     </span>
    </p>
   </div>
   <div class='ocr_carea' id='block_1_47' title="bbox 188 3363 1731 3433">
    <p class='ocr_par' dir='ltr' id='par_1_47' title="bbox 188 3363 1731 3433">
     <span class='ocr_line' id='line_1_47' title="bbox 188 3363 1731 3433; baseline 0 -14"><span class='ocrx_word' id='word_1_322' title='bbox 188 3368 312 3422; x_wconf 85' lang='lat' dir='ltr'><strong>nobis</strong></span> <span class='ocrx_word' id='word_1_323' title='bbox 357 3363 455 3423; x_wconf 79' lang='lat' dir='ltr'><strong>non</strong></span> <span class='ocrx_word' id='word_1_324' title='bbox 504 3368 632 3429; x_wconf 85' lang='lat' dir='ltr'><strong>sine</strong></span> <span class='ocrx_word' id='word_1_325' title='bbox 677 3365 949 3419; x_wconf 88' lang='lat' dir='ltr'><strong>laborioso</strong></span> <span class='ocrx_word' id='word_1_326' title='bbox 997 3363 1197 3427; x_wconf 91' lang='lat' dir='ltr'><strong>studio,</strong></span> <span class='ocrx_word' id='word_1_327' title='bbox 1229 3363 1439 3417; x_wconf 87' lang='lat' dir='ltr'><strong>collatis</strong></span> <span class='ocrx_word' id='word_1_328' title='bbox 1484 3364 1731 3433; x_wconf 89' lang='lat' dir='ltr'><strong>pluribus</strong></span> 
     </span>
    </p>
   </div>
   <div class='ocr_carea' id='block_1_48' title="bbox 191 3434 1731 3501">
    <p class='ocr_par' dir='ltr' id='par_1_48' title="bbox 191 3434 1731 3501">
     <span class='ocr_line' id='line_1_48' title="bbox 191 3434 1731 3501; baseline 0 -11"><span class='ocrx_word' id='word_1_329' title='bbox 191 3439 438 3499; x_wconf 86' lang='lat' dir='ltr'><strong>codicibus.</strong></span> <span class='ocrx_word' id='word_1_330' title='bbox 462 3445 731 3494; x_wconf 78' lang='lat' dir='ltr'><strong>correcta:</strong></span> <span class='ocrx_word' id='word_1_331' title='bbox 772 3445 928 3501; x_wconf 87' lang='lat' dir='ltr'><strong>sunt;</strong></span> <span class='ocrx_word' id='word_1_332' title='bbox 977 3434 1173 3489; x_wconf 88' lang='lat' dir='ltr'><strong>deinde</strong></span> <span class='ocrx_word' id='word_1_333' title='bbox 1200 3443 1448 3490; x_wconf 86' lang='lat' dir='ltr'><strong>narretur</strong></span> <span class='ocrx_word' id='word_1_334' title='bbox 1478 3436 1731 3490; x_wconf 84' lang='lat' dir='ltr'><strong>uniuscu-</strong></span> 
     </span>
    </p>
   </div>
   <div class='ocr_carea' id='block_1_49' title="bbox 186 3504 1802 3600">
    <p class='ocr_par' dir='ltr' id='par_1_49' title="bbox 186 3504 1802 3600">
     <span class='ocr_line' id='line_1_49' title="bbox 186 3504 1802 3600; baseline -0.003 -35"><span class='ocrx_word' id='word_1_335' title='bbox 186 3510 342 3578; x_wconf 81' lang='lat' dir='ltr'><strong>jusque</strong></span> <span class='ocrx_word' id='word_1_336' title='bbox 363 3510 567 3592; x_wconf 78' lang='lat' dir='ltr'><strong>decreti</strong></span> <span class='ocrx_word' id='word_1_337' title='bbox 604 3509 751 3600; x_wconf 58' lang='lat' dir='ltr'><strong>velut</strong></span> <span class='ocrx_word' id='word_1_338' title='bbox 797 3506 1049 3600; x_wconf 56' lang='lat' dir='ltr'><strong>historia,</strong></span> <span class='ocrx_word' id='word_1_339' title='bbox 1092 3504 1728 3600; x_wconf 34' lang='lat' dir='ltr'><strong>splutishsicubiloccur-</strong></span> <span class='ocrx_word' id='word_1_340' title='bbox 1756 3537 1802 3600; x_wconf 63' lang='grc' dir='ltr'>ο</span> 
     </span>
    </p>
   </div>
   <div class='ocr_carea' id='block_1_50' title="bbox 190 3576 1727 3651">
    <p class='ocr_par' dir='ltr' id='par_1_50' title="bbox 190 3576 1727 3651">
     <span class='ocr_line' id='line_1_50' title="bbox 190 3576 1727 3651; baseline -0.003 -19"><span class='ocrx_word' id='word_1_341' title='bbox 190 3576 299 3647; x_wconf 81' lang='lat' dir='ltr'><strong>rent,</strong></span> <span class='ocrx_word' id='word_1_342' title='bbox 342 3578 975 3651; x_wconf 10' lang='lat' dir='ltr'><strong>qurestionibus‘eodemp</strong></span> <span class='ocrx_word' id='word_1_343' title='bbox 1024 3577 1444 3651; x_wconf 85' lang='lat' dir='ltr'><strong>pertinentibus_;</strong></span> <span class='ocrx_word' id='word_1_344' title='bbox 1495 3576 1727 3644; x_wconf 77' lang='lat' dir='ltr'><strong>denique</strong></span> 
     </span>
    </p>
   </div>
   <div class='ocr_carea' id='block_1_51' title="bbox 191 3646 1732 3720">
    <p class='ocr_par' dir='ltr' id='par_1_51' title="bbox 191 3646 1732 3720">
     <span class='ocr_line' id='line_1_51' title="bbox 191 3646 1732 3720; baseline 0.001 -17"><span class='ocrx_word' id='word_1_345' title='bbox 191 3646 319 3717; x_wconf 86' lang='lat' dir='ltr'><strong>notis,</strong></span> <span class='ocrx_word' id='word_1_346' title='bbox 345 3646 429 3707; x_wconf 79' lang='lat' dir='ltr'><strong>ubi</strong></span> <span class='ocrx_word' id='word_1_347' title='bbox 457 3665 600 3720; x_wconf 90' lang='lat' dir='ltr'><strong>opus</strong></span> <span class='ocrx_word' id='word_1_348' title='bbox 630 3648 812 3712; x_wconf 78' lang='lat' dir='ltr'><strong>fuerit,</strong></span> <span class='ocrx_word' id='word_1_349' title='bbox 866 3657 920 3720; x_wconf 89' lang='lat' dir='ltr'><strong>et</strong></span> <span class='ocrx_word' id='word_1_350' title='bbox 965 3649 1345 3720; x_wconf 81' lang='lat' dir='ltr'><strong>imperatorum</strong></span> <span class='ocrx_word' id='word_1_351' title='bbox 1374 3646 1629 3720; x_wconf 74' lang='lat' dir='ltr'><strong>decreta.</strong></span> <span class='ocrx_word' id='word_1_352' title='bbox 1677 3658 1732 3704; x_wconf 89' lang='lat' dir='ltr'><strong>et</strong></span> 
     </span>
    </p>
   </div>
   <div class='ocr_carea' id='block_1_52' title="bbox 190 3718 1724 3789">
    <p class='ocr_par' dir='ltr' id='par_1_52' title="bbox 190 3718 1724 3789">
     <span class='ocr_line' id='line_1_52' title="bbox 190 3718 1724 3789; baseline 0.001 -18"><span class='ocrx_word' id='word_1_353' title='bbox 190 3718 518 3789; x_wconf 65' lang='lat' dir='ltr'><strong>praefectorum</strong></span> <span class='ocrx_word' id='word_1_354' title='bbox 545 3721 745 3783; x_wconf 88' lang='lat' dir='ltr'><strong>edicta,</strong></span> <span class='ocrx_word' id='word_1_355' title='bbox 775 3728 828 3773; x_wconf 91' lang='lat' dir='ltr'><strong>et</strong></span> <span class='ocrx_word' id='word_1_356' title='bbox 850 3719 1117 3787; x_wconf 82' lang='lat' dir='ltr'><strong>ejusmodi</strong></span> <span class='ocrx_word' id='word_1_357' title='bbox 1144 3718 1347 3786; x_wconf 88' lang='lat' dir='ltr'><strong>reliqua</strong></span> <span class='ocrx_word' id='word_1_358' title='bbox 1373 3718 1724 3789; x_wconf 74' lang='lat' dir='ltr'><strong>illustrantur.</strong></span> 
     </span>
    </p>
   </div>
   <div class='ocr_carea' id='block_1_53' title="bbox 244 3788 1730 3861">
    <p class='ocr_par' dir='ltr' id='par_1_53' title="bbox 244 3788 1730 3861">
     <span class='ocr_line' id='line_1_53' title="bbox 244 3788 1730 3861; baseline -0.001 -16"><span class='ocrx_word' id='word_1_359' title='bbox 244 3790 414 3847; x_wconf 83' lang='lat' dir='ltr'><strong>Verum</strong></span> <span class='ocrx_word' id='word_1_360' title='bbox 444 3793 754 3861; x_wconf 80' lang='lat' dir='ltr'><strong>priusquam</strong></span> <span class='ocrx_word' id='word_1_361' title='bbox 783 3791 832 3842; x_wconf 91' lang='lat' dir='ltr'><strong>id</strong></span> <span class='ocrx_word' id='word_1_362' title='bbox 857 3799 1065 3859; x_wconf 78' lang='lat' dir='ltr'><strong>agatur,</strong></span> <span class='ocrx_word' id='word_1_363' title='bbox 1094 3788 1730 3861; x_wconf 86' lang='lat' dir='ltr'><strong>occurrendumestreli-</strong></span> 
     </span>
    </p>
   </div>
   <div class='ocr_carea' id='block_1_54' title="bbox 190 3860 1730 3933">
    <p class='ocr_par' dir='ltr' id='par_1_54' title="bbox 190 3860 1730 3933">
     <span class='ocr_line' id='line_1_54' title="bbox 190 3860 1730 3933; baseline -0.001 -16"><span class='ocrx_word' id='word_1_364' title='bbox 190 3861 321 3933; x_wconf 68' lang='lat' dir='ltr'><strong>gloss)</strong></span> <span class='ocrx_word' id='word_1_365' title='bbox 361 3864 411 3917; x_wconf 89' lang='lat' dir='ltr'><strong>in</strong></span> <span class='ocrx_word' id='word_1_366' title='bbox 448 3860 698 3933; x_wconf 66' lang='lat' dir='ltr'><strong>Speciem</strong></span> <span class='ocrx_word' id='word_1_367' title='bbox 758 3863 1108 3933; x_wconf 85' lang='lat' dir='ltr'><strong>quorumdam</strong></span> <span class='ocrx_word' id='word_1_368' title='bbox 1155 3860 1543 3933; x_wconf 86' lang='lat' dir='ltr'><strong>indignationi,_</strong></span> <span class='ocrx_word' id='word_1_369' title='bbox 1584 3861 1730 3915; x_wconf 87' lang='lat' dir='ltr'><strong>velut</strong></span> 
     </span>
    </p>
   </div>
   <div class='ocr_carea' id='block_1_55' title="bbox 190 3930 1728 4001">
    <p class='ocr_par' dir='ltr' id='par_1_55' title="bbox 190 3930 1728 4001">
     <span class='ocr_line' id='line_1_55' title="bbox 190 3930 1728 4001; baseline 0.002 -18"><span class='ocrx_word' id='word_1_370' title='bbox 190 3930 500 4001; x_wconf 78' lang='lat' dir='ltr'><strong>imperatores</strong></span> <span class='ocrx_word' id='word_1_371' title='bbox 530 3933 584 3988; x_wconf 91' lang='lat' dir='ltr'><strong>in</strong></span> <span class='ocrx_word' id='word_1_372' title='bbox 612 3947 674 3987; x_wconf 87' lang='lat' dir='ltr'><strong>ea</strong></span> <span class='ocrx_word' id='word_1_373' title='bbox 701 3943 850 4001; x_wconf 84' lang='lat' dir='ltr'><strong>parte</strong></span> <span class='ocrx_word' id='word_1_374' title='bbox 889 3931 1107 4001; x_wconf 86' lang='lat' dir='ltr'><strong>modum</strong></span> <span class='ocrx_word' id='word_1_375' title='bbox 1150 3946 1263 4001; x_wconf 76' lang='lat' dir='ltr'><strong>sua:</strong></span> <span class='ocrx_word' id='word_1_376' title='bbox 1299 3930 1580 3996; x_wconf 86' lang='lat' dir='ltr'><strong>potestatis</strong></span> <span class='ocrx_word' id='word_1_377' title='bbox 1620 3948 1728 3986; x_wconf 90' lang='lat' dir='ltr'><strong>non</strong></span> 
     </span>
    </p>
   </div>
   <div class='ocr_carea' id='block_1_56' title="bbox 192 4000 1728 4072">
    <p class='ocr_par' dir='ltr' id='par_1_56' title="bbox 192 4000 1728 4072">
     <span class='ocr_line' id='line_1_56' title="bbox 192 4000 1728 4072; baseline 0.003 -19"><span class='ocrx_word' id='word_1_378' title='bbox 192 4000 450 4070; x_wconf 81' lang='lat' dir='ltr'><strong>tenuerint;</strong></span> <span class='ocrx_word' id='word_1_379' title='bbox 489 4004 589 4060; x_wconf 84' lang='lat' dir='ltr'><strong>sed</strong></span> <span class='ocrx_word' id='word_1_380' title='bbox 622 4002 675 4057; x_wconf 88' lang='lat' dir='ltr'><strong>id</strong></span> <span class='ocrx_word' id='word_1_381' title='bbox 701 4016 835 4072; x_wconf 89' lang='lat' dir='ltr'><strong>pene</strong></span> <span class='ocrx_word' id='word_1_382' title='bbox 853 4000 1222 4056; x_wconf 79' lang='lat' dir='ltr'><strong>aﬂ‘ectaverint</strong></span> <span class='ocrx_word' id='word_1_383' title='bbox 1244 4002 1296 4055; x_wconf 90' lang='lat' dir='ltr'><strong>in</strong></span> <span class='ocrx_word' id='word_1_384' title='bbox 1329 4002 1566 4055; x_wconf 75' lang='lat' dir='ltr'><strong>Ecclesia</strong></span> <span class='ocrx_word' id='word_1_385' title='bbox 1586 4003 1728 4071; x_wconf 88' lang='lat' dir='ltr'><strong>quod</strong></span> 
     </span>
    </p>
   </div>
   <div class='ocr_carea' id='block_1_57' title="bbox 190 4071 1727 4146">
    <p class='ocr_par' dir='ltr' id='par_1_57' title="bbox 190 4071 1727 4146">
     <span class='ocr_line' id='line_1_57' title="bbox 190 4071 1727 4146; baseline 0.002 -22"><span class='ocrx_word' id='word_1_386' title='bbox 190 4072 290 4126; x_wconf 85' lang='lat' dir='ltr'><strong>olim</strong></span> <span class='ocrx_word' id='word_1_387' title='bbox 317 4075 443 4131; x_wconf 88' lang='lat' dir='ltr'><strong>inter</strong></span> <span class='ocrx_word' id='word_1_388' title='bbox 470 4071 880 4146; x_wconf 10' lang='lat' dir='ltr'><strong>gentiles,pcum</strong></span> <span class='ocrx_word' id='word_1_389' title='bbox 901 4071 1142 4146; x_wconf 65' lang='lat' dir='ltr'><strong>ethnicaa</strong></span> <span class='ocrx_word' id='word_1_390' title='bbox 1170 4071 1461 4146; x_wconf 81' lang='lat' dir='ltr'><strong>impietatis</strong></span> <span class='ocrx_word' id='word_1_391' title='bbox 1511 4074 1727 4139; x_wconf 87' lang='lat' dir='ltr'><strong>poutili-</strong></span> 
     </span>
    </p>
   </div>
   <div class='ocr_carea' id='block_1_58' title="bbox 190 4142 1729 4218">
    <p class='ocr_par' dir='ltr' id='par_1_58' title="bbox 190 4142 1729 4218">
     <span class='ocr_line' id='line_1_58' title="bbox 190 4142 1729 4218; baseline 0.004 -23"><span class='ocrx_word' id='word_1_392' title='bbox 190 4153 331 4200; x_wconf 78' lang='lat' dir='ltr'><strong>catutn</strong></span> <span class='ocrx_word' id='word_1_393' title='bbox 355 4142 621 4218; x_wconf 66' lang='lat' dir='ltr'><strong>gererent.</strong></span> <span class='ocrx_word' id='word_1_394' title='bbox 650 4143 789 4209; x_wconf 84' lang='lat' dir='ltr'><strong>Quid</strong></span> <span class='ocrx_word' id='word_1_395' title='bbox 827 4144 969 4218; x_wconf 80' lang='lat' dir='ltr'><strong>enim</strong></span> <span class='ocrx_word' id='word_1_396' title='bbox 1013 4154 1119 4218; x_wconf 80' lang='lat' dir='ltr'><strong>est,</strong></span> <span class='ocrx_word' id='word_1_397' title='bbox 1168 4142 1432 4218; x_wconf 78' lang='lat' dir='ltr'><strong>inquiunt,</strong></span> <span class='ocrx_word' id='word_1_398' title='bbox 1466 4158 1729 4218; x_wconf 81' lang='lat' dir='ltr'><strong>usurpare</strong></span> 
     </span>
    </p>
   </div>
   <div class='ocr_carea' id='block_1_59' title="bbox 190 4213 1729 4279">
    <p class='ocr_par' dir='ltr' id='par_1_59' title="bbox 190 4213 1729 4279">
     <span class='ocr_line' id='line_1_59' title="bbox 190 4213 1729 4279; baseline 0.003 -13"><span class='ocrx_word' id='word_1_399' title='bbox 190 4228 287 4279; x_wconf 69' lang='lat' dir='ltr'><strong>quae</strong></span> <span class='ocrx_word' id='word_1_400' title='bbox 328 4213 610 4272; x_wconf 73' lang='lat' dir='ltr'><strong>sacerdotii</strong></span> <span class='ocrx_word' id='word_1_401' title='bbox 636 4222 785 4276; x_wconf 86' lang='lat' dir='ltr'><strong>sunt,</strong></span> <span class='ocrx_word' id='word_1_402' title='bbox 827 4214 990 4269; x_wconf 89' lang='lat' dir='ltr'><strong>etiam</strong></span> <span class='ocrx_word' id='word_1_403' title='bbox 1022 4214 1076 4267; x_wconf 94' lang='lat' dir='ltr'><strong>in</strong></span> <span class='ocrx_word' id='word_1_404' title='bbox 1107 4229 1263 4269; x_wconf 85' lang='lat' dir='ltr'><strong>causa</strong></span> <span class='ocrx_word' id='word_1_405' title='bbox 1299 4213 1445 4277; x_wconf 88' lang='lat' dir='ltr'><strong>tidei,</strong></span> <span class='ocrx_word' id='word_1_406' title='bbox 1496 4213 1606 4267; x_wconf 82' lang='lat' dir='ltr'><strong>nisi</strong></span> <span class='ocrx_word' id='word_1_407' title='bbox 1629 4215 1729 4271; x_wconf 90' lang='lat' dir='ltr'><strong>hoc</strong></span> 
     </span>
    </p>
   </div>
   <div class='ocr_carea' id='block_1_60' title="bbox 191 4285 1730 4356">
    <p class='ocr_par' dir='ltr' id='par_1_60' title="bbox 191 4285 1730 4356">
     <span class='ocr_line' id='line_1_60' title="bbox 191 4285 1730 4356; baseline 0.002 -19"><span class='ocrx_word' id='word_1_408' title='bbox 191 4285 289 4337; x_wconf 84' lang='lat' dir='ltr'><strong>est?</strong></span> <span class='ocrx_word' id='word_1_409' title='bbox 314 4286 610 4356; x_wconf 86' lang='lat' dir='ltr'><strong>Proponere</strong></span> <span class='ocrx_word' id='word_1_410' title='bbox 628 4300 748 4355; x_wconf 77' lang='lat' dir='ltr'><strong>quae</strong></span> <span class='ocrx_word' id='word_1_411' title='bbox 768 4285 914 4356; x_wconf 88' lang='lat' dir='ltr'><strong>credi</strong></span> <span class='ocrx_word' id='word_1_412' title='bbox 936 4294 1212 4353; x_wconf 85' lang='lat' dir='ltr'><strong>Oporteat;</strong></span> <span class='ocrx_word' id='word_1_413' title='bbox 1244 4285 1527 4340; x_wconf 64' lang='lat' dir='ltr'><strong>haereticos</strong></span> <span class='ocrx_word' id='word_1_414' title='bbox 1548 4285 1730 4340; x_wconf 85' lang='lat' dir='ltr'><strong>decla-</strong></span> 
     </span>
    </p>
   </div>
   <div class='ocr_carea' id='block_1_61' title="bbox 194 4355 1727 4426">
    <p class='ocr_par' dir='ltr' id='par_1_61' title="bbox 194 4355 1727 4426">
     <span class='ocr_line' id='line_1_61' title="bbox 194 4355 1727 4426; baseline 0.001 -17"><span class='ocrx_word' id='word_1_415' title='bbox 194 4368 306 4419; x_wconf 82' lang='lat' dir='ltr'><strong>rare,</strong></span> <span class='ocrx_word' id='word_1_416' title='bbox 331 4355 592 4426; x_wconf 86' lang='lat' dir='ltr'><strong>quisecus</strong></span> <span class='ocrx_word' id='word_1_417' title='bbox 620 4355 928 4419; x_wconf 90' lang='lat' dir='ltr'><strong>senserint;</strong></span> <span class='ocrx_word' id='word_1_418' title='bbox 962 4355 1232 4423; x_wconf 87' lang='lat' dir='ltr'><strong>episcopis</strong></span> <span class='ocrx_word' id='word_1_419' title='bbox 1282 4358 1548 4424; x_wconf 75' lang='lat' dir='ltr'><strong>imperare</strong></span> <span class='ocrx_word' id='word_1_420' title='bbox 1596 4358 1727 4412; x_wconf 86' lang='lat' dir='ltr'><strong>sub-</strong></span> 
     </span>
    </p>
   </div>
   <div class='ocr_carea' id='block_1_62' title="bbox 193 4426 1729 4495">
    <p class='ocr_par' dir='ltr' id='par_1_62' title="bbox 193 4426 1729 4495">
     <span class='ocr_line' id='line_1_62' title="bbox 193 4426 1729 4495; baseline 0.002 -17"><span class='ocrx_word' id='word_1_421' title='bbox 193 4426 516 4495; x_wconf 79' lang='lat' dir='ltr'><strong>scriptionem,</strong></span> <span class='ocrx_word' id='word_1_422' title='bbox 546 4428 662 4482; x_wconf 90' lang='lat' dir='ltr'><strong>sive</strong></span> <span class='ocrx_word' id='word_1_423' title='bbox 704 4426 1062 4495; x_wconf 81' lang='lat' dir='ltr'><strong>dogmatibus,</strong></span> <span class='ocrx_word' id='word_1_424' title='bbox 1089 4427 1203 4481; x_wconf 89' lang='lat' dir='ltr'><strong>sive</strong></span> <span class='ocrx_word' id='word_1_425' title='bbox 1234 4426 1480 4494; x_wconf 86' lang='lat' dir='ltr'><strong>personis</strong></span> <span class='ocrx_word' id='word_1_426' title='bbox 1506 4426 1729 4481; x_wconf 86' lang='lat' dir='ltr'><strong>damna-</strong></span> 
     </span>
    </p>
   </div>
   <div class='ocr_carea' id='block_1_63' title="bbox 194 4494 1727 4566">
    <p class='ocr_par' dir='ltr' id='par_1_63' title="bbox 194 4494 1727 4566">
     <span class='ocr_line' id='line_1_63' title="bbox 194 4494 1727 4566; baseline 0.003 -20"><span class='ocrx_word' id='word_1_427' title='bbox 194 4494 262 4566; x_wconf 79' lang='lat' dir='ltr'><strong>tis,</strong></span> <span class='ocrx_word' id='word_1_428' title='bbox 284 4494 609 4554; x_wconf 87' lang='lat' dir='ltr'><strong>interminata</strong></span> <span class='ocrx_word' id='word_1_429' title='bbox 632 4494 1007 4566; x_wconf 74' lang='lat' dir='ltr'><strong>depoSitionis,</strong></span> <span class='ocrx_word' id='word_1_430' title='bbox 1037 4497 1201 4551; x_wconf 92' lang='lat' dir='ltr'><strong>immo</strong></span> <span class='ocrx_word' id='word_1_431' title='bbox 1223 4507 1277 4552; x_wconf 89' lang='lat' dir='ltr'><strong>et</strong></span> <span class='ocrx_word' id='word_1_432' title='bbox 1296 4498 1727 4551; x_wconf 76' lang='lat' dir='ltr'><strong>excommunica-</strong></span> 
     </span>
    </p>
   </div>
   <div class='ocr_carea' id='block_1_64' title="bbox 196 4564 1728 4638">
    <p class='ocr_par' dir='ltr' id='par_1_64' title="bbox 196 4564 1728 4638">
     <span class='ocr_line' id='line_1_64' title="bbox 196 4564 1728 4638; baseline 0.005 -23"><span class='ocrx_word' id='word_1_433' title='bbox 196 4564 323 4623; x_wconf 84' lang='lat' dir='ltr'><strong>tionis</strong></span> <span class='ocrx_word' id='word_1_434' title='bbox 357 4584 527 4638; x_wconf 72' lang='lat' dir='ltr'><strong>poena,</strong></span> <span class='ocrx_word' id='word_1_435' title='bbox 587 4569 641 4623; x_wconf 91' lang='lat' dir='ltr'><strong>ni</strong></span> <span class='ocrx_word' id='word_1_436' title='bbox 695 4564 980 4638; x_wconf 41' lang='lat' dir='ltr'><strong>pareant;</strong></span> <span class='ocrx_word' id='word_1_437' title='bbox 1011 4568 1329 4634; x_wconf 86' lang='lat' dir='ltr'><strong>primatibus</strong></span> <span class='ocrx_word' id='word_1_438' title='bbox 1376 4570 1728 4635; x_wconf 71' lang='lat' dir='ltr'><strong>praescribere</strong></span> 
     </span>
    </p>
   </div>
   <div class='ocr_carea' id='block_1_65' title="bbox 196 4636 1729 4707">
    <p class='ocr_par' dir='ltr' id='par_1_65' title="bbox 196 4636 1729 4707">
     <span class='ocr_line' id='line_1_65' title="bbox 196 4636 1729 4707; baseline 0.001 -15"><span class='ocrx_word' id='word_1_439' title='bbox 196 4650 284 4704; x_wconf 72' lang='lat' dir='ltr'><strong>quae</strong></span> <span class='ocrx_word' id='word_1_440' title='bbox 297 4636 371 4694; x_wconf 88' lang='lat' dir='ltr'><strong>sui</strong></span> <span class='ocrx_word' id='word_1_441' title='bbox 387 4641 491 4695; x_wconf 89' lang='lat' dir='ltr'><strong>sint</strong></span> <span class='ocrx_word' id='word_1_442' title='bbox 507 4638 766 4699; x_wconf 87' lang='lat' dir='ltr'><strong>muneris.</strong></span> <span class='ocrx_word' id='word_1_443' title='bbox 789 4649 895 4693; x_wconf 89' lang='lat' dir='ltr'><strong>etc.</strong></span> <span class='ocrx_word' id='word_1_444' title='bbox 928 4636 985 4691; x_wconf 83' lang='lat' dir='ltr'><strong>id</strong></span> <span class='ocrx_word' id='word_1_445' title='bbox 1013 4652 1143 4693; x_wconf 89' lang='lat' dir='ltr'><strong>vero</strong></span> <span class='ocrx_word' id='word_1_446' title='bbox 1169 4640 1523 4707; x_wconf 87' lang='lat' dir='ltr'><strong>imperatores</strong></span> <span class='ocrx_word' id='word_1_447' title='bbox 1540 4638 1729 4693; x_wconf 77' lang='lat' dir='ltr'><strong>viden-</strong></span> 
     </span>
    </p>
   </div>
   <div class='ocr_carea' id='block_1_66' title="bbox 197 4709 1726 4778">
    <p class='ocr_par' dir='ltr' id='par_1_66' title="bbox 197 4709 1726 4778">
     <span class='ocr_line' id='line_1_66' title="bbox 197 4709 1726 4778; baseline 0.004 -21"><span class='ocrx_word' id='word_1_448' title='bbox 197 4714 263 4759; x_wconf 87' lang='lat' dir='ltr'><strong>tur</strong></span> <span class='ocrx_word' id='word_1_449' title='bbox 296 4712 609 4777; x_wconf 62' lang='lat' dir='ltr'><strong>praestitisse,</strong></span> <span class='ocrx_word' id='word_1_450' title='bbox 658 4709 883 4778; x_wconf 87' lang='lat' dir='ltr'><strong>ipseque</strong></span> <span class='ocrx_word' id='word_1_451' title='bbox 918 4709 967 4761; x_wconf 92' lang='lat' dir='ltr'><strong>in</strong></span> <span class='ocrx_word' id='word_1_452' title='bbox 1000 4710 1185 4777; x_wconf 90' lang='lat' dir='ltr'><strong>primis</strong></span> <span class='ocrx_word' id='word_1_453' title='bbox 1216 4709 1502 4773; x_wconf 90' lang='lat' dir='ltr'><strong>llonorius,</strong></span> <span class='ocrx_word' id='word_1_454' title='bbox 1556 4724 1726 4778; x_wconf 86' lang='lat' dir='ltr'><strong>quan-</strong></span> 
     </span>
    </p>
   </div>
   <div class='ocr_carea' id='block_1_67' title="bbox 197 4779 1726 4849">
    <p class='ocr_par' dir='ltr' id='par_1_67' title="bbox 197 4779 1726 4849">
     <span class='ocr_line' id='line_1_67' title="bbox 197 4779 1726 4849; baseline 0.003 -20"><span class='ocrx_word' id='word_1_455' title='bbox 197 4781 352 4835; x_wconf 78' lang='lat' dir='ltr'><strong>tumvis</strong></span> <span class='ocrx_word' id='word_1_456' title='bbox 376 4782 649 4849; x_wconf 86' lang='lat' dir='ltr'><strong>religiosus</strong></span> <span class='ocrx_word' id='word_1_457' title='bbox 678 4780 1019 4848; x_wconf 63' lang='lat' dir='ltr'><strong>prmdicetur,</strong></span> <span class='ocrx_word' id='word_1_458' title='bbox 1070 4794 1191 4833; x_wconf 91' lang='lat' dir='ltr'><strong>cum</strong></span> <span class='ocrx_word' id='word_1_459' title='bbox 1241 4781 1519 4834; x_wconf 86' lang='lat' dir='ltr'><strong>decretum</strong></span> <span class='ocrx_word' id='word_1_460' title='bbox 1548 4779 1726 4834; x_wconf 86' lang='lat' dir='ltr'><strong>mitte-</strong></span> 
     </span>
    </p>
   </div>
   <div class='ocr_carea' id='block_1_68' title="bbox 197 4849 1718 4917">
    <p class='ocr_par' dir='ltr' id='par_1_68' title="bbox 197 4849 1718 4917">
     <span class='ocr_line' id='line_1_68' title="bbox 197 4849 1718 4917; baseline 0.004 -17"><span class='ocrx_word' id='word_1_461' title='bbox 197 4856 273 4910; x_wconf 86' lang='lat' dir='ltr'><strong>ret,</strong></span> <span class='ocrx_word' id='word_1_462' title='bbox 297 4851 403 4907; x_wconf 84' lang='lat' dir='ltr'><strong>sive</strong></span> <span class='ocrx_word' id='word_1_463' title='bbox 421 4850 657 4907; x_wconf 87' lang='lat' dir='ltr'><strong>Palladio</strong></span> <span class='ocrx_word' id='word_1_464' title='bbox 682 4852 742 4905; x_wconf 89' lang='lat' dir='ltr'><strong>P.</strong></span> <span class='ocrx_word' id='word_1_465' title='bbox 778 4850 837 4904; x_wconf 87' lang='lat' dir='ltr'><strong>P.</strong></span> <span class='ocrx_word' id='word_1_466' title='bbox 871 4851 983 4905; x_wconf 84' lang='lat' dir='ltr'><strong>sive</strong></span> <span class='ocrx_word' id='word_1_467' title='bbox 1014 4849 1233 4906; x_wconf 80' lang='lat' dir='ltr'><strong>Aurelio</strong></span> <span class='ocrx_word' id='word_1_468' title='bbox 1256 4850 1453 4906; x_wconf 75' lang='lat' dir='ltr'><strong>Africa:</strong></span> <span class='ocrx_word' id='word_1_469' title='bbox 1485 4852 1718 4917; x_wconf 81' lang='lat' dir='ltr'><strong>printati.</strong></span> 
     </span>
    </p>
   </div>
   <div class='ocr_carea' id='block_1_69' title="bbox 200 4917 1803 4994">
    <p class='ocr_par' dir='ltr' id='par_1_69' title="bbox 200 4917 1803 4994">
     <span class='ocr_line' id='line_1_69' title="bbox 200 4917 1803 4994; baseline 0.002 -21"><span class='ocrx_word' id='word_1_470' title='bbox 200 4986 207 4994; x_wconf 38' lang='grc' dir='ltr'><strong>Ι</strong></span> <span class='ocrx_word' id='word_1_471' title='bbox 246 4917 388 4975; x_wconf 78' lang='lat' dir='ltr'><strong>Vetus</strong></span> <span class='ocrx_word' id='word_1_472' title='bbox 425 4923 523 4979; x_wconf 77' lang='lat' dir='ltr'><strong>fuit</strong></span> <span class='ocrx_word' id='word_1_473' title='bbox 568 4922 683 4994; x_wconf 68' lang='lat' dir='ltr'><strong>lucc</strong></span> <span class='ocrx_word' id='word_1_474' title='bbox 712 4922 953 4994; x_wconf 75' lang='lat' dir='ltr'><strong>querela,</strong></span> <span class='ocrx_word' id='word_1_475' title='bbox 1002 4929 1057 4994; x_wconf 82' lang='lat' dir='ltr'><strong>et</strong></span> <span class='ocrx_word' id='word_1_476' title='bbox 1100 4936 1236 4994; x_wconf 88' lang='lat' dir='ltr'><strong>pene</strong></span> <span class='ocrx_word' id='word_1_477' title='bbox 1284 4932 1400 4975; x_wconf 87' lang='lat' dir='ltr'><strong>orta</strong></span> <span class='ocrx_word' id='word_1_478' title='bbox 1450 4938 1582 4994; x_wconf 60' lang='lat' dir='ltr'><strong>cunt</strong></span> <span class='ocrx_word' id='word_1_479' title='bbox 1620 4923 1803 4994; x_wconf 84' lang='lat' dir='ltr'><strong>titleD</strong></span> 
     </span>
    </p>
   </div>
   <div class='ocr_carea' id='block_1_70' title="bbox 199 4990 1722 5054">
    <p class='ocr_par' dir='ltr' id='par_1_70' title="bbox 199 4990 1722 5054">
     <span class='ocr_line' id='line_1_70' title="bbox 199 4990 1722 5054; baseline 0.003 -12"><span class='ocrx_word' id='word_1_480' title='bbox 199 4990 551 5054; x_wconf 75' lang='lat' dir='ltr'><strong>imperatorum.</strong></span> <span class='ocrx_word' id='word_1_481' title='bbox 584 4993 721 5047; x_wconf 85' lang='lat' dir='ltr'><strong>Huic</strong></span> <span class='ocrx_word' id='word_1_482' title='bbox 746 4992 941 5045; x_wconf 78' lang='lat' dir='ltr'><strong>factum</strong></span> <span class='ocrx_word' id='word_1_483' title='bbox 965 4990 1094 5045; x_wconf 91' lang='lat' dir='ltr'><strong>olim</strong></span> <span class='ocrx_word' id='word_1_484' title='bbox 1121 4993 1250 5046; x_wconf 86' lang='lat' dir='ltr'><strong>satis</strong></span> <span class='ocrx_word' id='word_1_485' title='bbox 1271 5007 1302 5047; x_wconf 87' lang='lat' dir='ltr'><strong>a</strong></span> <span class='ocrx_word' id='word_1_486' title='bbox 1323 4992 1525 5046; x_wconf 84' lang='lat' dir='ltr'><strong>sanctis</strong></span> <span class='ocrx_word' id='word_1_487' title='bbox 1554 4991 1722 5046; x_wconf 83' lang='lat' dir='ltr'><strong>Patri-</strong></span> 
     </span>
    </p>
   </div>
   <div class='ocr_carea' id='block_1_71' title="bbox 199 5055 1724 5132">
    <p class='ocr_par' dir='ltr' id='par_1_71' title="bbox 199 5055 1724 5132">
     <span class='ocr_line' id='line_1_71' title="bbox 199 5055 1724 5132; baseline 0.003 -21"><span class='ocrx_word' id='word_1_488' title='bbox 199 5055 272 5113; x_wconf 82' lang='lat' dir='ltr'><strong>btts</strong></span> <span class='ocrx_word' id='word_1_489' title='bbox 293 5076 608 5131; x_wconf 85' lang='lat' dir='ltr'><strong>responsum,</strong></span> <span class='ocrx_word' id='word_1_490' title='bbox 633 5075 753 5117; x_wconf 87' lang='lat' dir='ltr'><strong>cum</strong></span> <span class='ocrx_word' id='word_1_491' title='bbox 779 5069 1092 5125; x_wconf 82' lang='lat' dir='ltr'><strong>sanxerunt,</strong></span> <span class='ocrx_word' id='word_1_492' title='bbox 1126 5063 1324 5116; x_wconf 83' lang='lat' dir='ltr'><strong>duobus</strong></span> <span class='ocrx_word' id='word_1_493' title='bbox 1368 5062 1724 5132; x_wconf 78' lang='lat' dir='ltr'><strong>principaliter</strong></span> 
     </span>
    </p>
   </div>
   <div class='ocr_carea' id='block_1_72' title="bbox 200 5133 1724 5205">
    <p class='ocr_par' dir='ltr' id='par_1_72' title="bbox 200 5133 1724 5205">
     <span class='ocr_line' id='line_1_72' title="bbox 200 5133 1724 5205; baseline 0.003 -23"><span class='ocrx_word' id='word_1_494' title='bbox 200 5133 395 5186; x_wconf 67' lang='lat' dir='ltr'><strong>multum</strong></span> <span class='ocrx_word' id='word_1_495' title='bbox 411 5137 533 5204; x_wconf 85' lang='lat' dir='ltr'><strong>regi,</strong></span> <span class='ocrx_word' id='word_1_496' title='bbox 561 5135 869 5188; x_wconf 80' lang='lat' dir='ltr'><strong>auctoritate</strong></span> <span class='ocrx_word' id='word_1_497' title='bbox 898 5148 1047 5205; x_wconf 46' lang='lat' dir='ltr'><strong>saeta</strong></span> <span class='ocrx_word' id='word_1_498' title='bbox 1089 5134 1423 5201; x_wconf 78' lang='lat' dir='ltr'><strong>pontiﬁcum,</strong></span> <span class='ocrx_word' id='word_1_499' title='bbox 1475 5145 1523 5188; x_wconf 86' lang='lat' dir='ltr'><strong>et</strong></span> <span class='ocrx_word' id='word_1_500' title='bbox 1560 5134 1724 5205; x_wconf 82' lang='lat' dir='ltr'><strong>regali</strong></span> 
     </span>
    </p>
   </div>
   <div class='ocr_carea' id='block_1_73' title="bbox 199 5202 1724 5275">
    <p class='ocr_par' dir='ltr' id='par_1_73' title="bbox 199 5202 1724 5275">
     <span class='ocr_line' id='line_1_73' title="bbox 199 5202 1724 5275; baseline 0.005 -23"><span class='ocrx_word' id='word_1_501' title='bbox 199 5208 425 5275; x_wconf 76' lang='lat' dir='ltr'><strong>potestate:</strong></span> <span class='ocrx_word' id='word_1_502' title='bbox 450 5202 736 5270; x_wconf 77' lang='lat' dir='ltr'><strong>utrumque,</strong></span> <span class='ocrx_word' id='word_1_503' title='bbox 770 5219 883 5256; x_wconf 87' lang='lat' dir='ltr'><strong>cum</strong></span> <span class='ocrx_word' id='word_1_504' title='bbox 909 5203 959 5255; x_wconf 88' lang='lat' dir='ltr'><strong>in</strong></span> <span class='ocrx_word' id='word_1_505' title='bbox 984 5202 1188 5256; x_wconf 81' lang='lat' dir='ltr'><strong>Christo</strong></span> <span class='ocrx_word' id='word_1_506' title='bbox 1201 5208 1437 5275; x_wconf 86' lang='lat' dir='ltr'><strong>junctum</strong></span> <span class='ocrx_word' id='word_1_507' title='bbox 1465 5202 1632 5269; x_wconf 68' lang='lat' dir='ltr'><strong>esset,</strong></span> <span class='ocrx_word' id='word_1_508' title='bbox 1670 5207 1724 5259; x_wconf 86' lang='lat' dir='ltr'><strong>in</strong></span> 
     </span>
    </p>
   </div>
   <div class='ocr_carea' id='block_1_74' title="bbox 201 5272 1723 5346">
    <p class='ocr_par' dir='ltr' id='par_1_74' title="bbox 201 5272 1723 5346">
     <span class='ocr_line' id='line_1_74' title="bbox 201 5272 1723 5346; baseline 0.002 -23"><span class='ocrx_word' id='word_1_509' title='bbox 201 5272 478 5346; x_wconf 61' lang='lat' dir='ltr'><strong>pontiﬁcibus</strong></span> <span class='ocrx_word' id='word_1_510' title='bbox 491 5286 535 5330; x_wconf 91' lang='lat' dir='ltr'><strong>et</strong></span> <span class='ocrx_word' id='word_1_511' title='bbox 552 5276 755 5343; x_wconf 81' lang='lat' dir='ltr'><strong>regibus</strong></span> <span class='ocrx_word' id='word_1_512' title='bbox 772 5286 1035 5346; x_wconf 79' lang='lat' dir='ltr'><strong>tamquam</strong></span> <span class='ocrx_word' id='word_1_513' title='bbox 1062 5275 1152 5328; x_wconf 82' lang='lat' dir='ltr'><strong>Dei</strong></span> <span class='ocrx_word' id='word_1_514' title='bbox 1175 5272 1419 5330; x_wconf 80' lang='lat' dir='ltr'><strong>ministris</strong></span> <span class='ocrx_word' id='word_1_515' title='bbox 1439 5277 1678 5346; x_wconf 86' lang='lat' dir='ltr'><strong>partitum</strong></span> <span class='ocrx_word' id='word_1_516' title='bbox 1703 5293 1723 5341; x_wconf 89' lang='lat'><strong><em>;</em></strong></span> 
     </span>
    </p>
   </div>
   <div class='ocr_carea' id='block_1_75' title="bbox 200 5338 1725 5415">
    <p class='ocr_par' dir='ltr' id='par_1_75' title="bbox 200 5338 1725 5415">
     <span class='ocr_line' id='line_1_75' title="bbox 200 5338 1725 5415; baseline 0.003 -19"><span class='ocrx_word' id='word_1_517' title='bbox 200 5338 318 5415; x_wconf 75' lang='lat' dir='ltr'><strong>duos</strong></span> <span class='ocrx_word' id='word_1_518' title='bbox 334 5346 445 5401; x_wconf 86' lang='lat' dir='ltr'><strong>inde</strong></span> <span class='ocrx_word' id='word_1_519' title='bbox 469 5338 747 5415; x_wconf 76' lang='lat' dir='ltr'><strong>supremos</strong></span> <span class='ocrx_word' id='word_1_520' title='bbox 792 5338 1128 5413; x_wconf 82' lang='lat' dir='ltr'><strong>principatus</strong></span> <span class='ocrx_word' id='word_1_521' title='bbox 1155 5338 1450 5411; x_wconf 66' lang='lat' dir='ltr'><strong>exstitisse,</strong></span> <span class='ocrx_word' id='word_1_522' title='bbox 1482 5349 1535 5400; x_wconf 80' lang='lat' dir='ltr'><strong>et</strong></span> <span class='ocrx_word' id='word_1_523' title='bbox 1572 5338 1725 5401; x_wconf 77' lang='lat' dir='ltr'><strong>suum</strong></span> 
     </span>
    </p>
   </div>
   <div class='ocr_carea' id='block_1_76' title="bbox 202 5413 1729 5488">
    <p class='ocr_par' dir='ltr' id='par_1_76' title="bbox 202 5413 1729 5488">
     <span class='ocr_line' id='line_1_76' title="bbox 202 5413 1729 5488; baseline 0.003 -22"><span class='ocrx_word' id='word_1_524' title='bbox 202 5413 342 5488; x_wconf 64' lang='lat' dir='ltr'><strong>tuique</strong></span> <span class='ocrx_word' id='word_1_525' title='bbox 360 5413 607 5484; x_wconf 75' lang='lat' dir='ltr'><strong>potestatis</strong></span> <span class='ocrx_word' id='word_1_526' title='bbox 628 5418 834 5469; x_wconf 83' lang='lat' dir='ltr'><strong>modum</strong></span> <span class='ocrx_word' id='word_1_527' title='bbox 850 5416 1192 5488; x_wconf 76' lang='lat' dir='ltr'><strong>attributum;</strong></span> <span class='ocrx_word' id='word_1_528' title='bbox 1218 5420 1354 5472; x_wconf 93' lang='lat' dir='ltr'><strong>inter</strong></span> <span class='ocrx_word' id='word_1_529' title='bbox 1376 5418 1562 5472; x_wconf 87' lang='lat' dir='ltr'><strong>ambos</strong></span> <span class='ocrx_word' id='word_1_530' title='bbox 1582 5421 1729 5486; x_wconf 88' lang='lat' dir='ltr'><strong>prin-</strong></span> 
     </span>
    </p>
   </div>
   <div class='ocr_carea' id='block_1_77' title="bbox 203 5486 1725 5557">
    <p class='ocr_par' dir='ltr' id='par_1_77' title="bbox 203 5486 1725 5557">
     <span class='ocr_line' id='line_1_77' title="bbox 203 5486 1725 5557; baseline 0.006 -23"><span class='ocrx_word' id='word_1_531' title='bbox 203 5486 368 5557; x_wconf 78' lang='lat' dir='ltr'><strong>eipatus</strong></span> <span class='ocrx_word' id='word_1_532' title='bbox 390 5500 589 5543; x_wconf 84' lang='lat' dir='ltr'><strong>sacrum</strong></span> <span class='ocrx_word' id='word_1_533' title='bbox 617 5487 889 5556; x_wconf 85' lang='lat' dir='ltr'><strong>quoddam</strong></span> <span class='ocrx_word' id='word_1_534' title='bbox 923 5486 1098 5541; x_wconf 72' lang='lat' dir='ltr'><strong>lmdus</strong></span> <span class='ocrx_word' id='word_1_535' title='bbox 1123 5488 1334 5554; x_wconf 87' lang='lat' dir='ltr'><strong>initum,</strong></span> <span class='ocrx_word' id='word_1_536' title='bbox 1366 5500 1647 5557; x_wconf 89' lang='lat' dir='ltr'><strong>sequestro</strong></span> <span class='ocrx_word' id='word_1_537' title='bbox 1671 5497 1725 5543; x_wconf 90' lang='lat' dir='ltr'><strong>et</strong></span> 
     </span>
    </p>
   </div>
   <div class='ocr_carea' id='block_1_78' title="bbox 205 5556 1725 5628">
    <p class='ocr_par' dir='ltr' id='par_1_78' title="bbox 205 5556 1725 5628">
     <span class='ocr_line' id='line_1_78' title="bbox 205 5556 1725 5628; baseline 0.009 -26"><span class='ocrx_word' id='word_1_538' title='bbox 205 5556 496 5613; x_wconf 83' lang='lat' dir='ltr'><strong>cociliatore</strong></span> <span class='ocrx_word' id='word_1_539' title='bbox 523 5560 765 5623; x_wconf 87' lang='lat' dir='ltr'><strong>Christo;</strong></span> <span class='ocrx_word' id='word_1_540' title='bbox 801 5572 897 5623; x_wconf 85' lang='lat' dir='ltr'><strong>pro</strong></span> <span class='ocrx_word' id='word_1_541' title='bbox 939 5571 1036 5611; x_wconf 89' lang='lat' dir='ltr'><strong>sua</strong></span> <span class='ocrx_word' id='word_1_542' title='bbox 1059 5559 1297 5628; x_wconf 87' lang='lat' dir='ltr'><strong>singulos</strong></span> <span class='ocrx_word' id='word_1_543' title='bbox 1328 5556 1477 5627; x_wconf 82' lang='lat' dir='ltr'><strong>parte</strong></span> <span class='ocrx_word' id='word_1_544' title='bbox 1520 5559 1725 5615; x_wconf 80' lang='lat' dir='ltr'><strong>servire</strong></span> 
     </span>
    </p>
   </div>
   <div class='ocr_carea' id='block_1_79' title="bbox 205 5628 1723 5699">
    <p class='ocr_par' dir='ltr' id='par_1_79' title="bbox 205 5628 1723 5699">
     <span class='ocr_line' id='line_1_79' title="bbox 205 5628 1723 5699; baseline 0.008 -24"><span class='ocrx_word' id='word_1_545' title='bbox 205 5629 423 5699; x_wconf 70' lang='lat' dir='ltr'><strong>totumuni</strong></span> <span class='ocrx_word' id='word_1_546' title='bbox 448 5628 686 5696; x_wconf 88' lang='lat' dir='ltr'><strong>Domino,</strong></span> <span class='ocrx_word' id='word_1_547' title='bbox 714 5630 942 5699; x_wconf 88' lang='lat' dir='ltr'><strong>ejusque</strong></span> <span class='ocrx_word' id='word_1_548' title='bbox 969 5642 1223 5699; x_wconf 78' lang='lat' dir='ltr'><strong>Sponsam</strong></span> <span class='ocrx_word' id='word_1_549' title='bbox 1266 5630 1423 5695; x_wconf 88' lang='lat' dir='ltr'><strong>tueri,</strong></span> <span class='ocrx_word' id='word_1_550' title='bbox 1456 5640 1512 5685; x_wconf 91' lang='lat' dir='ltr'><strong>et</strong></span> <span class='ocrx_word' id='word_1_551' title='bbox 1540 5632 1723 5687; x_wconf 86' lang='lat' dir='ltr'><strong>hostes</strong></span> 
     </span>
    </p>
   </div>
   <div class='ocr_carea' id='block_1_80' title="bbox 208 5698 1717 5773">
    <p class='ocr_par' dir='ltr' id='par_1_80' title="bbox 208 5698 1717 5773">
     <span class='ocr_line' id='line_1_80' title="bbox 208 5698 1717 5773; baseline 0.009 -29"><span class='ocrx_word' id='word_1_552' title='bbox 208 5698 366 5773; x_wconf 58' lang='lat' dir='ltr'><strong>iunctis</strong></span> <span class='ocrx_word' id='word_1_553' title='bbox 379 5700 568 5773; x_wconf 90' lang='lat' dir='ltr'><strong>viribus</strong></span> <span class='ocrx_word' id='word_1_554' title='bbox 609 5698 901 5773; x_wconf 81' lang='lat' dir='ltr'><strong>proﬂigare</strong></span> <span class='ocrx_word' id='word_1_555' title='bbox 949 5699 966 5766; x_wconf 92' lang='lat'>(</span> <span class='ocrx_word' id='word_1_556' title='bbox 992 5698 1167 5773; x_wconf 75' lang='lat' dir='ltr'><strong>Getas.</strong></span> <span class='ocrx_word' id='word_1_557' title='bbox 1213 5704 1363 5773; x_wconf 82' lang='lat' dir='ltr'><strong>epist.</strong></span> <span class='ocrx_word' id='word_1_558' title='bbox 1418 5702 1487 5754; x_wconf 84' lang='lat' dir='ltr'><strong>ad</strong></span> <span class='ocrx_word' id='word_1_559' title='bbox 1535 5702 1717 5757; x_wconf 81' lang='lat' dir='ltr'><strong>Anast.</strong></span> 
     </span>
    </p>
   </div>
   <div class='ocr_carea' id='block_1_81' title="bbox 210 5766 1714 5845">
    <p class='ocr_par' dir='ltr' id='par_1_81' title="bbox 210 5766 1714 5845">
     <span class='ocr_line' id='line_1_81' title="bbox 210 5766 1714 5845; baseline 0.003 -21"><span class='ocrx_word' id='word_1_560' title='bbox 210 5766 509 5835; x_wconf 76' lang='lat' dir='ltr'><strong>imp.;C0ncil.</strong></span> <span class='ocrx_word' id='word_1_561' title='bbox 533 5774 596 5829; x_wconf 85' lang='lat' dir='ltr'><strong>att</strong></span> <span class='ocrx_word' id='word_1_562' title='bbox 608 5766 899 5831; x_wconf 46' lang='lat' dir='ltr'><strong>Tlteod&#39;onis</strong></span> <span class='ocrx_word' id='word_1_563' title='bbox 920 5772 1121 5845; x_wconf 76' lang='lat' dir='ltr'><strong>villam;</strong></span> <span class='ocrx_word' id='word_1_564' title='bbox 1143 5766 1428 5839; x_wconf 72' lang='lat' dir='ltr'><strong>Juslinian.</strong></span> <span class='ocrx_word' id='word_1_565' title='bbox 1448 5773 1630 5830; x_wconf 83' lang='lat' dir='ltr'><strong>uovcll.</strong></span> <span class='ocrx_word' id='word_1_566' title='bbox 1653 5774 1714 5841; x_wconf 81' lang='lat'><strong>6;</strong></span> 
     </span>
    </p>
   </div>
   <div class='ocr_carea' id='block_1_82' title="bbox 1831 2229 3420 2302">
    <p class='ocr_par' dir='ltr' id='par_1_82' title="bbox 1831 2229 3420 2302">
     <span class='ocr_line' id='line_1_82' title="bbox 1831 2229 3420 2302; baseline 0.006 -19"><span class='ocrx_word' id='word_1_567' title='bbox 1831 2229 2021 2283; x_wconf 82' lang='lat' dir='ltr'><strong>Athan.</strong></span> <span class='ocrx_word' id='word_1_568' title='bbox 2048 2229 2112 2302; x_wconf 80' lang='lat' dir='ltr'><strong>in</strong></span> <span class='ocrx_word' id='word_1_569' title='bbox 2125 2230 2275 2302; x_wconf 82' lang='lat' dir='ltr'><strong>epist.</strong></span> <span class='ocrx_word' id='word_1_570' title='bbox 2298 2229 2367 2282; x_wconf 82' lang='lat' dir='ltr'><strong>ad</strong></span> <span class='ocrx_word' id='word_1_571' title='bbox 2388 2230 2694 2302; x_wconf 83' lang='lat' dir='ltr'><strong>solitarios).</strong></span> <span class='ocrx_word' id='word_1_572' title='bbox 2722 2229 2959 2302; x_wconf 48' lang='lat' dir='ltr'><strong>Nam,&#39;ttt</strong></span> <span class='ocrx_word' id='word_1_573' title='bbox 2980 2229 3420 2302; x_wconf 75' lang='lat' dir='ltr'><strong>archiepiscopus</strong></span> 
     </span>
    </p>
   </div>
   <div class='ocr_carea' id='block_1_83' title="bbox 1832 2300 3417 2379">
    <p class='ocr_par' dir='ltr' id='par_1_83' title="bbox 1832 2300 3417 2379">
     <span class='ocr_line' id='line_1_83' title="bbox 1832 2300 3417 2379; baseline 0.003 -24"><span class='ocrx_word' id='word_1_574' title='bbox 1832 2301 1922 2379; x_wconf 67' lang='lat' dir='ltr'><strong>ille</strong></span> <span class='ocrx_word' id='word_1_575' title='bbox 1953 2300 2142 2354; x_wconf 84' lang='lat' dir='ltr'><strong>scribit</strong></span> <span class='ocrx_word' id='word_1_576' title='bbox 2172 2300 2560 2379; x_wconf 42' lang='lat' dir='ltr'><strong>nti-principem</strong></span> <span class='ocrx_word' id='word_1_577' title='bbox 2586 2302 2762 2379; x_wconf 75' lang='lat' dir='ltr'><strong>(Apud</strong></span> <span class='ocrx_word' id='word_1_578' title='bbox 2787 2301 2926 2379; x_wconf 84' lang='lat' dir='ltr'><strong>Lup._</strong></span> <span class='ocrx_word' id='word_1_579' title='bbox 2945 2302 3095 2357; x_wconf 86' lang='lat' dir='ltr'><strong>Ferr.</strong></span> <span class='ocrx_word' id='word_1_580' title='bbox 3125 2300 3273 2379; x_wconf 81' lang='lat' dir='ltr'><strong>epist.</strong></span> <span class='ocrx_word' id='word_1_581' title='bbox 3302 2305 3417 2379; x_wconf 74' lang='lat' dir='ltr'><strong>8i):</strong></span> 
     </span>
    </p>
   </div>
   <div class='ocr_carea' id='block_1_84' title="bbox 1832 2370 3417 2443">
    <p class='ocr_par' dir='ltr' id='par_1_84' title="bbox 1832 2370 3417 2443">
     <span class='ocr_line' id='line_1_84' title="bbox 1832 2370 3417 2443; baseline 0.004 -19"><span class='ocrx_word' id='word_1_582' title='bbox 1832 2372 2171 2443; x_wconf 79' lang='lat' dir='ltr'><strong>I_lea:_regum,</strong></span> <span class='ocrx_word' id='word_1_583' title='bbox 2200 2370 2433 2440; x_wconf 84' lang='lat' dir='ltr'><strong>idemque</strong></span> <span class='ocrx_word' id='word_1_584' title='bbox 2479 2370 2718 2427; x_wconf 82' lang='lat' dir='ltr'><strong>sacerdos</strong></span> <span class='ocrx_word' id='word_1_585' title='bbox 2746 2370 3103 2439; x_wconf 80' lang='lat' dir='ltr'><strong>sacerdotum,-</strong></span> <span class='ocrx_word' id='word_1_586' title='bbox 3143 2370 3233 2443; x_wconf 74' lang='lat' dir='ltr'><strong>qui</strong></span> <span class='ocrx_word' id='word_1_587' title='bbox 3271 2370 3417 2431; x_wconf 72' lang='lat' dir='ltr'><strong>soliis</strong></span> 
     </span>
    </p>
   </div>
   <div class='ocr_carea' id='block_1_85' title="bbox 1831 2440 3421 2516">
    <p class='ocr_par' dir='ltr' id='par_1_85' title="bbox 1831 2440 3421 2516">
     <span class='ocr_line' id='line_1_85' title="bbox 1831 2440 3421 2516; baseline 0.004 -21"><span class='ocrx_word' id='word_1_588' title='bbox 1831 2440 2122 2516; x_wconf 81' lang='lat' dir='ltr'><strong>Ecclesium</strong></span> <span class='ocrx_word' id='word_1_589' title='bbox 2176 2459 2349 2510; x_wconf 84' lang='lat' dir='ltr'><strong>regere</strong></span> <span class='ocrx_word' id='word_1_590' title='bbox 2400 2444 2583 2512; x_wconf 88' lang='lat' dir='ltr'><strong>potuit,</strong></span> <span class='ocrx_word' id='word_1_591' title='bbox 2645 2460 2797 2513; x_wconf 84' lang='lat' dir='ltr'><strong>quam</strong></span> <span class='ocrx_word' id='word_1_592' title='bbox 2850 2447 3097 2512; x_wconf 84' lang='lat' dir='ltr'><strong>redemit;</strong></span> <span class='ocrx_word' id='word_1_593' title='bbox 3152 2440 3421 2516; x_wconf 79' lang='lat' dir='ltr'><strong>postquam</strong></span> 
     </span>
    </p>
   </div>
   <div class='ocr_carea' id='block_1_86' title="bbox 1832 2514 3415 2587">
    <p class='ocr_par' dir='ltr' id='par_1_86' title="bbox 1832 2514 3415 2587">
     <span class='ocr_line' id='line_1_86' title="bbox 1832 2514 3415 2587; baseline 0.004 -21"><span class='ocrx_word' id='word_1_594' title='bbox 1832 2523 2000 2587; x_wconf 78' lang='lat' dir='ltr'><strong>tanien</strong></span> <span class='ocrx_word' id='word_1_595' title='bbox 2024 2514 2389 2587; x_wconf 78' lang='lat' dir='ltr'><strong>humanitatem</strong></span> <span class='ocrx_word' id='word_1_596' title='bbox 2411 2530 2559 2567; x_wconf 84' lang='lat' dir='ltr'><strong>suam</strong></span> <span class='ocrx_word' id='word_1_597' title='bbox 2580 2516 2631 2567; x_wconf 87' lang='lat' dir='ltr'><strong>in</strong></span> <span class='ocrx_word' id='word_1_598' title='bbox 2659 2516 2841 2567; x_wconf 74' lang='lat' dir='ltr'><strong>caelum</strong></span> <span class='ocrx_word' id='word_1_599' title='bbox 2860 2518 3045 2582; x_wconf 72' lang='lat' dir='ltr'><strong>evexit,</strong></span> <span class='ocrx_word' id='word_1_600' title='bbox 3077 2514 3415 2587; x_wconf 24' lang='lat' dir='ltr'><strong>semper‘curn</strong></span> 
     </span>
    </p>
   </div>
   <div class='ocr_carea' id='block_1_87' title="bbox 1829 2584 3421 2652">
    <p class='ocr_par' dir='ltr' id='par_1_87' title="bbox 1829 2584 3421 2652">
     <span class='ocr_line' id='line_1_87' title="bbox 1829 2584 3421 2652; baseline 0.004 -16"><span class='ocrx_word' id='word_1_601' title='bbox 1829 2584 1935 2637; x_wconf 84' lang='lat' dir='ltr'><strong>suis</strong></span> <span class='ocrx_word' id='word_1_602' title='bbox 1966 2587 2168 2651; x_wconf 79' lang='lat' dir='ltr'><strong>futurus</strong></span> <span class='ocrx_word' id='word_1_603' title='bbox 2200 2584 2469 2637; x_wconf 75' lang='lat' dir='ltr'><strong>divinitate</strong></span> <span class='ocrx_word' id='word_1_604' title='bbox 2494 2626 2509 2649; x_wconf 93' lang='lat'><strong>,</strong></span> <span class='ocrx_word' id='word_1_605' title='bbox 2542 2593 2835 2652; x_wconf 82' lang='lat' dir='ltr'><strong>potestatem</strong></span> <span class='ocrx_word' id='word_1_606' title='bbox 2881 2602 3028 2639; x_wconf 88' lang='lat' dir='ltr'><strong>suam</strong></span> <span class='ocrx_word' id='word_1_607' title='bbox 3079 2588 3148 2640; x_wconf 85' lang='lat' dir='ltr'><strong>ad</strong></span> <span class='ocrx_word' id='word_1_608' title='bbox 3185 2584 3421 2645; x_wconf 75' lang='lat' dir='ltr'><strong>eamdem</strong></span> 
     </span>
    </p>
   </div>
   <div class='ocr_carea' id='block_1_88' title="bbox 1830 2653 3409 2731">
    <p class='ocr_par' dir='ltr' id='par_1_88' title="bbox 1830 2653 3409 2731">
     <span class='ocr_line' id='line_1_88' title="bbox 1830 2653 3409 2731; baseline 0.003 -23"><span class='ocrx_word' id='word_1_609' title='bbox 1830 2653 2529 2731; x_wconf 44' lang='lat' dir='ltr'><strong>gubernandanrlﬁcclesiam</strong></span> <span class='ocrx_word' id='word_1_610' title='bbox 2550 2657 2600 2709; x_wconf 90' lang='lat' dir='ltr'><strong>in</strong></span> <span class='ocrx_word' id='word_1_611' title='bbox 2626 2658 2918 2731; x_wconf 65' lang='lat' dir='ltr'><strong>8(t(:6l‘d0(88</strong></span> <span class='ocrx_word' id='word_1_612' title='bbox 2942 2658 3115 2731; x_wconf 64' lang='lat' dir='ltr'><strong>divisit</strong></span> <span class='ocrx_word' id='word_1_613' title='bbox 3159 2668 3206 2731; x_wconf 85' lang='lat' dir='ltr'><strong>et</strong></span> <span class='ocrx_word' id='word_1_614' title='bbox 3244 2675 3409 2731; x_wconf 81' lang='lat' dir='ltr'><strong>reges,</strong></span> 
     </span>
    </p>
   </div>
   <div class='ocr_carea' id='block_1_89' title="bbox 1833 2726 3423 2798">
    <p class='ocr_par' dir='ltr' id='par_1_89' title="bbox 1833 2726 3423 2798">
     <span class='ocr_line' id='line_1_89' title="bbox 1833 2726 3423 2798; baseline 0.004 -21"><span class='ocrx_word' id='word_1_615' title='bbox 1833 2736 1885 2779; x_wconf 88' lang='lat' dir='ltr'><strong>ut</strong></span> <span class='ocrx_word' id='word_1_616' title='bbox 1911 2726 2048 2798; x_wconf 65' lang='lat' dir='ltr'><strong>quod</strong></span> <span class='ocrx_word' id='word_1_617' title='bbox 2075 2726 2238 2798; x_wconf 84' lang='lat' dir='ltr'><strong>sancti</strong></span> <span class='ocrx_word' id='word_1_618' title='bbox 2261 2727 2499 2779; x_wconf 83' lang='lat' dir='ltr'><strong>docerent</strong></span> <span class='ocrx_word' id='word_1_619' title='bbox 2535 2726 2825 2794; x_wconf 86' lang='lat' dir='ltr'><strong>pontiﬁces,</strong></span> <span class='ocrx_word' id='word_1_620' title='bbox 2859 2736 2905 2781; x_wconf 86' lang='lat' dir='ltr'><strong>et</strong></span> <span class='ocrx_word' id='word_1_621' title='bbox 2934 2728 3035 2797; x_wconf 87' lang='lat' dir='ltr'><strong>ipsi</strong></span> <span class='ocrx_word' id='word_1_622' title='bbox 3056 2726 3347 2798; x_wconf 74' lang='lat' dir='ltr'><strong>implerent,</strong></span> <span class='ocrx_word' id='word_1_623' title='bbox 3372 2740 3423 2784; x_wconf 82' lang='lat' dir='ltr'><strong>et</strong></span> 
     </span>
    </p>
   </div>
   <div class='ocr_carea' id='block_1_90' title="bbox 1832 2797 2811 2867">
    <p class='ocr_par' dir='ltr' id='par_1_90' title="bbox 1832 2797 2811 2867">
     <span class='ocr_line' id='line_1_90' title="bbox 1832 2797 2811 2867; baseline 0.003 -18"><span class='ocrx_word' id='word_1_624' title='bbox 1832 2797 2035 2867; x_wconf 84' lang='lat' dir='ltr'><strong>impleri</strong></span> <span class='ocrx_word' id='word_1_625' title='bbox 2057 2797 2284 2865; x_wconf 79' lang='lat' dir='ltr'><strong>facerent</strong></span> <span class='ocrx_word' id='word_1_626' title='bbox 2316 2797 2625 2851; x_wconf 85' lang='lat' dir='ltr'><strong>derotissimi</strong></span> <span class='ocrx_word' id='word_1_627' title='bbox 2652 2814 2811 2867; x_wconf 71' lang='lat' dir='ltr'><strong>reges.</strong></span> 
     </span>
    </p>
   </div>
   <div class='ocr_carea' id='block_1_91' title="bbox 1924 2868 3411 2942">
    <p class='ocr_par' dir='ltr' id='par_1_91' title="bbox 1924 2868 3411 2942">
     <span class='ocr_line' id='line_1_91' title="bbox 1924 2868 3411 2942; baseline 0.003 -21"><span class='ocrx_word' id='word_1_628' title='bbox 1924 2868 1972 2921; x_wconf 74' lang='lat' dir='ltr'><strong>3t</strong></span> <span class='ocrx_word' id='word_1_629' title='bbox 1999 2878 2147 2921; x_wconf 86' lang='lat' dir='ltr'><strong>certe</strong></span> <span class='ocrx_word' id='word_1_630' title='bbox 2181 2876 2482 2942; x_wconf 68' lang='lat' dir='ltr'><strong>postquam</strong></span> <span class='ocrx_word' id='word_1_631' title='bbox 2508 2869 2769 2935; x_wconf 83' lang='lat' dir='ltr'><strong>Ecclesia,</strong></span> <span class='ocrx_word' id='word_1_632' title='bbox 2803 2884 3033 2942; x_wconf 83' lang='lat' dir='ltr'><strong>excusso</strong></span> <span class='ocrx_word' id='word_1_633' title='bbox 3062 2878 3411 2942; x_wconf 82' lang='lat' dir='ltr'><strong>tyrannorum</strong></span> 
     </span>
    </p>
   </div>
   <div class='ocr_carea' id='block_1_92' title="bbox 1828 2938 3422 3010">
    <p class='ocr_par' dir='ltr' id='par_1_92' title="bbox 1828 2938 3422 3010">
     <span class='ocr_line' id='line_1_92' title="bbox 1828 2938 3422 3010; baseline 0.001 -17"><span class='ocrx_word' id='word_1_634' title='bbox 1828 2938 1977 3007; x_wconf 88' lang='lat' dir='ltr'><strong>jugo,</strong></span> <span class='ocrx_word' id='word_1_635' title='bbox 2008 2950 2212 2993; x_wconf 87' lang='lat' dir='ltr'><strong>asserta</strong></span> <span class='ocrx_word' id='word_1_636' title='bbox 2243 2940 2400 3010; x_wconf 84' lang='lat' dir='ltr'><strong>estin</strong></span> <span class='ocrx_word' id='word_1_637' title='bbox 2429 2938 2756 3001; x_wconf 84' lang='lat' dir='ltr'><strong>libertatem,</strong></span> <span class='ocrx_word' id='word_1_638' title='bbox 2806 2938 3149 3010; x_wconf 83' lang='lat' dir='ltr'><strong>gladiumque</strong></span> <span class='ocrx_word' id='word_1_639' title='bbox 3192 2944 3422 3009; x_wconf 85' lang='lat' dir='ltr'><strong>impera-</strong></span> 
     </span>
    </p>
   </div>
   <div class='ocr_carea' id='block_1_93' title="bbox 1835 3009 3419 3083">
    <p class='ocr_par' dir='ltr' id='par_1_93' title="bbox 1835 3009 3419 3083">
     <span class='ocr_line' id='line_1_93' title="bbox 1835 3009 3419 3083; baseline 0.004 -23"><span class='ocrx_word' id='word_1_640' title='bbox 1835 3020 2009 3083; x_wconf 73' lang='lat' dir='ltr'><strong>torum</strong></span> <span class='ocrx_word' id='word_1_641' title='bbox 2034 3025 2063 3061; x_wconf 90' lang='lat' dir='ltr'><strong>a</strong></span> <span class='ocrx_word' id='word_1_642' title='bbox 2095 3010 2219 3083; x_wconf 83' lang='lat' dir='ltr'><strong>suis</strong></span> <span class='ocrx_word' id='word_1_643' title='bbox 2234 3009 2537 3083; x_wconf 88' lang='lat' dir='ltr'><strong>cervicibus</strong></span> <span class='ocrx_word' id='word_1_644' title='bbox 2562 3010 2613 3063; x_wconf 90' lang='lat' dir='ltr'><strong>iu</strong></span> <span class='ocrx_word' id='word_1_645' title='bbox 2641 3011 2823 3064; x_wconf 79' lang='lat' dir='ltr'><strong>hostes</strong></span> <span class='ocrx_word' id='word_1_646' title='bbox 2852 3009 3075 3077; x_wconf 80' lang='lat' dir='ltr'><strong>avertit,</strong></span> <span class='ocrx_word' id='word_1_647' title='bbox 3101 3028 3238 3082; x_wconf 90' lang='lat' dir='ltr'><strong>quos</strong></span> <span class='ocrx_word' id='word_1_648' title='bbox 3253 3029 3419 3083; x_wconf 85' lang='lat' dir='ltr'><strong>.passa</strong></span> 
     </span>
    </p>
   </div>
   <div class='ocr_carea' id='block_1_94' title="bbox 1832 3080 3423 3149">
    <p class='ocr_par' dir='ltr' id='par_1_94' title="bbox 1832 3080 3423 3149">
     <span class='ocr_line' id='line_1_94' title="bbox 1832 3080 3423 3149; baseline 0.003 -15"><span class='ocrx_word' id='word_1_649' title='bbox 1832 3080 2182 3134; x_wconf 84' lang='lat' dir='ltr'><strong>lueratantca</strong></span> <span class='ocrx_word' id='word_1_650' title='bbox 2210 3080 2420 3148; x_wconf 82' lang='lat' dir='ltr'><strong>iniquos</strong></span> <span class='ocrx_word' id='word_1_651' title='bbox 2454 3088 2847 3149; x_wconf 87' lang='lat' dir='ltr'><strong>persecutores,</strong></span> <span class='ocrx_word' id='word_1_652' title='bbox 2905 3094 3056 3136; x_wconf 89' lang='lat' dir='ltr'><strong>nacta</strong></span> <span class='ocrx_word' id='word_1_653' title='bbox 3115 3080 3218 3148; x_wconf 84' lang='lat' dir='ltr'><strong>est,</strong></span> <span class='ocrx_word' id='word_1_654' title='bbox 3260 3080 3423 3138; x_wconf 81' lang='lat' dir='ltr'><strong>simul</strong></span> 
     </span>
    </p>
   </div>
   <div class='ocr_carea' id='block_1_95' title="bbox 1832 3149 3419 3223">
    <p class='ocr_par' dir='ltr' id='par_1_95' title="bbox 1832 3149 3419 3223">
     <span class='ocr_line' id='line_1_95' title="bbox 1832 3149 3419 3223; baseline 0.003 -20"><span class='ocrx_word' id='word_1_655' title='bbox 1832 3166 1895 3207; x_wconf 85' lang='lat' dir='ltr'><strong>ac</strong></span> <span class='ocrx_word' id='word_1_656' title='bbox 1927 3150 2066 3223; x_wconf 81' lang='lat' dir='ltr'><strong>ﬁlios</strong></span> <span class='ocrx_word' id='word_1_657' title='bbox 2092 3149 2243 3215; x_wconf 77' lang='lat' dir='ltr'><strong>fecit,</strong></span> <span class='ocrx_word' id='word_1_658' title='bbox 2276 3151 2354 3205; x_wconf 90' lang='lat' dir='ltr'><strong>rei</strong></span> <span class='ocrx_word' id='word_1_659' title='bbox 2387 3151 2523 3205; x_wconf 89' lang='lat' dir='ltr'><strong>bene</strong></span> <span class='ocrx_word' id='word_1_660' title='bbox 2549 3152 2800 3220; x_wconf 82' lang='lat' dir='ltr'><strong>gerendae</strong></span> <span class='ocrx_word' id='word_1_661' title='bbox 2830 3153 3159 3219; x_wconf 82' lang='lat' dir='ltr'><strong>juStissimos</strong></span> <span class='ocrx_word' id='word_1_662' title='bbox 3203 3153 3419 3223; x_wconf 86' lang='lat' dir='ltr'><strong>adjuto-</strong></span> 
     </span>
    </p>
   </div>
   <div class='ocr_carea' id='block_1_96' title="bbox 1832 3221 3422 3292">
    <p class='ocr_par' dir='ltr' id='par_1_96' title="bbox 1832 3221 3422 3292">
     <span class='ocr_line' id='line_1_96' title="bbox 1832 3221 3422 3292; baseline 0.001 -16"><span class='ocrx_word' id='word_1_663' title='bbox 1832 3236 1939 3276; x_wconf 89' lang='lat' dir='ltr'><strong>res.</strong></span> <span class='ocrx_word' id='word_1_664' title='bbox 1973 3221 2089 3275; x_wconf 83' lang='lat' dir='ltr'><strong>Nou</strong></span> <span class='ocrx_word' id='word_1_665' title='bbox 2120 3236 2250 3290; x_wconf 88' lang='lat' dir='ltr'><strong>ergo</strong></span> <span class='ocrx_word' id='word_1_666' title='bbox 2299 3236 2451 3292; x_wconf 80' lang='lat' dir='ltr'><strong>reges</strong></span> <span class='ocrx_word' id='word_1_667' title='bbox 2502 3223 2727 3276; x_wconf 78' lang='lat' dir='ltr'><strong>formam</strong></span> <span class='ocrx_word' id='word_1_668' title='bbox 2760 3223 2879 3277; x_wconf 85' lang='lat' dir='ltr'><strong>tidei</strong></span> <span class='ocrx_word' id='word_1_669' title='bbox 2909 3221 3287 3291; x_wconf 70' lang='lat' dir='ltr'><strong>prcescribunt,</strong></span> <span class='ocrx_word' id='word_1_670' title='bbox 3324 3239 3422 3279; x_wconf 91' lang='lat' dir='ltr'><strong>ne-</strong></span> 
     </span>
    </p>
   </div>
   <div class='ocr_carea' id='block_1_97' title="bbox 1830 3293 3421 3363">
    <p class='ocr_par' dir='ltr' id='par_1_97' title="bbox 1830 3293 3421 3363">
     <span class='ocr_line' id='line_1_97' title="bbox 1830 3293 3421 3363; baseline 0.003 -17"><span class='ocrx_word' id='word_1_671' title='bbox 1830 3308 1936 3362; x_wconf 90' lang='lat' dir='ltr'><strong>que</strong></span> <span class='ocrx_word' id='word_1_672' title='bbox 1951 3308 2080 3348; x_wconf 89' lang='lat' dir='ltr'><strong>vero</strong></span> <span class='ocrx_word' id='word_1_673' title='bbox 2098 3305 2351 3363; x_wconf 80' lang='lat' dir='ltr'><strong>umquam</strong></span> <span class='ocrx_word' id='word_1_674' title='bbox 2368 3294 2489 3361; x_wconf 88' lang='lat' dir='ltr'><strong>jure</strong></span> <span class='ocrx_word' id='word_1_675' title='bbox 2520 3294 2999 3362; x_wconf 71' lang='lat' dir='ltr'><strong>prmscripserunt;</strong></span> <span class='ocrx_word' id='word_1_676' title='bbox 3020 3293 3114 3347; x_wconf 89' lang='lat' dir='ltr'><strong>sed</strong></span> <span class='ocrx_word' id='word_1_677' title='bbox 3145 3302 3421 3363; x_wconf 87' lang='lat' dir='ltr'><strong>acceptam</strong></span> 
     </span>
    </p>
   </div>
   <div class='ocr_carea' id='block_1_98' title="bbox 1831 3362 3418 3435">
    <p class='ocr_par' dir='ltr' id='par_1_98' title="bbox 1831 3362 3418 3435">
     <span class='ocr_line' id='line_1_98' title="bbox 1831 3362 3418 3435; baseline 0.001 -18"><span class='ocrx_word' id='word_1_678' title='bbox 1831 3379 1865 3417; x_wconf 86' lang='lat' dir='ltr'><strong>a</strong></span> <span class='ocrx_word' id='word_1_679' title='bbox 1893 3362 2283 3435; x_wconf 75' lang='lat' dir='ltr'><strong>sacerdoubus,</strong></span> <span class='ocrx_word' id='word_1_680' title='bbox 2314 3379 2538 3432; x_wconf 86' lang='lat' dir='ltr'><strong>quorum</strong></span> <span class='ocrx_word' id='word_1_681' title='bbox 2557 3365 2815 3434; x_wconf 83' lang='lat' dir='ltr'><strong>judicium</strong></span> <span class='ocrx_word' id='word_1_682' title='bbox 2859 3374 3164 3435; x_wconf 83' lang='lat' dir='ltr'><strong>sequuntur,</strong></span> <span class='ocrx_word' id='word_1_683' title='bbox 3193 3362 3418 3420; x_wconf 82' lang='lat' dir='ltr'><strong>servan-</strong></span> 
     </span>
    </p>
   </div>
   <div class='ocr_carea' id='block_1_99' title="bbox 1832 3434 3422 3503">
    <p class='ocr_par' dir='ltr' id='par_1_99' title="bbox 1832 3434 3422 3503">
     <span class='ocr_line' id='line_1_99' title="bbox 1832 3434 3422 3503; baseline 0.002 -15"><span class='ocrx_word' id='word_1_684' title='bbox 1832 3435 1954 3488; x_wconf 87' lang='lat' dir='ltr'><strong>dam</strong></span> <span class='ocrx_word' id='word_1_685' title='bbox 2005 3434 2215 3502; x_wconf 89' lang='lat' dir='ltr'><strong>populis</strong></span> <span class='ocrx_word' id='word_1_686' title='bbox 2262 3434 2472 3503; x_wconf 87' lang='lat' dir='ltr'><strong>jubeut.</strong></span> <span class='ocrx_word' id='word_1_687' title='bbox 2523 3435 2639 3489; x_wconf 82' lang='lat' dir='ltr'><strong>Non</strong></span> <span class='ocrx_word' id='word_1_688' title='bbox 2698 3436 2895 3489; x_wconf 63' lang='lat' dir='ltr'><strong>docent</strong></span> <span class='ocrx_word' id='word_1_689' title='bbox 2926 3434 3282 3500; x_wconf 34' lang='lat' dir='ltr'><strong>&#39;Ecclesiam;</strong></span> <span class='ocrx_word' id='word_1_690' title='bbox 3323 3437 3422 3491; x_wconf 88' lang='lat' dir='ltr'><strong>sed</strong></span> 
     </span>
    </p>
   </div>
   <div class='ocr_carea' id='block_1_100' title="bbox 1834 3504 3419 3576">
    <p class='ocr_par' dir='ltr' id='par_1_100' title="bbox 1834 3504 3419 3576">
     <span class='ocr_line' id='line_1_100' title="bbox 1834 3504 3419 3576; baseline 0.003 -18"><span class='ocrx_word' id='word_1_691' title='bbox 1834 3508 1981 3559; x_wconf 88' lang='lat' dir='ltr'><strong>velut</strong></span> <span class='ocrx_word' id='word_1_692' title='bbox 2019 3504 2409 3576; x_wconf 11' lang='lat' dir='ltr'><strong>augelipportas</strong></span> <span class='ocrx_word' id='word_1_693' title='bbox 2457 3506 2691 3561; x_wconf 89' lang='lat' dir='ltr'><strong>civitatis</strong></span> <span class='ocrx_word' id='word_1_694' title='bbox 2721 3507 2811 3561; x_wconf 91' lang='lat' dir='ltr'><strong>Dei</strong></span> <span class='ocrx_word' id='word_1_695' title='bbox 2845 3506 3093 3561; x_wconf 84' lang='lat' dir='ltr'><strong>ﬂammeo</strong></span> <span class='ocrx_word' id='word_1_696' title='bbox 3121 3508 3302 3576; x_wconf 88' lang='lat' dir='ltr'><strong>gladio</strong></span> <span class='ocrx_word' id='word_1_697' title='bbox 3350 3509 3419 3563; x_wconf 86' lang='lat' dir='ltr'><strong>ab</strong></span> 
     </span>
    </p>
   </div>
   <div class='ocr_carea' id='block_1_101' title="bbox 1836 3574 3427 3646">
    <p class='ocr_par' dir='ltr' id='par_1_101' title="bbox 1836 3574 3427 3646">
     <span class='ocr_line' id='line_1_101' title="bbox 1836 3574 3427 3646; baseline 0.001 -17"><span class='ocrx_word' id='word_1_698' title='bbox 1836 3576 2105 3631; x_wconf 74' lang='lat' dir='ltr'><strong>hmreticis</strong></span> <span class='ocrx_word' id='word_1_699' title='bbox 2134 3574 2449 3632; x_wconf 81' lang='lat' dir='ltr'><strong>defendunt.</strong></span> <span class='ocrx_word' id='word_1_700' title='bbox 2482 3578 2599 3630; x_wconf 79' lang='lat' dir='ltr'><strong>Non</strong></span> <span class='ocrx_word' id='word_1_701' title='bbox 2649 3592 2743 3631; x_wconf 90' lang='lat' dir='ltr'><strong>eos</strong></span> <span class='ocrx_word' id='word_1_702' title='bbox 2772 3580 2860 3646; x_wconf 92' lang='lat' dir='ltr'><strong>qui</strong></span> <span class='ocrx_word' id='word_1_703' title='bbox 2901 3587 3085 3633; x_wconf 86' lang='lat' dir='ltr'><strong>contra</strong></span> <span class='ocrx_word' id='word_1_704' title='bbox 3126 3574 3265 3633; x_wconf 48' lang='lat' dir='ltr'><strong>&#39;lidei</strong></span> <span class='ocrx_word' id='word_1_705' title='bbox 3313 3578 3427 3632; x_wconf 79' lang='lat' dir='ltr'><strong>for-</strong></span> 
     </span>
    </p>
   </div>
   <div class='ocr_carea' id='block_1_102' title="bbox 1833 3648 3416 3715">
    <p class='ocr_par' dir='ltr' id='par_1_102' title="bbox 1833 3648 3416 3715">
     <span class='ocr_line' id='line_1_102' title="bbox 1833 3648 3416 3715; baseline 0.001 -14"><span class='ocrx_word' id='word_1_706' title='bbox 1833 3662 1974 3701; x_wconf 89' lang='lat' dir='ltr'><strong>mam</strong></span> <span class='ocrx_word' id='word_1_707' title='bbox 2006 3648 2243 3700; x_wconf 86' lang='lat' dir='ltr'><strong>sentiunt</strong></span> <span class='ocrx_word' id='word_1_708' title='bbox 2266 3648 2549 3715; x_wconf 64' lang='lat' dir='ltr'><strong>hmreticqs</strong></span> <span class='ocrx_word' id='word_1_709' title='bbox 2571 3648 2870 3709; x_wconf 84' lang='lat' dir='ltr'><strong>declarant,</strong></span> <span class='ocrx_word' id='word_1_710' title='bbox 2901 3650 2995 3702; x_wconf 90' lang='lat' dir='ltr'><strong>sed</strong></span> <span class='ocrx_word' id='word_1_711' title='bbox 3038 3649 3416 3703; x_wconf 57' lang='lat' dir='ltr'><strong>haereticorum</strong></span> 
     </span>
    </p>
   </div>
   <div class='ocr_carea' id='block_1_103' title="bbox 1834 3717 3423 3787">
    <p class='ocr_par' dir='ltr' id='par_1_103' title="bbox 1834 3717 3423 3787">
     <span class='ocr_line' id='line_1_103' title="bbox 1834 3717 3423 3787; baseline 0.003 -17"><span class='ocrx_word' id='word_1_712' title='bbox 1834 3719 2010 3785; x_wconf 69' lang='lat' dir='ltr'><strong>poenis</strong></span> <span class='ocrx_word' id='word_1_713' title='bbox 2032 3718 2316 3771; x_wconf 79' lang='lat' dir='ltr'><strong>obnoxios.</strong></span> <span class='ocrx_word' id='word_1_714' title='bbox 2340 3718 2455 3772; x_wconf 85' lang='lat' dir='ltr'><strong>Non</strong></span> <span class='ocrx_word' id='word_1_715' title='bbox 2488 3717 2585 3784; x_wconf 91' lang='lat' dir='ltr'><strong>ipsi</strong></span> <span class='ocrx_word' id='word_1_716' title='bbox 2611 3734 2704 3785; x_wconf 86' lang='lat' dir='ltr'><strong>per</strong></span> <span class='ocrx_word' id='word_1_717' title='bbox 2730 3733 2791 3771; x_wconf 88' lang='lat' dir='ltr'><strong>se</strong></span> <span class='ocrx_word' id='word_1_718' title='bbox 2813 3718 3093 3787; x_wconf 83' lang='lat' dir='ltr'><strong>epise0pos</strong></span> <span class='ocrx_word' id='word_1_719' title='bbox 3116 3720 3423 3787; x_wconf 88' lang='lat' dir='ltr'><strong>deponunt,</strong></span> 
     </span>
    </p>
   </div>
   <div class='ocr_carea' id='block_1_104' title="bbox 1832 3787 3419 3859">
    <p class='ocr_par' dir='ltr' id='par_1_104' title="bbox 1832 3787 3419 3859">
     <span class='ocr_line' id='line_1_104' title="bbox 1832 3787 3419 3859; baseline 0.003 -17"><span class='ocrx_word' id='word_1_720' title='bbox 1832 3803 2010 3857; x_wconf 83' lang='lat' dir='ltr'><strong>neque</strong></span> <span class='ocrx_word' id='word_1_721' title='bbox 2040 3787 2179 3840; x_wconf 86' lang='lat' dir='ltr'><strong>ullos</strong></span> <span class='ocrx_word' id='word_1_722' title='bbox 2207 3790 2377 3842; x_wconf 82' lang='lat' dir='ltr'><strong>sacris</strong></span> <span class='ocrx_word' id='word_1_723' title='bbox 2406 3788 2714 3841; x_wconf 83' lang='lat' dir='ltr'><strong>abstinent:</strong></span> <span class='ocrx_word' id='word_1_724' title='bbox 2747 3788 2837 3859; x_wconf 83' lang='lat' dir='ltr'><strong>qui</strong></span> <span class='ocrx_word' id='word_1_725' title='bbox 2860 3791 3001 3843; x_wconf 89' lang='lat' dir='ltr'><strong>enim</strong></span> <span class='ocrx_word' id='word_1_726' title='bbox 3035 3790 3291 3856; x_wconf 84' lang='lat' dir='ltr'><strong>possent?</strong></span> <span class='ocrx_word' id='word_1_727' title='bbox 3324 3794 3419 3846; x_wconf 91' lang='lat' dir='ltr'><strong>sed</strong></span> 
     </span>
    </p>
   </div>
   <div class='ocr_carea' id='block_1_105' title="bbox 1832 3858 3424 3941">
    <p class='ocr_par' dir='ltr' id='par_1_105' title="bbox 1832 3858 3424 3941">
     <span class='ocr_line' id='line_1_105' title="bbox 1832 3858 3424 3941; baseline 0.001 -29"><span class='ocrx_word' id='word_1_728' title='bbox 1832 3860 2114 3941; x_wconf 69' lang='lat' dir='ltr'><strong>asynodis</strong></span> <span class='ocrx_word' id='word_1_729' title='bbox 2143 3869 2526 3941; x_wconf 73' lang='lat' dir='ltr'><strong>exauctoratos</strong></span> <span class='ocrx_word' id='word_1_730' title='bbox 2561 3858 2955 3941; x_wconf 78' lang='lat' dir='ltr'><strong>absteutosque</strong></span> <span class='ocrx_word' id='word_1_731' title='bbox 2988 3860 3185 3929; x_wconf 78' lang='lat' dir='ltr'><strong>expelli</strong></span> <span class='ocrx_word' id='word_1_732' title='bbox 3220 3861 3424 3941; x_wconf 36' lang='lat' dir='ltr'><strong>‘jubent</strong></span> 
     </span>
    </p>
   </div>
   <div class='ocr_carea' id='block_1_106' title="bbox 1830 3929 3413 3995">
    <p class='ocr_par' dir='ltr' id='par_1_106' title="bbox 1830 3929 3413 3995">
     <span class='ocr_line' id='line_1_106' title="bbox 1830 3929 3413 3995; baseline 0 -10"><span class='ocrx_word' id='word_1_733' title='bbox 1830 3929 2138 3985; x_wconf 88' lang='lat' dir='ltr'><strong>civitatibus</strong></span> <span class='ocrx_word' id='word_1_734' title='bbox 2163 3930 2298 3994; x_wconf 88' lang='lat' dir='ltr'><strong>suis,</strong></span> <span class='ocrx_word' id='word_1_735' title='bbox 2324 3945 2392 3985; x_wconf 91' lang='lat' dir='ltr'><strong>ne</strong></span> <span class='ocrx_word' id='word_1_736' title='bbox 2425 3931 2608 3983; x_wconf 87' lang='lat' dir='ltr'><strong>turbas</strong></span> <span class='ocrx_word' id='word_1_737' title='bbox 2630 3941 2817 3984; x_wconf 81' lang='lat' dir='ltr'><strong>creent</strong></span> <span class='ocrx_word' id='word_1_738' title='bbox 2840 3947 2854 3993; x_wconf 90' lang='lat'><strong>;</strong></span> <span class='ocrx_word' id='word_1_739' title='bbox 2880 3931 3070 3995; x_wconf 88' lang='lat' dir='ltr'><strong>jubeut</strong></span> <span class='ocrx_word' id='word_1_740' title='bbox 3104 3938 3159 3983; x_wconf 88' lang='lat' dir='ltr'><strong>et</strong></span> <span class='ocrx_word' id='word_1_741' title='bbox 3184 3932 3413 3985; x_wconf 87' lang='lat' dir='ltr'><strong>aliorum</strong></span> 
     </span>
    </p>
   </div>
   <div class='ocr_carea' id='block_1_107' title="bbox 1831 4001 3417 4071">
    <p class='ocr_par' dir='ltr' id='par_1_107' title="bbox 1831 4001 3417 4071">
     <span class='ocr_line' id='line_1_107' title="bbox 1831 4001 3417 4071; baseline -0.001 -14"><span class='ocrx_word' id='word_1_742' title='bbox 1831 4003 2089 4057; x_wconf 83' lang='lat' dir='ltr'><strong>societate</strong></span> <span class='ocrx_word' id='word_1_743' title='bbox 2119 4001 2389 4064; x_wconf 88' lang='lat' dir='ltr'><strong>mulctari,</strong></span> <span class='ocrx_word' id='word_1_744' title='bbox 2416 4016 2484 4056; x_wconf 89' lang='lat' dir='ltr'><strong>ne</strong></span> <span class='ocrx_word' id='word_1_745' title='bbox 2517 4002 2763 4055; x_wconf 85' lang='lat' dir='ltr'><strong>venenati</strong></span> <span class='ocrx_word' id='word_1_746' title='bbox 2791 4001 3012 4067; x_wconf 87' lang='lat' dir='ltr'><strong>spiritus</strong></span> <span class='ocrx_word' id='word_1_747' title='bbox 3040 4002 3290 4071; x_wconf 80' lang='lat' dir='ltr'><strong>contagio</strong></span> <span class='ocrx_word' id='word_1_748' title='bbox 3320 4018 3417 4055; x_wconf 83' lang='lat' dir='ltr'><strong>uo-</strong></span> 
     </span>
    </p>
   </div>
   <div class='ocr_carea' id='block_1_108' title="bbox 1831 4071 3096 4140">
    <p class='ocr_par' dir='ltr' id='par_1_108' title="bbox 1831 4071 3096 4140">
     <span class='ocr_line' id='line_1_108' title="bbox 1831 4071 3096 4140; baseline -0.004 -11"><span class='ocrx_word' id='word_1_749' title='bbox 1831 4079 1988 4129; x_wconf 87' lang='lat' dir='ltr'><strong>ceaut</strong></span> <span class='ocrx_word' id='word_1_750' title='bbox 2013 4071 2194 4140; x_wconf 86' lang='lat' dir='ltr'><strong>(Greg.</strong></span> <span class='ocrx_word' id='word_1_751' title='bbox 2224 4073 2260 4125; x_wconf 75' lang='lat'><strong>2</strong></span> <span class='ocrx_word' id='word_1_752' title='bbox 2287 4075 2437 4139; x_wconf 85' lang='lat' dir='ltr'><strong>epist.</strong></span> <span class='ocrx_word' id='word_1_753' title='bbox 2469 4072 2537 4125; x_wconf 86' lang='lat' dir='ltr'><strong>ad</strong></span> <span class='ocrx_word' id='word_1_754' title='bbox 2561 4071 2779 4126; x_wconf 83' lang='lat' dir='ltr'><strong>Leonem</strong></span> <span class='ocrx_word' id='word_1_755' title='bbox 2809 4071 3096 4140; x_wconf 87' lang='lat' dir='ltr'><strong>lsaurum).</strong></span> 
     </span>
    </p>
   </div>
   <div class='ocr_carea' id='block_1_109' title="bbox 1898 4140 3421 4212">
    <p class='ocr_par' dir='ltr' id='par_1_109' title="bbox 1898 4140 3421 4212">
     <span class='ocr_line' id='line_1_109' title="bbox 1898 4140 3421 4212; baseline -0.002 -13"><span class='ocrx_word' id='word_1_756' title='bbox 1898 4142 2005 4207; x_wconf 75' lang='lat' dir='ltr'><strong>Sed</strong></span> <span class='ocrx_word' id='word_1_757' title='bbox 2036 4143 2164 4211; x_wconf 89' lang='lat' dir='ltr'><strong>quid</strong></span> <span class='ocrx_word' id='word_1_758' title='bbox 2184 4144 2385 4199; x_wconf 87' lang='lat' dir='ltr'><strong>diutius</strong></span> <span class='ocrx_word' id='word_1_759' title='bbox 2413 4147 2465 4199; x_wconf 91' lang='lat' dir='ltr'><strong>in</strong></span> <span class='ocrx_word' id='word_1_760' title='bbox 2493 4160 2552 4199; x_wconf 91' lang='lat' dir='ltr'><strong>re</strong></span> <span class='ocrx_word' id='word_1_761' title='bbox 2584 4144 2924 4212; x_wconf 63' lang='lat' dir='ltr'><strong>pratjudicata</strong></span> <span class='ocrx_word' id='word_1_762' title='bbox 2955 4142 3181 4197; x_wconf 78' lang='lat' dir='ltr'><strong>verser?</strong></span> <span class='ocrx_word' id='word_1_763' title='bbox 3205 4140 3421 4209; x_wconf 85' lang='lat' dir='ltr'><strong>lpsimct</strong></span> 
     </span>
    </p>
   </div>
   <div class='ocr_carea' id='block_1_110' title="bbox 1830 4212 3418 4283">
    <p class='ocr_par' dir='ltr' id='par_1_110' title="bbox 1830 4212 3418 4283">
     <span class='ocr_line' id='line_1_110' title="bbox 1830 4212 3418 4283; baseline -0.003 -13"><span class='ocrx_word' id='word_1_764' title='bbox 1830 4214 2019 4270; x_wconf 87' lang='lat' dir='ltr'><strong>Patres</strong></span> <span class='ocrx_word' id='word_1_765' title='bbox 2048 4216 2311 4280; x_wconf 82' lang='lat' dir='ltr'><strong>Al’ricaui,</strong></span> <span class='ocrx_word' id='word_1_766' title='bbox 2337 4230 2459 4270; x_wconf 91' lang='lat' dir='ltr'><strong>cum</strong></span> <span class='ocrx_word' id='word_1_767' title='bbox 2509 4216 2847 4283; x_wconf 80' lang='lat' dir='ltr'><strong>posmlarent</strong></span> <span class='ocrx_word' id='word_1_768' title='bbox 2884 4215 2955 4268; x_wconf 88' lang='lat' dir='ltr'><strong>ab</strong></span> <span class='ocrx_word' id='word_1_769' title='bbox 3002 4212 3418 4282; x_wconf 84' lang='lat' dir='ltr'><strong>imperatoribus</strong></span> 
     </span>
    </p>
   </div>
   <div class='ocr_carea' id='block_1_111' title="bbox 1831 4282 3415 4354">
    <p class='ocr_par' dir='ltr' id='par_1_111' title="bbox 1831 4282 3415 4354">
     <span class='ocr_line' id='line_1_111' title="bbox 1831 4282 3415 4354; baseline -0.001 -15"><span class='ocrx_word' id='word_1_770' title='bbox 1831 4286 2141 4354; x_wconf 84' lang='lat' dir='ltr'><strong>hujusntodi</strong></span> <span class='ocrx_word' id='word_1_771' title='bbox 2164 4284 2376 4340; x_wconf 88' lang='lat' dir='ltr'><strong>decreta</strong></span> <span class='ocrx_word' id='word_1_772' title='bbox 2400 4300 2493 4354; x_wconf 90' lang='lat' dir='ltr'><strong>per</strong></span> <span class='ocrx_word' id='word_1_773' title='bbox 2514 4282 2851 4354; x_wconf 78' lang='lat' dir='ltr'><strong>synodorum</strong></span> <span class='ocrx_word' id='word_1_774' title='bbox 2882 4285 3108 4352; x_wconf 82' lang='lat' dir='ltr'><strong>legatos,</strong></span> <span class='ocrx_word' id='word_1_775' title='bbox 3138 4282 3237 4352; x_wconf 86' lang='lat' dir='ltr'><strong>ipsi</strong></span> <span class='ocrx_word' id='word_1_776' title='bbox 3265 4296 3415 4337; x_wconf 84' lang='lat' dir='ltr'><strong>sum-</strong></span> 
     </span>
    </p>
   </div>
   <div class='ocr_carea' id='block_1_112' title="bbox 1830 4355 3414 4425">
    <p class='ocr_par' dir='ltr' id='par_1_112' title="bbox 1830 4355 3414 4425">
     <span class='ocr_line' id='line_1_112' title="bbox 1830 4355 3414 4425; baseline -0.002 -13"><span class='ocrx_word' id='word_1_777' title='bbox 1830 4358 1904 4412; x_wconf 90' lang='lat' dir='ltr'><strong>mi</strong></span> <span class='ocrx_word' id='word_1_778' title='bbox 1935 4357 2212 4425; x_wconf 90' lang='lat' dir='ltr'><strong>pontilices</strong></span> <span class='ocrx_word' id='word_1_779' title='bbox 2236 4400 2251 4422; x_wconf 90' lang='lat'><strong>,</strong></span> <span class='ocrx_word' id='word_1_780' title='bbox 2301 4364 2729 4425; x_wconf 87' lang='lat' dir='ltr'><strong>quantacumque</strong></span> <span class='ocrx_word' id='word_1_781' title='bbox 2759 4355 3030 4423; x_wconf 88' lang='lat' dir='ltr'><strong>pollerent</strong></span> <span class='ocrx_word' id='word_1_782' title='bbox 3059 4357 3414 4421; x_wconf 87' lang='lat' dir='ltr'><strong>auctoritate,</strong></span> 
     </span>
    </p>
   </div>
   <div class='ocr_carea' id='block_1_113' title="bbox 1829 4424 3415 4495">
    <p class='ocr_par' dir='ltr' id='par_1_113' title="bbox 1829 4424 3415 4495">
     <span class='ocr_line' id='line_1_113' title="bbox 1829 4424 3415 4495; baseline -0.001 -13"><span class='ocrx_word' id='word_1_783' title='bbox 1829 4424 1952 4483; x_wconf 89' lang='lat' dir='ltr'><strong>cum</strong></span> <span class='ocrx_word' id='word_1_784' title='bbox 1983 4428 2146 4495; x_wconf 85' lang='lat' dir='ltr'><strong>regiis</strong></span> <span class='ocrx_word' id='word_1_785' title='bbox 2191 4424 2380 4481; x_wconf 84' lang='lat' dir='ltr'><strong>edictis</strong></span> <span class='ocrx_word' id='word_1_786' title='bbox 2412 4436 2599 4479; x_wconf 86' lang='lat' dir='ltr'><strong>contra</strong></span> <span class='ocrx_word' id='word_1_787' title='bbox 2655 4424 2902 4480; x_wconf 87' lang='lat' dir='ltr'><strong>inimicos</strong></span> <span class='ocrx_word' id='word_1_788' title='bbox 2948 4425 3042 4479; x_wconf 89' lang='lat' dir='ltr'><strong>Dei</strong></span> <span class='ocrx_word' id='word_1_789' title='bbox 3094 4432 3415 4492; x_wconf 89' lang='lat' dir='ltr'><strong>uterentur,</strong></span> 
     </span>
    </p>
   </div>
   <div class='ocr_carea' id='block_1_114' title="bbox 1832 4496 3419 4563">
    <p class='ocr_par' dir='ltr' id='par_1_114' title="bbox 1832 4496 3419 4563">
     <span class='ocr_line' id='line_1_114' title="bbox 1832 4496 3419 4563; baseline -0.003 -11"><span class='ocrx_word' id='word_1_790' title='bbox 1832 4506 1973 4553; x_wconf 79' lang='lat' dir='ltr'><strong>totus</strong></span> <span class='ocrx_word' id='word_1_791' title='bbox 1997 4500 2131 4551; x_wconf 88' lang='lat' dir='ltr'><strong>ordo</strong></span> <span class='ocrx_word' id='word_1_792' title='bbox 2156 4511 2309 4551; x_wconf 88' lang='lat' dir='ltr'><strong>sacer</strong></span> <span class='ocrx_word' id='word_1_793' title='bbox 2329 4496 2675 4560; x_wconf 88' lang='lat' dir='ltr'><strong>clericorum,</strong></span> <span class='ocrx_word' id='word_1_794' title='bbox 2701 4497 2865 4551; x_wconf 89' lang='lat' dir='ltr'><strong>immo</strong></span> <span class='ocrx_word' id='word_1_795' title='bbox 2884 4499 3129 4552; x_wconf 84' lang='lat' dir='ltr'><strong>universa</strong></span> <span class='ocrx_word' id='word_1_796' title='bbox 3149 4496 3419 4563; x_wconf 84' lang='lat' dir='ltr'><strong>Ecclesia,</strong></span> 
     </span>
    </p>
   </div>
   <div class='ocr_carea' id='block_1_115' title="bbox 1828 4567 3419 4636">
    <p class='ocr_par' dir='ltr' id='par_1_115' title="bbox 1828 4567 3419 4636">
     <span class='ocr_line' id='line_1_115' title="bbox 1828 4567 3419 4636; baseline -0.003 -12"><span class='ocrx_word' id='word_1_797' title='bbox 1828 4584 1951 4624; x_wconf 91' lang='lat' dir='ltr'><strong>cum</strong></span> <span class='ocrx_word' id='word_1_798' title='bbox 1984 4568 2171 4623; x_wconf 87' lang='lat' dir='ltr'><strong>iisdem</strong></span> <span class='ocrx_word' id='word_1_799' title='bbox 2197 4567 2390 4622; x_wconf 88' lang='lat' dir='ltr'><strong>edictis</strong></span> <span class='ocrx_word' id='word_1_800' title='bbox 2423 4578 2657 4636; x_wconf 87' lang='lat' dir='ltr'><strong>pareret,</strong></span> <span class='ocrx_word' id='word_1_801' title='bbox 2710 4569 2969 4622; x_wconf 86' lang='lat' dir='ltr'><strong>adversus</strong></span> <span class='ocrx_word' id='word_1_802' title='bbox 3016 4583 3206 4622; x_wconf 89' lang='lat' dir='ltr'><strong>omnes</strong></span> <span class='ocrx_word' id='word_1_803' title='bbox 3256 4581 3419 4621; x_wconf 82' lang='lat' dir='ltr'><strong>exce-</strong></span> 
     </span>
    </p>
   </div>
   <div class='ocr_carea' id='block_1_116' title="bbox 1830 4637 3417 4709">
    <p class='ocr_par' dir='ltr' id='par_1_116' title="bbox 1830 4637 3417 4709">
     <span class='ocr_line' id='line_1_116' title="bbox 1830 4637 3417 4709; baseline -0.001 -16"><span class='ocrx_word' id='word_1_804' title='bbox 1830 4642 2038 4709; x_wconf 83' lang='lat' dir='ltr'><strong>ptiOues</strong></span> <span class='ocrx_word' id='word_1_805' title='bbox 2066 4640 2383 4707; x_wconf 68' lang='lat' dir='ltr'><strong>praescribit.</strong></span> <span class='ocrx_word' id='word_1_806' title='bbox 2406 4639 2670 4707; x_wconf 86' lang='lat' dir='ltr'><strong>simulque</strong></span> <span class='ocrx_word' id='word_1_807' title='bbox 2692 4638 2871 4703; x_wconf 90' lang='lat' dir='ltr'><strong>docet,</strong></span> <span class='ocrx_word' id='word_1_808' title='bbox 2896 4639 3037 4706; x_wconf 90' lang='lat' dir='ltr'><strong>quod</strong></span> <span class='ocrx_word' id='word_1_809' title='bbox 3071 4637 3417 4708; x_wconf 82' lang='lat' dir='ltr'><strong>praesignavit</strong></span> 
     </span>
    </p>
   </div>
   <div class='ocr_carea' id='block_1_117' title="bbox 1827 4709 3414 4780">
    <p class='ocr_par' dir='ltr' id='par_1_117' title="bbox 1827 4709 3414 4780">
     <span class='ocr_line' id='line_1_117' title="bbox 1827 4709 3414 4780; baseline -0.002 -15"><span class='ocrx_word' id='word_1_810' title='bbox 1827 4723 1882 4767; x_wconf 87' lang='lat' dir='ltr'><strong>et</strong></span> <span class='ocrx_word' id='word_1_811' title='bbox 1908 4711 2156 4766; x_wconf 90' lang='lat' dir='ltr'><strong>Christus</strong></span> <span class='ocrx_word' id='word_1_812' title='bbox 2187 4720 2312 4764; x_wconf 88' lang='lat' dir='ltr'><strong>ante</strong></span> <span class='ocrx_word' id='word_1_813' title='bbox 2351 4709 2676 4780; x_wconf 84' lang='lat' dir='ltr'><strong>passionem,</strong></span> <span class='ocrx_word' id='word_1_814' title='bbox 2718 4718 2772 4763; x_wconf 90' lang='lat' dir='ltr'><strong>et</strong></span> <span class='ocrx_word' id='word_1_815' title='bbox 2822 4711 2962 4764; x_wconf 86' lang='lat' dir='ltr'><strong>Deus</strong></span> <span class='ocrx_word' id='word_1_816' title='bbox 3003 4712 3053 4762; x_wconf 92' lang='lat' dir='ltr'><strong>in</strong></span> <span class='ocrx_word' id='word_1_817' title='bbox 3101 4709 3414 4780; x_wconf 85' lang='lat' dir='ltr'><strong>conditione</strong></span> 
     </span>
    </p>
   </div>
   <div class='ocr_carea' id='block_1_118' title="bbox 1827 4779 3414 4849">
    <p class='ocr_par' dir='ltr' id='par_1_118' title="bbox 1827 4779 3414 4849">
     <span class='ocr_line' id='line_1_118' title="bbox 1827 4779 3414 4849; baseline -0.003 -13"><span class='ocrx_word' id='word_1_818' title='bbox 1827 4782 2036 4845; x_wconf 90' lang='lat' dir='ltr'><strong>mundi,</strong></span> <span class='ocrx_word' id='word_1_819' title='bbox 2064 4796 2199 4849; x_wconf 81' lang='lat' dir='ltr'><strong>Opus</strong></span> <span class='ocrx_word' id='word_1_820' title='bbox 2223 4779 2421 4835; x_wconf 88' lang='lat' dir='ltr'><strong>habere</strong></span> <span class='ocrx_word' id='word_1_821' title='bbox 2457 4781 2773 4838; x_wconf 81' lang='lat' dir='ltr'><strong>Ecelesiam.</strong></span> <span class='ocrx_word' id='word_1_822' title='bbox 2799 4781 2866 4834; x_wconf 88' lang='lat' dir='ltr'><strong>ad</strong></span> <span class='ocrx_word' id='word_1_823' title='bbox 2892 4781 3088 4848; x_wconf 84' lang='lat' dir='ltr'><strong>impios</strong></span> <span class='ocrx_word' id='word_1_824' title='bbox 3128 4779 3414 4832; x_wconf 87' lang='lat' dir='ltr'><strong>terrendos</strong></span> 
     </span>
    </p>
   </div>
   <div class='ocr_carea' id='block_1_119' title="bbox 1827 4849 3415 4921">
    <p class='ocr_par' dir='ltr' id='par_1_119' title="bbox 1827 4849 3415 4921">
     <span class='ocr_line' id='line_1_119' title="bbox 1827 4849 3415 4921; baseline -0.004 -14"><span class='ocrx_word' id='word_1_825' title='bbox 1827 4853 2037 4907; x_wconf 91' lang='lat' dir='ltr'><strong>duobus</strong></span> <span class='ocrx_word' id='word_1_826' title='bbox 2057 4852 2266 4920; x_wconf 85' lang='lat' dir='ltr'><strong>gladiis,</strong></span> <span class='ocrx_word' id='word_1_827' title='bbox 2295 4852 2633 4921; x_wconf 61' lang='lat' dir='ltr'><strong>duobusque,</strong></span> <span class='ocrx_word' id='word_1_828' title='bbox 2657 4853 2721 4904; x_wconf 75' lang='lat' dir='ltr'><strong>ad</strong></span> <span class='ocrx_word' id='word_1_829' title='bbox 2748 4851 3122 4917; x_wconf 84' lang='lat' dir='ltr'><strong>illustrandum</strong></span> <span class='ocrx_word' id='word_1_830' title='bbox 3153 4849 3415 4921; x_wconf 81' lang='lat' dir='ltr'><strong>mundum</strong></span> 
     </span>
    </p>
   </div>
   <div class='ocr_carea' id='block_1_120' title="bbox 1828 4920 3417 4991">
    <p class='ocr_par' dir='ltr' id='par_1_120' title="bbox 1828 4920 3417 4991">
     <span class='ocr_line' id='line_1_120' title="bbox 1828 4920 3417 4991; baseline -0.002 -15"><span class='ocrx_word' id='word_1_831' title='bbox 1828 4924 2184 4991; x_wconf 88' lang='lat' dir='ltr'><strong>spiritualem,</strong></span> <span class='ocrx_word' id='word_1_832' title='bbox 2219 4924 2596 4977; x_wconf 69' lang='lat' dir='ltr'><strong>luminat-ibus.</strong></span> <span class='ocrx_word' id='word_1_833' title='bbox 2629 4923 2814 4991; x_wconf 75' lang='lat' dir='ltr'><strong>Neque</strong></span> <span class='ocrx_word' id='word_1_834' title='bbox 2843 4922 3010 4985; x_wconf 84' lang='lat' dir='ltr'><strong>enim,</strong></span> <span class='ocrx_word' id='word_1_835' title='bbox 3044 4929 3104 4974; x_wconf 89' lang='lat' dir='ltr'><strong>ut</strong></span> <span class='ocrx_word' id='word_1_836' title='bbox 3133 4921 3285 4974; x_wconf 85' lang='lat' dir='ltr'><strong>aiunt</strong></span> <span class='ocrx_word' id='word_1_837' title='bbox 3314 4920 3417 4973; x_wconf 81' lang='lat' dir='ltr'><strong>Pa-</strong></span> 
     </span>
    </p>
   </div>
   <div class='ocr_carea' id='block_1_121' title="bbox 1835 4993 3411 5058">
    <p class='ocr_par' dir='ltr' id='par_1_121' title="bbox 1835 4993 3411 5058">
     <span class='ocr_line' id='line_1_121' title="bbox 1835 4993 3411 5058; baseline -0.003 -9"><span class='ocrx_word' id='word_1_838' title='bbox 1835 5004 1963 5055; x_wconf 88' lang='lat' dir='ltr'><strong>tres,</strong></span> <span class='ocrx_word' id='word_1_839' title='bbox 1990 4994 2314 5058; x_wconf 77' lang='lat' dir='ltr'><strong>sufﬁciebat,</strong></span> <span class='ocrx_word' id='word_1_840' title='bbox 2342 4994 2427 5049; x_wconf 86' lang='lat' dir='ltr'><strong>vel</strong></span> <span class='ocrx_word' id='word_1_841' title='bbox 2473 5009 2635 5047; x_wconf 89' lang='lat' dir='ltr'><strong>unum</strong></span> <span class='ocrx_word' id='word_1_842' title='bbox 2670 4993 2934 5046; x_wconf 89' lang='lat' dir='ltr'><strong>luminare</strong></span> <span class='ocrx_word' id='word_1_843' title='bbox 2984 5000 3171 5046; x_wconf 87' lang='lat' dir='ltr'><strong>contra</strong></span> <span class='ocrx_word' id='word_1_844' title='bbox 3218 5004 3411 5045; x_wconf 83' lang='lat' dir='ltr'><strong>omnes</strong></span> 
     </span>
    </p>
   </div>
   <div class='ocr_carea' id='block_1_122' title="bbox 1832 5060 3413 5133">
    <p class='ocr_par' dir='ltr' id='par_1_122' title="bbox 1832 5060 3413 5133">
     <span class='ocr_line' id='line_1_122' title="bbox 1832 5060 3413 5133; baseline -0.004 -12"><span class='ocrx_word' id='word_1_845' title='bbox 1832 5068 2037 5121; x_wconf 89' lang='lat' dir='ltr'><strong>erroris</strong></span> <span class='ocrx_word' id='word_1_846' title='bbox 2062 5064 2307 5130; x_wconf 74' lang='lat' dir='ltr'><strong>offucias,</strong></span> <span class='ocrx_word' id='word_1_847' title='bbox 2338 5066 2424 5120; x_wconf 86' lang='lat' dir='ltr'><strong>vel</strong></span> <span class='ocrx_word' id='word_1_848' title='bbox 2455 5078 2592 5119; x_wconf 88' lang='lat' dir='ltr'><strong>unus</strong></span> <span class='ocrx_word' id='word_1_849' title='bbox 2616 5064 2826 5133; x_wconf 85' lang='lat' dir='ltr'><strong>gladius</strong></span> <span class='ocrx_word' id='word_1_850' title='bbox 2857 5064 3113 5117; x_wconf 83' lang='lat' dir='ltr'><strong>adversus</strong></span> <span class='ocrx_word' id='word_1_851' title='bbox 3152 5060 3413 5116; x_wconf 81' lang='lat' dir='ltr'><strong>cll&#39;renem</strong></span> 
     </span>
    </p>
   </div>
   <div class='ocr_carea' id='block_1_123' title="bbox 1834 5133 3414 5200">
    <p class='ocr_par' dir='ltr' id='par_1_123' title="bbox 1834 5133 3414 5200">
     <span class='ocr_line' id='line_1_123' title="bbox 1834 5133 3414 5200; baseline -0.003 -9"><span class='ocrx_word' id='word_1_852' title='bbox 1834 5136 2116 5200; x_wconf 88' lang='lat' dir='ltr'><strong>itnpiorum</strong></span> <span class='ocrx_word' id='word_1_853' title='bbox 2158 5135 2474 5191; x_wconf 87' lang='lat' dir='ltr'><strong>audaciam:</strong></span> <span class='ocrx_word' id='word_1_854' title='bbox 2528 5151 2649 5189; x_wconf 89' lang='lat' dir='ltr'><strong>cum</strong></span> <span class='ocrx_word' id='word_1_855' title='bbox 2700 5146 2755 5190; x_wconf 89' lang='lat' dir='ltr'><strong>et</strong></span> <span class='ocrx_word' id='word_1_856' title='bbox 2803 5134 3024 5189; x_wconf 73' lang='lat' dir='ltr'><strong>ollucias</strong></span> <span class='ocrx_word' id='word_1_857' title='bbox 3068 5135 3268 5187; x_wconf 84' lang='lat' dir='ltr'><strong>laceret</strong></span> <span class='ocrx_word' id='word_1_858' title='bbox 3312 5133 3414 5187; x_wconf 84' lang='lat' dir='ltr'><strong>sibi</strong></span> 
     </span>
    </p>
   </div>
   <div class='ocr_carea' id='block_1_124' title="bbox 1831 5205 3415 5277">
    <p class='ocr_par' dir='ltr' id='par_1_124' title="bbox 1831 5205 3415 5277">
     <span class='ocr_line' id='line_1_124' title="bbox 1831 5205 3415 5277; baseline -0.002 -16"><span class='ocrx_word' id='word_1_859' title='bbox 1831 5208 2055 5277; x_wconf 89' lang='lat' dir='ltr'><strong>aliisque</strong></span> <span class='ocrx_word' id='word_1_860' title='bbox 2099 5207 2345 5276; x_wconf 79' lang='lat' dir='ltr'><strong>pertinax</strong></span> <span class='ocrx_word' id='word_1_861' title='bbox 2389 5206 2617 5267; x_wconf 88' lang='lat' dir='ltr'><strong>animus,</strong></span> <span class='ocrx_word' id='word_1_862' title='bbox 2649 5216 2705 5259; x_wconf 91' lang='lat' dir='ltr'><strong>et</strong></span> <span class='ocrx_word' id='word_1_863' title='bbox 2728 5205 3008 5277; x_wconf 85' lang='lat' dir='ltr'><strong>audaciam</strong></span> <span class='ocrx_word' id='word_1_864' title='bbox 3051 5220 3117 5259; x_wconf 84' lang='lat' dir='ltr'><strong>ex</strong></span> <span class='ocrx_word' id='word_1_865' title='bbox 3159 5206 3415 5277; x_wconf 74' lang='lat' dir='ltr'><strong>patientia</strong></span> 
     </span>
    </p>
   </div>
   <div class='ocr_carea' id='block_1_125' title="bbox 1832 5275 3414 5344">
    <p class='ocr_par' dir='ltr' id='par_1_125' title="bbox 1832 5275 3414 5344">
     <span class='ocr_line' id='line_1_125' title="bbox 1832 5275 3414 5344; baseline -0.002 -12"><span class='ocrx_word' id='word_1_866' title='bbox 1832 5275 2106 5333; x_wconf 36' lang='lat' dir='ltr'><strong>bono—rum‘</strong></span> <span class='ocrx_word' id='word_1_867' title='bbox 2128 5278 2443 5344; x_wconf 88' lang='lat' dir='ltr'><strong>improbitas</strong></span> <span class='ocrx_word' id='word_1_868' title='bbox 2500 5287 2755 5331; x_wconf 86' lang='lat' dir='ltr'><strong>sumeret.</strong></span> <span class='ocrx_word' id='word_1_869' title='bbox 2812 5276 2867 5329; x_wconf 86' lang='lat' dir='ltr'><strong>ld</strong></span> <span class='ocrx_word' id='word_1_870' title='bbox 2920 5292 3041 5329; x_wconf 90' lang='lat' dir='ltr'><strong>cum</strong></span> <span class='ocrx_word' id='word_1_871' title='bbox 3096 5275 3414 5343; x_wconf 81' lang='lat' dir='ltr'><strong>gravissime</strong></span> 
     </span>
    </p>
   </div>
   <div class='ocr_carea' id='block_1_126' title="bbox 1831 5346 3418 5416">
    <p class='ocr_par' dir='ltr' id='par_1_126' title="bbox 1831 5346 3418 5416">
     <span class='ocr_line' id='line_1_126' title="bbox 1831 5346 3418 5416; baseline -0.004 -12"><span class='ocrx_word' id='word_1_872' title='bbox 1831 5351 2220 5416; x_wconf 87' lang='lat' dir='ltr'><strong>verissinteque</strong></span> <span class='ocrx_word' id='word_1_873' title='bbox 2248 5346 2317 5401; x_wconf 86' lang='lat' dir='ltr'><strong>sit</strong></span> <span class='ocrx_word' id='word_1_874' title='bbox 2346 5348 2546 5403; x_wconf 89' lang='lat' dir='ltr'><strong>dictum</strong></span> <span class='ocrx_word' id='word_1_875' title='bbox 2592 5348 2751 5411; x_wconf 91' lang='lat' dir='ltr'><strong>olim,</strong></span> <span class='ocrx_word' id='word_1_876' title='bbox 2817 5355 2927 5400; x_wconf 86' lang='lat' dir='ltr'><strong>tum</strong></span> <span class='ocrx_word' id='word_1_877' title='bbox 2986 5348 3152 5400; x_wconf 88' lang='lat' dir='ltr'><strong>nostri</strong></span> <span class='ocrx_word' id='word_1_878' title='bbox 3201 5362 3418 5414; x_wconf 77' lang='lat' dir='ltr'><strong>quoque</strong></span> 
     </span>
    </p>
   </div>
   <div class='ocr_carea' id='block_1_127' title="bbox 1832 5418 3415 5489">
    <p class='ocr_par' dir='ltr' id='par_1_127' title="bbox 1832 5418 3415 5489">
     <span class='ocr_line' id='line_1_127' title="bbox 1832 5418 3415 5489; baseline -0.001 -16"><span class='ocrx_word' id='word_1_879' title='bbox 1832 5421 2093 5489; x_wconf 87' lang='lat' dir='ltr'><strong>temporis</strong></span> <span class='ocrx_word' id='word_1_880' title='bbox 2122 5419 2308 5473; x_wconf 79' lang='lat' dir='ltr'><strong>infelix</strong></span> <span class='ocrx_word' id='word_1_881' title='bbox 2344 5419 2671 5488; x_wconf 81' lang='lat' dir='ltr'><strong>experientia</strong></span> <span class='ocrx_word' id='word_1_882' title='bbox 2713 5420 3016 5489; x_wconf 84' lang='lat' dir='ltr'><strong>certissime</strong></span> <span class='ocrx_word' id='word_1_883' title='bbox 3074 5418 3415 5485; x_wconf 80' lang='lat' dir='ltr'><strong>(-Otnprobat,</strong></span> 
     </span>
    </p>
   </div>
   <div class='ocr_carea' id='block_1_128' title="bbox 1830 5488 3410 5562">
    <p class='ocr_par' dir='ltr' id='par_1_128' title="bbox 1830 5488 3410 5562">
     <span class='ocr_line' id='line_1_128' title="bbox 1830 5488 3410 5562; baseline -0.002 -16"><span class='ocrx_word' id='word_1_884' title='bbox 1830 5500 1888 5546; x_wconf 89' lang='lat' dir='ltr'><strong>ut</strong></span> <span class='ocrx_word' id='word_1_885' title='bbox 1914 5488 2099 5545; x_wconf 82' lang='lat' dir='ltr'><strong>votum</strong></span> <span class='ocrx_word' id='word_1_886' title='bbox 2124 5490 2384 5544; x_wconf 84' lang='lat' dir='ltr'><strong>Bernardi</strong></span> <span class='ocrx_word' id='word_1_887' title='bbox 2441 5488 2731 5562; x_wconf 63' lang='lat' dir='ltr'><strong>tlttmquam</strong></span> <span class='ocrx_word' id='word_1_888' title='bbox 2785 5488 2950 5543; x_wconf 76' lang='lat' dir='ltr'><strong>fuerit</strong></span> <span class='ocrx_word' id='word_1_889' title='bbox 3005 5489 3410 5562; x_wconf 76' lang='lat' dir='ltr'><strong>opportunius:</strong></span> 
     </span>
    </p>
   </div>
   <div class='ocr_carea' id='block_1_129' title="bbox 1830 5558 3414 5632">
    <p class='ocr_par' dir='ltr' id='par_1_129' title="bbox 1830 5558 3414 5632">
     <span class='ocr_line' id='line_1_129' title="bbox 1830 5558 3414 5632; baseline -0.005 -14"><span class='ocrx_word' id='word_1_890' title='bbox 1830 5564 1979 5627; x_wconf 82' lang='lat' dir='ltr'><strong>Quod</strong></span> <span class='ocrx_word' id='word_1_891' title='bbox 2022 5562 2159 5615; x_wconf 84' lang='lat' dir='ltr'><strong>Deus</strong></span> <span class='ocrx_word' id='word_1_892' title='bbox 2205 5558 2495 5632; x_wconf 71' lang='lat' dir='ltr'><strong>conjunxit,</strong></span> <span class='ocrx_word' id='word_1_893' title='bbox 2517 5561 2669 5615; x_wconf 78' lang='lat' dir='ltr'><strong>Itonia</strong></span> <span class='ocrx_word' id='word_1_894' title='bbox 2699 5577 2802 5614; x_wconf 87' lang='lat' dir='ltr'><strong>non</strong></span> <span class='ocrx_word' id='word_1_895' title='bbox 2827 5569 3051 5625; x_wconf 88' lang='lat' dir='ltr'><strong>separet.</strong></span> <span class='ocrx_word' id='word_1_896' title='bbox 3077 5558 3309 5629; x_wconf 82' lang='lat' dir='ltr'><strong>Jungant</strong></span> <span class='ocrx_word' id='word_1_897' title='bbox 3358 5575 3414 5611; x_wconf 81' lang='lat' dir='ltr'><strong>se</strong></span> 
     </span>
    </p>
   </div>
   <div class='ocr_carea' id='block_1_130' title="bbox 1824 5632 3411 5703">
    <p class='ocr_par' dir='ltr' id='par_1_130' title="bbox 1824 5632 3411 5703">
     <span class='ocr_line' id='line_1_130' title="bbox 1824 5632 3411 5703; baseline -0.004 -17"><span class='ocrx_word' id='word_1_898' title='bbox 1824 5635 2011 5688; x_wconf 84' lang='lat' dir='ltr'><strong>animis</strong></span> <span class='ocrx_word' id='word_1_899' title='bbox 2032 5635 2117 5703; x_wconf 85' lang='lat' dir='ltr'><strong>qui</strong></span> <span class='ocrx_word' id='word_1_900' title='bbox 2142 5635 2312 5702; x_wconf 80' lang='lat' dir='ltr'><strong>juncti</strong></span> <span class='ocrx_word' id='word_1_901' title='bbox 2338 5643 2458 5685; x_wconf 86' lang='lat' dir='ltr'><strong>sunt</strong></span> <span class='ocrx_word' id='word_1_902' title='bbox 2482 5634 2769 5696; x_wconf 85' lang='lat' dir='ltr'><strong>institutis;</strong></span> <span class='ocrx_word' id='word_1_903' title='bbox 2820 5632 3037 5684; x_wconf 83' lang='lat' dir='ltr'><strong>invicem</strong></span> <span class='ocrx_word' id='word_1_904' title='bbox 3083 5650 3136 5685; x_wconf 87' lang='lat' dir='ltr'><strong>se</strong></span> <span class='ocrx_word' id='word_1_905' title='bbox 3188 5639 3411 5703; x_wconf 65' lang='lat' dir='ltr'><strong>loream,</strong></span> 
     </span>
    </p>
   </div>
   <div class='ocr_carea' id='block_1_131' title="bbox 1822 5698 3408 5846">
    <p class='ocr_par' dir='ltr' id='par_1_131' title="bbox 1822 5698 3408 5846">
     <span class='ocr_line' id='line_1_131' title="bbox 1822 5698 3408 5846; baseline -0.001 -89"><span class='ocrx_word' id='word_1_906' title='bbox 1822 5698 2109 5787; x_wconf 54' lang='lat' dir='ltr'><strong>invicetn&#39;se</strong></span> <span class='ocrx_word' id='word_1_907' title='bbox 2126 5698 2427 5846; x_wconf 54' lang='lat' dir='ltr'><strong>()tefendant,</strong></span> <span class='ocrx_word' id='word_1_908' title='bbox 2446 5704 2660 5761; x_wconf 82' lang='lat' dir='ltr'><strong>invicem</strong></span> <span class='ocrx_word' id='word_1_909' title='bbox 2686 5720 2780 5760; x_wconf 86' lang='lat' dir='ltr'><strong>sua</strong></span> <span class='ocrx_word' id='word_1_910' title='bbox 2806 5719 2963 5760; x_wconf 81' lang='lat' dir='ltr'><strong>onera</strong></span> <span class='ocrx_word' id='word_1_911' title='bbox 2984 5712 3186 5775; x_wconf 80' lang='lat' dir='ltr'><strong>portent</strong></span> <span class='ocrx_word' id='word_1_912' title='bbox 3212 5698 3408 5771; x_wconf 65' lang='lat' dir='ltr'><strong>(Epist.</strong></span> 
     </span>
     <span class='ocr_line' id='line_1_132' title="bbox 1822 5787 2178 5832; baseline 0.014 -5"><span class='ocrx_word' id='word_1_913' title='bbox 1822 5793 1938 5832; x_wconf 70' lang='lat' dir='ltr'><strong>mox</strong></span> <span class='ocrx_word' id='word_1_914' title='bbox 1981 5787 2132 5832; x_wconf 79' lang='lat' dir='ltr'><strong>citata</strong></span> <span class='ocrx_word' id='word_1_915' title='bbox 2164 5816 2178 5832; x_wconf 92' lang='lat'><strong>.</strong></span> 
     </span>
    </p>
   </div>
   <div class='ocr_carea' id='block_1_132' title="bbox 1822 5787 2178 5832">
    <p class='ocr_par' dir='ltr' id='par_1_132' title="bbox 1822 5787 2178 5832">
     <span class='ocr_line' id='line_1_133' title="bbox 1822 5787 2178 5832; baseline 0.014 -5"><span class='ocrx_word' id='word_1_916' title='bbox 1822 5793 1938 5832; x_wconf 70' lang='lat' dir='ltr'><strong>mox</strong></span> <span class='ocrx_word' id='word_1_917' title='bbox 1981 5787 2178 5832; x_wconf 79' lang='lat' dir='ltr'><strong>citata).</strong></span> 
     </span>
    </p>
   </div>
  </div>
