  <div class='ocr_page' id='page_1' title='image "/cluster/home/n/w/nwhite01/storage/ocr_20150623/48/hvd.32044096580691/196.png"; bbox 0 0 3948 6188; ppageno 0'>
   <div class='ocr_carea' id='block_1_1' title="bbox 276 352 3060 432">
    <p class='ocr_par' dir='ltr' id='par_1_1' title="bbox 276 352 3060 432">
     <span class='ocr_line' id='line_1_1' title="bbox 276 352 3060 432; baseline -0.005 -11"><span class='ocrx_word' id='word_1_1' title='bbox 276 376 349 432; x_wconf 63' lang='grc' dir='ltr'><strong>ιω</strong></span> <span class='ocrx_word' id='word_1_2' title='bbox 596 364 902 423; x_wconf 79' lang='lat' dir='ltr'><strong>DlSSEllT.</strong></span> <span class='ocrx_word' id='word_1_3' title='bbox 942 364 1029 420; x_wconf 82' lang='grc' dir='ltr'><strong>ιιι.</strong></span> <span class='ocrx_word' id='word_1_4' title='bbox 1073 364 1160 418; x_wconf 76' lang='lat' dir='ltr'><strong>ne</strong></span> <span class='ocrx_word' id='word_1_5' title='bbox 1199 355 1857 419; x_wconf 70' lang='lat' dir='ltr'><strong>CONSTITUTIONlllUS</strong></span> <span class='ocrx_word' id='word_1_6' title='bbox 1898 354 2401 411; x_wconf 75' lang='lat' dir='ltr'><strong>IMPERATURUM</strong></span> <span class='ocrx_word' id='word_1_7' title='bbox 2441 354 2505 409; x_wconf 78' lang='lat' dir='ltr'><strong>IN</strong></span> <span class='ocrx_word' id='word_1_8' title='bbox 2546 352 2771 411; x_wconf 81' lang='lat' dir='ltr'><strong>CAUSA</strong></span> <span class='ocrx_word' id='word_1_9' title='bbox 2815 353 3060 412; x_wconf 74' lang='lat' dir='ltr'><strong>PELAG.</strong></span> 
     </span>
    </p>
   </div>
   <div class='ocr_carea' id='block_1_2' title="bbox 3365 356 3482 417">
    <p class='ocr_par' dir='ltr' id='par_1_2' title="bbox 3365 356 3482 417">
     <span class='ocr_line' id='line_1_2' title="bbox 3365 356 3482 417; baseline -0.017 -1"><span class='ocrx_word' id='word_1_10' title='bbox 3365 356 3482 417; x_wconf 70' lang='grc'><strong>882</strong></span> 
     </span>
    </p>
   </div>
   <div class='ocr_carea' id='block_1_3' title="bbox 277 470 3480 553">
    <p class='ocr_par' dir='ltr' id='par_1_3' title="bbox 277 470 3480 553">
     <span class='ocr_line' id='line_1_3' title="bbox 277 470 3480 553; baseline -0.002 -17"><span class='ocrx_word' id='word_1_11' title='bbox 277 485 478 553; x_wconf 66' lang='lat' dir='ltr'><strong>insignem</strong></span> <span class='ocrx_word' id='word_1_12' title='bbox 527 492 697 532; x_wconf 84' lang='lat' dir='ltr'><strong>natam</strong></span> <span class='ocrx_word' id='word_1_13' title='bbox 757 476 982 546; x_wconf 86' lang='lat' dir='ltr'><strong>plebei-.e</strong></span> <span class='ocrx_word' id='word_1_14' title='bbox 1036 476 1265 528; x_wconf 57' lang='lat' dir='ltr'><strong>a‘stiutat</strong></span> <span class='ocrx_word' id='word_1_15' title='bbox 1308 474 1531 526; x_wconf 65' lang='lat' dir='ltr'><strong>vilitatis</strong></span> <span class='ocrx_word' id='word_1_16' title='bbox 1585 471 1789 526; x_wconf 85' lang='lat' dir='ltr'><strong>sentire</strong></span> <span class='ocrx_word' id='word_1_17' title='bbox 1819 481 1864 535; x_wconf 76' lang='grc' dir='ltr'>Α</span> <span class='ocrx_word' id='word_1_18' title='bbox 1895 484 2010 522; x_wconf 90' lang='lat' dir='ltr'><strong>cem</strong></span> <span class='ocrx_word' id='word_1_19' title='bbox 2040 484 2224 522; x_wconf 91' lang='lat' dir='ltr'><strong>curam</strong></span> <span class='ocrx_word' id='word_1_20' title='bbox 2258 477 2519 534; x_wconf 86' lang='lat' dir='ltr'><strong>sumeret,</strong></span> <span class='ocrx_word' id='word_1_21' title='bbox 2545 470 2965 539; x_wconf 85' lang='lat' dir='ltr'><strong>qualitatemque</strong></span> <span class='ocrx_word' id='word_1_22' title='bbox 2989 470 3221 528; x_wconf 84' lang='lat' dir='ltr'><strong>hominis</strong></span> <span class='ocrx_word' id='word_1_23' title='bbox 3264 482 3480 530; x_wconf 89' lang='lat' dir='ltr'><strong>struen-</strong></span> 
     </span>
    </p>
   </div>
   <div class='ocr_carea' id='block_1_4' title="bbox 274 564 1787 634">
    <p class='ocr_par' dir='ltr' id='par_1_4' title="bbox 274 564 1787 634">
     <span class='ocr_line' id='line_1_4' title="bbox 274 564 1787 634; baseline -0.011 -5"><span class='ocrx_word' id='word_1_24' title='bbox 274 589 359 629; x_wconf 84' lang='lat' dir='ltr'><strong>:utn</strong></span> <span class='ocrx_word' id='word_1_25' title='bbox 376 568 588 633; x_wconf 86' lang='lat' dir='ltr'><strong>cunctis,</strong></span> <span class='ocrx_word' id='word_1_26' title='bbox 630 582 689 620; x_wconf 85' lang='lat' dir='ltr'><strong>ac</strong></span> <span class='ocrx_word' id='word_1_27' title='bbox 714 565 1012 634; x_wconf 66' lang='lat' dir='ltr'><strong>prudentia:</strong></span> <span class='ocrx_word' id='word_1_28' title='bbox 1044 564 1332 632; x_wconf 78' lang='lat' dir='ltr'><strong>singularis</strong></span> <span class='ocrx_word' id='word_1_29' title='bbox 1364 564 1593 630; x_wconf 79' lang='lat' dir='ltr'><strong>palmam</strong></span> <span class='ocrx_word' id='word_1_30' title='bbox 1640 576 1787 612; x_wconf 82' lang='lat' dir='ltr'><strong>cont-</strong></span> 
     </span>
    </p>
   </div>
   <div class='ocr_carea' id='block_1_5' title="bbox 273 653 1791 728">
    <p class='ocr_par' dir='ltr' id='par_1_5' title="bbox 273 653 1791 728">
     <span class='ocr_line' id='line_1_5' title="bbox 273 653 1791 728; baseline -0.013 -6"><span class='ocrx_word' id='word_1_31' title='bbox 273 664 456 722; x_wconf 85' lang='lat' dir='ltr'><strong>mnniter</strong></span> <span class='ocrx_word' id='word_1_32' title='bbox 501 658 784 728; x_wconf 87' lang='lat' dir='ltr'><strong>approbata</strong></span> <span class='ocrx_word' id='word_1_33' title='bbox 840 656 1140 719; x_wconf 91' lang='lat' dir='ltr'><strong>destruere,</strong></span> <span class='ocrx_word' id='word_1_34' title='bbox 1172 655 1326 720; x_wconf 75' lang='lat' dir='ltr'><strong>cujus</strong></span> <span class='ocrx_word' id='word_1_35' title='bbox 1370 653 1550 719; x_wconf 74' lang='lat' dir='ltr'><strong>impia:</strong></span> <span class='ocrx_word' id='word_1_36' title='bbox 1579 661 1601 686; x_wconf 79' lang='grc' dir='ltr'>ι</span> <span class='ocrx_word' id='word_1_37' title='bbox 1643 665 1791 704; x_wconf 77' lang='lat' dir='ltr'><strong>cum-</strong></span> 
     </span>
    </p>
   </div>
   <div class='ocr_carea' id='block_1_6' title="bbox 272 744 1789 816">
    <p class='ocr_par' dir='ltr' id='par_1_6' title="bbox 272 744 1789 816">
     <span class='ocr_line' id='line_1_6' title="bbox 272 744 1789 816; baseline -0.012 -3"><span class='ocrx_word' id='word_1_38' title='bbox 272 754 554 813; x_wconf 84' lang='lat' dir='ltr'><strong>mcntationis</strong></span> <span class='ocrx_word' id='word_1_39' title='bbox 596 760 842 805; x_wconf 78' lang='lat' dir='ltr'><strong>auctores</strong></span> <span class='ocrx_word' id='word_1_40' title='bbox 870 747 1145 816; x_wconf 78' lang='lat' dir='ltr'><strong>Pelagium</strong></span> <span class='ocrx_word' id='word_1_41' title='bbox 1192 744 1619 813; x_wconf 67' lang='lat' dir='ltr'><strong>leestiumque</strong></span> <span class='ocrx_word' id='word_1_42' title='bbox 1665 757 1789 811; x_wconf 89' lang='lat' dir='ltr'><strong>per-</strong></span> 
     </span>
    </p>
   </div>
   <div class='ocr_carea' id='block_1_7' title="bbox 270 841 723 904">
    <p class='ocr_par' dir='ltr' id='par_1_7' title="bbox 270 841 723 904">
     <span class='ocr_line' id='line_1_7' title="bbox 270 841 723 904; baseline -0.02 0"><span class='ocrx_word' id='word_1_43' title='bbox 270 847 427 904; x_wconf 78' lang='lat' dir='ltr'><strong>crebuit</strong></span> <span class='ocrx_word' id='word_1_44' title='bbox 445 841 723 899; x_wconf 83' lang='lat' dir='ltr'><strong>exstitisse.</strong></span> 
     </span>
    </p>
   </div>
   <div class='ocr_carea' id='block_1_8' title="bbox 318 927 1789 1007">
    <p class='ocr_par' dir='ltr' id='par_1_8' title="bbox 318 927 1789 1007">
     <span class='ocr_line' id='line_1_8' title="bbox 318 927 1789 1007; baseline -0.008 -13"><span class='ocrx_word' id='word_1_45' title='bbox 318 939 409 995; x_wconf 66' lang='lat' dir='ltr'><strong>1&#39;lli</strong></span> <span class='ocrx_word' id='word_1_46' title='bbox 432 936 623 1007; x_wconf 86' lang='lat' dir='ltr'><strong>parenti</strong></span> <span class='ocrx_word' id='word_1_47' title='bbox 661 941 977 989; x_wconf 87' lang='lat' dir='ltr'><strong>cunctarum</strong></span> <span class='ocrx_word' id='word_1_48' title='bbox 1027 945 1205 985; x_wconf 89' lang='lat' dir='ltr'><strong>rerum</strong></span> <span class='ocrx_word' id='word_1_49' title='bbox 1236 928 1368 993; x_wconf 86' lang='lat' dir='ltr'><strong>Deo,</strong></span> <span class='ocrx_word' id='word_1_50' title='bbox 1401 927 1789 998; x_wconf 67' lang='lat' dir='ltr'><strong>prmcipuzeque</strong></span> 
     </span>
    </p>
   </div>
   <div class='ocr_carea' id='block_1_9' title="bbox 268 1014 1787 1099">
    <p class='ocr_par' dir='ltr' id='par_1_9' title="bbox 268 1014 1787 1099">
     <span class='ocr_line' id='line_1_9' title="bbox 268 1014 1787 1099; baseline -0.008 -14"><span class='ocrx_word' id='word_1_51' title='bbox 268 1044 433 1099; x_wconf 79' lang='lat' dir='ltr'><strong>semper</strong></span> <span class='ocrx_word' id='word_1_52' title='bbox 452 1026 711 1096; x_wconf 85' lang='lat' dir='ltr'><strong>majestati</strong></span> <span class='ocrx_word' id='word_1_53' title='bbox 737 1022 1079 1079; x_wconf 86' lang='lat' dir='ltr'><strong>interminate</strong></span> <span class='ocrx_word' id='word_1_54' title='bbox 1108 1022 1332 1089; x_wconf 87' lang='lat' dir='ltr'><strong>potenti,</strong></span> <span class='ocrx_word' id='word_1_55' title='bbox 1362 1031 1417 1075; x_wconf 90' lang='lat' dir='ltr'><strong>et</strong></span> <span class='ocrx_word' id='word_1_56' title='bbox 1462 1020 1601 1074; x_wconf 87' lang='lat' dir='ltr'><strong>ultra</strong></span> <span class='ocrx_word' id='word_1_57' title='bbox 1629 1014 1787 1073; x_wconf 84' lang='lat' dir='ltr'><strong>omne</strong></span> 
     </span>
    </p>
   </div>
   <div class='ocr_carea' id='block_1_10' title="bbox 267 1114 1785 1193">
    <p class='ocr_par' dir='ltr' id='par_1_10' title="bbox 267 1114 1785 1193">
     <span class='ocr_line' id='line_1_10' title="bbox 267 1114 1785 1193; baseline -0.007 -17"><span class='ocrx_word' id='word_1_58' title='bbox 267 1120 531 1193; x_wconf 84' lang='lat' dir='ltr'><strong>principium</strong></span> <span class='ocrx_word' id='word_1_59' title='bbox 580 1116 907 1183; x_wconf 76' lang='lat' dir='ltr'><strong>transeunti,</strong></span> <span class='ocrx_word' id='word_1_60' title='bbox 965 1126 1075 1169; x_wconf 88' lang='lat' dir='ltr'><strong>tam</strong></span> <span class='ocrx_word' id='word_1_61' title='bbox 1125 1124 1328 1169; x_wconf 86' lang='lat' dir='ltr'><strong>trucem</strong></span> <span class='ocrx_word' id='word_1_62' title='bbox 1387 1114 1785 1168; x_wconf 83' lang='lat' dir='ltr'><strong>inclementiam</strong></span> 
     </span>
    </p>
   </div>
   <div class='ocr_carea' id='block_1_11' title="bbox 266 1203 1785 1279">
    <p class='ocr_par' dir='ltr' id='par_1_11' title="bbox 266 1203 1785 1279">
     <span class='ocr_line' id='line_1_11' title="bbox 266 1203 1785 1279; baseline -0.006 -11"><span class='ocrx_word' id='word_1_63' title='bbox 266 1228 385 1268; x_wconf 69' lang='lat' dir='ltr'><strong>terte</strong></span> <span class='ocrx_word' id='word_1_64' title='bbox 413 1210 688 1267; x_wconf 78' lang='lat' dir='ltr'><strong>voluntatis</strong></span> <span class='ocrx_word' id='word_1_65' title='bbox 726 1208 1024 1279; x_wconf 80' lang='lat' dir='ltr'><strong>assignant,</strong></span> <span class='ocrx_word' id='word_1_66' title='bbox 1056 1216 1116 1262; x_wconf 89' lang='lat' dir='ltr'><strong>ut</strong></span> <span class='ocrx_word' id='word_1_67' title='bbox 1141 1219 1263 1262; x_wconf 90' lang='lat' dir='ltr'><strong>cum</strong></span> <span class='ocrx_word' id='word_1_68' title='bbox 1289 1203 1555 1261; x_wconf 80' lang='lat' dir='ltr'><strong>formandi</strong></span> <span class='ocrx_word' id='word_1_69' title='bbox 1584 1215 1605 1244; x_wconf 74' lang='grc' dir='ltr'><strong>ε</strong></span> <span class='ocrx_word' id='word_1_70' title='bbox 1625 1206 1785 1274; x_wconf 81' lang='lat' dir='ltr'><strong>Opili-</strong></span> 
     </span>
    </p>
   </div>
   <div class='ocr_carea' id='block_1_12' title="bbox 1892 558 3479 629">
    <p class='ocr_par' dir='ltr' id='par_1_12' title="bbox 1892 558 3479 629">
     <span class='ocr_line' id='line_1_12' title="bbox 1892 558 3479 629; baseline 0.007 -17"><span class='ocrx_word' id='word_1_71' title='bbox 1892 559 1967 623; x_wconf 90' lang='lat' dir='ltr'><strong>di,</strong></span> <span class='ocrx_word' id='word_1_72' title='bbox 2005 558 2267 627; x_wconf 76' lang='lat' dir='ltr'><strong>profunda</strong></span> <span class='ocrx_word' id='word_1_73' title='bbox 2316 560 2539 627; x_wconf 84' lang='lat' dir='ltr'><strong>spiritus</strong></span> <span class='ocrx_word' id='word_1_74' title='bbox 2587 562 2941 629; x_wconf 87' lang='lat' dir='ltr'><strong>conceptione</strong></span> <span class='ocrx_word' id='word_1_75' title='bbox 2988 562 3231 629; x_wconf 86' lang='lat' dir='ltr'><strong>libraret,</strong></span> <span class='ocrx_word' id='word_1_76' title='bbox 3265 564 3479 623; x_wconf 65' lang='lat' dir='ltr'><strong>{nudati</strong></span> 
     </span>
    </p>
   </div>
   <div class='ocr_carea' id='block_1_13' title="bbox 1895 638 3480 725">
    <p class='ocr_par' dir='ltr' id='par_1_13' title="bbox 1895 638 3480 725">
     <span class='ocr_line' id='line_1_13' title="bbox 1895 638 3480 725; baseline 0.004 -21"><span class='ocrx_word' id='word_1_77' title='bbox 1895 652 2136 705; x_wconf 89' lang='lat' dir='ltr'><strong>muneris</strong></span> <span class='ocrx_word' id='word_1_78' title='bbox 2157 648 2183 687; x_wconf 74' lang='grc' dir='ltr'>ἀ</span> <span class='ocrx_word' id='word_1_79' title='bbox 2216 652 2371 705; x_wconf 83' lang='lat' dir='ltr'><strong>linem</strong></span> <span class='ocrx_word' id='word_1_80' title='bbox 2396 638 2689 707; x_wconf 78' lang='lat' dir='ltr'><strong>anteferret</strong></span> <span class='ocrx_word' id='word_1_81' title='bbox 2718 653 2962 719; x_wconf 84' lang='lat' dir='ltr'><strong>exordio,</strong></span> <span class='ocrx_word' id='word_1_82' title='bbox 2988 664 3040 707; x_wconf 89' lang='lat' dir='ltr'><strong>et</strong></span> <span class='ocrx_word' id='word_1_83' title='bbox 3080 665 3308 709; x_wconf 92' lang='lat' dir='ltr'><strong>mortem</strong></span> <span class='ocrx_word' id='word_1_84' title='bbox 3340 672 3480 725; x_wconf 71' lang='lat' dir='ltr'><strong>pra:-</strong></span> 
     </span>
    </p>
   </div>
   <div class='ocr_carea' id='block_1_14' title="bbox 1895 743 3477 805">
    <p class='ocr_par' dir='ltr' id='par_1_14' title="bbox 1895 743 3477 805">
     <span class='ocr_line' id='line_1_14' title="bbox 1895 743 3477 805; baseline 0.004 -7"><span class='ocrx_word' id='word_1_85' title='bbox 1895 743 2130 798; x_wconf 89' lang='lat' dir='ltr'><strong>mitteret</strong></span> <span class='ocrx_word' id='word_1_86' title='bbox 2155 745 2426 798; x_wconf 88' lang='lat' dir='ltr'><strong>nascituro</strong></span> <span class='ocrx_word' id='word_1_87' title='bbox 2459 762 2469 795; x_wconf 91' lang='lat'>:</span> <span class='ocrx_word' id='word_1_88' title='bbox 2506 760 2609 798; x_wconf 89' lang='lat' dir='ltr'><strong>non</strong></span> <span class='ocrx_word' id='word_1_89' title='bbox 2660 745 2794 799; x_wconf 87' lang='lat' dir='ltr'><strong>hanc</strong></span> <span class='ocrx_word' id='word_1_90' title='bbox 2830 746 3036 802; x_wconf 81' lang='lat' dir='ltr'><strong>insidiis</strong></span> <span class='ocrx_word' id='word_1_91' title='bbox 3068 749 3221 803; x_wconf 81' lang='lat' dir='ltr'><strong>vetiti</strong></span> <span class='ocrx_word' id='word_1_92' title='bbox 3252 749 3477 805; x_wconf 69' lang='lat' dir='ltr'><strong>ﬂuxisse</strong></span> 
     </span>
    </p>
   </div>
   <div class='ocr_carea' id='block_1_15' title="bbox 1896 838 3479 910">
    <p class='ocr_par' dir='ltr' id='par_1_15' title="bbox 1896 838 3479 910">
     <span class='ocr_line' id='line_1_15' title="bbox 1896 838 3479 910; baseline 0.004 -17"><span class='ocrx_word' id='word_1_93' title='bbox 1896 839 2144 909; x_wconf 87' lang='lat' dir='ltr'><strong>peccati;</strong></span> <span class='ocrx_word' id='word_1_94' title='bbox 2200 838 2294 894; x_wconf 90' lang='lat' dir='ltr'><strong>sed</strong></span> <span class='ocrx_word' id='word_1_95' title='bbox 2340 840 2585 907; x_wconf 82' lang='lat' dir='ltr'><strong>exegisse</strong></span> <span class='ocrx_word' id='word_1_96' title='bbox 2642 842 2852 908; x_wconf 90' lang='lat' dir='ltr'><strong>penitus</strong></span> <span class='ocrx_word' id='word_1_97' title='bbox 2902 843 3070 910; x_wconf 82' lang='lat' dir='ltr'><strong>legem</strong></span> <span class='ocrx_word' id='word_1_98' title='bbox 3132 844 3479 900; x_wconf 87' lang='lat' dir='ltr'><strong>immutabilis</strong></span> 
     </span>
    </p>
   </div>
   <div class='ocr_carea' id='block_1_16' title="bbox 1897 933 3477 999">
    <p class='ocr_par' dir='ltr' id='par_1_16' title="bbox 1897 933 3477 999">
     <span class='ocr_line' id='line_1_16' title="bbox 1897 933 3477 999; baseline 0.002 -12"><span class='ocrx_word' id='word_1_99' title='bbox 1897 933 2268 999; x_wconf 90' lang='lat' dir='ltr'><strong>constituti,ut</strong></span> <span class='ocrx_word' id='word_1_100' title='bbox 2288 934 2353 986; x_wconf 88' lang='lat' dir='ltr'><strong>ad</strong></span> <span class='ocrx_word' id='word_1_101' title='bbox 2377 933 2754 987; x_wconf 87' lang='lat' dir='ltr'><strong>declinandum</strong></span> <span class='ocrx_word' id='word_1_102' title='bbox 2780 934 2907 986; x_wconf 85' lang='lat' dir='ltr'><strong>letlti</strong></span> <span class='ocrx_word' id='word_1_103' title='bbox 2938 936 3174 990; x_wconf 72' lang='lat' dir='ltr'><strong>exitialis</strong></span> <span class='ocrx_word' id='word_1_104' title='bbox 3193 937 3477 990; x_wconf 86' lang='lat' dir='ltr'><strong>incursum</strong></span> 
     </span>
    </p>
   </div>
   <div class='ocr_carea' id='block_1_17' title="bbox 1896 1024 3475 1095">
    <p class='ocr_par' dir='ltr' id='par_1_17' title="bbox 1896 1024 3475 1095">
     <span class='ocr_line' id='line_1_17' title="bbox 1896 1024 3475 1095; baseline 0.001 -16"><span class='ocrx_word' id='word_1_105' title='bbox 1896 1024 2033 1079; x_wconf 86' lang='lat' dir='ltr'><strong>nihil</strong></span> <span class='ocrx_word' id='word_1_106' title='bbox 2066 1034 2089 1062; x_wconf 77' lang='grc' dir='ltr'><strong>ο</strong></span> <span class='ocrx_word' id='word_1_107' title='bbox 2121 1024 2397 1093; x_wconf 84' lang='lat' dir='ltr'><strong>prodesset</strong></span> <span class='ocrx_word' id='word_1_108' title='bbox 2427 1025 2750 1080; x_wconf 87' lang='lat' dir='ltr'><strong>abstinentia</strong></span> <span class='ocrx_word' id='word_1_109' title='bbox 2790 1024 3156 1094; x_wconf 84' lang='lat' dir='ltr'><strong>delinquendi,</strong></span> <span class='ocrx_word' id='word_1_110' title='bbox 3203 1028 3355 1095; x_wconf 90' lang='lat' dir='ltr'><strong>cujus</strong></span> <span class='ocrx_word' id='word_1_111' title='bbox 3403 1028 3475 1081; x_wconf 75' lang='lat' dir='ltr'><strong>iza</strong></span> 
     </span>
    </p>
   </div>
   <div class='ocr_carea' id='block_1_18' title="bbox 1895 1116 3475 1186">
    <p class='ocr_par' dir='ltr' id='par_1_18' title="bbox 1895 1116 3475 1186">
     <span class='ocr_line' id='line_1_18' title="bbox 1895 1116 3475 1186; baseline 0.001 -17"><span class='ocrx_word' id='word_1_112' title='bbox 1895 1116 1977 1169; x_wconf 82' lang='lat' dir='ltr'><strong>vis</strong></span> <span class='ocrx_word' id='word_1_113' title='bbox 2010 1126 2227 1186; x_wconf 88' lang='lat' dir='ltr'><strong>putatur</strong></span> <span class='ocrx_word' id='word_1_114' title='bbox 2256 1116 2532 1179; x_wconf 79' lang='lat' dir='ltr'><strong>adstricta,</strong></span> <span class='ocrx_word' id='word_1_115' title='bbox 2560 1126 2621 1171; x_wconf 89' lang='lat' dir='ltr'><strong>ut</strong></span> <span class='ocrx_word' id='word_1_116' title='bbox 2674 1132 2779 1171; x_wconf 89' lang='lat' dir='ltr'><strong>non</strong></span> <span class='ocrx_word' id='word_1_117' title='bbox 2806 1116 2974 1185; x_wconf 86' lang='lat' dir='ltr'><strong>possit</strong></span> <span class='ocrx_word' id='word_1_118' title='bbox 3024 1116 3044 1154; x_wconf 73' lang='grc' dir='ltr'>ί</span> <span class='ocrx_word' id='word_1_119' title='bbox 3076 1118 3275 1171; x_wconf 88' lang='lat' dir='ltr'><strong>aboleri</strong></span> <span class='ocrx_word' id='word_1_120' title='bbox 3321 1118 3475 1171; x_wconf 86' lang='lat' dir='ltr'><strong>dein-</strong></span> 
     </span>
    </p>
   </div>
   <div class='ocr_carea' id='block_1_19' title="bbox 1896 1207 3476 1279">
    <p class='ocr_par' dir='ltr' id='par_1_19' title="bbox 1896 1207 3476 1279">
     <span class='ocr_line' id='line_1_19' title="bbox 1896 1207 3476 1279; baseline 0.001 -17"><span class='ocrx_word' id='word_1_121' title='bbox 1896 1222 2046 1278; x_wconf 90' lang='lat' dir='ltr'><strong>ceps.</strong></span> <span class='ocrx_word' id='word_1_122' title='bbox 2101 1207 2361 1263; x_wconf 84' lang='lat' dir='ltr'><strong>Primitivi</strong></span> <span class='ocrx_word' id='word_1_123' title='bbox 2415 1208 2648 1264; x_wconf 88' lang='lat' dir='ltr'><strong>hominis</strong></span> <span class='ocrx_word' id='word_1_124' title='bbox 2690 1222 2929 1263; x_wconf 89' lang='lat' dir='ltr'><strong>errorem</strong></span> <span class='ocrx_word' id='word_1_125' title='bbox 2955 1248 2971 1275; x_wconf 88' lang='lat'><strong>,</strong></span> <span class='ocrx_word' id='word_1_126' title='bbox 3005 1209 3058 1263; x_wconf 92' lang='lat' dir='ltr'><strong>in</strong></span> <span class='ocrx_word' id='word_1_127' title='bbox 3099 1224 3258 1279; x_wconf 89' lang='lat' dir='ltr'><strong>quem</strong></span> <span class='ocrx_word' id='word_1_128' title='bbox 3305 1220 3476 1279; x_wconf 70' lang='lat' dir='ltr'><strong>captm</strong></span> 
     </span>
    </p>
   </div>
   <div class='ocr_carea' id='block_1_20' title="bbox 1364 1337 2308 1398">
    <p class='ocr_par' dir='ltr' id='par_1_20' title="bbox 1364 1337 2308 1398">
     <span class='ocr_line' id='line_1_20' title="bbox 1364 1337 2308 1398; baseline 0.002 -2"><span class='ocrx_word' id='word_1_129' title='bbox 1364 1337 1910 1396; x_wconf 78' lang='lat' dir='ltr'><strong>CASTIGATIONES</strong></span> <span class='ocrx_word' id='word_1_130' title='bbox 1951 1341 2038 1397; x_wconf 84' lang='lat' dir='ltr'>ET</span> <span class='ocrx_word' id='word_1_131' title='bbox 2077 1341 2308 1398; x_wconf 69' lang='grc' dir='ltr'><strong>ΝΟΤᾸΞ.</strong></span> 
     </span>
    </p>
   </div>
   <div class='ocr_carea' id='block_1_21' title="bbox 263 1431 1789 1510">
    <p class='ocr_par' dir='ltr' id='par_1_21' title="bbox 263 1431 1789 1510">
     <span class='ocr_line' id='line_1_21' title="bbox 263 1431 1789 1510; baseline -0.008 -15"><span class='ocrx_word' id='word_1_132' title='bbox 263 1438 532 1495; x_wconf 77' lang='lat' dir='ltr'><strong>tunnentius</strong></span> <span class='ocrx_word' id='word_1_133' title='bbox 560 1435 826 1510; x_wconf 73' lang='lat' dir='ltr'><strong>aliorum?</strong></span> <span class='ocrx_word' id='word_1_134' title='bbox 854 1443 912 1510; x_wconf 81' lang='lat' dir='ltr'><strong>ut</strong></span> <span class='ocrx_word' id='word_1_135' title='bbox 936 1434 1061 1510; x_wconf 84' lang='lat' dir='ltr'><strong>jure</strong></span> <span class='ocrx_word' id='word_1_136' title='bbox 1098 1432 1288 1510; x_wconf 61' lang='lat' dir='ltr'><strong>dictus</strong></span> <span class='ocrx_word' id='word_1_137' title='bbox 1314 1431 1386 1510; x_wconf 90' lang='lat' dir='ltr'><strong>si_t</strong></span> <span class='ocrx_word' id='word_1_138' title='bbox 1414 1446 1445 1485; x_wconf 89' lang='lat' dir='ltr'><strong>a</strong></span> <span class='ocrx_word' id='word_1_139' title='bbox 1487 1431 1789 1510; x_wconf 71' lang='lat' dir='ltr'><strong>Chronico-</strong></span> 
     </span>
    </p>
   </div>
   <div class='ocr_carea' id='block_1_22' title="bbox 262 1502 1792 1579">
    <p class='ocr_par' dir='ltr' id='par_1_22' title="bbox 262 1502 1792 1579">
     <span class='ocr_line' id='line_1_22' title="bbox 262 1502 1792 1579; baseline -0.008 -13"><span class='ocrx_word' id='word_1_140' title='bbox 262 1526 351 1565; x_wconf 85' lang='lat' dir='ltr'><strong>rum</strong></span> <span class='ocrx_word' id='word_1_141' title='bbox 370 1510 637 1577; x_wconf 82' lang='lat' dir='ltr'><strong>scriptore,</strong></span> <span class='ocrx_word' id='word_1_142' title='bbox 659 1502 1073 1579; x_wconf 81' lang='lat' dir='ltr'><strong>jactantissimus</strong></span> <span class='ocrx_word' id='word_1_143' title='bbox 1104 1502 1378 1579; x_wconf 77' lang='lat' dir='ltr'><strong>Pelagiani</strong></span> <span class='ocrx_word' id='word_1_144' title='bbox 1403 1502 1592 1579; x_wconf 70' lang='lat' dir='ltr'><strong>erroris</strong></span> <span class='ocrx_word' id='word_1_145' title='bbox 1619 1517 1792 1555; x_wconf 89' lang='lat' dir='ltr'><strong>asser-</strong></span> 
     </span>
    </p>
   </div>
   <div class='ocr_carea' id='block_1_23' title="bbox 260 1571 1785 1647">
    <p class='ocr_par' dir='ltr' id='par_1_23' title="bbox 260 1571 1785 1647">
     <span class='ocr_line' id='line_1_23' title="bbox 260 1571 1785 1647; baseline -0.005 -15"><span class='ocrx_word' id='word_1_146' title='bbox 260 1589 346 1647; x_wconf 86' lang='lat' dir='ltr'><strong>tor;</strong></span> <span class='ocrx_word' id='word_1_147' title='bbox 368 1580 427 1634; x_wconf 89' lang='lat' dir='ltr'><strong>ab</strong></span> <span class='ocrx_word' id='word_1_148' title='bbox 462 1571 779 1646; x_wconf 65' lang='lat' dir='ltr'><strong>Augustino,</strong></span> <span class='ocrx_word' id='word_1_149' title='bbox 822 1574 1059 1647; x_wconf 76' lang='lat' dir='ltr'><strong>superbia</strong></span> <span class='ocrx_word' id='word_1_150' title='bbox 1088 1571 1313 1647; x_wconf 89' lang='lat' dir='ltr'><strong>tumidus</strong></span> <span class='ocrx_word' id='word_1_151' title='bbox 1331 1589 1371 1647; x_wconf 84' lang='lat'><strong>,-__</strong></span> <span class='ocrx_word' id='word_1_152' title='bbox 1391 1586 1435 1647; x_wconf 77' lang='lat' dir='ltr'><strong>a_</strong></span> <span class='ocrx_word' id='word_1_153' title='bbox 1465 1571 1785 1647; x_wconf 70' lang='lat' dir='ltr'><strong>Mercatore,</strong></span> 
     </span>
    </p>
   </div>
   <div class='ocr_carea' id='block_1_24' title="bbox 259 1640 1788 1714">
    <p class='ocr_par' dir='ltr' id='par_1_24' title="bbox 259 1640 1788 1714">
     <span class='ocr_line' id='line_1_24' title="bbox 259 1640 1788 1714; baseline -0.003 -14"><span class='ocrx_word' id='word_1_154' title='bbox 259 1640 373 1704; x_wconf 70' lang='lat' dir='ltr'><strong>homo</strong></span> <span class='ocrx_word' id='word_1_155' title='bbox 394 1640 731 1703; x_wconf 73' lang='lat' dir='ltr'><strong>maledicentis</strong></span> <span class='ocrx_word' id='word_1_156' title='bbox 761 1640 973 1714; x_wconf 73' lang='lat' dir='ltr'><strong>linguas,</strong></span> <span class='ocrx_word' id='word_1_157' title='bbox 1013 1654 1060 1699; x_wconf 89' lang='lat' dir='ltr'><strong>et</strong></span> <span class='ocrx_word' id='word_1_158' title='bbox 1085 1646 1165 1698; x_wconf 89' lang='lat' dir='ltr'><strong>sui</strong></span> <span class='ocrx_word' id='word_1_159' title='bbox 1195 1640 1788 1714; x_wconf 18' lang='lat' dir='ltr'><strong>staculiACatilinatDuo</strong></span> 
     </span>
    </p>
   </div>
   <div class='ocr_carea' id='block_1_25' title="bbox 260 1712 1787 1789">
    <p class='ocr_par' dir='ltr' id='par_1_25' title="bbox 260 1712 1787 1789">
     <span class='ocr_line' id='line_1_25' title="bbox 260 1712 1787 1789; baseline -0.005 -14"><span class='ocrx_word' id='word_1_160' title='bbox 260 1730 420 1775; x_wconf 77' lang='lat' dir='ltr'><strong>tantum</strong></span> <span class='ocrx_word' id='word_1_161' title='bbox 448 1719 661 1789; x_wconf 82' lang='lat' dir='ltr'><strong>protero</strong></span> <span class='ocrx_word' id='word_1_162' title='bbox 692 1712 1028 1779; x_wconf 86' lang='lat' dir='ltr'><strong>testimonia,</strong></span> <span class='ocrx_word' id='word_1_163' title='bbox 1050 1714 1302 1789; x_wconf 56' lang='lat' dir='ltr'><strong>alterum</strong></span> <span class='ocrx_word' id='word_1_164' title='bbox 1336 1712 1602 1789; x_wconf 76' lang='lat' dir='ltr'><strong>Vincentii</strong></span> <span class='ocrx_word' id='word_1_165' title='bbox 1643 1712 1787 1767; x_wconf 89' lang='lat' dir='ltr'><strong>Liri-</strong></span> 
     </span>
    </p>
   </div>
   <div class='ocr_carea' id='block_1_26' title="bbox 256 1781 1787 1862">
    <p class='ocr_par' dir='ltr' id='par_1_26' title="bbox 256 1781 1787 1862">
     <span class='ocr_line' id='line_1_26' title="bbox 256 1781 1787 1862; baseline -0.005 -18"><span class='ocrx_word' id='word_1_166' title='bbox 256 1781 515 1862; x_wconf 67' lang='lat' dir='ltr'><strong>nensisUn</strong></span> <span class='ocrx_word' id='word_1_167' title='bbox 557 1789 859 1862; x_wconf 80' lang='lat' dir='ltr'><strong>commouit.</strong></span> <span class='ocrx_word' id='word_1_168' title='bbox 892 1802 1006 1856; x_wconf 85' lang='lat' dir='ltr'><strong>cap.</strong></span> <span class='ocrx_word' id='word_1_169' title='bbox 1043 1784 1197 1862; x_wconf 49' lang='lat'><strong>26),</strong></span> <span class='ocrx_word' id='word_1_170' title='bbox 1219 1782 1477 1862; x_wconf 86' lang='lat' dir='ltr'><strong>alterum_</strong></span> <span class='ocrx_word' id='word_1_171' title='bbox 1500 1781 1787 1862; x_wconf 75' lang='lat' dir='ltr'><strong>ipsiusmet</strong></span> 
     </span>
    </p>
   </div>
   <div class='ocr_carea' id='block_1_27' title="bbox 255 1851 1780 1931">
    <p class='ocr_par' dir='ltr' id='par_1_27' title="bbox 255 1851 1780 1931">
     <span class='ocr_line' id='line_1_27' title="bbox 255 1851 1780 1931; baseline -0.006 -17"><span class='ocrx_word' id='word_1_172' title='bbox 255 1851 441 1915; x_wconf 49' lang='lat' dir='ltr'><strong>luliani.‘</strong></span> <span class='ocrx_word' id='word_1_173' title='bbox 477 1860 617 1931; x_wconf 88' lang='lat' dir='ltr'><strong>Quid</strong></span> <span class='ocrx_word' id='word_1_174' title='bbox 657 1851 1003 1931; x_wconf 69' lang='lat' dir='ltr'><strong>promittentes</strong></span> <span class='ocrx_word' id='word_1_175' title='bbox 1051 1851 1523 1931; x_wconf 56' lang='lat' dir='ltr'><strong>exciderunf,_nisi</strong></span> <span class='ocrx_word' id='word_1_176' title='bbox 1568 1868 1780 1931; x_wconf 72' lang='lat' dir='ltr'><strong>novam,</strong></span> 
     </span>
    </p>
   </div>
   <div class='ocr_carea' id='block_1_28' title="bbox 256 1922 1789 1999">
    <p class='ocr_par' dir='ltr' id='par_1_28' title="bbox 256 1922 1789 1999">
     <span class='ocr_line' id='line_1_28' title="bbox 256 1922 1789 1999; baseline -0.005 -16"><span class='ocrx_word' id='word_1_177' title='bbox 256 1933 382 1985; x_wconf 68' lang='lat' dir='ltr'><strong>lucio</strong></span> <span class='ocrx_word' id='word_1_178' title='bbox 405 1922 572 1998; x_wconf 75' lang='lat' dir='ltr'><strong>quam,</strong></span> <span class='ocrx_word' id='word_1_179' title='bbox 602 1922 1311 1999; x_wconf 74' lang='lat' dir='ltr'><strong>ignoratamque_doctrinam</strong></span> <span class='ocrx_word' id='word_1_180' title='bbox 1326 1922 1363 1999; x_wconf 78' lang='lat'><strong>?_</strong></span> <span class='ocrx_word' id='word_1_181' title='bbox 1380 1922 1574 1999; x_wconf 83' lang='lat' dir='ltr'><strong>A_udias</strong></span> <span class='ocrx_word' id='word_1_182' title='bbox 1598 1925 1789 1999; x_wconf 78' lang='lat' dir='ltr'><strong>etenim</strong></span> 
     </span>
    </p>
   </div>
   <div class='ocr_carea' id='block_1_29' title="bbox 253 1993 1789 2068">
    <p class='ocr_par' dir='ltr' id='par_1_29' title="bbox 253 1993 1789 2068">
     <span class='ocr_line' id='line_1_29' title="bbox 253 1993 1789 2068; baseline -0.006 -12"><span class='ocrx_word' id='word_1_183' title='bbox 253 1993 449 2067; x_wconf 69' lang='lat' dir='ltr'><strong>quosdam</strong></span> <span class='ocrx_word' id='word_1_184' title='bbox 472 1993 703 2068; x_wconf 73' lang='lat' dir='ltr'><strong>ipsorum</strong></span> <span class='ocrx_word' id='word_1_185' title='bbox 728 1993 936 2068; x_wconf 64' lang='lat' dir='ltr'><strong>dicere:</strong></span> <span class='ocrx_word' id='word_1_186' title='bbox 975 1994 1175 2068; x_wconf 85' lang='lat' dir='ltr'><strong>Venite,</strong></span> <span class='ocrx_word' id='word_1_187' title='bbox 1194 2010 1235 2068; x_wconf 21' lang='lat' dir='ltr'><strong>Aa</strong></span> <span class='ocrx_word' id='word_1_188' title='bbox 1250 1993 1561 2068; x_wconf 74' lang='lat' dir='ltr'><strong>insipientes</strong></span> <span class='ocrx_word' id='word_1_189' title='bbox 1603 2001 1671 2068; x_wconf 35' lang='lat' dir='ltr'><strong>et‘</strong></span> <span class='ocrx_word' id='word_1_190' title='bbox 1692 1995 1789 2068; x_wconf 86' lang='lat' dir='ltr'><strong>mi-</strong></span> 
     </span>
    </p>
   </div>
   <div class='ocr_carea' id='block_1_30' title="bbox 253 2062 1789 2142">
    <p class='ocr_par' dir='ltr' id='par_1_30' title="bbox 253 2062 1789 2142">
     <span class='ocr_line' id='line_1_30' title="bbox 253 2062 1789 2142; baseline -0.006 -18"><span class='ocrx_word' id='word_1_191' title='bbox 253 2062 343 2135; x_wconf 65' lang='lat' dir='ltr'><strong>seri,</strong></span> <span class='ocrx_word' id='word_1_192' title='bbox 381 2072 458 2141; x_wconf 85' lang='lat' dir='ltr'><strong>qui</strong></span> <span class='ocrx_word' id='word_1_193' title='bbox 490 2062 655 2142; x_wconf 51' lang='lat' dir='ltr'><strong>&#39;vulgo</strong></span> <span class='ocrx_word' id='word_1_194' title='bbox 682 2066 922 2123; x_wconf 79' lang='lat' dir='ltr'><strong>catholici</strong></span> <span class='ocrx_word' id='word_1_195' title='bbox 969 2064 1376 2142; x_wconf 29' lang='lat' dir='ltr'><strong>voc_itamini,l_et</strong></span> <span class='ocrx_word' id='word_1_196' title='bbox 1415 2062 1592 2116; x_wconf 90' lang='lat' dir='ltr'><strong>discite</strong></span> <span class='ocrx_word' id='word_1_197' title='bbox 1633 2064 1789 2142; x_wconf 73' lang='lat' dir='ltr'><strong>ﬁdem</strong></span> 
     </span>
    </p>
   </div>
   <div class='ocr_carea' id='block_1_31' title="bbox 251 2135 1789 2208">
    <p class='ocr_par' dir='ltr' id='par_1_31' title="bbox 251 2135 1789 2208">
     <span class='ocr_line' id='line_1_31' title="bbox 251 2135 1789 2208; baseline -0.005 -14"><span class='ocrx_word' id='word_1_198' title='bbox 251 2135 400 2207; x_wconf 71' lang='lat' dir='ltr'><strong>rerum,</strong></span> <span class='ocrx_word' id='word_1_199' title='bbox 424 2135 809 2208; x_wconf 59' lang='lat' dir='ltr'><strong>quam&#39;prteter</strong></span> <span class='ocrx_word' id='word_1_200' title='bbox 836 2154 923 2191; x_wconf 90' lang='lat' dir='ltr'><strong>nos</strong></span> <span class='ocrx_word' id='word_1_201' title='bbox 953 2137 1128 2191; x_wconf 87' lang='lat' dir='ltr'><strong>nullus</strong></span> <span class='ocrx_word' id='word_1_202' title='bbox 1156 2135 1427 2205; x_wconf 84' lang='lat' dir='ltr'><strong>intelligit,</strong></span> <span class='ocrx_word' id='word_1_203' title='bbox 1457 2149 1572 2202; x_wconf 76' lang='lat' dir='ltr'><strong>qua:</strong></span> <span class='ocrx_word' id='word_1_204' title='bbox 1613 2136 1789 2188; x_wconf 87' lang='lat' dir='ltr'><strong>multis</strong></span> 
     </span>
    </p>
   </div>
   <div class='ocr_carea' id='block_1_32' title="bbox 251 2207 1787 2277">
    <p class='ocr_par' dir='ltr' id='par_1_32' title="bbox 251 2207 1787 2277">
     <span class='ocr_line' id='line_1_32' title="bbox 251 2207 1787 2277; baseline -0.004 -15"><span class='ocrx_word' id='word_1_205' title='bbox 251 2220 340 2265; x_wconf 75' lang='lat' dir='ltr'><strong>ante</strong></span> <span class='ocrx_word' id='word_1_206' title='bbox 362 2207 545 2265; x_wconf 77' lang='lat' dir='ltr'><strong>saeculis</strong></span> <span class='ocrx_word' id='word_1_207' title='bbox 575 2207 752 2273; x_wconf 82' lang='lat' dir='ltr'><strong>latuit,</strong></span> <span class='ocrx_word' id='word_1_208' title='bbox 783 2224 948 2277; x_wconf 83' lang='lat' dir='ltr'><strong>nuper</strong></span> <span class='ocrx_word' id='word_1_209' title='bbox 987 2222 1102 2260; x_wconf 86' lang='lat' dir='ltr'><strong>vero</strong></span> <span class='ocrx_word' id='word_1_210' title='bbox 1126 2207 1346 2277; x_wconf 68' lang='lat' dir='ltr'><strong>revelata</strong></span> <span class='ocrx_word' id='word_1_211' title='bbox 1377 2214 1424 2277; x_wconf 81' lang='lat' dir='ltr'><strong>et</strong></span> <span class='ocrx_word' id='word_1_212' title='bbox 1441 2213 1655 2277; x_wconf 84' lang='lat' dir='ltr'><strong>ostensa</strong></span> <span class='ocrx_word' id='word_1_213' title='bbox 1680 2215 1787 2270; x_wconf 86' lang='lat' dir='ltr'><strong>est;</strong></span> 
     </span>
    </p>
   </div>
   <div class='ocr_carea' id='block_1_33' title="bbox 248 2274 1783 2351">
    <p class='ocr_par' dir='ltr' id='par_1_33' title="bbox 248 2274 1783 2351">
     <span class='ocr_line' id='line_1_33' title="bbox 248 2274 1783 2351; baseline -0.002 -18"><span class='ocrx_word' id='word_1_214' title='bbox 248 2282 315 2351; x_wconf 79' lang='lat' dir='ltr'><strong>sed</strong></span> <span class='ocrx_word' id='word_1_215' title='bbox 342 2284 501 2337; x_wconf 81' lang='lat' dir='ltr'><strong>discite</strong></span> <span class='ocrx_word' id='word_1_216' title='bbox 526 2282 710 2351; x_wconf 81' lang='lat' dir='ltr'><strong>furtim</strong></span> <span class='ocrx_word' id='word_1_217' title='bbox 740 2274 895 2351; x_wconf 80' lang='lat' dir='ltr'><strong>atque</strong></span> <span class='ocrx_word' id='word_1_218' title='bbox 914 2278 1162 2351; x_wconf 80' lang='lat' dir='ltr'><strong>secretim.</strong></span> <span class='ocrx_word' id='word_1_219' title='bbox 1192 2274 1473 2351; x_wconf 75' lang='lat' dir='ltr'><strong>Delectabit</strong></span> <span class='ocrx_word' id='word_1_220' title='bbox 1500 2276 1634 2328; x_wconf 91' lang='lat' dir='ltr'><strong>enim</strong></span> <span class='ocrx_word' id='word_1_221' title='bbox 1675 2291 1783 2351; x_wconf 85' lang='lat' dir='ltr'><strong>vos.</strong></span> 
     </span>
    </p>
   </div>
   <div class='ocr_carea' id='block_1_34' title="bbox 248 2346 1787 2412">
    <p class='ocr_par' dir='ltr' id='par_1_34' title="bbox 248 2346 1787 2412">
     <span class='ocr_line' id='line_1_34' title="bbox 248 2346 1787 2412; baseline -0.003 -8"><span class='ocrx_word' id='word_1_222' title='bbox 248 2350 299 2404; x_wconf 76' lang='lat' dir='ltr'><strong>Et</strong></span> <span class='ocrx_word' id='word_1_223' title='bbox 329 2353 435 2407; x_wconf 89' lang='lat' dir='ltr'><strong>item</strong></span> <span class='ocrx_word' id='word_1_224' title='bbox 472 2346 589 2406; x_wconf 76' lang='lat' dir='ltr'><strong>cum</strong></span> <span class='ocrx_word' id='word_1_225' title='bbox 640 2346 943 2412; x_wconf 84' lang='lat' dir='ltr'><strong>didiceritis,</strong></span> <span class='ocrx_word' id='word_1_226' title='bbox 975 2349 1189 2402; x_wconf 83' lang='lat' dir='ltr'><strong>latenter</strong></span> <span class='ocrx_word' id='word_1_227' title='bbox 1218 2346 1411 2411; x_wconf 78' lang='lat' dir='ltr'><strong>docete,</strong></span> <span class='ocrx_word' id='word_1_228' title='bbox 1460 2360 1526 2397; x_wconf 87' lang='lat' dir='ltr'><strong>ne</strong></span> <span class='ocrx_word' id='word_1_229' title='bbox 1567 2346 1787 2399; x_wconf 81' lang='lat' dir='ltr'><strong>mundus</strong></span> 
     </span>
    </p>
   </div>
   <div class='ocr_carea' id='block_1_35' title="bbox 244 2420 1787 2489">
    <p class='ocr_par' dir='ltr' id='par_1_35' title="bbox 244 2420 1787 2489">
     <span class='ocr_line' id='line_1_35' title="bbox 244 2420 1787 2489; baseline -0.001 -17"><span class='ocrx_word' id='word_1_230' title='bbox 244 2422 410 2489; x_wconf 72' lang='lat' dir='ltr'><strong>audiat,</strong></span> <span class='ocrx_word' id='word_1_231' title='bbox 432 2440 490 2477; x_wconf 85' lang='lat' dir='ltr'><strong>ne</strong></span> <span class='ocrx_word' id='word_1_232' title='bbox 512 2420 753 2476; x_wconf 76' lang='lat' dir='ltr'><strong>Ecclesia</strong></span> <span class='ocrx_word' id='word_1_233' title='bbox 774 2420 935 2485; x_wconf 88' lang='lat' dir='ltr'><strong>sciat;</strong></span> <span class='ocrx_word' id='word_1_234' title='bbox 961 2420 1137 2489; x_wconf 79' lang='lat' dir='ltr'><strong>paucis</strong></span> <span class='ocrx_word' id='word_1_235' title='bbox 1152 2431 1374 2489; x_wconf 79' lang='lat' dir='ltr'><strong>namque</strong></span> <span class='ocrx_word' id='word_1_236' title='bbox 1396 2431 1691 2489; x_wconf 83' lang='lat' dir='ltr'><strong>concessum</strong></span> <span class='ocrx_word' id='word_1_237' title='bbox 1714 2426 1787 2470; x_wconf 90' lang='lat' dir='ltr'><strong>est</strong></span> 
     </span>
    </p>
   </div>
   <div class='ocr_carea' id='block_1_36' title="bbox 244 2486 1787 2564">
    <p class='ocr_par' dir='ltr' id='par_1_36' title="bbox 244 2486 1787 2564">
     <span class='ocr_line' id='line_1_36' title="bbox 244 2486 1787 2564; baseline -0.004 -18"><span class='ocrx_word' id='word_1_238' title='bbox 244 2494 345 2546; x_wconf 84' lang='lat' dir='ltr'><strong>tanti</strong></span> <span class='ocrx_word' id='word_1_239' title='bbox 367 2486 577 2564; x_wconf 75' lang='lat' dir='ltr'><strong>mysterii</strong></span> <span class='ocrx_word' id='word_1_240' title='bbox 610 2506 789 2562; x_wconf 79' lang='lat' dir='ltr'><strong>capere</strong></span> <span class='ocrx_word' id='word_1_241' title='bbox 815 2486 1088 2564; x_wconf 67' lang='lat' dir='ltr'><strong>secretum.</strong></span> <span class='ocrx_word' id='word_1_242' title='bbox 1114 2487 1303 2564; x_wconf 84' lang='lat' dir='ltr'><strong>Nonne</strong></span> <span class='ocrx_word' id='word_1_243' title='bbox 1333 2487 1453 2564; x_wconf 51' lang='lat' dir='ltr'><strong>[toto</strong></span> <span class='ocrx_word' id='word_1_244' title='bbox 1478 2486 1630 2564; x_wconf 65' lang='lat' dir='ltr'><strong>verba</strong></span> <span class='ocrx_word' id='word_1_245' title='bbox 1665 2496 1787 2541; x_wconf 89' lang='lat' dir='ltr'><strong>sunt</strong></span> 
     </span>
    </p>
   </div>
   <div class='ocr_carea' id='block_1_37' title="bbox 242 2556 1786 2631">
    <p class='ocr_par' dir='ltr' id='par_1_37' title="bbox 242 2556 1786 2631">
     <span class='ocr_line' id='line_1_37' title="bbox 242 2556 1786 2631; baseline -0.002 -17"><span class='ocrx_word' id='word_1_246' title='bbox 242 2564 353 2617; x_wconf 78' lang='lat' dir='ltr'><strong>illius</strong></span> <span class='ocrx_word' id='word_1_247' title='bbox 374 2556 647 2618; x_wconf 66' lang='lat' dir='ltr'><strong>meretricis</strong></span> <span class='ocrx_word' id='word_1_248' title='bbox 675 2556 788 2631; x_wconf 68' lang='lat' dir='ltr'><strong>qua</strong></span> <span class='ocrx_word' id='word_1_249' title='bbox 824 2560 962 2624; x_wconf 86' lang='lat' dir='ltr'><strong>apud</strong></span> <span class='ocrx_word' id='word_1_250' title='bbox 992 2559 1286 2631; x_wconf 86' lang='lat' dir='ltr'><strong>Salomonis</strong></span> <span class='ocrx_word' id='word_1_251' title='bbox 1324 2556 1599 2631; x_wconf 76' lang='lat' dir='ltr'><strong>Proverbia</strong></span> <span class='ocrx_word' id='word_1_252' title='bbox 1636 2570 1786 2631; x_wconf 79' lang='lat' dir='ltr'><strong>vacat</strong></span> 
     </span>
    </p>
   </div>
   <div class='ocr_carea' id='block_1_38' title="bbox 241 2629 1782 2705">
    <p class='ocr_par' dir='ltr' id='par_1_38' title="bbox 241 2629 1782 2705">
     <span class='ocr_line' id='line_1_38' title="bbox 241 2629 1782 2705; baseline -0.002 -20"><span class='ocrx_word' id='word_1_253' title='bbox 241 2634 366 2705; x_wconf 85' lang='lat' dir='ltr'><strong>sd_se</strong></span> <span class='ocrx_word' id='word_1_254' title='bbox 388 2629 746 2705; x_wconf 70' lang='lat' dir='ltr'><strong>praetereuntes</strong></span> <span class='ocrx_word' id='word_1_255' title='bbox 772 2632 928 2696; x_wconf 87' lang='lat' dir='ltr'><strong>viam,</strong></span> <span class='ocrx_word' id='word_1_256' title='bbox 952 2631 1049 2705; x_wconf 78' lang='lat' dir='ltr'><strong>qui</strong></span> <span class='ocrx_word' id='word_1_257' title='bbox 1078 2630 1310 2701; x_wconf 90' lang='lat' dir='ltr'><strong>dirigunt</strong></span> <span class='ocrx_word' id='word_1_258' title='bbox 1340 2629 1434 2705; x_wconf 77' lang='lat' dir='ltr'><strong>iter</strong></span> <span class='ocrx_word' id='word_1_259' title='bbox 1461 2629 1651 2681; x_wconf 86' lang='lat' dir='ltr'><strong>suum?</strong></span> <span class='ocrx_word' id='word_1_260' title='bbox 1676 2638 1782 2683; x_wconf 85' lang='lat' dir='ltr'><strong>etc.</strong></span> 
     </span>
    </p>
   </div>
   <div class='ocr_carea' id='block_1_39' title="bbox 298 2699 1780 2773">
    <p class='ocr_par' dir='ltr' id='par_1_39' title="bbox 298 2699 1780 2773">
     <span class='ocr_line' id='line_1_39' title="bbox 298 2699 1780 2773; baseline -0.003 -16"><span class='ocrx_word' id='word_1_261' title='bbox 298 2702 357 2758; x_wconf 83' lang='lat' dir='ltr'><strong>Et</strong></span> <span class='ocrx_word' id='word_1_262' title='bbox 380 2699 554 2773; x_wconf 82' lang='lat' dir='ltr'><strong>postea</strong></span> <span class='ocrx_word' id='word_1_263' title='bbox 586 2702 766 2772; x_wconf 84' lang='lat' dir='ltr'><strong>(Ibid.</strong></span> <span class='ocrx_word' id='word_1_264' title='bbox 793 2718 908 2773; x_wconf 89' lang='lat' dir='ltr'><strong>cap.</strong></span> <span class='ocrx_word' id='word_1_265' title='bbox 939 2700 1032 2770; x_wconf 77' lang='grc'><strong>40)</strong></span> <span class='ocrx_word' id='word_1_266' title='bbox 1054 2742 1068 2766; x_wconf 86' lang='grc'><em>,</em></span> <span class='ocrx_word' id='word_1_267' title='bbox 1099 2710 1156 2773; x_wconf 84' lang='lat' dir='ltr'><strong>ut</strong></span> <span class='ocrx_word' id='word_1_268' title='bbox 1187 2699 1509 2773; x_wconf 71' lang='lat' dir='ltr'><strong>ostenderet</strong></span> <span class='ocrx_word' id='word_1_269' title='bbox 1540 2710 1625 2773; x_wconf 81' lang='lat' dir='ltr'><strong>se,</strong></span> <span class='ocrx_word' id='word_1_270' title='bbox 1659 2714 1780 2753; x_wconf 91' lang='lat' dir='ltr'><strong>cum</strong></span> 
     </span>
    </p>
   </div>
   <div class='ocr_carea' id='block_1_40' title="bbox 235 2766 1779 2839">
    <p class='ocr_par' dir='ltr' id='par_1_40' title="bbox 235 2766 1779 2839">
     <span class='ocr_line' id='line_1_40' title="bbox 235 2766 1779 2839; baseline -0.002 -13"><span class='ocrx_word' id='word_1_271' title='bbox 235 2766 465 2830; x_wconf 71' lang='lat' dir='ltr'><strong>scriberet</strong></span> <span class='ocrx_word' id='word_1_272' title='bbox 484 2766 619 2829; x_wconf 69' lang='lat' dir='ltr'><strong>moi</strong></span> <span class='ocrx_word' id='word_1_273' title='bbox 639 2774 822 2839; x_wconf 85' lang='lat' dir='ltr'><strong>allata,</strong></span> <span class='ocrx_word' id='word_1_274' title='bbox 838 2766 1075 2826; x_wconf 77' lang='lat' dir='ltr'><strong>animum</strong></span> <span class='ocrx_word' id='word_1_275' title='bbox 1099 2771 1398 2824; x_wconf 89' lang='lat' dir='ltr'><strong>intendisse</strong></span> <span class='ocrx_word' id='word_1_276' title='bbox 1416 2767 1466 2821; x_wconf 90' lang='lat' dir='ltr'><strong>in</strong></span> <span class='ocrx_word' id='word_1_277' title='bbox 1484 2766 1779 2823; x_wconf 69' lang='lat' dir='ltr'><strong>lulianum.</strong></span> 
     </span>
    </p>
   </div>
   <div class='ocr_carea' id='block_1_41' title="bbox 239 2840 1784 2913">
    <p class='ocr_par' dir='ltr' id='par_1_41' title="bbox 239 2840 1784 2913">
     <span class='ocr_line' id='line_1_41' title="bbox 239 2840 1784 2913; baseline -0.003 -16"><span class='ocrx_word' id='word_1_278' title='bbox 239 2844 308 2898; x_wconf 76' lang='lat' dir='ltr'><strong>Ne</strong></span> <span class='ocrx_word' id='word_1_279' title='bbox 327 2852 426 2911; x_wconf 76' lang='lat' dir='ltr'><strong>quis</strong></span> <span class='ocrx_word' id='word_1_280' title='bbox 446 2846 702 2912; x_wconf 80' lang='lat' dir='ltr'><strong>forsitan,</strong></span> <span class='ocrx_word' id='word_1_281' title='bbox 733 2844 1085 2913; x_wconf 62' lang='lat' dir='ltr'><strong>praetermissis</strong></span> <span class='ocrx_word' id='word_1_282' title='bbox 1111 2840 1333 2913; x_wconf 65' lang='lat' dir='ltr'><strong>(tuteris,</strong></span> <span class='ocrx_word' id='word_1_283' title='bbox 1353 2856 1407 2892; x_wconf 90' lang='lat' dir='ltr'><strong>se</strong></span> <span class='ocrx_word' id='word_1_284' title='bbox 1424 2840 1603 2913; x_wconf 71' lang='lat' dir='ltr'><strong>solum</strong></span> <span class='ocrx_word' id='word_1_285' title='bbox 1630 2840 1784 2892; x_wconf 87' lang='lat' dir='ltr'><strong>audi-</strong></span> 
     </span>
    </p>
   </div>
   <div class='ocr_carea' id='block_1_42' title="bbox 235 2909 1781 2980">
    <p class='ocr_par' dir='ltr' id='par_1_42' title="bbox 235 2909 1781 2980">
     <span class='ocr_line' id='line_1_42' title="bbox 235 2909 1781 2980; baseline -0.003 -14"><span class='ocrx_word' id='word_1_286' title='bbox 235 2916 302 2978; x_wconf 88' lang='lat' dir='ltr'><strong>ri,</strong></span> <span class='ocrx_word' id='word_1_287' title='bbox 328 2909 415 2969; x_wconf 84' lang='lat' dir='ltr'><strong>sibi</strong></span> <span class='ocrx_word' id='word_1_288' title='bbox 440 2909 537 2971; x_wconf 81' lang='lat' dir='ltr'><strong>soli</strong></span> <span class='ocrx_word' id='word_1_289' title='bbox 565 2909 710 2970; x_wconf 86' lang='lat' dir='ltr'><strong>credi</strong></span> <span class='ocrx_word' id='word_1_290' title='bbox 734 2909 1035 2980; x_wconf 80' lang='lat' dir='ltr'><strong>arrogaret,</strong></span> <span class='ocrx_word' id='word_1_291' title='bbox 1068 2912 1225 2980; x_wconf 88' lang='lat' dir='ltr'><strong>paulo</strong></span> <span class='ocrx_word' id='word_1_292' title='bbox 1247 2920 1360 2980; x_wconf 90' lang='lat' dir='ltr'><strong>post</strong></span> <span class='ocrx_word' id='word_1_293' title='bbox 1384 2909 1457 2963; x_wconf 87' lang='lat' dir='ltr'><strong>ait</strong></span> <span class='ocrx_word' id='word_1_294' title='bbox 1481 2925 1499 2963; x_wconf 93' lang='lat'><strong><em>:</em></strong></span> <span class='ocrx_word' id='word_1_295' title='bbox 1527 2910 1605 2961; x_wconf 78' lang='lat' dir='ltr'><strong>An</strong></span> <span class='ocrx_word' id='word_1_296' title='bbox 1636 2926 1667 2961; x_wconf 92' lang='lat' dir='ltr'><strong>a</strong></span> <span class='ocrx_word' id='word_1_297' title='bbox 1692 2926 1781 2962; x_wconf 81' lang='lat' dir='ltr'><strong>vo-</strong></span> 
     </span>
    </p>
   </div>
   <div class='ocr_carea' id='block_1_43' title="bbox 236 2971 1781 3056">
    <p class='ocr_par' dir='ltr' id='par_1_43' title="bbox 236 2971 1781 3056">
     <span class='ocr_line' id='line_1_43' title="bbox 236 2971 1781 3056; baseline -0.001 -20"><span class='ocrx_word' id='word_1_298' title='bbox 236 2971 313 3048; x_wconf 69' lang='lat' dir='ltr'><strong>bit,</strong></span> <span class='ocrx_word' id='word_1_299' title='bbox 347 2988 536 3056; x_wconf 78' lang='lat' dir='ltr'><strong>inquit,</strong></span> <span class='ocrx_word' id='word_1_300' title='bbox 585 2986 793 3040; x_wconf 90' lang='lat' dir='ltr'><strong>verbum</strong></span> <span class='ocrx_word' id='word_1_301' title='bbox 840 2971 934 3038; x_wconf 74' lang='lat' dir='ltr'><strong>Dei</strong></span> <span class='ocrx_word' id='word_1_302' title='bbox 976 2971 1257 3056; x_wconf 69' lang='lat' dir='ltr'><strong>processit?</strong></span> <span class='ocrx_word' id='word_1_303' title='bbox 1295 2980 1396 3056; x_wconf 78' lang='lat' dir='ltr'><strong>Aut</strong></span> <span class='ocrx_word' id='word_1_304' title='bbox 1429 2980 1483 3032; x_wconf 89' lang='lat' dir='ltr'><strong>in</strong></span> <span class='ocrx_word' id='word_1_305' title='bbox 1524 2995 1611 3056; x_wconf 78' lang='lat' dir='ltr'><strong>vos</strong></span> <span class='ocrx_word' id='word_1_306' title='bbox 1643 2981 1781 3035; x_wconf 86' lang='lat' dir='ltr'><strong>solas</strong></span> 
     </span>
    </p>
   </div>
   <div class='ocr_carea' id='block_1_44' title="bbox 234 3051 1776 3124">
    <p class='ocr_par' dir='ltr' id='par_1_44' title="bbox 234 3051 1776 3124">
     <span class='ocr_line' id='line_1_44' title="bbox 234 3051 1776 3124; baseline -0.002 -18"><span class='ocrx_word' id='word_1_307' title='bbox 234 3051 445 3111; x_wconf 72' lang='lat' dir='ltr'><strong>devenit?</strong></span> <span class='ocrx_word' id='word_1_308' title='bbox 477 3056 578 3123; x_wconf 87' lang='lat' dir='ltr'><strong>Et,</strong></span> <span class='ocrx_word' id='word_1_309' title='bbox 622 3072 686 3110; x_wconf 88' lang='lat' dir='ltr'><strong>ne</strong></span> <span class='ocrx_word' id='word_1_310' title='bbox 719 3057 817 3108; x_wconf 87' lang='lat' dir='ltr'><strong>hac</strong></span> <span class='ocrx_word' id='word_1_311' title='bbox 859 3054 1008 3124; x_wconf 87' lang='lat' dir='ltr'><strong>quasi</strong></span> <span class='ocrx_word' id='word_1_312' title='bbox 1047 3051 1395 3124; x_wconf 84' lang='lat' dir='ltr'><strong>perfunctorie</strong></span> <span class='ocrx_word' id='word_1_313' title='bbox 1438 3051 1776 3124; x_wconf 77' lang='lat' dir='ltr'><strong>acciperetur,</strong></span> 
     </span>
    </p>
   </div>
   <div class='ocr_carea' id='block_1_45' title="bbox 231 3122 1777 3198">
    <p class='ocr_par' dir='ltr' id='par_1_45' title="bbox 231 3122 1777 3198">
     <span class='ocr_line' id='line_1_45' title="bbox 231 3122 1777 3198; baseline -0.004 -19"><span class='ocrx_word' id='word_1_314' title='bbox 231 3126 387 3198; x_wconf 78' lang='lat' dir='ltr'><strong>adjecit</strong></span> <span class='ocrx_word' id='word_1_315' title='bbox 410 3143 428 3181; x_wconf 91' lang='lat'><strong><em>:</em></strong></span> <span class='ocrx_word' id='word_1_316' title='bbox 457 3128 518 3183; x_wconf 86' lang='lat' dir='ltr'><strong>Si</strong></span> <span class='ocrx_word' id='word_1_317' title='bbox 548 3122 903 3198; x_wconf 13' lang='lat' dir='ltr'><strong>quis,iinquit,</strong></span> <span class='ocrx_word' id='word_1_318' title='bbox 930 3122 1126 3177; x_wconf 81' lang='lat' dir='ltr'><strong>videtur</strong></span> <span class='ocrx_word' id='word_1_319' title='bbox 1151 3122 1403 3198; x_wconf 81' lang='lat' dir='ltr'><strong>propheta</strong></span> <span class='ocrx_word' id='word_1_320' title='bbox 1428 3136 1537 3173; x_wconf 84' lang='lat' dir='ltr'><strong>esse</strong></span> <span class='ocrx_word' id='word_1_321' title='bbox 1556 3130 1646 3172; x_wconf 89' lang='lat' dir='ltr'><strong>aut</strong></span> <span class='ocrx_word' id='word_1_322' title='bbox 1667 3122 1777 3191; x_wconf 87' lang='lat' dir='ltr'><strong>spi-</strong></span> 
     </span>
    </p>
   </div>
   <div class='ocr_carea' id='block_1_46' title="bbox 1894 1432 3477 1506">
    <p class='ocr_par' dir='ltr' id='par_1_46' title="bbox 1894 1432 3477 1506">
     <span class='ocr_line' id='line_1_46' title="bbox 1894 1432 3477 1506; baseline 0.005 -22"><span class='ocrx_word' id='word_1_323' title='bbox 1894 1432 2062 1487; x_wconf 79' lang='lat' dir='ltr'><strong>clesia:</strong></span> <span class='ocrx_word' id='word_1_324' title='bbox 2086 1436 2367 1504; x_wconf 87' lang='lat' dir='ltr'><strong>pervenire,</strong></span> <span class='ocrx_word' id='word_1_325' title='bbox 2398 1452 2499 1489; x_wconf 89' lang='lat' dir='ltr'><strong>non</strong></span> <span class='ocrx_word' id='word_1_326' title='bbox 2534 1436 2875 1506; x_wconf 87' lang='lat' dir='ltr'><strong>intelligentes</strong></span> <span class='ocrx_word' id='word_1_327' title='bbox 2914 1446 3159 1505; x_wconf 88' lang='lat' dir='ltr'><strong>quantum</strong></span> <span class='ocrx_word' id='word_1_328' title='bbox 3186 1436 3267 1490; x_wconf 86' lang='lat' dir='ltr'><strong>Itis</strong></span> <span class='ocrx_word' id='word_1_329' title='bbox 3294 1446 3477 1492; x_wconf 83' lang='lat' dir='ltr'><strong>contu—</strong></span> 
     </span>
    </p>
   </div>
   <div class='ocr_carea' id='block_1_47' title="bbox 1894 1506 3476 1577">
    <p class='ocr_par' dir='ltr' id='par_1_47' title="bbox 1894 1506 3476 1577">
     <span class='ocr_line' id='line_1_47' title="bbox 1894 1506 3476 1577; baseline 0.002 -19"><span class='ocrx_word' id='word_1_330' title='bbox 1894 1506 2044 1577; x_wconf 80' lang='lat' dir='ltr'><strong>lerint</strong></span> <span class='ocrx_word' id='word_1_331' title='bbox 2085 1506 2321 1577; x_wconf 77' lang='lat' dir='ltr'><strong>honoris,</strong></span> <span class='ocrx_word' id='word_1_332' title='bbox 2352 1522 2573 1575; x_wconf 87' lang='lat' dir='ltr'><strong>quorum</strong></span> <span class='ocrx_word' id='word_1_333' title='bbox 2614 1509 2942 1560; x_wconf 82' lang='lat' dir='ltr'><strong>ostenderunt</strong></span> <span class='ocrx_word' id='word_1_334' title='bbox 2975 1509 3190 1577; x_wconf 84' lang='lat' dir='ltr'><strong>gloriam</strong></span> <span class='ocrx_word' id='word_1_335' title='bbox 3225 1508 3323 1561; x_wconf 83' lang='lat' dir='ltr'><strong>nisi</strong></span> <span class='ocrx_word' id='word_1_336' title='bbox 3359 1525 3476 1561; x_wconf 90' lang='lat' dir='ltr'><strong>cum</strong></span> 
     </span>
    </p>
   </div>
   <div class='ocr_carea' id='block_1_48' title="bbox 1892 1574 3473 1647">
    <p class='ocr_par' dir='ltr' id='par_1_48' title="bbox 1892 1574 3473 1647">
     <span class='ocr_line' id='line_1_48' title="bbox 1892 1574 3473 1647; baseline 0.002 -19"><span class='ocrx_word' id='word_1_337' title='bbox 1892 1575 2144 1647; x_wconf 83' lang='lat' dir='ltr'><strong>catholica</strong></span> <span class='ocrx_word' id='word_1_338' title='bbox 2181 1574 2429 1646; x_wconf 79' lang='lat' dir='ltr'><strong>religione</strong></span> <span class='ocrx_word' id='word_1_339' title='bbox 2468 1593 2567 1628; x_wconf 90' lang='lat' dir='ltr'><strong>non</strong></span> <span class='ocrx_word' id='word_1_340' title='bbox 2596 1580 2819 1647; x_wconf 87' lang='lat' dir='ltr'><strong>potuisse</strong></span> <span class='ocrx_word' id='word_1_341' title='bbox 2856 1574 3089 1630; x_wconf 76' lang='lat' dir='ltr'><strong>convelli.</strong></span> <span class='ocrx_word' id='word_1_342' title='bbox 3122 1575 3260 1647; x_wconf 82' lang='lat' dir='ltr'><strong>Nam</strong></span> <span class='ocrx_word' id='word_1_343' title='bbox 3289 1577 3331 1630; x_wconf 96' lang='lat' dir='ltr'><strong>si</strong></span> <span class='ocrx_word' id='word_1_344' title='bbox 3359 1580 3473 1646; x_wconf 84' lang='lat' dir='ltr'><strong>quis</strong></span> 
     </span>
    </p>
   </div>
   <div class='ocr_carea' id='block_1_49' title="bbox 1891 1646 3475 1710">
    <p class='ocr_par' dir='ltr' id='par_1_49' title="bbox 1891 1646 3475 1710">
     <span class='ocr_line' id='line_1_49' title="bbox 1891 1646 3475 1710; baseline 0.003 -12"><span class='ocrx_word' id='word_1_345' title='bbox 1891 1658 1982 1700; x_wconf 87' lang='lat' dir='ltr'><strong>aut</strong></span> <span class='ocrx_word' id='word_1_346' title='bbox 2021 1646 2237 1699; x_wconf 87' lang='lat' dir='ltr'><strong>liberum</strong></span> <span class='ocrx_word' id='word_1_347' title='bbox 2271 1647 2324 1699; x_wconf 91' lang='lat' dir='ltr'><strong>in</strong></span> <span class='ocrx_word' id='word_1_348' title='bbox 2363 1646 2650 1700; x_wconf 86' lang='lat' dir='ltr'><strong>hominibus</strong></span> <span class='ocrx_word' id='word_1_349' title='bbox 2692 1649 2996 1710; x_wconf 81' lang='lat' dir='ltr'><strong>arbitrium,</strong></span> <span class='ocrx_word' id='word_1_350' title='bbox 3039 1659 3125 1700; x_wconf 88' lang='lat' dir='ltr'><strong>aut</strong></span> <span class='ocrx_word' id='word_1_351' title='bbox 3162 1646 3327 1700; x_wconf 88' lang='lat' dir='ltr'><strong>Deum</strong></span> <span class='ocrx_word' id='word_1_352' title='bbox 3365 1665 3475 1703; x_wconf 88' lang='lat' dir='ltr'><strong>esse</strong></span> 
     </span>
    </p>
   </div>
   <div class='ocr_carea' id='block_1_50' title="bbox 1891 1717 3470 1790">
    <p class='ocr_par' dir='ltr' id='par_1_50' title="bbox 1891 1717 3470 1790">
     <span class='ocr_line' id='line_1_50' title="bbox 1891 1717 3470 1790; baseline 0.002 -22"><span class='ocrx_word' id='word_1_353' title='bbox 1891 1717 2211 1770; x_wconf 87' lang='lat' dir='ltr'><strong>nascentium</strong></span> <span class='ocrx_word' id='word_1_354' title='bbox 2234 1718 2550 1790; x_wconf 66' lang='lat' dir='ltr'><strong>conditorem</strong></span> <span class='ocrx_word' id='word_1_355' title='bbox 2574 1718 2777 1779; x_wconf 73' lang='lat' dir='ltr'><strong>dixerit,</strong></span> <span class='ocrx_word' id='word_1_356' title='bbox 2805 1717 3136 1790; x_wconf 65' lang='lat' dir='ltr'><strong>Ctelcstianus</strong></span> <span class='ocrx_word' id='word_1_357' title='bbox 3158 1729 3203 1790; x_wconf 77' lang='lat' dir='ltr'><strong>et</strong></span> <span class='ocrx_word' id='word_1_358' title='bbox 3224 1717 3470 1790; x_wconf 70' lang='lat' dir='ltr'><strong>Pelagia-</strong></span> 
     </span>
    </p>
   </div>
   <div class='ocr_carea' id='block_1_51' title="bbox 1890 1785 3473 1856">
    <p class='ocr_par' dir='ltr' id='par_1_51' title="bbox 1890 1785 3473 1856">
     <span class='ocr_line' id='line_1_51' title="bbox 1890 1785 3473 1856; baseline 0.002 -18"><span class='ocrx_word' id='word_1_359' title='bbox 1890 1803 1987 1839; x_wconf 89' lang='lat' dir='ltr'><strong>nus</strong></span> <span class='ocrx_word' id='word_1_360' title='bbox 2030 1794 2256 1840; x_wconf 83' lang='lat' dir='ltr'><strong>vocatur.</strong></span> <span class='ocrx_word' id='word_1_361' title='bbox 2285 1785 2368 1839; x_wconf 90' lang='lat' dir='ltr'><strong>Ne</strong></span> <span class='ocrx_word' id='word_1_362' title='bbox 2390 1788 2547 1856; x_wconf 86' lang='lat' dir='ltr'><strong>igitur</strong></span> <span class='ocrx_word' id='word_1_363' title='bbox 2572 1798 2812 1841; x_wconf 83' lang='lat' dir='ltr'><strong>vocentur</strong></span> <span class='ocrx_word' id='word_1_364' title='bbox 2848 1788 3107 1854; x_wconf 69' lang='lat' dir='ltr'><strong>hmretici,</strong></span> <span class='ocrx_word' id='word_1_365' title='bbox 3141 1788 3271 1855; x_wconf 83' lang='lat' dir='ltr'><strong>ﬁunt</strong></span> <span class='ocrx_word' id='word_1_366' title='bbox 3299 1785 3473 1841; x_wconf 74' lang='lat' dir='ltr'><strong>Muni-</strong></span> 
     </span>
    </p>
   </div>
   <div class='ocr_carea' id='block_1_52' title="bbox 1815 1839 3468 1927">
    <p class='ocr_par' dir='ltr' id='par_1_52' title="bbox 1815 1839 3468 1927">
     <span class='ocr_line' id='line_1_52' title="bbox 1815 1839 3468 1927; baseline 0.002 -18"><span class='ocrx_word' id='word_1_367' title='bbox 1815 1839 1865 1898; x_wconf 81' lang='grc' dir='ltr'><strong>Β</strong></span> <span class='ocrx_word' id='word_1_368' title='bbox 1890 1856 2060 1921; x_wconf 71' lang='lat' dir='ltr'><strong>citati;</strong></span> <span class='ocrx_word' id='word_1_369' title='bbox 2091 1867 2137 1911; x_wconf 88' lang='lat' dir='ltr'><strong>et</strong></span> <span class='ocrx_word' id='word_1_370' title='bbox 2174 1859 2298 1909; x_wconf 90' lang='lat' dir='ltr'><strong>dum</strong></span> <span class='ocrx_word' id='word_1_371' title='bbox 2340 1839 2528 1924; x_wconf 56' lang='lat' dir='ltr'><strong>[aliam</strong></span> <span class='ocrx_word' id='word_1_372' title='bbox 2566 1869 2802 1911; x_wconf 86' lang='lat' dir='ltr'><strong>verentur</strong></span> <span class='ocrx_word' id='word_1_373' title='bbox 2828 1839 3107 1927; x_wconf 63' lang='lat' dir='ltr'><strong>infamiani</strong></span> <span class='ocrx_word' id='word_1_374' title='bbox 3120 1839 3336 1925; x_wconf 52' lang='lat' dir='ltr'><strong>,&#39;verum</strong></span> <span class='ocrx_word' id='word_1_375' title='bbox 3365 1862 3468 1913; x_wconf 85' lang='lat' dir='ltr'><strong>cri-</strong></span> 
     </span>
    </p>
   </div>
   <div class='ocr_carea' id='block_1_53' title="bbox 1891 1928 3471 1997">
    <p class='ocr_par' dir='ltr' id='par_1_53' title="bbox 1891 1928 3471 1997">
     <span class='ocr_line' id='line_1_53' title="bbox 1891 1928 3471 1997; baseline 0.001 -17"><span class='ocrx_word' id='word_1_376' title='bbox 1891 1944 2005 1981; x_wconf 86' lang='lat' dir='ltr'><strong>men</strong></span> <span class='ocrx_word' id='word_1_377' title='bbox 2031 1929 2300 1980; x_wconf 89' lang='lat' dir='ltr'><strong>incurrunt</strong></span> <span class='ocrx_word' id='word_1_378' title='bbox 2327 1929 2485 1982; x_wconf 88' lang='lat' dir='ltr'><strong>instar</strong></span> <span class='ocrx_word' id='word_1_379' title='bbox 2512 1928 2759 1992; x_wconf 82' lang='lat' dir='ltr'><strong>ferarum,</strong></span> <span class='ocrx_word' id='word_1_380' title='bbox 2790 1945 2904 1997; x_wconf 82' lang='lat' dir='ltr'><strong>qute</strong></span> <span class='ocrx_word' id='word_1_381' title='bbox 2936 1928 3324 1981; x_wconf 83' lang='lat' dir='ltr'><strong>circumdantur</strong></span> <span class='ocrx_word' id='word_1_382' title='bbox 3356 1930 3471 1995; x_wconf 88' lang='lat' dir='ltr'><strong>pin-</strong></span> 
     </span>
    </p>
   </div>
   <div class='ocr_carea' id='block_1_54' title="bbox 1888 1999 3466 2069">
    <p class='ocr_par' dir='ltr' id='par_1_54' title="bbox 1888 1999 3466 2069">
     <span class='ocr_line' id='line_1_54' title="bbox 1888 1999 3466 2069; baseline 0.001 -17"><span class='ocrx_word' id='word_1_383' title='bbox 1888 2000 2001 2062; x_wconf 88' lang='lat' dir='ltr'><strong>nis,</strong></span> <span class='ocrx_word' id='word_1_384' title='bbox 2031 2009 2085 2050; x_wconf 90' lang='lat' dir='ltr'><strong>ut</strong></span> <span class='ocrx_word' id='word_1_385' title='bbox 2107 2006 2357 2069; x_wconf 85' lang='lat' dir='ltr'><strong>cogantur</strong></span> <span class='ocrx_word' id='word_1_386' title='bbox 2385 1999 2437 2051; x_wconf 88' lang='lat' dir='ltr'><strong>in</strong></span> <span class='ocrx_word' id='word_1_387' title='bbox 2466 2000 2623 2064; x_wconf 86' lang='lat' dir='ltr'><strong>retia,</strong></span> <span class='ocrx_word' id='word_1_388' title='bbox 2658 2000 2841 2069; x_wconf 86' lang='lat' dir='ltr'><strong>quibus</strong></span> <span class='ocrx_word' id='word_1_389' title='bbox 2863 2001 3103 2069; x_wconf 85' lang='lat' dir='ltr'><strong>quoniam</strong></span> <span class='ocrx_word' id='word_1_390' title='bbox 3141 1999 3282 2052; x_wconf 87' lang='lat' dir='ltr'><strong>deest</strong></span> <span class='ocrx_word' id='word_1_391' title='bbox 3311 2002 3466 2064; x_wconf 89' lang='lat' dir='ltr'><strong>ratio,</strong></span> 
     </span>
    </p>
   </div>
   <div class='ocr_carea' id='block_1_55' title="bbox 1887 2068 3264 2137">
    <p class='ocr_par' dir='ltr' id='par_1_55' title="bbox 1887 2068 3264 2137">
     <span class='ocr_line' id='line_1_55' title="bbox 1887 2068 3264 2137; baseline 0.001 -16"><span class='ocrx_word' id='word_1_392' title='bbox 1887 2071 1942 2121; x_wconf 86' lang='lat' dir='ltr'><strong>in</strong></span> <span class='ocrx_word' id='word_1_393' title='bbox 1972 2084 2143 2122; x_wconf 89' lang='lat' dir='ltr'><strong>verum</strong></span> <span class='ocrx_word' id='word_1_394' title='bbox 2172 2068 2384 2121; x_wconf 77' lang='lat' dir='ltr'><strong>exitium</strong></span> <span class='ocrx_word' id='word_1_395' title='bbox 2408 2084 2541 2121; x_wconf 89' lang='lat' dir='ltr'><strong>vana</strong></span> <span class='ocrx_word' id='word_1_396' title='bbox 2567 2068 2841 2137; x_wconf 79' lang='lat' dir='ltr'><strong>formidine</strong></span> <span class='ocrx_word' id='word_1_397' title='bbox 2868 2068 3264 2123; x_wconf 88' lang='lat' dir='ltr'><strong>contruduntur.</strong></span> 
     </span>
    </p>
   </div>
   <div class='ocr_carea' id='block_1_56' title="bbox 1932 2138 3471 2206">
    <p class='ocr_par' dir='ltr' id='par_1_56' title="bbox 1932 2138 3471 2206">
     <span class='ocr_line' id='line_1_56' title="bbox 1932 2138 3471 2206; baseline 0.003 -16"><span class='ocrx_word' id='word_1_398' title='bbox 1932 2158 1937 2161; x_wconf 91' lang='grc'><strong>·</strong></span> <span class='ocrx_word' id='word_1_399' title='bbox 1962 2139 2133 2204; x_wconf 87' lang='lat' dir='ltr'><strong>Quam</strong></span> <span class='ocrx_word' id='word_1_400' title='bbox 2164 2138 2394 2206; x_wconf 87' lang='lat' dir='ltr'><strong>superbe</strong></span> <span class='ocrx_word' id='word_1_401' title='bbox 2423 2139 2597 2193; x_wconf 89' lang='lat' dir='ltr'><strong>aliena</strong></span> <span class='ocrx_word' id='word_1_402' title='bbox 2624 2140 2872 2206; x_wconf 86' lang='lat' dir='ltr'><strong>despicit,</strong></span> <span class='ocrx_word' id='word_1_403' title='bbox 2902 2141 3066 2193; x_wconf 88' lang='lat' dir='ltr'><strong>immo</strong></span> <span class='ocrx_word' id='word_1_404' title='bbox 3093 2149 3147 2193; x_wconf 90' lang='lat' dir='ltr'><strong>et</strong></span> <span class='ocrx_word' id='word_1_405' title='bbox 3178 2140 3471 2194; x_wconf 88' lang='lat' dir='ltr'><strong>calumnia-</strong></span> 
     </span>
    </p>
   </div>
   <div class='ocr_carea' id='block_1_57' title="bbox 1889 2207 3472 2281">
    <p class='ocr_par' dir='ltr' id='par_1_57' title="bbox 1889 2207 3472 2281">
     <span class='ocr_line' id='line_1_57' title="bbox 1889 2207 3472 2281; baseline -0.001 -18"><span class='ocrx_word' id='word_1_406' title='bbox 1889 2216 1974 2281; x_wconf 81' lang='lat' dir='ltr'><strong>tur</strong></span> <span class='ocrx_word' id='word_1_407' title='bbox 2000 2207 2148 2281; x_wconf 87' lang='lat' dir='ltr'><strong>(Lib.</strong></span> <span class='ocrx_word' id='word_1_408' title='bbox 2172 2224 2218 2281; x_wconf 66' lang='grc' dir='ltr'><strong>Διι</strong></span> <span class='ocrx_word' id='word_1_409' title='bbox 2258 2207 2442 2281; x_wconf 77' lang='lat' dir='ltr'><strong>Operis</strong></span> <span class='ocrx_word' id='word_1_410' title='bbox 2471 2208 2767 2278; x_wconf 80' lang='lat' dir='ltr'><strong>Imperfecti</strong></span> <span class='ocrx_word' id='word_1_411' title='bbox 2792 2227 2839 2263; x_wconf 92' lang='lat' dir='ltr'><strong>c.</strong></span> <span class='ocrx_word' id='word_1_412' title='bbox 2877 2210 2998 2279; x_wconf 74' lang='lat'><strong>10)!</strong></span> <span class='ocrx_word' id='word_1_413' title='bbox 3026 2209 3336 2279; x_wconf 82' lang='lat' dir='ltr'><strong>Eripiuntur</strong></span> <span class='ocrx_word' id='word_1_414' title='bbox 3364 2208 3472 2281; x_wconf 81' lang='lat' dir='ltr'><strong>Ec-</strong></span> 
     </span>
    </p>
   </div>
   <div class='ocr_carea' id='block_1_58' title="bbox 1886 2278 3464 2349">
    <p class='ocr_par' dir='ltr' id='par_1_58' title="bbox 1886 2278 3464 2349">
     <span class='ocr_line' id='line_1_58' title="bbox 1886 2278 3464 2349; baseline 0.001 -17"><span class='ocrx_word' id='word_1_415' title='bbox 1886 2278 2055 2333; x_wconf 73' lang='lat' dir='ltr'><strong>clesia:</strong></span> <span class='ocrx_word' id='word_1_416' title='bbox 2091 2278 2439 2349; x_wconf 88' lang='lat' dir='ltr'><strong>gubernacula</strong></span> <span class='ocrx_word' id='word_1_417' title='bbox 2470 2281 2708 2345; x_wconf 88' lang='lat' dir='ltr'><strong>rationis,</strong></span> <span class='ocrx_word' id='word_1_418' title='bbox 2741 2291 2796 2332; x_wconf 89' lang='lat' dir='ltr'><strong>ut</strong></span> <span class='ocrx_word' id='word_1_419' title='bbox 2838 2278 3001 2333; x_wconf 85' lang='lat' dir='ltr'><strong>erecto</strong></span> <span class='ocrx_word' id='word_1_420' title='bbox 3044 2278 3205 2332; x_wconf 86' lang='lat' dir='ltr'><strong>cornu</strong></span> <span class='ocrx_word' id='word_1_421' title='bbox 3246 2280 3464 2349; x_wconf 76' lang='lat' dir='ltr'><strong>veliﬁcet</strong></span> 
     </span>
    </p>
   </div>
   <div class='ocr_carea' id='block_1_59' title="bbox 1888 2350 3466 2420">
    <p class='ocr_par' dir='ltr' id='par_1_59' title="bbox 1888 2350 3466 2420">
     <span class='ocr_line' id='line_1_59' title="bbox 1888 2350 3466 2420; baseline 0.001 -18"><span class='ocrx_word' id='word_1_422' title='bbox 1888 2350 2075 2420; x_wconf 81' lang='lat' dir='ltr'><strong>dogma</strong></span> <span class='ocrx_word' id='word_1_423' title='bbox 2100 2350 2345 2420; x_wconf 88' lang='lat' dir='ltr'><strong>populare</strong></span> <span class='ocrx_word' id='word_1_424' title='bbox 2372 2351 2494 2420; x_wconf 84' lang='lat' dir='ltr'><strong>:ita</strong></span> <span class='ocrx_word' id='word_1_425' title='bbox 2513 2367 2629 2402; x_wconf 90' lang='lat' dir='ltr'><strong>cum</strong></span> <span class='ocrx_word' id='word_1_426' title='bbox 2658 2351 2991 2417; x_wconf 75' lang='lat' dir='ltr'><strong>prudentibus</strong></span> <span class='ocrx_word' id='word_1_427' title='bbox 3017 2366 3201 2420; x_wconf 87' lang='lat' dir='ltr'><strong>parum</strong></span> <span class='ocrx_word' id='word_1_428' title='bbox 3229 2351 3369 2417; x_wconf 90' lang='lat' dir='ltr'><strong>licet,</strong></span> <span class='ocrx_word' id='word_1_429' title='bbox 3391 2352 3466 2403; x_wconf 81' lang='lat' dir='ltr'><strong>vi-</strong></span> 
     </span>
    </p>
   </div>
   <div class='ocr_carea' id='block_1_60' title="bbox 1885 2418 3468 2487">
    <p class='ocr_par' dir='ltr' id='par_1_60' title="bbox 1885 2418 3468 2487">
     <span class='ocr_line' id='line_1_60' title="bbox 1885 2418 3468 2487; baseline 0.003 -16"><span class='ocrx_word' id='word_1_430' title='bbox 1885 2418 2019 2472; x_wconf 87' lang='lat' dir='ltr'><strong>libus</strong></span> <span class='ocrx_word' id='word_1_431' title='bbox 2049 2418 2219 2473; x_wconf 84' lang='lat' dir='ltr'><strong>autem</strong></span> <span class='ocrx_word' id='word_1_432' title='bbox 2252 2419 2510 2487; x_wconf 84' lang='lat' dir='ltr'><strong>quodlibet</strong></span> <span class='ocrx_word' id='word_1_433' title='bbox 2537 2421 2691 2474; x_wconf 88' lang='lat' dir='ltr'><strong>etiam</strong></span> <span class='ocrx_word' id='word_1_434' title='bbox 2730 2428 2900 2481; x_wconf 86' lang='lat' dir='ltr'><strong>decet,</strong></span> <span class='ocrx_word' id='word_1_435' title='bbox 2928 2418 3233 2474; x_wconf 83' lang='lat' dir='ltr'><strong>seditionum</strong></span> <span class='ocrx_word' id='word_1_436' title='bbox 3257 2421 3468 2475; x_wconf 81' lang='lat' dir='ltr'><strong>decreto</strong></span> 
     </span>
    </p>
   </div>
   <div class='ocr_carea' id='block_1_61' title="bbox 1886 2490 3469 2560">
    <p class='ocr_par' dir='ltr' id='par_1_61' title="bbox 1886 2490 3469 2560">
     <span class='ocr_line' id='line_1_61' title="bbox 1886 2490 3469 2560; baseline 0.003 -18"><span class='ocrx_word' id='word_1_437' title='bbox 1886 2491 2096 2543; x_wconf 75' lang='lat' dir='ltr'><strong>exclusa</strong></span> <span class='ocrx_word' id='word_1_438' title='bbox 2130 2500 2203 2544; x_wconf 88' lang='lat' dir='ltr'><strong>est</strong></span> <span class='ocrx_word' id='word_1_439' title='bbox 2234 2491 2299 2543; x_wconf 90' lang='lat' dir='ltr'><strong>de</strong></span> <span class='ocrx_word' id='word_1_440' title='bbox 2321 2490 2563 2544; x_wconf 82' lang='lat' dir='ltr'><strong>Ecclesiis</strong></span> <span class='ocrx_word' id='word_1_441' title='bbox 2598 2507 2812 2544; x_wconf 89' lang='lat' dir='ltr'><strong>censura</strong></span> <span class='ocrx_word' id='word_1_442' title='bbox 2846 2492 3089 2544; x_wconf 85' lang='lat' dir='ltr'><strong>virtutum</strong></span> <span class='ocrx_word' id='word_1_443' title='bbox 3108 2532 3122 2554; x_wconf 94' lang='lat'><strong>,</strong></span> <span class='ocrx_word' id='word_1_444' title='bbox 3155 2507 3346 2560; x_wconf 88' lang='lat' dir='ltr'><strong>nosque</strong></span> <span class='ocrx_word' id='word_1_445' title='bbox 3368 2491 3469 2546; x_wconf 85' lang='lat' dir='ltr'><strong>hoc</strong></span> 
     </span>
    </p>
   </div>
   <div class='ocr_carea' id='block_1_62' title="bbox 1885 2561 3467 2631">
    <p class='ocr_par' dir='ltr' id='par_1_62' title="bbox 1885 2561 3467 2631">
     <span class='ocr_line' id='line_1_62' title="bbox 1885 2561 3467 2631; baseline 0.002 -19"><span class='ocrx_word' id='word_1_446' title='bbox 1885 2561 2025 2630; x_wconf 86' lang='lat' dir='ltr'><strong>apud</strong></span> <span class='ocrx_word' id='word_1_447' title='bbox 2058 2562 2285 2614; x_wconf 81' lang='lat' dir='ltr'><strong>homines</strong></span> <span class='ocrx_word' id='word_1_448' title='bbox 2311 2561 2449 2631; x_wconf 88' lang='lat' dir='ltr'><strong>vulgi</strong></span> <span class='ocrx_word' id='word_1_449' title='bbox 2475 2577 2651 2614; x_wconf 74' lang='lat' dir='ltr'><strong>exesos</strong></span> <span class='ocrx_word' id='word_1_450' title='bbox 2683 2563 2830 2630; x_wconf 80' lang='lat' dir='ltr'><strong>fecit,</strong></span> <span class='ocrx_word' id='word_1_451' title='bbox 2864 2563 2998 2630; x_wconf 89' lang='lat' dir='ltr'><strong>quod</strong></span> <span class='ocrx_word' id='word_1_452' title='bbox 3026 2561 3249 2614; x_wconf 73' lang='lat' dir='ltr'><strong>accessio</strong></span> <span class='ocrx_word' id='word_1_453' title='bbox 3278 2564 3467 2615; x_wconf 88' lang='lat' dir='ltr'><strong>erroris</strong></span> 
     </span>
    </p>
   </div>
   <div class='ocr_carea' id='block_1_63' title="bbox 1884 2632 3471 2703">
    <p class='ocr_par' dir='ltr' id='par_1_63' title="bbox 1884 2632 3471 2703">
     <span class='ocr_line' id='line_1_63' title="bbox 1884 2632 3471 2703; baseline 0.002 -20"><span class='ocrx_word' id='word_1_454' title='bbox 1884 2647 1994 2703; x_wconf 81' lang='lat' dir='ltr'><strong>esse</strong></span> <span class='ocrx_word' id='word_1_455' title='bbox 2015 2632 2276 2703; x_wconf 83' lang='lat' dir='ltr'><strong>renuimus</strong></span> <span class='ocrx_word' id='word_1_456' title='bbox 2301 2632 2485 2703; x_wconf 17' lang='lat' dir='ltr'><strong>.‘Avulgi</strong></span> <span class='ocrx_word' id='word_1_457' title='bbox 2502 2671 2517 2695; x_wconf 92' lang='lat'><strong>,</strong></span> <span class='ocrx_word' id='word_1_458' title='bbox 2544 2632 2783 2700; x_wconf 88' lang='lat' dir='ltr'><strong>inquam,</strong></span> <span class='ocrx_word' id='word_1_459' title='bbox 2815 2633 2904 2701; x_wconf 88' lang='lat' dir='ltr'><strong>qui</strong></span> <span class='ocrx_word' id='word_1_460' title='bbox 2932 2633 3195 2685; x_wconf 77' lang='lat' dir='ltr'><strong>sententia:</strong></span> <span class='ocrx_word' id='word_1_461' title='bbox 3230 2633 3471 2687; x_wconf 88' lang='lat' dir='ltr'><strong>meritum</strong></span> 
     </span>
    </p>
   </div>
   <div class='ocr_carea' id='block_1_64' title="bbox 1884 2701 3465 2771">
    <p class='ocr_par' dir='ltr' id='par_1_64' title="bbox 1884 2701 3465 2771">
     <span class='ocr_line' id='line_1_64' title="bbox 1884 2701 3465 2771; baseline 0.001 -18"><span class='ocrx_word' id='word_1_462' title='bbox 1884 2701 1950 2754; x_wconf 90' lang='lat' dir='ltr'><strong>de</strong></span> <span class='ocrx_word' id='word_1_463' title='bbox 1988 2701 2408 2771; x_wconf 88' lang='lat' dir='ltr'><strong>prosperitatibus</strong></span> <span class='ocrx_word' id='word_1_464' title='bbox 2437 2701 2731 2771; x_wconf 85' lang='lat' dir='ltr'><strong>pandemus</strong></span> <span class='ocrx_word' id='word_1_465' title='bbox 2752 2742 2766 2766; x_wconf 95' lang='lat'><strong>,</strong></span> <span class='ocrx_word' id='word_1_466' title='bbox 2802 2718 2915 2755; x_wconf 89' lang='lat' dir='ltr'><strong>eam</strong></span> <span class='ocrx_word' id='word_1_467' title='bbox 2954 2703 3193 2755; x_wconf 77' lang='lat' dir='ltr'><strong>veriorem</strong></span> <span class='ocrx_word' id='word_1_468' title='bbox 3224 2705 3465 2765; x_wconf 78' lang='lat' dir='ltr'><strong>testimat,</strong></span> 
     </span>
    </p>
   </div>
   <div class='ocr_carea' id='block_1_65' title="bbox 1883 2772 3470 2843">
    <p class='ocr_par' dir='ltr' id='par_1_65' title="bbox 1883 2772 3470 2843">
     <span class='ocr_line' id='line_1_65' title="bbox 1883 2772 3470 2843; baseline 0.003 -20"><span class='ocrx_word' id='word_1_469' title='bbox 1883 2788 2035 2838; x_wconf 90' lang='lat' dir='ltr'><strong>quam</strong></span> <span class='ocrx_word' id='word_1_470' title='bbox 2068 2772 2299 2843; x_wconf 84' lang='lat' dir='ltr'><strong>pluribus</strong></span> <span class='ocrx_word' id='word_1_471' title='bbox 2335 2772 2535 2843; x_wconf 88' lang='lat' dir='ltr'><strong>placere</strong></span> <span class='ocrx_word' id='word_1_472' title='bbox 2573 2776 2910 2836; x_wconf 72' lang='lat' dir='ltr'><strong>conspexerit.</strong></span> <span class='ocrx_word' id='word_1_473' title='bbox 2955 2772 3182 2826; x_wconf 87' lang='lat' dir='ltr'><strong>Delectat</strong></span> <span class='ocrx_word' id='word_1_474' title='bbox 3211 2775 3346 2827; x_wconf 89' lang='lat' dir='ltr'><strong>enim</strong></span> <span class='ocrx_word' id='word_1_475' title='bbox 3378 2791 3470 2827; x_wconf 85' lang='lat' dir='ltr'><strong>stt-</strong></span> 
     </span>
    </p>
   </div>
   <div class='ocr_carea' id='block_1_66' title="bbox 1885 2843 3463 2914">
    <p class='ocr_par' dir='ltr' id='par_1_66' title="bbox 1885 2843 3463 2914">
     <span class='ocr_line' id='line_1_66' title="bbox 1885 2843 3463 2914; baseline 0.001 -19"><span class='ocrx_word' id='word_1_476' title='bbox 1885 2845 2058 2895; x_wconf 87' lang='lat' dir='ltr'><strong>bantes</strong></span> <span class='ocrx_word' id='word_1_477' title='bbox 2087 2843 2290 2896; x_wconf 89' lang='lat' dir='ltr'><strong>animas</strong></span> <span class='ocrx_word' id='word_1_478' title='bbox 2316 2843 2596 2912; x_wconf 80' lang='lat' dir='ltr'><strong>infamare,</strong></span> <span class='ocrx_word' id='word_1_479' title='bbox 2625 2843 2873 2914; x_wconf 83' lang='lat' dir='ltr'><strong>quidquid</strong></span> <span class='ocrx_word' id='word_1_480' title='bbox 2902 2859 3142 2910; x_wconf 87' lang='lat' dir='ltr'><strong>umquam</strong></span> <span class='ocrx_word' id='word_1_481' title='bbox 3172 2852 3216 2895; x_wconf 90' lang='lat' dir='ltr'><strong>et</strong></span> <span class='ocrx_word' id='word_1_482' title='bbox 3248 2859 3463 2914; x_wconf 86' lang='lat' dir='ltr'><strong>usquam</strong></span> 
     </span>
    </p>
   </div>
   <div class='ocr_carea' id='block_1_67' title="bbox 1881 2913 3467 2984">
    <p class='ocr_par' dir='ltr' id='par_1_67' title="bbox 1881 2913 3467 2984">
     <span class='ocr_line' id='line_1_67' title="bbox 1881 2913 3467 2984; baseline 0.002 -19"><span class='ocrx_word' id='word_1_483' title='bbox 1881 2923 2183 2984; x_wconf 71' lang='lat' dir='ltr'><strong>sanctorum</strong></span> <span class='ocrx_word' id='word_1_484' title='bbox 2201 2914 2319 2981; x_wconf 78' lang='lat' dir='ltr'><strong>fuit,</strong></span> <span class='ocrx_word' id='word_1_485' title='bbox 2335 2930 2397 2967; x_wconf 90' lang='lat' dir='ltr'><strong>ne</strong></span> <span class='ocrx_word' id='word_1_486' title='bbox 2416 2916 2672 2967; x_wconf 89' lang='lat' dir='ltr'><strong>clarorum</strong></span> <span class='ocrx_word' id='word_1_487' title='bbox 2693 2913 2957 2966; x_wconf 87' lang='lat' dir='ltr'><strong>hominum</strong></span> <span class='ocrx_word' id='word_1_488' title='bbox 2976 2913 3282 2984; x_wconf 82' lang='lat' dir='ltr'><strong>castigentur</strong></span> <span class='ocrx_word' id='word_1_489' title='bbox 3296 2913 3467 2967; x_wconf 71' lang='lat' dir='ltr'><strong>exem-</strong></span> 
     </span>
    </p>
   </div>
   <div class='ocr_carea' id='block_1_68' title="bbox 1882 2981 3465 3053">
    <p class='ocr_par' dir='ltr' id='par_1_68' title="bbox 1882 2981 3465 3053">
     <span class='ocr_line' id='line_1_68' title="bbox 1882 2981 3465 3053; baseline 0.003 -20"><span class='ocrx_word' id='word_1_490' title='bbox 1882 2982 2001 3053; x_wconf 83' lang='lat' dir='ltr'><strong>plis.</strong></span> <span class='ocrx_word' id='word_1_491' title='bbox 2030 2981 2256 3037; x_wconf 86' lang='lat' dir='ltr'><strong>Delectat</strong></span> <span class='ocrx_word' id='word_1_492' title='bbox 2282 3000 2522 3053; x_wconf 79' lang='lat' dir='ltr'><strong>prorsus,</strong></span> <span class='ocrx_word' id='word_1_493' title='bbox 2554 2994 2602 3036; x_wconf 82' lang='lat' dir='ltr'><strong>et</strong></span> <span class='ocrx_word' id='word_1_494' title='bbox 2635 2986 2836 3051; x_wconf 86' lang='lat' dir='ltr'><strong>penitus</strong></span> <span class='ocrx_word' id='word_1_495' title='bbox 2869 2984 3019 3053; x_wconf 75' lang='lat' dir='ltr'><strong>aﬁicit</strong></span> <span class='ocrx_word' id='word_1_496' title='bbox 3058 2981 3274 3036; x_wconf 78' lang='lat' dir='ltr'><strong>causarc</strong></span> <span class='ocrx_word' id='word_1_497' title='bbox 3309 2985 3465 3037; x_wconf 87' lang='lat' dir='ltr'><strong>imbe-</strong></span> 
     </span>
    </p>
   </div>
   <div class='ocr_carea' id='block_1_69' title="bbox 1882 3052 3471 3125">
    <p class='ocr_par' dir='ltr' id='par_1_69' title="bbox 1882 3052 3471 3125">
     <span class='ocr_line' id='line_1_69' title="bbox 1882 3052 3471 3125; baseline 0.002 -20"><span class='ocrx_word' id='word_1_498' title='bbox 1882 3052 2149 3106; x_wconf 74' lang='lat' dir='ltr'><strong>Cillitatem</strong></span> <span class='ocrx_word' id='word_1_499' title='bbox 2174 3052 2404 3117; x_wconf 67' lang='lat' dir='ltr'><strong>naturas;</strong></span> <span class='ocrx_word' id='word_1_500' title='bbox 2430 3054 2616 3111; x_wconf 80' lang='lat' dir='ltr'><strong>dicere.</strong></span> <span class='ocrx_word' id='word_1_501' title='bbox 2649 3069 2849 3107; x_wconf 86' lang='lat' dir='ltr'><strong>carnem</strong></span> <span class='ocrx_word' id='word_1_502' title='bbox 2880 3055 3160 3125; x_wconf 78' lang='lat' dir='ltr'><strong>congenitis</strong></span> <span class='ocrx_word' id='word_1_503' title='bbox 3191 3055 3471 3108; x_wconf 61' lang='lat' dir='ltr'><strong>obnoxium</strong></span> 
     </span>
    </p>
   </div>
   <div class='ocr_carea' id='block_1_70' title="bbox 1882 3124 3465 3187">
    <p class='ocr_par' dir='ltr' id='par_1_70' title="bbox 1882 3124 3465 3187">
     <span class='ocr_line' id='line_1_70' title="bbox 1882 3124 3465 3187; baseline 0.003 -12"><span class='ocrx_word' id='word_1_504' title='bbox 1882 3138 1991 3175; x_wconf 89' lang='lat' dir='ltr'><strong>esse</strong></span> <span class='ocrx_word' id='word_1_505' title='bbox 2030 3125 2287 3187; x_wconf 85' lang='lat' dir='ltr'><strong>peccatis;</strong></span> <span class='ocrx_word' id='word_1_506' title='bbox 2332 3140 2423 3177; x_wconf 90' lang='lat' dir='ltr'><strong>nec</strong></span> <span class='ocrx_word' id='word_1_507' title='bbox 2457 3124 2511 3176; x_wconf 87' lang='lat' dir='ltr'><strong>itt</strong></span> <span class='ocrx_word' id='word_1_508' title='bbox 2547 3125 2803 3177; x_wconf 88' lang='lat' dir='ltr'><strong>voluntate</strong></span> <span class='ocrx_word' id='word_1_509' title='bbox 2841 3124 3061 3177; x_wconf 82' lang='lat' dir='ltr'><strong>hominis</strong></span> <span class='ocrx_word' id='word_1_510' title='bbox 3097 3125 3465 3180; x_wconf 83' lang='lat' dir='ltr'><strong>emendationis</strong></span> 
     </span>
    </p>
   </div>
   <div class='ocr_carea' id='block_1_71' title="bbox 231 3192 3467 3269">
    <p class='ocr_par' dir='ltr' id='par_1_71' title="bbox 231 3192 3467 3269">
     <span class='ocr_line' id='line_1_71' title="bbox 231 3192 3467 3269; baseline 0.001 -22"><span class='ocrx_word' id='word_1_511' title='bbox 231 3192 390 3269; x_wconf 76' lang='lat' dir='ltr'><strong>ritclis,</strong></span> <span class='ocrx_word' id='word_1_512' title='bbox 415 3198 468 3251; x_wconf 86' lang='lat' dir='ltr'><strong>id</strong></span> <span class='ocrx_word' id='word_1_513' title='bbox 492 3192 599 3269; x_wconf 9' lang='lat' dir='ltr'><strong>est-,7</strong></span> <span class='ocrx_word' id='word_1_514' title='bbox 627 3196 940 3269; x_wconf 76' lang='lat' dir='ltr'><strong>spiritalium</strong></span> <span class='ocrx_word' id='word_1_515' title='bbox 966 3210 1136 3269; x_wconf 78' lang='lat' dir='ltr'><strong>rerum</strong></span> <span class='ocrx_word' id='word_1_516' title='bbox 1154 3192 1421 3269; x_wconf 79' lang='lat' dir='ltr'><strong>magister,</strong></span> <span class='ocrx_word' id='word_1_517' title='bbox 1451 3207 1649 3269; x_wconf 67' lang='lat' dir='ltr'><strong>summa</strong></span> <span class='ocrx_word' id='word_1_518' title='bbox 1670 3203 1780 3245; x_wconf 78' lang='lat' dir='ltr'><strong>stu-</strong></span> <span class='ocrx_word' id='word_1_519' title='bbox 1808 3207 1852 3269; x_wconf 68' lang='grc' dir='ltr'><strong>ρ</strong></span> <span class='ocrx_word' id='word_1_520' title='bbox 1884 3192 2123 3269; x_wconf 79' lang='lat' dir='ltr'><strong>e/I&#39;ectunt</strong></span> <span class='ocrx_word' id='word_1_521' title='bbox 2152 3195 2341 3269; x_wconf 63' lang='lat' dir='ltr'><strong>locare,</strong></span> <span class='ocrx_word' id='word_1_522' title='bbox 2372 3196 2462 3247; x_wconf 91' lang='lat' dir='ltr'><strong>sed</strong></span> <span class='ocrx_word' id='word_1_523' title='bbox 2502 3195 2793 3269; x_wconf 51' lang='lat' dir='ltr'><strong>stujiarnm</strong></span> <span class='ocrx_word' id='word_1_524' title='bbox 2830 3196 3047 3247; x_wconf 86' lang='lat' dir='ltr'><strong>crimina</strong></span> <span class='ocrx_word' id='word_1_525' title='bbox 3089 3195 3250 3269; x_wconf 64' lang='lat' dir='ltr'><strong>oﬁicirt</strong></span> <span class='ocrx_word' id='word_1_526' title='bbox 3279 3211 3467 3269; x_wconf 74' lang='lat' dir='ltr'><strong>vacare</strong></span> 
     </span>
    </p>
   </div>
   <div class='ocr_carea' id='block_1_72' title="bbox 230 3260 1774 3338">
    <p class='ocr_par' dir='ltr' id='par_1_72' title="bbox 230 3260 1774 3338">
     <span class='ocr_line' id='line_1_72' title="bbox 230 3260 1774 3338; baseline -0.001 -21"><span class='ocrx_word' id='word_1_527' title='bbox 230 3266 300 3319; x_wconf 87' lang='lat' dir='ltr'><strong>dio</strong></span> <span class='ocrx_word' id='word_1_528' title='bbox 323 3260 627 3338; x_wconf 69' lang='lat' dir='ltr'><strong>aquditatis</strong></span> <span class='ocrx_word' id='word_1_529' title='bbox 653 3260 701 3320; x_wconf 77' lang='lat' dir='ltr'><strong>et</strong></span> <span class='ocrx_word' id='word_1_530' title='bbox 731 3265 940 3319; x_wconf 82' lang='lat' dir='ltr'><strong>unitatis</strong></span> <span class='ocrx_word' id='word_1_531' title='bbox 966 3265 1136 3338; x_wconf 85' lang='lat' dir='ltr'><strong>cultor</strong></span> <span class='ocrx_word' id='word_1_532' title='bbox 1159 3260 1376 3328; x_wconf 73' lang='lat' dir='ltr'><strong>existat;</strong></span> <span class='ocrx_word' id='word_1_533' title='bbox 1400 3260 1665 3338; x_wconf 80' lang='lat' dir='ltr'><strong>ut_scilicet</strong></span> <span class='ocrx_word' id='word_1_534' title='bbox 1686 3278 1774 3315; x_wconf 86' lang='lat' dir='ltr'><strong>ne-</strong></span> 
     </span>
    </p>
   </div>
   <div class='ocr_carea' id='block_1_73' title="bbox 228 3332 1777 3406">
    <p class='ocr_par' dir='ltr' id='par_1_73' title="bbox 228 3332 1777 3406">
     <span class='ocr_line' id='line_1_73' title="bbox 228 3332 1777 3406; baseline -0.003 -16"><span class='ocrx_word' id='word_1_535' title='bbox 228 3353 308 3402; x_wconf 79' lang='lat' dir='ltr'><strong>que</strong></span> <span class='ocrx_word' id='word_1_536' title='bbox 342 3332 612 3406; x_wconf 82' lang='lat' dir='ltr'><strong>opiniones</strong></span> <span class='ocrx_word' id='word_1_537' title='bbox 654 3353 776 3390; x_wconf 90' lang='lat' dir='ltr'><strong>suas</strong></span> <span class='ocrx_word' id='word_1_538' title='bbox 820 3335 1016 3406; x_wconf 54' lang='lat' dir='ltr'><strong>caeteri!</strong></span> <span class='ocrx_word' id='word_1_539' title='bbox 1046 3338 1319 3406; x_wconf 65' lang='lat' dir='ltr'><strong>praeferat,</strong></span> <span class='ocrx_word' id='word_1_540' title='bbox 1351 3332 1487 3406; x_wconf 78' lang='lat' dir='ltr'><strong>etab</strong></span> <span class='ocrx_word' id='word_1_541' title='bbox 1519 3333 1777 3406; x_wconf 80' lang='lat' dir='ltr'><strong>universo-</strong></span> 
     </span>
    </p>
   </div>
   <div class='ocr_carea' id='block_1_74' title="bbox 230 3402 1781 3476">
    <p class='ocr_par' dir='ltr' id='par_1_74' title="bbox 230 3402 1781 3476">
     <span class='ocr_line' id='line_1_74' title="bbox 230 3402 1781 3476; baseline -0.002 -18"><span class='ocrx_word' id='word_1_542' title='bbox 230 3423 323 3460; x_wconf 76' lang='lat' dir='ltr'><strong>rum</strong></span> <span class='ocrx_word' id='word_1_543' title='bbox 346 3402 579 3463; x_wconf 77' lang='lat' dir='ltr'><strong>sensibus</strong></span> <span class='ocrx_word' id='word_1_544' title='bbox 600 3423 701 3460; x_wconf 90' lang='lat' dir='ltr'><strong>non</strong></span> <span class='ocrx_word' id='word_1_545' title='bbox 726 3406 948 3460; x_wconf 88' lang='lat' dir='ltr'><strong>recedat.</strong></span> <span class='ocrx_word' id='word_1_546' title='bbox 977 3402 1138 3476; x_wconf 81' lang='lat' dir='ltr'><strong>Cujus</strong></span> <span class='ocrx_word' id='word_1_547' title='bbox 1159 3404 1231 3457; x_wconf 89' lang='lat' dir='ltr'><strong>rei</strong></span> <span class='ocrx_word' id='word_1_548' title='bbox 1260 3403 1506 3476; x_wconf 83' lang='lat' dir='ltr'><strong>mandata</strong></span> <span class='ocrx_word' id='word_1_549' title='bbox 1525 3402 1612 3471; x_wconf 85' lang='lat' dir='ltr'><strong>qui</strong></span> <span class='ocrx_word' id='word_1_550' title='bbox 1635 3404 1781 3474; x_wconf 86' lang='lat' dir='ltr'><strong>igna-</strong></span> 
     </span>
    </p>
   </div>
   <div class='ocr_carea' id='block_1_75' title="bbox 228 3473 1779 3549">
    <p class='ocr_par' dir='ltr' id='par_1_75' title="bbox 228 3473 1779 3549">
     <span class='ocr_line' id='line_1_75' title="bbox 228 3473 1779 3549; baseline 0.001 -22"><span class='ocrx_word' id='word_1_551' title='bbox 228 3486 309 3543; x_wconf 83' lang='lat' dir='ltr'><strong>rat,</strong></span> <span class='ocrx_word' id='word_1_552' title='bbox 336 3478 517 3549; x_wconf 85' lang='lat' dir='ltr'><strong>inquit,</strong></span> <span class='ocrx_word' id='word_1_553' title='bbox 550 3478 607 3531; x_wconf 90' lang='lat' dir='ltr'><strong>id</strong></span> <span class='ocrx_word' id='word_1_554' title='bbox 633 3486 730 3539; x_wconf 89' lang='lat' dir='ltr'><strong>est,</strong></span> <span class='ocrx_word' id='word_1_555' title='bbox 750 3476 846 3549; x_wconf 85' lang='lat' dir='ltr'><strong>qui</strong></span> <span class='ocrx_word' id='word_1_556' title='bbox 872 3473 1174 3549; x_wconf 56' lang='lat' dir='ltr'><strong>autne&#39;scita</strong></span> <span class='ocrx_word' id='word_1_557' title='bbox 1202 3489 1301 3549; x_wconf 83' lang='lat' dir='ltr'><strong>non</strong></span> <span class='ocrx_word' id='word_1_558' title='bbox 1317 3473 1502 3549; x_wconf 28' lang='lat' dir='ltr'><strong>‘discit,</strong></span> <span class='ocrx_word' id='word_1_559' title='bbox 1525 3484 1622 3549; x_wconf 81' lang='lat' dir='ltr'><strong>_au_t</strong></span> <span class='ocrx_word' id='word_1_560' title='bbox 1651 3473 1779 3549; x_wconf 66' lang='lat' dir='ltr'><strong>scita</strong></span> 
     </span>
    </p>
   </div>
   <div class='ocr_carea' id='block_1_76' title="bbox 230 3543 1778 3630">
    <p class='ocr_par' dir='ltr' id='par_1_76' title="bbox 230 3543 1778 3630">
     <span class='ocr_line' id='line_1_76' title="bbox 230 3543 1778 3630; baseline -0.003 -31"><span class='ocrx_word' id='word_1_561' title='bbox 230 3543 511 3630; x_wconf 72' lang='lat' dir='ltr'><strong>contemnit,</strong></span> <span class='ocrx_word' id='word_1_562' title='bbox 552 3543 874 3630; x_wconf 68' lang='lat' dir='ltr'><strong>ignorabitur</strong></span> <span class='ocrx_word' id='word_1_563' title='bbox 904 3562 921 3598; x_wconf 92' lang='lat'><strong><em>:</em></strong></span> <span class='ocrx_word' id='word_1_564' title='bbox 953 3546 1049 3599; x_wconf 84' lang='lat' dir='ltr'><strong>hoc</strong></span> <span class='ocrx_word' id='word_1_565' title='bbox 1085 3556 1159 3630; x_wconf 81' lang='lat' dir='ltr'><strong>est</strong></span> <span class='ocrx_word' id='word_1_566' title='bbox 1181 3585 1195 3608; x_wconf 97' lang='lat'><strong>,</strong></span> <span class='ocrx_word' id='word_1_567' title='bbox 1226 3544 1478 3630; x_wconf 60' lang='lat' dir='ltr'><strong>indignus</strong></span> <span class='ocrx_word' id='word_1_568' title='bbox 1515 3543 1778 3630; x_wconf 37' lang='lat' dir='ltr'><strong>hqbebi&#39;t-ur</strong></span> 
     </span>
    </p>
   </div>
   <div class='ocr_carea' id='block_1_77' title="bbox 230 3613 1780 3686">
    <p class='ocr_par' dir='ltr' id='par_1_77' title="bbox 230 3613 1780 3686">
     <span class='ocr_line' id='line_1_77' title="bbox 230 3613 1780 3686; baseline 0.001 -19"><span class='ocrx_word' id='word_1_569' title='bbox 230 3619 300 3677; x_wconf 84' lang='lat' dir='ltr'><strong>qui</strong></span> <span class='ocrx_word' id='word_1_570' title='bbox 331 3619 455 3673; x_wconf 89' lang='lat' dir='ltr'><strong>inter</strong></span> <span class='ocrx_word' id='word_1_571' title='bbox 487 3613 665 3673; x_wconf 78' lang='lat' dir='ltr'><strong>unitos</strong></span> <span class='ocrx_word' id='word_1_572' title='bbox 696 3617 799 3686; x_wconf 79' lang='lat' dir='ltr'><strong>ﬁde</strong></span> <span class='ocrx_word' id='word_1_573' title='bbox 827 3624 874 3669; x_wconf 89' lang='lat' dir='ltr'><strong>et</strong></span> <span class='ocrx_word' id='word_1_574' title='bbox 904 3624 1192 3685; x_wconf 64' lang='lat' dir='ltr'><strong>extaquutas</strong></span> <span class='ocrx_word' id='word_1_575' title='bbox 1219 3613 1509 3686; x_wconf 87' lang='lat' dir='ltr'><strong>humilitate</strong></span> <span class='ocrx_word' id='word_1_576' title='bbox 1536 3614 1780 3668; x_wconf 88' lang='lat' dir='ltr'><strong>divinitus</strong></span> 
     </span>
    </p>
   </div>
   <div class='ocr_carea' id='block_1_78' title="bbox 226 3685 1780 3759">
    <p class='ocr_par' dir='ltr' id='par_1_78' title="bbox 226 3685 1780 3759">
     <span class='ocr_line' id='line_1_78' title="bbox 226 3685 1780 3759; baseline 0 -21"><span class='ocrx_word' id='word_1_577' title='bbox 226 3689 541 3756; x_wconf 85' lang='lat' dir='ltr'><strong>respiciatur;</strong></span> <span class='ocrx_word' id='word_1_578' title='bbox 570 3704 673 3759; x_wconf 88' lang='lat' dir='ltr'><strong>quo</strong></span> <span class='ocrx_word' id='word_1_579' title='bbox 702 3687 839 3741; x_wconf 88' lang='lat' dir='ltr'><strong>mala</strong></span> <span class='ocrx_word' id='word_1_580' title='bbox 866 3687 1036 3759; x_wconf 85' lang='lat' dir='ltr'><strong>nescio</strong></span> <span class='ocrx_word' id='word_1_581' title='bbox 1057 3703 1123 3739; x_wconf 89' lang='lat' dir='ltr'><strong>an</strong></span> <span class='ocrx_word' id='word_1_582' title='bbox 1147 3685 1423 3759; x_wconf 80' lang='lat' dir='ltr'><strong>quidquam</strong></span> <span class='ocrx_word' id='word_1_583' title='bbox 1442 3686 1678 3759; x_wconf 76' lang='lat' dir='ltr'><strong>acerbius</strong></span> <span class='ocrx_word' id='word_1_584' title='bbox 1695 3701 1780 3738; x_wconf 78' lang='lat' dir='ltr'><strong>co-</strong></span> 
     </span>
    </p>
   </div>
   <div class='ocr_carea' id='block_1_79' title="bbox 226 3755 1779 3827">
    <p class='ocr_par' dir='ltr' id='par_1_79' title="bbox 226 3755 1779 3827">
     <span class='ocr_line' id='line_1_79' title="bbox 226 3755 1779 3827; baseline 0 -19"><span class='ocrx_word' id='word_1_585' title='bbox 226 3760 357 3826; x_wconf 82' lang='lat' dir='ltr'><strong>qitari</strong></span> <span class='ocrx_word' id='word_1_586' title='bbox 373 3755 545 3827; x_wconf 85' lang='lat' dir='ltr'><strong>queat.</strong></span> <span class='ocrx_word' id='word_1_587' title='bbox 579 3755 729 3824; x_wconf 87' lang='lat' dir='ltr'><strong>Quod</strong></span> <span class='ocrx_word' id='word_1_588' title='bbox 760 3766 933 3811; x_wconf 88' lang='lat' dir='ltr'><strong>tamen</strong></span> <span class='ocrx_word' id='word_1_589' title='bbox 955 3758 1111 3825; x_wconf 74' lang='lat' dir='ltr'><strong>juxta</strong></span> <span class='ocrx_word' id='word_1_590' title='bbox 1132 3755 1471 3827; x_wconf 71' lang='lat' dir='ltr'><strong>apostolicam</strong></span> <span class='ocrx_word' id='word_1_591' title='bbox 1494 3755 1779 3827; x_wconf 46' lang='lat' dir='ltr'><strong>comminae</strong></span> 
     </span>
    </p>
   </div>
   <div class='ocr_carea' id='block_1_80' title="bbox 227 3822 1779 3901">
    <p class='ocr_par' dir='ltr' id='par_1_80' title="bbox 227 3822 1779 3901">
     <span class='ocr_line' id='line_1_80' title="bbox 227 3822 1779 3901; baseline 0.001 -24"><span class='ocrx_word' id='word_1_592' title='bbox 227 3822 394 3901; x_wconf 63' lang='lat' dir='ltr'><strong>lienem</strong></span> <span class='ocrx_word' id='word_1_593' title='bbox 417 3822 711 3901; x_wconf 81' lang='lat' dir='ltr'><strong>Pelagiana</strong></span> <span class='ocrx_word' id='word_1_594' title='bbox 734 3828 813 3882; x_wconf 90' lang='lat' dir='ltr'><strong>illi</strong></span> <span class='ocrx_word' id='word_1_595' title='bbox 839 3822 1131 3901; x_wconf 62' lang='lat' dir='ltr'><strong>provenisse</strong></span> <span class='ocrx_word' id='word_1_596' title='bbox 1159 3822 1667 3901; x_wconf 74' lang='lat' dir='ltr'><strong>cernimusluliana,</strong></span> <span class='ocrx_word' id='word_1_597' title='bbox 1692 3826 1779 3895; x_wconf 89' lang='lat' dir='ltr'><strong>qui</strong></span> 
     </span>
    </p>
   </div>
   <div class='ocr_carea' id='block_1_81' title="bbox 224 3895 1781 3970">
    <p class='ocr_par' dir='ltr' id='par_1_81' title="bbox 224 3895 1781 3970">
     <span class='ocr_line' id='line_1_81' title="bbox 224 3895 1781 3970; baseline -0.001 -19"><span class='ocrx_word' id='word_1_598' title='bbox 224 3914 267 3950; x_wconf 85' lang='lat' dir='ltr'><strong>se</strong></span> <span class='ocrx_word' id='word_1_599' title='bbox 288 3895 597 3970; x_wconf 80' lang='lat' dir='ltr'><strong>collegarum</strong></span> <span class='ocrx_word' id='word_1_600' title='bbox 624 3902 817 3965; x_wconf 80' lang='lat' dir='ltr'><strong>sensui,</strong></span> <span class='ocrx_word' id='word_1_601' title='bbox 839 3895 930 3951; x_wconf 81' lang='lat' dir='ltr'><strong>aut</strong></span> <span class='ocrx_word' id='word_1_602' title='bbox 954 3898 1281 3968; x_wconf 88' lang='lat' dir='ltr'><strong>incarporare</strong></span> <span class='ocrx_word' id='word_1_603' title='bbox 1304 3895 1549 3966; x_wconf 72' lang='lat' dir='ltr'><strong>neglexit,</strong></span> <span class='ocrx_word' id='word_1_604' title='bbox 1578 3904 1670 3949; x_wconf 87' lang='lat' dir='ltr'><strong>aut</strong></span> <span class='ocrx_word' id='word_1_605' title='bbox 1693 3912 1781 3950; x_wconf 80' lang='lat' dir='ltr'><strong>ea:-</strong></span> 
     </span>
    </p>
   </div>
   <div class='ocr_carea' id='block_1_82' title="bbox 225 3972 843 4045">
    <p class='ocr_par' dir='ltr' id='par_1_82' title="bbox 225 3972 843 4045">
     <span class='ocr_line' id='line_1_82' title="bbox 225 3972 843 4045; baseline 0 -24"><span class='ocrx_word' id='word_1_606' title='bbox 225 3984 471 4045; x_wconf 84' lang='lat' dir='ltr'><strong>carporare</strong></span> <span class='ocrx_word' id='word_1_607' title='bbox 494 3972 843 4045; x_wconf 65' lang='lat' dir='ltr'><strong>praesumpsit.</strong></span> 
     </span>
    </p>
   </div>
   <div class='ocr_carea' id='block_1_83' title="bbox 282 4035 1779 4111">
    <p class='ocr_par' dir='ltr' id='par_1_83' title="bbox 282 4035 1779 4111">
     <span class='ocr_line' id='line_1_83' title="bbox 282 4035 1779 4111; baseline -0.002 -16"><span class='ocrx_word' id='word_1_608' title='bbox 282 4035 441 4111; x_wconf 82' lang='lat' dir='ltr'><strong>Quam</strong></span> <span class='ocrx_word' id='word_1_609' title='bbox 483 4035 769 4111; x_wconf 72' lang='lat' dir='ltr'><strong>magnifice</strong></span> <span class='ocrx_word' id='word_1_610' title='bbox 799 4038 1044 4111; x_wconf 79' lang='lat' dir='ltr'><strong>Julianus</strong></span> <span class='ocrx_word' id='word_1_611' title='bbox 1076 4050 1136 4111; x_wconf 82' lang='lat' dir='ltr'><strong>se</strong></span> <span class='ocrx_word' id='word_1_612' title='bbox 1171 4035 1541 4111; x_wconf 65' lang='lat' dir='ltr'><strong>circumstticit</strong></span> <span class='ocrx_word' id='word_1_613' title='bbox 1572 4036 1717 4108; x_wconf 86' lang='lat' dir='ltr'><strong>(Lib.</strong></span> <span class='ocrx_word' id='word_1_614' title='bbox 1742 4053 1779 4092; x_wconf 87' lang='lat' dir='ltr'><strong>tt</strong></span> 
     </span>
    </p>
   </div>
   <div class='ocr_carea' id='block_1_84' title="bbox 228 4106 1776 4181">
    <p class='ocr_par' dir='ltr' id='par_1_84' title="bbox 228 4106 1776 4181">
     <span class='ocr_line' id='line_1_84' title="bbox 228 4106 1776 4181; baseline -0.001 -20"><span class='ocrx_word' id='word_1_615' title='bbox 228 4106 364 4178; x_wconf 84' lang='lat' dir='ltr'><strong>Oper.</strong></span> <span class='ocrx_word' id='word_1_616' title='bbox 386 4106 614 4179; x_wconf 64' lang='lat' dir='ltr'><strong>Imperi.</strong></span> <span class='ocrx_word' id='word_1_617' title='bbox 646 4127 760 4181; x_wconf 88' lang='lat' dir='ltr'><strong>cap.</strong></span> <span class='ocrx_word' id='word_1_618' title='bbox 791 4108 880 4181; x_wconf 63' lang='grc'><strong>10)</strong></span> <span class='ocrx_word' id='word_1_619' title='bbox 904 4109 1100 4181; x_wconf 77' lang='lat' dir='ltr'><strong>,_quasi</strong></span> <span class='ocrx_word' id='word_1_620' title='bbox 1138 4107 1384 4181; x_wconf 55' lang='lat' dir='ltr'><strong>ueritatis</strong></span> <span class='ocrx_word' id='word_1_621' title='bbox 1407 4106 1776 4181; x_wconf 79' lang='lat' dir='ltr'><strong>defensorem,</strong></span> 
     </span>
    </p>
   </div>
   <div class='ocr_carea' id='block_1_85' title="bbox 224 4177 1778 4241">
    <p class='ocr_par' dir='ltr' id='par_1_85' title="bbox 224 4177 1778 4241">
     <span class='ocr_line' id='line_1_85' title="bbox 224 4177 1778 4241; baseline 0.003 -12"><span class='ocrx_word' id='word_1_622' title='bbox 224 4177 327 4234; x_wconf 81' lang='lat' dir='ltr'><strong>cum</strong></span> <span class='ocrx_word' id='word_1_623' title='bbox 358 4196 415 4237; x_wconf 87' lang='lat' dir='ltr'><strong>se</strong></span> <span class='ocrx_word' id='word_1_624' title='bbox 451 4177 717 4237; x_wconf 71' lang='lat' dir='ltr'><strong>accendit</strong></span> <span class='ocrx_word' id='word_1_625' title='bbox 741 4179 806 4234; x_wconf 89' lang='lat' dir='ltr'><strong>ad</strong></span> <span class='ocrx_word' id='word_1_626' title='bbox 845 4177 1241 4233; x_wconf 84' lang='lat' dir='ltr'><strong>defendendam</strong></span> <span class='ocrx_word' id='word_1_627' title='bbox 1262 4219 1276 4241; x_wconf 96' lang='lat'><strong>,</strong></span> <span class='ocrx_word' id='word_1_628' title='bbox 1312 4177 1494 4233; x_wconf 84' lang='lat' dir='ltr'><strong>invitis</strong></span> <span class='ocrx_word' id='word_1_629' title='bbox 1525 4180 1778 4233; x_wconf 62' lang='lat' dir='ltr'><strong>Ecclesia:</strong></span> 
     </span>
    </p>
   </div>
   <div class='ocr_carea' id='block_1_86' title="bbox 222 4246 1780 4320">
    <p class='ocr_par' dir='ltr' id='par_1_86' title="bbox 222 4246 1780 4320">
     <span class='ocr_line' id='line_1_86' title="bbox 222 4246 1780 4320; baseline 0.001 -19"><span class='ocrx_word' id='word_1_630' title='bbox 222 4248 540 4319; x_wconf 70' lang='lat' dir='ltr'><strong>fulminibus,</strong></span> <span class='ocrx_word' id='word_1_631' title='bbox 560 4251 897 4320; x_wconf 79' lang='lat' dir='ltr'><strong>Pelagianam</strong></span> <span class='ocrx_word' id='word_1_632' title='bbox 920 4248 1196 4303; x_wconf 76' lang='lat' dir='ltr'><strong>haeresim!</strong></span> <span class='ocrx_word' id='word_1_633' title='bbox 1224 4246 1379 4320; x_wconf 88' lang='lat' dir='ltr'><strong>Nu_nc</strong></span> <span class='ocrx_word' id='word_1_634' title='bbox 1398 4258 1663 4320; x_wconf 87' lang='lat' dir='ltr'><strong>postquam</strong></span> <span class='ocrx_word' id='word_1_635' title='bbox 1686 4266 1780 4316; x_wconf 89' lang='lat' dir='ltr'><strong>pro</strong></span> 
     </span>
    </p>
   </div>
   <div class='ocr_carea' id='block_1_87' title="bbox 221 4318 1780 4389">
    <p class='ocr_par' dir='ltr' id='par_1_87' title="bbox 221 4318 1780 4389">
     <span class='ocr_line' id='line_1_87' title="bbox 221 4318 1780 4389; baseline 0 -17"><span class='ocrx_word' id='word_1_636' title='bbox 221 4318 541 4376; x_wconf 79' lang='lat' dir='ltr'><strong>medicamine</strong></span> <span class='ocrx_word' id='word_1_637' title='bbox 564 4318 711 4376; x_wconf 53' lang='lat' dir='ltr'><strong>mala&#39;</strong></span> <span class='ocrx_word' id='word_1_638' title='bbox 726 4321 1038 4373; x_wconf 87' lang='lat' dir='ltr'><strong>consuetudo</strong></span> <span class='ocrx_word' id='word_1_639' title='bbox 1066 4321 1215 4389; x_wconf 67' lang='lat' dir='ltr'><strong>capit</strong></span> <span class='ocrx_word' id='word_1_640' title='bbox 1245 4318 1451 4384; x_wconf 67' lang='lat' dir='ltr'><strong>afferri,</strong></span> <span class='ocrx_word' id='word_1_641' title='bbox 1480 4329 1527 4371; x_wconf 88' lang='lat' dir='ltr'><strong>et</strong></span> <span class='ocrx_word' id='word_1_642' title='bbox 1560 4319 1780 4372; x_wconf 88' lang='lat' dir='ltr'><strong>delecta-</strong></span> 
     </span>
    </p>
   </div>
   <div class='ocr_carea' id='block_1_88' title="bbox 222 4390 1782 4458">
    <p class='ocr_par' dir='ltr' id='par_1_88' title="bbox 222 4390 1782 4458">
     <span class='ocr_line' id='line_1_88' title="bbox 222 4390 1782 4458; baseline 0.001 -19"><span class='ocrx_word' id='word_1_643' title='bbox 222 4390 330 4443; x_wconf 85' lang='lat' dir='ltr'><strong>tioni</strong></span> <span class='ocrx_word' id='word_1_644' title='bbox 356 4394 567 4447; x_wconf 87' lang='lat' dir='ltr'><strong>accessit</strong></span> <span class='ocrx_word' id='word_1_645' title='bbox 597 4392 898 4458; x_wconf 86' lang='lat' dir='ltr'><strong>auctoritas,</strong></span> <span class='ocrx_word' id='word_1_646' title='bbox 926 4399 981 4443; x_wconf 88' lang='lat' dir='ltr'><strong>ut</strong></span> <span class='ocrx_word' id='word_1_647' title='bbox 1010 4404 1253 4444; x_wconf 86' lang='lat' dir='ltr'><strong>concessu</strong></span> <span class='ocrx_word' id='word_1_648' title='bbox 1274 4404 1398 4457; x_wconf 87' lang='lat' dir='ltr'><strong>pene</strong></span> <span class='ocrx_word' id='word_1_649' title='bbox 1418 4391 1598 4442; x_wconf 89' lang='lat' dir='ltr'><strong>mundi</strong></span> <span class='ocrx_word' id='word_1_650' title='bbox 1623 4406 1782 4443; x_wconf 85' lang='lat' dir='ltr'><strong>mem-</strong></span> 
     </span>
    </p>
   </div>
   <div class='ocr_carea' id='block_1_89' title="bbox 219 4458 1780 4533">
    <p class='ocr_par' dir='ltr' id='par_1_89' title="bbox 219 4458 1780 4533">
     <span class='ocr_line' id='line_1_89' title="bbox 219 4458 1780 4533; baseline 0.003 -24"><span class='ocrx_word' id='word_1_651' title='bbox 219 4458 457 4533; x_wconf 79' lang='lat' dir='ltr'><strong>bripotens</strong></span> <span class='ocrx_word' id='word_1_652' title='bbox 495 4464 678 4533; x_wconf 87' lang='lat' dir='ltr'><strong>regina</strong></span> <span class='ocrx_word' id='word_1_653' title='bbox 712 4462 955 4533; x_wconf 85' lang='lat' dir='ltr'><strong>mentium</strong></span> <span class='ocrx_word' id='word_1_654' title='bbox 975 4501 991 4527; x_wconf 92' lang='lat'><strong>,</strong></span> <span class='ocrx_word' id='word_1_655' title='bbox 1022 4459 1364 4533; x_wconf 74' lang='lat' dir='ltr'><strong>expugnatriat</strong></span> <span class='ocrx_word' id='word_1_656' title='bbox 1386 4458 1700 4533; x_wconf 80' lang='lat' dir='ltr'><strong>honestatis,</strong></span> <span class='ocrx_word' id='word_1_657' title='bbox 1730 4469 1780 4513; x_wconf 89' lang='lat' dir='ltr'><strong>et</strong></span> 
     </span>
    </p>
   </div>
   <div class='ocr_carea' id='block_1_90' title="bbox 219 4528 1779 4600">
    <p class='ocr_par' dir='ltr' id='par_1_90' title="bbox 219 4528 1779 4600">
     <span class='ocr_line' id='line_1_90' title="bbox 219 4528 1779 4600; baseline 0.003 -21"><span class='ocrx_word' id='word_1_658' title='bbox 219 4528 389 4600; x_wconf 77' lang='lat' dir='ltr'><strong>invicta</strong></span> <span class='ocrx_word' id='word_1_659' title='bbox 424 4528 719 4587; x_wconf 79' lang='lat' dir='ltr'><strong>animarum</strong></span> <span class='ocrx_word' id='word_1_660' title='bbox 757 4532 983 4585; x_wconf 91' lang='lat' dir='ltr'><strong>omnium</strong></span> <span class='ocrx_word' id='word_1_661' title='bbox 1023 4528 1328 4600; x_wconf 74' lang='lat' dir='ltr'><strong>captivatritc</strong></span> <span class='ocrx_word' id='word_1_662' title='bbox 1368 4530 1634 4598; x_wconf 86' lang='lat' dir='ltr'><strong>turpitudo</strong></span> <span class='ocrx_word' id='word_1_663' title='bbox 1660 4530 1779 4584; x_wconf 91' lang='lat' dir='ltr'><strong>bac-</strong></span> 
     </span>
    </p>
   </div>
   <div class='ocr_carea' id='block_1_91' title="bbox 219 4598 1777 4671">
    <p class='ocr_par' dir='ltr' id='par_1_91' title="bbox 219 4598 1777 4671">
     <span class='ocr_line' id='line_1_91' title="bbox 219 4598 1777 4671; baseline 0.001 -18"><span class='ocrx_word' id='word_1_664' title='bbox 219 4598 471 4668; x_wconf 69' lang='lat' dir='ltr'><strong>chamur;</strong></span> <span class='ocrx_word' id='word_1_665' title='bbox 501 4602 647 4658; x_wconf 87' lang='lat' dir='ltr'><strong>nobis</strong></span> <span class='ocrx_word' id='word_1_666' title='bbox 676 4612 814 4657; x_wconf 89' lang='lat' dir='ltr'><strong>tanta</strong></span> <span class='ocrx_word' id='word_1_667' title='bbox 841 4598 1124 4666; x_wconf 79' lang='lat' dir='ltr'><strong>honestior,</strong></span> <span class='ocrx_word' id='word_1_668' title='bbox 1146 4608 1340 4671; x_wconf 90' lang='lat' dir='ltr'><strong>quanto</strong></span> <span class='ocrx_word' id='word_1_669' title='bbox 1368 4600 1547 4653; x_wconf 89' lang='lat' dir='ltr'><strong>durior</strong></span> <span class='ocrx_word' id='word_1_670' title='bbox 1574 4603 1777 4655; x_wconf 72' lang='lat' dir='ltr'><strong>tuenda:</strong></span> 
     </span>
    </p>
   </div>
   <div class='ocr_carea' id='block_1_92' title="bbox 216 4671 1774 4744">
    <p class='ocr_par' dir='ltr' id='par_1_92' title="bbox 216 4671 1774 4744">
     <span class='ocr_line' id='line_1_92' title="bbox 216 4671 1774 4744; baseline 0.001 -19"><span class='ocrx_word' id='word_1_671' title='bbox 216 4672 421 4744; x_wconf 64' lang='lat' dir='ltr'><strong>veritatis</strong></span> <span class='ocrx_word' id='word_1_672' title='bbox 446 4688 610 4744; x_wconf 80' lang='lat' dir='ltr'><strong>causa</strong></span> <span class='ocrx_word' id='word_1_673' title='bbox 630 4672 773 4742; x_wconf 76' lang='lat' dir='ltr'><strong>facta</strong></span> <span class='ocrx_word' id='word_1_674' title='bbox 799 4681 871 4727; x_wconf 88' lang='lat' dir='ltr'><strong>est</strong></span> <span class='ocrx_word' id='word_1_675' title='bbox 888 4712 904 4737; x_wconf 93' lang='lat'><strong>,</strong></span> <span class='ocrx_word' id='word_1_676' title='bbox 934 4672 1055 4741; x_wconf 88' lang='lat' dir='ltr'><strong>quia</strong></span> <span class='ocrx_word' id='word_1_677' title='bbox 1082 4671 1572 4744; x_wconf 75' lang='lat' dir='ltr'><strong>contrapraecipites</strong></span> <span class='ocrx_word' id='word_1_678' title='bbox 1611 4689 1774 4744; x_wconf 87' lang='lat' dir='ltr'><strong>popu-</strong></span> 
     </span>
    </p>
   </div>
   <div class='ocr_carea' id='block_1_93' title="bbox 215 4738 1771 4813">
    <p class='ocr_par' dir='ltr' id='par_1_93' title="bbox 215 4738 1771 4813">
     <span class='ocr_line' id='line_1_93' title="bbox 215 4738 1771 4813; baseline 0.003 -22"><span class='ocrx_word' id='word_1_679' title='bbox 215 4738 303 4813; x_wconf 84' lang='lat' dir='ltr'><strong>los,</strong></span> <span class='ocrx_word' id='word_1_680' title='bbox 324 4743 503 4797; x_wconf 74' lang='lat' dir='ltr'><strong>etsuis</strong></span> <span class='ocrx_word' id='word_1_681' title='bbox 528 4738 765 4799; x_wconf 73' lang='lat' dir='ltr'><strong>remediis</strong></span> <span class='ocrx_word' id='word_1_682' title='bbox 784 4738 1032 4813; x_wconf 75' lang='lat' dir='ltr'><strong>infensos,</strong></span> <span class='ocrx_word' id='word_1_683' title='bbox 1056 4758 1158 4795; x_wconf 88' lang='lat' dir='ltr'><strong>non</strong></span> <span class='ocrx_word' id='word_1_684' title='bbox 1180 4738 1394 4813; x_wconf 67' lang='lat' dir='ltr'><strong>multum</strong></span> <span class='ocrx_word' id='word_1_685' title='bbox 1416 4738 1545 4795; x_wconf 80' lang='lat' dir='ltr'><strong>valet</strong></span> <span class='ocrx_word' id='word_1_686' title='bbox 1566 4738 1771 4813; x_wconf 78' lang='lat' dir='ltr'><strong>vériias,</strong></span> 
     </span>
    </p>
   </div>
   <div class='ocr_carea' id='block_1_94' title="bbox 214 4810 1776 4884">
    <p class='ocr_par' dir='ltr' id='par_1_94' title="bbox 214 4810 1776 4884">
     <span class='ocr_line' id='line_1_94' title="bbox 214 4810 1776 4884; baseline 0.003 -20"><span class='ocrx_word' id='word_1_687' title='bbox 214 4812 429 4883; x_wconf 83' lang='lat' dir='ltr'><strong>ratioque</strong></span> <span class='ocrx_word' id='word_1_688' title='bbox 471 4810 855 4868; x_wconf 69' lang='lat' dir='ltr'><strong>medicandum.</strong></span> <span class='ocrx_word' id='word_1_689' title='bbox 891 4811 1029 4877; x_wconf 87' lang='lat' dir='ltr'><strong>Quid</strong></span> <span class='ocrx_word' id='word_1_690' title='bbox 1066 4813 1261 4884; x_wconf 83' lang='lat' dir='ltr'><strong>igitur?</strong></span> <span class='ocrx_word' id='word_1_691' title='bbox 1285 4810 1556 4867; x_wconf 81' lang='lat' dir='ltr'><strong>Horumne</strong></span> <span class='ocrx_word' id='word_1_692' title='bbox 1586 4810 1776 4869; x_wconf 85' lang='lat' dir='ltr'><strong>intuitu</strong></span> 
     </span>
    </p>
   </div>
   <div class='ocr_carea' id='block_1_95' title="bbox 214 4884 1773 4950">
    <p class='ocr_par' dir='ltr' id='par_1_95' title="bbox 214 4884 1773 4950">
     <span class='ocr_line' id='line_1_95' title="bbox 214 4884 1773 4950; baseline 0.003 -18"><span class='ocrx_word' id='word_1_693' title='bbox 214 4886 425 4950; x_wconf 88' lang='lat' dir='ltr'><strong>receptui</strong></span> <span class='ocrx_word' id='word_1_694' title='bbox 456 4899 645 4940; x_wconf 83' lang='lat' dir='ltr'><strong>canere</strong></span> <span class='ocrx_word' id='word_1_695' title='bbox 673 4884 965 4939; x_wconf 84' lang='lat' dir='ltr'><strong>debebimus</strong></span> <span class='ocrx_word' id='word_1_696' title='bbox 984 4925 999 4949; x_wconf 90' lang='lat'><strong>,</strong></span> <span class='ocrx_word' id='word_1_697' title='bbox 1030 4893 1076 4936; x_wconf 89' lang='lat' dir='ltr'><strong>et</strong></span> <span class='ocrx_word' id='word_1_698' title='bbox 1099 4884 1432 4936; x_wconf 84' lang='lat' dir='ltr'><strong>contumelias</strong></span> <span class='ocrx_word' id='word_1_699' title='bbox 1458 4895 1660 4937; x_wconf 87' lang='lat' dir='ltr'><strong>nostras</strong></span> <span class='ocrx_word' id='word_1_700' title='bbox 1686 4886 1773 4937; x_wconf 77' lang='lat' dir='ltr'><strong>ul-</strong></span> 
     </span>
    </p>
   </div>
   <div class='ocr_carea' id='block_1_96' title="bbox 213 4952 1774 5023">
    <p class='ocr_par' dir='ltr' id='par_1_96' title="bbox 213 4952 1774 5023">
     <span class='ocr_line' id='line_1_96' title="bbox 213 4952 1774 5023; baseline 0.004 -19"><span class='ocrx_word' id='word_1_701' title='bbox 213 4952 321 5005; x_wconf 76' lang='lat' dir='ltr'><strong>cisci</strong></span> <span class='ocrx_word' id='word_1_702' title='bbox 346 4955 581 5018; x_wconf 84' lang='lat' dir='ltr'><strong>silentio,</strong></span> <span class='ocrx_word' id='word_1_703' title='bbox 614 4973 677 5009; x_wconf 89' lang='lat' dir='ltr'><strong>ac</strong></span> <span class='ocrx_word' id='word_1_704' title='bbox 711 4956 775 5009; x_wconf 86' lang='lat' dir='ltr'><strong>de</strong></span> <span class='ocrx_word' id='word_1_705' title='bbox 808 4953 1130 5008; x_wconf 67' lang='lat' dir='ltr'><strong>conscientia!</strong></span> <span class='ocrx_word' id='word_1_706' title='bbox 1170 4961 1320 5023; x_wconf 84' lang='lat' dir='ltr'><strong>partu</strong></span> <span class='ocrx_word' id='word_1_707' title='bbox 1360 4955 1583 5007; x_wconf 84' lang='lat' dir='ltr'><strong>aliorum</strong></span> <span class='ocrx_word' id='word_1_708' title='bbox 1610 4956 1774 5011; x_wconf 79' lang='lat' dir='ltr'><strong>ridere</strong></span> 
     </span>
    </p>
   </div>
   <div class='ocr_carea' id='block_1_97' title="bbox 212 5023 1774 5096">
    <p class='ocr_par' dir='ltr' id='par_1_97' title="bbox 212 5023 1774 5096">
     <span class='ocr_line' id='line_1_97' title="bbox 212 5023 1774 5096; baseline 0.004 -23"><span class='ocrx_word' id='word_1_709' title='bbox 212 5025 517 5096; x_wconf 72' lang='lat' dir='ltr'><strong>naufragia?</strong></span> <span class='ocrx_word' id='word_1_710' title='bbox 551 5025 743 5080; x_wconf 81' lang='lat' dir='ltr'><strong>Verum</strong></span> <span class='ocrx_word' id='word_1_711' title='bbox 780 5025 1094 5096; x_wconf 11' lang='lat' dir='ltr'><strong>contradicit!</strong></span> <span class='ocrx_word' id='word_1_712' title='bbox 1121 5024 1240 5077; x_wconf 84' lang='lat' dir='ltr'><strong>huic</strong></span> <span class='ocrx_word' id='word_1_713' title='bbox 1277 5023 1419 5087; x_wconf 89' lang='lat' dir='ltr'><strong>adio,</strong></span> <span class='ocrx_word' id='word_1_714' title='bbox 1444 5026 1609 5090; x_wconf 88' lang='lat' dir='ltr'><strong>primo</strong></span> <span class='ocrx_word' id='word_1_715' title='bbox 1636 5025 1774 5079; x_wconf 87' lang='lat' dir='ltr'><strong>beni-</strong></span> 
     </span>
    </p>
   </div>
   <div class='ocr_carea' id='block_1_98' title="bbox 208 5094 1770 5168">
    <p class='ocr_par' dir='ltr' id='par_1_98' title="bbox 208 5094 1770 5168">
     <span class='ocr_line' id='line_1_98' title="bbox 208 5094 1770 5168; baseline 0.003 -21"><span class='ocrx_word' id='word_1_716' title='bbox 208 5094 401 5168; x_wconf 65' lang='lat' dir='ltr'><strong>gnitas,</strong></span> <span class='ocrx_word' id='word_1_717' title='bbox 426 5113 580 5167; x_wconf 78' lang='lat' dir='ltr'><strong>quam</strong></span> <span class='ocrx_word' id='word_1_718' title='bbox 607 5097 776 5168; x_wconf 86' lang='lat' dir='ltr'><strong>generi</strong></span> <span class='ocrx_word' id='word_1_719' title='bbox 806 5095 1044 5168; x_wconf 61' lang='lat' dir='ltr'><strong>debemus</strong></span> <span class='ocrx_word' id='word_1_720' title='bbox 1074 5094 1317 5168; x_wconf 82' lang='lat' dir='ltr'><strong>humano,</strong></span> <span class='ocrx_word' id='word_1_721' title='bbox 1350 5096 1533 5168; x_wconf 79' lang='lat' dir='ltr'><strong>deinde</strong></span> <span class='ocrx_word' id='word_1_722' title='bbox 1572 5113 1682 5168; x_wconf 85' lang='lat' dir='ltr'><strong>spes</strong></span> <span class='ocrx_word' id='word_1_723' title='bbox 1721 5106 1770 5151; x_wconf 86' lang='lat' dir='ltr'><strong>et</strong></span> 
     </span>
    </p>
   </div>
   <div class='ocr_carea' id='block_1_99' title="bbox 208 5114 1769 5237">
    <p class='ocr_par' dir='ltr' id='par_1_99' title="bbox 208 5114 1769 5237">
     <span class='ocr_line' id='line_1_99' title="bbox 208 5114 1769 5168; baseline 0.004 -23"><span class='ocrx_word' id='word_1_724' title='bbox 208 5114 397 5161; x_wconf 73' lang='lat' dir='ltr'><strong>gnatas,</strong></span> <span class='ocrx_word' id='word_1_725' title='bbox 426 5114 580 5167; x_wconf 73' lang='lat' dir='ltr'><strong>quam</strong></span> <span class='ocrx_word' id='word_1_726' title='bbox 641 5114 776 5151; x_wconf 67' lang='grc'><strong>81187⁵8</strong></span> <span class='ocrx_word' id='word_1_727' title='bbox 806 5114 1044 5149; x_wconf 81' lang='lat' dir='ltr'><strong>aeuemus</strong></span> <span class='ocrx_word' id='word_1_728' title='bbox 1074 5114 1317 5159; x_wconf 85' lang='lat' dir='ltr'><strong>numano,</strong></span> <span class='ocrx_word' id='word_1_729' title='bbox 1350 5114 1533 5149; x_wconf 81' lang='lat' dir='ltr'><strong>actnae</strong></span> <span class='ocrx_word' id='word_1_730' title='bbox 1572 5114 1682 5168; x_wconf 72' lang='grc' dir='ltr'><strong>ερεδ</strong></span> <span class='ocrx_word' id='word_1_731' title='bbox 1721 5114 1769 5151; x_wconf 69' lang='grc' dir='ltr'><strong>ει</strong></span> 
     </span>
     <span class='ocr_line' id='line_1_100' title="bbox 208 5114 1769 5237; baseline -0.002 -13"><span class='ocrx_word' id='word_1_732' title='bbox 208 5164 326 5224; x_wconf 70' lang='lat' dir='ltr'><strong>ﬁdes</strong></span> <span class='ocrx_word' id='word_1_733' title='bbox 354 5182 512 5229; x_wconf 83' lang='lat' dir='ltr'><strong>quam</strong></span> <span class='ocrx_word' id='word_1_734' title='bbox 540 5114 778 5221; x_wconf 50' lang='lat' dir='ltr'><strong>habemus</strong></span> <span class='ocrx_word' id='word_1_735' title='bbox 806 5167 859 5220; x_wconf 88' lang='lat' dir='ltr'><strong>in</strong></span> <span class='ocrx_word' id='word_1_736' title='bbox 892 5164 1092 5237; x_wconf 75' lang='lat' dir='ltr'><strong>Deuin,</strong></span> <span class='ocrx_word' id='word_1_737' title='bbox 1113 5166 1203 5236; x_wconf 88' lang='lat' dir='ltr'><strong>qui</strong></span> <span class='ocrx_word' id='word_1_738' title='bbox 1224 5174 1368 5219; x_wconf 73' lang='lat' dir='ltr'><strong>extra</strong></span> <span class='ocrx_word' id='word_1_739' title='bbox 1392 5166 1477 5232; x_wconf 90' lang='lat' dir='ltr'><strong>id,</strong></span> <span class='ocrx_word' id='word_1_740' title='bbox 1507 5168 1642 5234; x_wconf 88' lang='lat' dir='ltr'><strong>quod</strong></span> <span class='ocrx_word' id='word_1_741' title='bbox 1663 5168 1769 5237; x_wconf 83' lang='lat' dir='ltr'><strong>fre-</strong></span> 
     </span>
    </p>
   </div>
   <div class='ocr_carea' id='block_1_100' title="bbox 203 5235 1767 5307">
    <p class='ocr_par' dir='ltr' id='par_1_100' title="bbox 203 5235 1767 5307">
     <span class='ocr_line' id='line_1_101' title="bbox 203 5235 1767 5307; baseline 0.004 -21"><span class='ocrx_word' id='word_1_742' title='bbox 203 5243 409 5307; x_wconf 72' lang='lat' dir='ltr'><strong>quenter</strong></span> <span class='ocrx_word' id='word_1_743' title='bbox 437 5239 727 5307; x_wconf 82' lang='lat' dir='ltr'><strong>desperatus</strong></span> <span class='ocrx_word' id='word_1_744' title='bbox 757 5245 1045 5303; x_wconf 75' lang='lat' dir='ltr'><strong>teMporum</strong></span> <span class='ocrx_word' id='word_1_745' title='bbox 1074 5235 1257 5307; x_wconf 80' lang='lat' dir='ltr'><strong>levavit</strong></span> <span class='ocrx_word' id='word_1_746' title='bbox 1282 5239 1464 5291; x_wconf 83' lang='lat' dir='ltr'><strong>ruinas</strong></span> <span class='ocrx_word' id='word_1_747' title='bbox 1482 5277 1498 5301; x_wconf 94' lang='lat'><strong>,</strong></span> <span class='ocrx_word' id='word_1_748' title='bbox 1529 5235 1767 5292; x_wconf 84' lang='lat' dir='ltr'><strong>constan-</strong></span> 
     </span>
    </p>
   </div>
   <div class='ocr_carea' id='block_1_101' title="bbox 202 5305 1767 5376">
    <p class='ocr_par' dir='ltr' id='par_1_101' title="bbox 202 5305 1767 5376">
     <span class='ocr_line' id='line_1_102' title="bbox 202 5305 1767 5376; baseline 0.004 -20"><span class='ocrx_word' id='word_1_749' title='bbox 202 5306 319 5376; x_wconf 76' lang='lat' dir='ltr'><strong>tiam</strong></span> <span class='ocrx_word' id='word_1_750' title='bbox 344 5305 538 5370; x_wconf 72' lang='lat' dir='ltr'><strong>tamen,</strong></span> <span class='ocrx_word' id='word_1_751' title='bbox 566 5324 719 5374; x_wconf 86' lang='lat' dir='ltr'><strong>quam</strong></span> <span class='ocrx_word' id='word_1_752' title='bbox 746 5323 905 5376; x_wconf 75' lang='lat' dir='ltr'><strong>usque</strong></span> <span class='ocrx_word' id='word_1_753' title='bbox 923 5308 992 5360; x_wconf 87' lang='lat' dir='ltr'><strong>ad</strong></span> <span class='ocrx_word' id='word_1_754' title='bbox 1019 5307 1196 5359; x_wconf 85' lang='lat' dir='ltr'><strong>martis</strong></span> <span class='ocrx_word' id='word_1_755' title='bbox 1221 5305 1399 5360; x_wconf 87' lang='lat' dir='ltr'><strong>haram</strong></span> <span class='ocrx_word' id='word_1_756' title='bbox 1425 5322 1656 5361; x_wconf 72' lang='lat' dir='ltr'><strong>exercere</strong></span> <span class='ocrx_word' id='word_1_757' title='bbox 1678 5324 1767 5362; x_wconf 81' lang='lat' dir='ltr'><strong>vo-</strong></span> 
     </span>
    </p>
   </div>
   <div class='ocr_carea' id='block_1_102' title="bbox 202 5374 1765 5449">
    <p class='ocr_par' dir='ltr' id='par_1_102' title="bbox 202 5374 1765 5449">
     <span class='ocr_line' id='line_1_103' title="bbox 202 5374 1765 5449; baseline 0.007 -26"><span class='ocrx_word' id='word_1_758' title='bbox 202 5374 322 5440; x_wconf 74' lang='lat' dir='ltr'><strong>luit,</strong></span> <span class='ocrx_word' id='word_1_759' title='bbox 361 5379 462 5431; x_wconf 87' lang='lat' dir='ltr'><strong>etsi</strong></span> <span class='ocrx_word' id='word_1_760' title='bbox 502 5379 702 5433; x_wconf 83' lang='lat' dir='ltr'><strong>nullum</strong></span> <span class='ocrx_word' id='word_1_761' title='bbox 742 5374 1200 5445; x_wconf 77' lang='lat' dir='ltr'><strong>imprmentiarum</strong></span> <span class='ocrx_word' id='word_1_762' title='bbox 1238 5388 1627 5449; x_wconf 85' lang='lat' dir='ltr'><strong>consequeretur</strong></span> <span class='ocrx_word' id='word_1_763' title='bbox 1645 5377 1765 5446; x_wconf 68' lang='lat' dir='ltr'><strong>effe-</strong></span> 
     </span>
    </p>
   </div>
   <div class='ocr_carea' id='block_1_103' title="bbox 200 5448 1264 5514">
    <p class='ocr_par' dir='ltr' id='par_1_103' title="bbox 200 5448 1264 5514">
     <span class='ocr_line' id='line_1_104' title="bbox 200 5448 1264 5514; baseline 0.006 -20"><span class='ocrx_word' id='word_1_764' title='bbox 200 5454 360 5514; x_wconf 80' lang='lat' dir='ltr'><strong>ctum,</strong></span> <span class='ocrx_word' id='word_1_765' title='bbox 385 5458 578 5502; x_wconf 63' lang='lat' dir='ltr'><strong>eterna</strong></span> <span class='ocrx_word' id='word_1_766' title='bbox 605 5449 1010 5503; x_wconf 86' lang='lat' dir='ltr'><strong>remuneratione</strong></span> <span class='ocrx_word' id='word_1_767' title='bbox 1034 5448 1264 5502; x_wconf 89' lang='lat' dir='ltr'><strong>donavit.</strong></span> 
     </span>
    </p>
   </div>
   <div class='ocr_carea' id='block_1_104' title="bbox 265 5516 1759 5590">
    <p class='ocr_par' dir='ltr' id='par_1_104' title="bbox 265 5516 1759 5590">
     <span class='ocr_line' id='line_1_105' title="bbox 265 5516 1759 5590; baseline 0.005 -21"><span class='ocrx_word' id='word_1_768' title='bbox 265 5520 437 5590; x_wconf 74' lang='lat' dir='ltr'><strong>Quam</strong></span> <span class='ocrx_word' id='word_1_769' title='bbox 476 5519 704 5590; x_wconf 71' lang='lat' dir='ltr'><strong>gloriose</strong></span> <span class='ocrx_word' id='word_1_770' title='bbox 739 5534 866 5575; x_wconf 86' lang='lat' dir='ltr'><strong>suos</strong></span> <span class='ocrx_word' id='word_1_771' title='bbox 908 5519 1231 5589; x_wconf 69' lang='lat' dir='ltr'><strong>depraedicat</strong></span> <span class='ocrx_word' id='word_1_772' title='bbox 1260 5516 1407 5588; x_wconf 90' lang='lat' dir='ltr'><strong>(Lib.</strong></span> <span class='ocrx_word' id='word_1_773' title='bbox 1437 5533 1473 5574; x_wconf 84' lang='lat' dir='ltr'><strong>tt</strong></span> <span class='ocrx_word' id='word_1_774' title='bbox 1500 5519 1564 5574; x_wconf 91' lang='lat' dir='ltr'><strong>de</strong></span> <span class='ocrx_word' id='word_1_775' title='bbox 1596 5517 1759 5590; x_wconf 83' lang='lat' dir='ltr'><strong>Nupt.</strong></span> 
     </span>
    </p>
   </div>
   <div class='ocr_carea' id='block_1_105' title="bbox 201 5589 1765 5661">
    <p class='ocr_par' dir='ltr' id='par_1_105' title="bbox 201 5589 1765 5661">
     <span class='ocr_line' id='line_1_106' title="bbox 201 5589 1765 5661; baseline 0.003 -21"><span class='ocrx_word' id='word_1_776' title='bbox 201 5596 244 5661; x_wconf 84' lang='lat' dir='ltr'><strong>et</strong></span> <span class='ocrx_word' id='word_1_777' title='bbox 272 5589 500 5659; x_wconf 72' lang='lat' dir='ltr'><strong>Concup.</strong></span> <span class='ocrx_word' id='word_1_778' title='bbox 528 5607 572 5644; x_wconf 87' lang='lat' dir='ltr'><strong>c.</strong></span> <span class='ocrx_word' id='word_1_779' title='bbox 599 5589 696 5661; x_wconf 78' lang='lat'><strong>5)!</strong></span> <span class='ocrx_word' id='word_1_780' title='bbox 732 5590 975 5644; x_wconf 88' lang='lat' dir='ltr'><strong>Doctores</strong></span> <span class='ocrx_word' id='word_1_781' title='bbox 998 5590 1160 5644; x_wconf 86' lang='lat' dir='ltr'><strong>nostri</strong></span> <span class='ocrx_word' id='word_1_782' title='bbox 1189 5590 1453 5656; x_wconf 86' lang='lat' dir='ltr'><strong>temporis,</strong></span> <span class='ocrx_word' id='word_1_783' title='bbox 1478 5594 1635 5659; x_wconf 80' lang='lat' dir='ltr'><strong>frater</strong></span> <span class='ocrx_word' id='word_1_784' title='bbox 1656 5589 1765 5645; x_wconf 85' lang='lat' dir='ltr'><strong>bea-</strong></span> 
     </span>
    </p>
   </div>
   <div class='ocr_carea' id='block_1_106' title="bbox 199 5659 1763 5732">
    <p class='ocr_par' dir='ltr' id='par_1_106' title="bbox 199 5659 1763 5732">
     <span class='ocr_line' id='line_1_107' title="bbox 199 5659 1763 5732; baseline 0.003 -23"><span class='ocrx_word' id='word_1_785' title='bbox 199 5659 419 5725; x_wconf 82' lang='lat' dir='ltr'><strong>tissime,</strong></span> <span class='ocrx_word' id='word_1_786' title='bbox 453 5672 501 5715; x_wconf 93' lang='lat' dir='ltr'><strong>et</strong></span> <span class='ocrx_word' id='word_1_787' title='bbox 525 5659 733 5732; x_wconf 72' lang='lat' dir='ltr'><strong>nefariae</strong></span> <span class='ocrx_word' id='word_1_788' title='bbox 760 5676 874 5731; x_wconf 71' lang='lat' dir='ltr'><strong>quas</strong></span> <span class='ocrx_word' id='word_1_789' title='bbox 900 5662 1071 5714; x_wconf 88' lang='lat' dir='ltr'><strong>adhuc</strong></span> <span class='ocrx_word' id='word_1_790' title='bbox 1099 5662 1261 5729; x_wconf 77' lang='lat' dir='ltr'><strong>fervet</strong></span> <span class='ocrx_word' id='word_1_791' title='bbox 1294 5662 1556 5714; x_wconf 83' lang='lat' dir='ltr'><strong>seditionis</strong></span> <span class='ocrx_word' id='word_1_792' title='bbox 1585 5672 1763 5714; x_wconf 84' lang='lat' dir='ltr'><strong>aucto-</strong></span> 
     </span>
    </p>
   </div>
   <div class='ocr_carea' id='block_1_107' title="bbox 201 5732 1762 5800">
    <p class='ocr_par' dir='ltr' id='par_1_107' title="bbox 201 5732 1762 5800">
     <span class='ocr_line' id='line_1_108' title="bbox 201 5732 1762 5800; baseline 0.003 -19"><span class='ocrx_word' id='word_1_793' title='bbox 201 5744 297 5791; x_wconf 85' lang='lat' dir='ltr'><strong>res,</strong></span> <span class='ocrx_word' id='word_1_794' title='bbox 323 5732 392 5783; x_wconf 89' lang='lat' dir='ltr'><strong>ad</strong></span> <span class='ocrx_word' id='word_1_795' title='bbox 425 5733 706 5798; x_wconf 82' lang='lat' dir='ltr'><strong>hominum,</strong></span> <span class='ocrx_word' id='word_1_796' title='bbox 724 5747 937 5800; x_wconf 89' lang='lat' dir='ltr'><strong>quorum</strong></span> <span class='ocrx_word' id='word_1_797' title='bbox 965 5736 1153 5787; x_wconf 88' lang='lat' dir='ltr'><strong>sanctis</strong></span> <span class='ocrx_word' id='word_1_798' title='bbox 1177 5733 1359 5786; x_wconf 84' lang='lat' dir='ltr'><strong>studiis</strong></span> <span class='ocrx_word' id='word_1_799' title='bbox 1388 5743 1620 5800; x_wconf 87' lang='lat' dir='ltr'><strong>uruntur,</strong></span> <span class='ocrx_word' id='word_1_800' title='bbox 1640 5748 1762 5785; x_wconf 83' lang='lat' dir='ltr'><strong>con-</strong></span> 
     </span>
    </p>
   </div>
   <div class='ocr_carea' id='block_1_108' title="bbox 203 5801 1757 5876">
    <p class='ocr_par' dir='ltr' id='par_1_108' title="bbox 203 5801 1757 5876">
     <span class='ocr_line' id='line_1_109' title="bbox 203 5801 1757 5876; baseline 0.002 -20"><span class='ocrx_word' id='word_1_801' title='bbox 203 5801 427 5858; x_wconf 77' lang='lat' dir='ltr'><strong>tumelias</strong></span> <span class='ocrx_word' id='word_1_802' title='bbox 454 5812 498 5859; x_wconf 87' lang='lat' dir='ltr'><strong>et</strong></span> <span class='ocrx_word' id='word_1_803' title='bbox 522 5804 738 5860; x_wconf 72' lang='lat' dir='ltr'><strong>exitium</strong></span> <span class='ocrx_word' id='word_1_804' title='bbox 763 5804 1083 5859; x_wconf 85' lang='lat' dir='ltr'><strong>decreverunt</strong></span> <span class='ocrx_word' id='word_1_805' title='bbox 1110 5820 1202 5876; x_wconf 84' lang='lat' dir='ltr'><strong>per</strong></span> <span class='ocrx_word' id='word_1_806' title='bbox 1235 5806 1439 5861; x_wconf 89' lang='lat' dir='ltr'><strong>ruinam</strong></span> <span class='ocrx_word' id='word_1_807' title='bbox 1474 5804 1630 5861; x_wconf 84' lang='lat' dir='ltr'><strong>totius</strong></span> <span class='ocrx_word' id='word_1_808' title='bbox 1656 5801 1757 5859; x_wconf 85' lang='lat' dir='ltr'><strong>Ec-</strong></span> 
     </span>
    </p>
   </div>
   <div class='ocr_carea' id='block_1_109' title="bbox 1884 3262 3459 3335">
    <p class='ocr_par' dir='ltr' id='par_1_109' title="bbox 1884 3262 3459 3335">
     <span class='ocr_line' id='line_1_110' title="bbox 1884 3262 3459 3335; baseline 0.001 -19"><span class='ocrx_word' id='word_1_809' title='bbox 1884 3264 2243 3317; x_wconf 88' lang='lat' dir='ltr'><strong>mentbrorum.</strong></span> <span class='ocrx_word' id='word_1_810' title='bbox 2278 3263 2407 3317; x_wconf 75' lang='lat' dir='ltr'><strong>Hazc</strong></span> <span class='ocrx_word' id='word_1_811' title='bbox 2429 3281 2547 3335; x_wconf 85' lang='lat' dir='ltr'><strong>ergo</strong></span> <span class='ocrx_word' id='word_1_812' title='bbox 2579 3262 2987 3318; x_wconf 63' lang='lat' dir='ltr'><strong>Manichaeorum</strong></span> <span class='ocrx_word' id='word_1_813' title='bbox 3016 3262 3183 3335; x_wconf 76' lang='lat' dir='ltr'><strong>seat-ia</strong></span> <span class='ocrx_word' id='word_1_814' title='bbox 3222 3267 3459 3332; x_wconf 82' lang='lat' dir='ltr'><strong>impuris-</strong></span> 
     </span>
    </p>
   </div>
   <div class='ocr_carea' id='block_1_110' title="bbox 1884 3334 3460 3404">
    <p class='ocr_par' dir='ltr' id='par_1_110' title="bbox 1884 3334 3460 3404">
     <span class='ocr_line' id='line_1_111' title="bbox 1884 3334 3460 3404; baseline 0 -17"><span class='ocrx_word' id='word_1_815' title='bbox 1884 3336 2128 3387; x_wconf 89' lang='lat' dir='ltr'><strong>simorum</strong></span> <span class='ocrx_word' id='word_1_816' title='bbox 2152 3336 2446 3404; x_wconf 84' lang='lat' dir='ltr'><strong>dagtnatum</strong></span> <span class='ocrx_word' id='word_1_817' title='bbox 2475 3336 2684 3388; x_wconf 89' lang='lat' dir='ltr'><strong>auribus</strong></span> <span class='ocrx_word' id='word_1_818' title='bbox 2714 3335 3053 3389; x_wconf 85' lang='lat' dir='ltr'><strong>lenocinatur.</strong></span> <span class='ocrx_word' id='word_1_819' title='bbox 3086 3334 3214 3387; x_wconf 67' lang='grc' dir='ltr'><strong>Παίς</strong></span> <span class='ocrx_word' id='word_1_820' title='bbox 3238 3337 3290 3387; x_wconf 86' lang='lat' dir='ltr'><strong>iu</strong></span> <span class='ocrx_word' id='word_1_821' title='bbox 3317 3347 3460 3388; x_wconf 59' lang='lat' dir='ltr'><strong>utro-</strong></span> 
     </span>
    </p>
   </div>
   <div class='ocr_carea' id='block_1_111' title="bbox 1882 3406 3471 3474">
    <p class='ocr_par' dir='ltr' id='par_1_111' title="bbox 1882 3406 3471 3474">
     <span class='ocr_line' id='line_1_112' title="bbox 1882 3406 3471 3474; baseline 0.002 -18"><span class='ocrx_word' id='word_1_822' title='bbox 1882 3421 1981 3474; x_wconf 91' lang='lat' dir='ltr'><strong>que</strong></span> <span class='ocrx_word' id='word_1_823' title='bbox 2005 3421 2128 3459; x_wconf 70' lang='lat' dir='ltr'><strong>sexu</strong></span> <span class='ocrx_word' id='word_1_824' title='bbox 2154 3407 2345 3473; x_wconf 87' lang='lat' dir='ltr'><strong>positos</strong></span> <span class='ocrx_word' id='word_1_825' title='bbox 2366 3406 2600 3458; x_wconf 90' lang='lat' dir='ltr'><strong>inimicos</strong></span> <span class='ocrx_word' id='word_1_826' title='bbox 2622 3417 2821 3459; x_wconf 88' lang='lat' dir='ltr'><strong>nostros</strong></span> <span class='ocrx_word' id='word_1_827' title='bbox 2844 3406 3009 3459; x_wconf 88' lang='lat' dir='ltr'><strong>urtica</strong></span> <span class='ocrx_word' id='word_1_828' title='bbox 3030 3406 3293 3458; x_wconf 68' lang='lat' dir='ltr'><strong>commovit</strong></span> <span class='ocrx_word' id='word_1_829' title='bbox 3310 3448 3323 3467; x_wconf 87' lang='lat'><strong>,</strong></span> <span class='ocrx_word' id='word_1_830' title='bbox 3350 3422 3471 3473; x_wconf 63' lang='lat' dir='ltr'><strong>quas</strong></span> 
     </span>
    </p>
   </div>
   <div class='ocr_carea' id='block_1_112' title="bbox 1884 3476 3461 3546">
    <p class='ocr_par' dir='ltr' id='par_1_112' title="bbox 1884 3476 3461 3546">
     <span class='ocr_line' id='line_1_113' title="bbox 1884 3476 3461 3546; baseline 0.001 -20"><span class='ocrx_word' id='word_1_831' title='bbox 1884 3476 2009 3546; x_wconf 84' lang='lat' dir='ltr'><strong>dum</strong></span> <span class='ocrx_word' id='word_1_832' title='bbox 2030 3476 2281 3546; x_wconf 91' lang='lat' dir='ltr'><strong>quosdant</strong></span> <span class='ocrx_word' id='word_1_833' title='bbox 2306 3476 2427 3529; x_wconf 85' lang='lat' dir='ltr'><strong>vitio</strong></span> <span class='ocrx_word' id='word_1_834' title='bbox 2449 3476 2601 3530; x_wconf 72' lang='lat' dir='ltr'><strong>malta</strong></span> <span class='ocrx_word' id='word_1_835' title='bbox 2624 3478 3009 3529; x_wconf 85' lang='lat' dir='ltr'><strong>consuetudinis</strong></span> <span class='ocrx_word' id='word_1_836' title='bbox 3040 3477 3255 3541; x_wconf 87' lang='lat' dir='ltr'><strong>mordet,</strong></span> <span class='ocrx_word' id='word_1_837' title='bbox 3291 3486 3461 3528; x_wconf 88' lang='lat' dir='ltr'><strong>tamen</strong></span> 
     </span>
    </p>
   </div>
   <div class='ocr_carea' id='block_1_113' title="bbox 1884 3545 3461 3616">
    <p class='ocr_par' dir='ltr' id='par_1_113' title="bbox 1884 3545 3461 3616">
     <span class='ocr_line' id='line_1_114' title="bbox 1884 3545 3461 3616; baseline 0.001 -18"><span class='ocrx_word' id='word_1_838' title='bbox 1884 3545 2290 3600; x_wconf 84' lang='lat' dir='ltr'><strong>cahortatianum</strong></span> <span class='ocrx_word' id='word_1_839' title='bbox 2327 3548 2634 3600; x_wconf 89' lang='lat' dir='ltr'><strong>salutarium</strong></span> <span class='ocrx_word' id='word_1_840' title='bbox 2668 3549 2821 3600; x_wconf 88' lang='lat' dir='ltr'><strong>veluti</strong></span> <span class='ocrx_word' id='word_1_841' title='bbox 2854 3547 3157 3616; x_wconf 86' lang='lat' dir='ltr'><strong>quibusdam</strong></span> <span class='ocrx_word' id='word_1_842' title='bbox 3186 3548 3461 3599; x_wconf 86' lang='lat' dir='ltr'><strong>curabatur</strong></span> 
     </span>
    </p>
   </div>
   <div class='ocr_carea' id='block_1_114' title="bbox 1883 3617 3461 3687">
    <p class='ocr_par' dir='ltr' id='par_1_114' title="bbox 1883 3617 3461 3687">
     <span class='ocr_line' id='line_1_115' title="bbox 1883 3617 3461 3687; baseline 0.003 -20"><span class='ocrx_word' id='word_1_843' title='bbox 1883 3617 2155 3687; x_wconf 78' lang='lat' dir='ltr'><strong>unguentis</strong></span> <span class='ocrx_word' id='word_1_844' title='bbox 2184 3633 2203 3669; x_wconf 89' lang='lat'><strong><em>:</em></strong></span> <span class='ocrx_word' id='word_1_845' title='bbox 2230 3626 2282 3670; x_wconf 91' lang='lat' dir='ltr'><strong>at</strong></span> <span class='ocrx_word' id='word_1_846' title='bbox 2311 3633 2447 3670; x_wconf 90' lang='lat' dir='ltr'><strong>nunc</strong></span> <span class='ocrx_word' id='word_1_847' title='bbox 2471 3629 2737 3687; x_wconf 83' lang='lat' dir='ltr'><strong>postquam</strong></span> <span class='ocrx_word' id='word_1_848' title='bbox 2763 3633 2857 3686; x_wconf 91' lang='lat' dir='ltr'><strong>pro</strong></span> <span class='ocrx_word' id='word_1_849' title='bbox 2888 3618 3242 3681; x_wconf 87' lang='lat' dir='ltr'><strong>medicamine,</strong></span> <span class='ocrx_word' id='word_1_850' title='bbox 3270 3630 3461 3671; x_wconf 84' lang='lat' dir='ltr'><strong>etc.—</strong></span> 
     </span>
    </p>
   </div>
   <div class='ocr_carea' id='block_1_115' title="bbox 1885 3685 3457 3754">
    <p class='ocr_par' dir='ltr' id='par_1_115' title="bbox 1885 3685 3457 3754">
     <span class='ocr_line' id='line_1_116' title="bbox 1885 3685 3457 3754; baseline 0.003 -16"><span class='ocrx_word' id='word_1_851' title='bbox 1885 3685 2023 3739; x_wconf 90' lang='lat' dir='ltr'><strong>Dum</strong></span> <span class='ocrx_word' id='word_1_852' title='bbox 2056 3688 2171 3740; x_wconf 81' lang='lat' dir='ltr'><strong>novi</strong></span> <span class='ocrx_word' id='word_1_853' title='bbox 2205 3685 2486 3754; x_wconf 79' lang='lat' dir='ltr'><strong>acuminis,</strong></span> <span class='ocrx_word' id='word_1_854' title='bbox 2524 3685 2629 3741; x_wconf 88' lang='lat' dir='ltr'><strong>etc.</strong></span> <span class='ocrx_word' id='word_1_855' title='bbox 2673 3685 3015 3744; x_wconf 38' lang='lat' dir='ltr'><strong>lta&#39;Baronu</strong></span> <span class='ocrx_word' id='word_1_856' title='bbox 3054 3687 3170 3741; x_wconf 90' lang='lat' dir='ltr'><strong>Uss.</strong></span> <span class='ocrx_word' id='word_1_857' title='bbox 3196 3728 3210 3748; x_wconf 95' lang='lat'><strong>,</strong></span> <span class='ocrx_word' id='word_1_858' title='bbox 3250 3687 3457 3752; x_wconf 78' lang='lat' dir='ltr'><strong>l.ubh.;</strong></span> 
     </span>
    </p>
   </div>
   <div class='ocr_carea' id='block_1_116' title="bbox 1860 3756 3459 3815">
    <p class='ocr_par' dir='ltr' id='par_1_116' title="bbox 1860 3756 3459 3815">
     <span class='ocr_line' id='line_1_117' title="bbox 1860 3756 3459 3815; baseline 0.001 -6"><span class='ocrx_word' id='word_1_859' title='bbox 1860 3756 2055 3810; x_wconf 87' lang='lat' dir='ltr'><strong>&#39;Salm.</strong></span> <span class='ocrx_word' id='word_1_860' title='bbox 2083 3771 2210 3811; x_wconf 84' lang='lat' dir='ltr'><strong>vero</strong></span> <span class='ocrx_word' id='word_1_861' title='bbox 2232 3767 2284 3810; x_wconf 88' lang='lat' dir='ltr'><strong>et</strong></span> <span class='ocrx_word' id='word_1_862' title='bbox 2312 3757 2452 3815; x_wconf 82' lang='lat' dir='ltr'><strong>Bal.,</strong></span> <span class='ocrx_word' id='word_1_863' title='bbox 2479 3756 2609 3810; x_wconf 85' lang='lat' dir='ltr'><strong>Novi</strong></span> <span class='ocrx_word' id='word_1_864' title='bbox 2641 3758 2867 3809; x_wconf 87' lang='lat' dir='ltr'><strong>criminis</strong></span> <span class='ocrx_word' id='word_1_865' title='bbox 2886 3767 3301 3811; x_wconf 86' lang='lat' dir='ltr'><strong>commentatores</strong></span> <span class='ocrx_word' id='word_1_866' title='bbox 3323 3762 3459 3811; x_wconf 75' lang='lat' dir='ltr'><strong>tasti-</strong></span> 
     </span>
    </p>
   </div>
   <div class='ocr_carea' id='block_1_117' title="bbox 1882 3827 3457 3896">
    <p class='ocr_par' dir='ltr' id='par_1_117' title="bbox 1882 3827 3457 3896">
     <span class='ocr_line' id='line_1_118' title="bbox 1882 3827 3457 3896; baseline 0 -16"><span class='ocrx_word' id='word_1_867' title='bbox 1882 3836 2023 3880; x_wconf 91' lang='lat' dir='ltr'><strong>mant</strong></span> <span class='ocrx_word' id='word_1_868' title='bbox 2045 3868 2060 3892; x_wconf 91' lang='lat'><strong>,</strong></span> <span class='ocrx_word' id='word_1_869' title='bbox 2094 3836 2202 3881; x_wconf 91' lang='lat' dir='ltr'><strong>etc.</strong></span> <span class='ocrx_word' id='word_1_870' title='bbox 2251 3828 2362 3881; x_wconf 85' lang='lat' dir='ltr'><strong>Etsi</strong></span> <span class='ocrx_word' id='word_1_871' title='bbox 2389 3827 2682 3896; x_wconf 78' lang='lat' dir='ltr'><strong>probabilis</strong></span> <span class='ocrx_word' id='word_1_872' title='bbox 2713 3836 2792 3880; x_wconf 91' lang='lat' dir='ltr'><strong>est</strong></span> <span class='ocrx_word' id='word_1_873' title='bbox 2824 3828 2922 3880; x_wconf 82' lang='lat' dir='ltr'><strong>ista</strong></span> <span class='ocrx_word' id='word_1_874' title='bbox 2955 3828 3144 3886; x_wconf 85' lang='lat' dir='ltr'><strong>lcetio,</strong></span> <span class='ocrx_word' id='word_1_875' title='bbox 3177 3828 3341 3881; x_wconf 82' lang='lat' dir='ltr'><strong>altera</strong></span> <span class='ocrx_word' id='word_1_876' title='bbox 3377 3841 3457 3880; x_wconf 85' lang='lat' dir='ltr'><strong>ta-</strong></span> 
     </span>
    </p>
   </div>
   <div class='ocr_carea' id='block_1_118' title="bbox 1884 3897 3459 3966">
    <p class='ocr_par' dir='ltr' id='par_1_118' title="bbox 1884 3897 3459 3966">
     <span class='ocr_line' id='line_1_119' title="bbox 1884 3897 3459 3966; baseline 0 -15"><span class='ocrx_word' id='word_1_877' title='bbox 1884 3912 2011 3952; x_wconf 88' lang='lat' dir='ltr'><strong>men</strong></span> <span class='ocrx_word' id='word_1_878' title='bbox 2034 3914 2137 3953; x_wconf 89' lang='lat' dir='ltr'><strong>non</strong></span> <span class='ocrx_word' id='word_1_879' title='bbox 2164 3905 2367 3952; x_wconf 87' lang='lat' dir='ltr'><strong>tantum</strong></span> <span class='ocrx_word' id='word_1_880' title='bbox 2396 3914 2490 3966; x_wconf 89' lang='lat' dir='ltr'><strong>per</strong></span> <span class='ocrx_word' id='word_1_881' title='bbox 2510 3912 2568 3951; x_wconf 89' lang='lat' dir='ltr'><strong>se</strong></span> <span class='ocrx_word' id='word_1_882' title='bbox 2589 3897 2885 3965; x_wconf 78' lang='lat' dir='ltr'><strong>elegantior</strong></span> <span class='ocrx_word' id='word_1_883' title='bbox 2912 3908 3014 3961; x_wconf 91' lang='lat' dir='ltr'><strong>est,</strong></span> <span class='ocrx_word' id='word_1_884' title='bbox 3040 3897 3133 3951; x_wconf 79' lang='lat' dir='ltr'><strong>sed</strong></span> <span class='ocrx_word' id='word_1_885' title='bbox 3158 3898 3318 3950; x_wconf 81' lang='lat' dir='ltr'><strong>etiam</strong></span> <span class='ocrx_word' id='word_1_886' title='bbox 3346 3915 3459 3951; x_wconf 86' lang='lat' dir='ltr'><strong>ma-</strong></span> 
     </span>
    </p>
   </div>
   <div class='ocr_carea' id='block_1_119' title="bbox 1882 3967 3460 4038">
    <p class='ocr_par' dir='ltr' id='par_1_119' title="bbox 1882 3967 3460 4038">
     <span class='ocr_line' id='line_1_120' title="bbox 1882 3967 3460 4038; baseline -0.001 -17"><span class='ocrx_word' id='word_1_887' title='bbox 1882 3968 1965 4038; x_wconf 79' lang='lat' dir='ltr'><strong>gis</strong></span> <span class='ocrx_word' id='word_1_888' title='bbox 1993 3969 2239 4038; x_wconf 86' lang='lat' dir='ltr'><strong>opposita</strong></span> <span class='ocrx_word' id='word_1_889' title='bbox 2277 3969 2342 4024; x_wconf 87' lang='lat' dir='ltr'><strong>ad</strong></span> <span class='ocrx_word' id='word_1_890' title='bbox 2376 3968 2648 4038; x_wconf 77' lang='lat' dir='ltr'><strong>ingenium</strong></span> <span class='ocrx_word' id='word_1_891' title='bbox 2676 3967 3113 4038; x_wconf 78' lang='lat' dir='ltr'><strong>Pelagianorum,</strong></span> <span class='ocrx_word' id='word_1_892' title='bbox 3145 3978 3212 4038; x_wconf 86' lang='lat' dir='ltr'><strong>et_</strong></span> <span class='ocrx_word' id='word_1_893' title='bbox 3234 3969 3296 4019; x_wconf 90' lang='lat' dir='ltr'><strong>iis</strong></span> <span class='ocrx_word' id='word_1_894' title='bbox 3336 3984 3460 4034; x_wconf 77' lang='lat' dir='ltr'><strong>quae</strong></span> 
     </span>
    </p>
   </div>
   <div class='ocr_carea' id='block_1_120' title="bbox 1882 4036 3458 4109">
    <p class='ocr_par' dir='ltr' id='par_1_120' title="bbox 1882 4036 3458 4109">
     <span class='ocr_line' id='line_1_121' title="bbox 1882 4036 3458 4109; baseline -0.001 -18"><span class='ocrx_word' id='word_1_895' title='bbox 1882 4036 2182 4109; x_wconf 81' lang='lat' dir='ltr'><strong>sequuntur</strong></span> <span class='ocrx_word' id='word_1_896' title='bbox 2197 4039 2597 4094; x_wconf 86' lang='lat' dir='ltr'><strong>consonautior.</strong></span> <span class='ocrx_word' id='word_1_897' title='bbox 2614 4037 2767 4092; x_wconf 86' lang='lat' dir='ltr'><strong>Nullo</strong></span> <span class='ocrx_word' id='word_1_898' title='bbox 2789 4051 2947 4109; x_wconf 83' lang='lat' dir='ltr'><strong>sensu</strong></span> <span class='ocrx_word' id='word_1_899' title='bbox 2970 4037 3165 4105; x_wconf 83' lang='lat' dir='ltr'><strong>Magd..</strong></span> <span class='ocrx_word' id='word_1_900' title='bbox 3184 4036 3320 4109; x_wconf 83' lang='lat' dir='ltr'><strong>Dum</strong></span> <span class='ocrx_word' id='word_1_901' title='bbox 3342 4040 3458 4109; x_wconf 83' lang='lat' dir='ltr'><strong>novi</strong></span> 
     </span>
    </p>
   </div>
   <div class='ocr_carea' id='block_1_121' title="bbox 1882 4106 3457 4179">
    <p class='ocr_par' dir='ltr' id='par_1_121' title="bbox 1882 4106 3457 4179">
     <span class='ocr_line' id='line_1_122' title="bbox 1882 4106 3457 4179; baseline -0.001 -16"><span class='ocrx_word' id='word_1_902' title='bbox 1882 4106 2108 4164; x_wconf 86' lang='lat' dir='ltr'><strong>criminis</strong></span> <span class='ocrx_word' id='word_1_903' title='bbox 2154 4112 2467 4165; x_wconf 88' lang='lat' dir='ltr'><strong>commendat</strong></span> <span class='ocrx_word' id='word_1_904' title='bbox 2498 4111 2693 4164; x_wconf 87' lang='lat' dir='ltr'><strong>eventui</strong></span> <span class='ocrx_word' id='word_1_905' title='bbox 2736 4108 2986 4179; x_wconf 88' lang='lat' dir='ltr'><strong>insignem</strong></span> <span class='ocrx_word' id='word_1_906' title='bbox 3028 4115 3200 4160; x_wconf 87' lang='lat' dir='ltr'><strong>natam</strong></span> <span class='ocrx_word' id='word_1_907' title='bbox 3248 4106 3457 4176; x_wconf 76' lang='lat' dir='ltr'><strong>plebeia:</strong></span> 
     </span>
    </p>
   </div>
   <div class='ocr_carea' id='block_1_122' title="bbox 1882 4182 2523 4245">
    <p class='ocr_par' dir='ltr' id='par_1_122' title="bbox 1882 4182 2523 4245">
     <span class='ocr_line' id='line_1_123' title="bbox 1882 4182 2523 4245; baseline 0.002 -11"><span class='ocrx_word' id='word_1_908' title='bbox 1882 4182 2136 4235; x_wconf 75' lang='lat' dir='ltr'><strong>wstimans</strong></span> <span class='ocrx_word' id='word_1_909' title='bbox 2157 4183 2388 4245; x_wconf 90' lang='lat' dir='ltr'><strong>vilitatis,</strong></span> <span class='ocrx_word' id='word_1_910' title='bbox 2418 4191 2523 4237; x_wconf 88' lang='lat' dir='ltr'><strong>etc.</strong></span> 
     </span>
    </p>
   </div>
   <div class='ocr_carea' id='block_1_123' title="bbox 1955 4246 3458 4323">
    <p class='ocr_par' dir='ltr' id='par_1_123' title="bbox 1955 4246 3458 4323">
     <span class='ocr_line' id='line_1_124' title="bbox 1955 4246 3458 4323; baseline -0.003 -18"><span class='ocrx_word' id='word_1_911' title='bbox 1955 4254 1982 4323; x_wconf 43' lang='grc' dir='ltr'>ἦ</span> <span class='ocrx_word' id='word_1_912' title='bbox 2009 4252 2181 4323; x_wconf 79' lang='lat' dir='ltr'><strong>Magd.</strong></span> <span class='ocrx_word' id='word_1_913' title='bbox 2212 4263 2267 4306; x_wconf 89' lang='lat' dir='ltr'><strong>et</strong></span> <span class='ocrx_word' id='word_1_914' title='bbox 2294 4252 2483 4317; x_wconf 85' lang='lat' dir='ltr'><strong>Labb.,</strong></span> <span class='ocrx_word' id='word_1_915' title='bbox 2516 4248 3000 4311; x_wconf 85' lang='lat' dir='ltr'><strong>commendationis;</strong></span> <span class='ocrx_word' id='word_1_916' title='bbox 3041 4262 3140 4302; x_wconf 91' lang='lat' dir='ltr'><strong>nec</strong></span> <span class='ocrx_word' id='word_1_917' title='bbox 3173 4246 3458 4323; x_wconf 79' lang='lat' dir='ltr'><strong>improba-</strong></span> 
     </span>
    </p>
   </div>
   <div class='ocr_carea' id='block_1_124' title="bbox 1881 4319 3453 4391">
    <p class='ocr_par' dir='ltr' id='par_1_124' title="bbox 1881 4319 3453 4391">
     <span class='ocr_line' id='line_1_125' title="bbox 1881 4319 3453 4391; baseline -0.002 -17"><span class='ocrx_word' id='word_1_918' title='bbox 1881 4320 2080 4391; x_wconf 84' lang='lat' dir='ltr'><strong>biliter,</strong></span> <span class='ocrx_word' id='word_1_919' title='bbox 2100 4319 2317 4391; x_wconf 69' lang='lat' dir='ltr'><strong>propter</strong></span> <span class='ocrx_word' id='word_1_920' title='bbox 2332 4324 2712 4375; x_wconf 85' lang='lat' dir='ltr'><strong>antecedentes</strong></span> <span class='ocrx_word' id='word_1_921' title='bbox 2726 4334 2904 4391; x_wconf 77' lang='lat' dir='ltr'><strong>voces,</strong></span> <span class='ocrx_word' id='word_1_922' title='bbox 2921 4319 3268 4371; x_wconf 85' lang='lat' dir='ltr'><strong>commendata</strong></span> <span class='ocrx_word' id='word_1_923' title='bbox 3286 4330 3453 4371; x_wconf 88' lang='lat' dir='ltr'><strong>vento.</strong></span> 
     </span>
    </p>
   </div>
   <div class='ocr_carea' id='block_1_125' title="bbox 1952 4390 3457 4458">
    <p class='ocr_par' dir='ltr' id='par_1_125' title="bbox 1952 4390 3457 4458">
     <span class='ocr_line' id='line_1_126' title="bbox 1952 4390 3457 4458; baseline -0.002 -13"><span class='ocrx_word' id='word_1_924' title='bbox 1952 4390 1980 4429; x_wconf 72' lang='grc' dir='ltr'>δ</span> <span class='ocrx_word' id='word_1_925' title='bbox 2010 4393 2084 4445; x_wconf 86' lang='lat' dir='ltr'><strong>De</strong></span> <span class='ocrx_word' id='word_1_926' title='bbox 2111 4390 2226 4446; x_wconf 85' lang='lat' dir='ltr'><strong>sola</strong></span> <span class='ocrx_word' id='word_1_927' title='bbox 2257 4392 2581 4445; x_wconf 88' lang='lat' dir='ltr'><strong>mortalitate</strong></span> <span class='ocrx_word' id='word_1_928' title='bbox 2609 4390 2820 4449; x_wconf 81' lang='lat' dir='ltr'><strong>Adami.</strong></span> <span class='ocrx_word' id='word_1_929' title='bbox 2846 4391 3068 4458; x_wconf 75' lang='lat' dir='ltr'><strong>soloque</strong></span> <span class='ocrx_word' id='word_1_930' title='bbox 3100 4398 3317 4455; x_wconf 82' lang='lat' dir='ltr'><strong>peccato</strong></span> <span class='ocrx_word' id='word_1_931' title='bbox 3347 4391 3457 4442; x_wconf 77' lang='lat' dir='ltr'><strong>ori—</strong></span> 
     </span>
    </p>
   </div>
   <div class='ocr_carea' id='block_1_126' title="bbox 1881 4460 3453 4531">
    <p class='ocr_par' dir='ltr' id='par_1_126' title="bbox 1881 4460 3453 4531">
     <span class='ocr_line' id='line_1_127' title="bbox 1881 4460 3453 4531; baseline -0.003 -16"><span class='ocrx_word' id='word_1_932' title='bbox 1881 4461 2041 4529; x_wconf 76' lang='lat' dir='ltr'><strong>ginali</strong></span> <span class='ocrx_word' id='word_1_933' title='bbox 2081 4462 2140 4517; x_wconf 84' lang='lat' dir='ltr'><strong>lit</strong></span> <span class='ocrx_word' id='word_1_934' title='bbox 2168 4464 2403 4526; x_wconf 90' lang='lat' dir='ltr'><strong>mentio,</strong></span> <span class='ocrx_word' id='word_1_935' title='bbox 2431 4463 2549 4531; x_wconf 88' lang='lat' dir='ltr'><strong>quia</strong></span> <span class='ocrx_word' id='word_1_936' title='bbox 2579 4462 2735 4531; x_wconf 84' lang='lat' dir='ltr'><strong>unius</strong></span> <span class='ocrx_word' id='word_1_937' title='bbox 2771 4476 2867 4529; x_wconf 82' lang='lat' dir='ltr'><strong>per</strong></span> <span class='ocrx_word' id='word_1_938' title='bbox 2891 4476 2949 4531; x_wconf 88' lang='lat' dir='ltr'><strong>se</strong></span> <span class='ocrx_word' id='word_1_939' title='bbox 2975 4460 3216 4531; x_wconf 69' lang='lat' dir='ltr'><strong>leestii</strong></span> <span class='ocrx_word' id='word_1_940' title='bbox 3253 4460 3453 4527; x_wconf 81' lang='lat' dir='ltr'><strong>ageba-</strong></span> 
     </span>
    </p>
   </div>
   <div class='ocr_carea' id='block_1_127' title="bbox 1883 4530 3453 4599">
    <p class='ocr_par' dir='ltr' id='par_1_127' title="bbox 1883 4530 3453 4599">
     <span class='ocr_line' id='line_1_128' title="bbox 1883 4530 3453 4599; baseline -0.002 -14"><span class='ocrx_word' id='word_1_941' title='bbox 1883 4539 1970 4587; x_wconf 89' lang='lat' dir='ltr'><strong>tur</strong></span> <span class='ocrx_word' id='word_1_942' title='bbox 1997 4547 2178 4588; x_wconf 88' lang='lat' dir='ltr'><strong>causa.</strong></span> <span class='ocrx_word' id='word_1_943' title='bbox 2210 4535 2276 4588; x_wconf 83' lang='lat' dir='ltr'><strong>Et</strong></span> <span class='ocrx_word' id='word_1_944' title='bbox 2316 4530 2484 4599; x_wconf 86' lang='lat' dir='ltr'><strong>prima</strong></span> <span class='ocrx_word' id='word_1_945' title='bbox 2527 4532 2643 4586; x_wconf 63' lang='lat' dir='ltr'><strong>Isaac</strong></span> <span class='ocrx_word' id='word_1_946' title='bbox 2688 4530 2787 4584; x_wconf 84' lang='lat' dir='ltr'><strong>fuit</strong></span> <span class='ocrx_word' id='word_1_947' title='bbox 2816 4530 2976 4585; x_wconf 89' lang='lat' dir='ltr'><strong>totius</strong></span> <span class='ocrx_word' id='word_1_948' title='bbox 3003 4530 3244 4595; x_wconf 71' lang='lat' dir='ltr'><strong>haeresis,</strong></span> <span class='ocrx_word' id='word_1_949' title='bbox 3279 4545 3453 4598; x_wconf 82' lang='lat' dir='ltr'><strong>quan-</strong></span> 
     </span>
    </p>
   </div>
   <div class='ocr_carea' id='block_1_128' title="bbox 1881 4601 3454 4673">
    <p class='ocr_par' dir='ltr' id='par_1_128' title="bbox 1881 4601 3454 4673">
     <span class='ocr_line' id='line_1_129' title="bbox 1881 4601 3454 4673; baseline -0.004 -13"><span class='ocrx_word' id='word_1_950' title='bbox 1881 4614 2223 4673; x_wconf 85' lang='lat' dir='ltr'><strong>tumcumque</strong></span> <span class='ocrx_word' id='word_1_951' title='bbox 2273 4610 2456 4673; x_wconf 87' lang='lat' dir='ltr'><strong>postea</strong></span> <span class='ocrx_word' id='word_1_952' title='bbox 2511 4604 2840 4673; x_wconf 78' lang='lat' dir='ltr'><strong>excreverit,</strong></span> <span class='ocrx_word' id='word_1_953' title='bbox 2892 4604 3043 4671; x_wconf 82' lang='lat' dir='ltr'><strong>origo</strong></span> <span class='ocrx_word' id='word_1_954' title='bbox 3088 4614 3141 4656; x_wconf 91' lang='lat' dir='ltr'><strong>et</strong></span> <span class='ocrx_word' id='word_1_955' title='bbox 3185 4601 3356 4655; x_wconf 79' lang='lat' dir='ltr'><strong>radix.</strong></span> <span class='ocrx_word' id='word_1_956' title='bbox 3383 4629 3454 4639; x_wconf 92' lang='lat'>—</span> 
     </span>
    </p>
   </div>
   <div class='ocr_carea' id='block_1_129' title="bbox 1881 4672 3450 4746">
    <p class='ocr_par' dir='ltr' id='par_1_129' title="bbox 1881 4672 3450 4746">
     <span class='ocr_line' id='line_1_130' title="bbox 1881 4672 3450 4746; baseline -0.005 -15"><span class='ocrx_word' id='word_1_957' title='bbox 1881 4677 2088 4746; x_wconf 79' lang='lat' dir='ltr'><strong>Magd.,</strong></span> <span class='ocrx_word' id='word_1_958' title='bbox 2128 4672 2335 4738; x_wconf 22' lang='lat' dir='ltr'><strong>Labb’q</strong></span> <span class='ocrx_word' id='word_1_959' title='bbox 2385 4674 2540 4739; x_wconf 85' lang='lat' dir='ltr'><strong>Uss.,</strong></span> <span class='ocrx_word' id='word_1_960' title='bbox 2580 4672 2650 4726; x_wconf 79' lang='lat' dir='ltr'><strong>lli</strong></span> <span class='ocrx_word' id='word_1_961' title='bbox 2695 4674 2892 4746; x_wconf 83' lang='lat' dir='ltr'><strong>parenti</strong></span> <span class='ocrx_word' id='word_1_962' title='bbox 2931 4683 3233 4746; x_wconf 77' lang='lat' dir='ltr'><strong>cunctarum</strong></span> <span class='ocrx_word' id='word_1_963' title='bbox 3276 4686 3450 4746; x_wconf 82' lang='lat' dir='ltr'><strong>rerum</strong></span> 
     </span>
    </p>
   </div>
   <div class='ocr_carea' id='block_1_130' title="bbox 1884 4741 3448 4817">
    <p class='ocr_par' dir='ltr' id='par_1_130' title="bbox 1884 4741 3448 4817">
     <span class='ocr_line' id='line_1_131' title="bbox 1884 4741 3448 4817; baseline -0.008 -14"><span class='ocrx_word' id='word_1_964' title='bbox 1884 4741 2011 4813; x_wconf 72' lang='lat' dir='ltr'><strong>Deo,</strong></span> <span class='ocrx_word' id='word_1_965' title='bbox 2037 4747 2391 4817; x_wconf 67' lang='lat' dir='ltr'><strong>pracipueque</strong></span> <span class='ocrx_word' id='word_1_966' title='bbox 2409 4761 2604 4817; x_wconf 83' lang='lat' dir='ltr'><strong>semper</strong></span> <span class='ocrx_word' id='word_1_967' title='bbox 2626 4744 2903 4817; x_wconf 80' lang='lat' dir='ltr'><strong>majestatis</strong></span> <span class='ocrx_word' id='word_1_968' title='bbox 2925 4742 3209 4794; x_wconf 62' lang='lat' dir='ltr'><strong>intermina!</strong></span> <span class='ocrx_word' id='word_1_969' title='bbox 3232 4741 3448 4810; x_wconf 79' lang='lat' dir='ltr'><strong>potenti,</strong></span> 
     </span>
    </p>
   </div>
   <div class='ocr_carea' id='block_1_131' title="bbox 1880 4814 3448 4888">
    <p class='ocr_par' dir='ltr' id='par_1_131' title="bbox 1880 4814 3448 4888">
     <span class='ocr_line' id='line_1_132' title="bbox 1880 4814 3448 4888; baseline -0.006 -16"><span class='ocrx_word' id='word_1_970' title='bbox 1880 4814 2204 4872; x_wconf 19' lang='lat' dir='ltr'><strong>omni’ultra&#39;</strong></span> <span class='ocrx_word' id='word_1_971' title='bbox 2232 4814 2536 4888; x_wconf 84' lang='lat' dir='ltr'><strong>principium</strong></span> <span class='ocrx_word' id='word_1_972' title='bbox 2575 4814 2895 4888; x_wconf 82' lang='lat' dir='ltr'><strong>transeunti,</strong></span> <span class='ocrx_word' id='word_1_973' title='bbox 2940 4823 3043 4888; x_wconf 78' lang='lat' dir='ltr'><strong>tam</strong></span> <span class='ocrx_word' id='word_1_974' title='bbox 3078 4822 3299 4877; x_wconf 86' lang='lat' dir='ltr'><strong>trucem,</strong></span> <span class='ocrx_word' id='word_1_975' title='bbox 3342 4821 3448 4888; x_wconf 69' lang='lat' dir='ltr'><strong>etc.</strong></span> 
     </span>
    </p>
   </div>
   <div class='ocr_carea' id='block_1_132' title="bbox 1881 4881 3451 4961">
    <p class='ocr_par' dir='ltr' id='par_1_132' title="bbox 1881 4881 3451 4961">
     <span class='ocr_line' id='line_1_133' title="bbox 1881 4881 3451 4961; baseline -0.006 -20"><span class='ocrx_word' id='word_1_976' title='bbox 1881 4889 2098 4953; x_wconf 85' lang='lat' dir='ltr'><strong>Baron.,</strong></span> <span class='ocrx_word' id='word_1_977' title='bbox 2131 4881 2509 4961; x_wconf 62' lang='lat' dir='ltr'><strong>prticiputeque</strong></span> <span class='ocrx_word' id='word_1_978' title='bbox 2524 4902 2721 4961; x_wconf 82' lang='lat' dir='ltr'><strong>semper</strong></span> <span class='ocrx_word' id='word_1_979' title='bbox 2751 4883 3091 4961; x_wconf 29' lang='lat' dir='ltr'><strong>majestatinet</strong></span> <span class='ocrx_word' id='word_1_980' title='bbox 3122 4891 3194 4961; x_wconf 87' lang='lat' dir='ltr'><strong>ter</strong></span> <span class='ocrx_word' id='word_1_981' title='bbox 3221 4881 3451 4961; x_wconf 68' lang='lat' dir='ltr'><strong>omnipo-</strong></span> 
     </span>
    </p>
   </div>
   <div class='ocr_carea' id='block_1_133' title="bbox 1878 4951 3447 5027">
    <p class='ocr_par' dir='ltr' id='par_1_133' title="bbox 1878 4951 3447 5027">
     <span class='ocr_line' id='line_1_134' title="bbox 1878 4951 3447 5027; baseline -0.005 -18"><span class='ocrx_word' id='word_1_982' title='bbox 1878 4962 2037 5023; x_wconf 84' lang='lat' dir='ltr'><strong>tenti,</strong></span> <span class='ocrx_word' id='word_1_983' title='bbox 2072 4951 2205 5013; x_wconf 72' lang='lat' dir='ltr'><strong>ultra</strong></span> <span class='ocrx_word' id='word_1_984' title='bbox 2248 4951 2396 5010; x_wconf 78' lang='lat' dir='ltr'><strong>omne</strong></span> <span class='ocrx_word' id='word_1_985' title='bbox 2414 4951 2740 5027; x_wconf 74' lang='lat' dir='ltr'><strong>principium</strong></span> <span class='ocrx_word' id='word_1_986' title='bbox 2771 4951 3094 5027; x_wconf 75' lang='lat' dir='ltr'><strong>transeunti,</strong></span> <span class='ocrx_word' id='word_1_987' title='bbox 3118 4960 3220 5004; x_wconf 87' lang='lat' dir='ltr'><strong>ctc.</strong></span> <span class='ocrx_word' id='word_1_988' title='bbox 3254 4951 3447 5027; x_wconf 57' lang='lat' dir='ltr'><strong>Sanun,</strong></span> 
     </span>
    </p>
   </div>
   <div class='ocr_carea' id='block_1_134' title="bbox 1876 5022 3449 5101">
    <p class='ocr_par' dir='ltr' id='par_1_134' title="bbox 1876 5022 3449 5101">
     <span class='ocr_line' id='line_1_135' title="bbox 1876 5022 3449 5101; baseline -0.006 -19"><span class='ocrx_word' id='word_1_989' title='bbox 1876 5028 1992 5083; x_wconf 86' lang='lat' dir='ltr'><strong>Bal.</strong></span> <span class='ocrx_word' id='word_1_990' title='bbox 2019 5022 2032 5094; x_wconf 85' lang='lat'><strong>,</strong></span> <span class='ocrx_word' id='word_1_991' title='bbox 2061 5022 2440 5101; x_wconf 45' lang='lat' dir='ltr'><strong>praecipueque:</strong></span> <span class='ocrx_word' id='word_1_992' title='bbox 2465 5022 2744 5095; x_wconf 71' lang='lat' dir='ltr'><strong>maiestatis</strong></span> <span class='ocrx_word' id='word_1_993' title='bbox 2783 5022 3195 5101; x_wconf 63' lang='lat' dir='ltr'><strong>iteterntinatione</strong></span> <span class='ocrx_word' id='word_1_994' title='bbox 3232 5022 3449 5101; x_wconf 73' lang='lat' dir='ltr'><strong>potenti,</strong></span> 
     </span>
    </p>
   </div>
   <div class='ocr_carea' id='block_1_135' title="bbox 1874 5091 3449 5171">
    <p class='ocr_par' dir='ltr' id='par_1_135' title="bbox 1874 5091 3449 5171">
     <span class='ocr_line' id='line_1_136' title="bbox 1874 5091 3449 5171; baseline -0.004 -19"><span class='ocrx_word' id='word_1_995' title='bbox 1874 5091 2028 5171; x_wconf 82' lang='lat' dir='ltr'><strong>omne</strong></span> <span class='ocrx_word' id='word_1_996' title='bbox 2048 5091 2183 5153; x_wconf 79' lang='lat' dir='ltr'><strong>ultra</strong></span> <span class='ocrx_word' id='word_1_997' title='bbox 2212 5091 2521 5171; x_wconf 78' lang='lat' dir='ltr'><strong>principium</strong></span> <span class='ocrx_word' id='word_1_998' title='bbox 2541 5091 2841 5149; x_wconf 48' lang='lat' dir='ltr'><strong>&#39;transeunti</strong></span> <span class='ocrx_word' id='word_1_999' title='bbox 2861 5136 2876 5160; x_wconf 90' lang='lat'><strong>,</strong></span> <span class='ocrx_word' id='word_1_1000' title='bbox 2905 5104 3009 5171; x_wconf 80' lang='lat' dir='ltr'><strong>etc.</strong></span> <span class='ocrx_word' id='word_1_1001' title='bbox 3047 5091 3161 5171; x_wconf 75' lang='lat' dir='ltr'><strong>Non</strong></span> <span class='ocrx_word' id='word_1_1002' title='bbox 3190 5100 3276 5171; x_wconf 76' lang='lat' dir='ltr'><strong>est</strong></span> <span class='ocrx_word' id='word_1_1003' title='bbox 3300 5092 3449 5171; x_wconf 79' lang='lat' dir='ltr'><strong>visus</strong></span> 
     </span>
    </p>
   </div>
   <div class='ocr_carea' id='block_1_136' title="bbox 1870 5163 3448 5238">
    <p class='ocr_par' dir='ltr' id='par_1_136' title="bbox 1870 5163 3448 5238">
     <span class='ocr_line' id='line_1_137' title="bbox 1870 5163 3448 5238; baseline -0.004 -15"><span class='ocrx_word' id='word_1_1004' title='bbox 1870 5170 2168 5227; x_wconf 88' lang='lat' dir='ltr'><strong>tolerabilis</strong></span> <span class='ocrx_word' id='word_1_1005' title='bbox 2188 5163 2428 5225; x_wconf 76' lang='lat' dir='ltr'><strong>animum</strong></span> <span class='ocrx_word' id='word_1_1006' title='bbox 2449 5182 2660 5235; x_wconf 84' lang='lat' dir='ltr'><strong>sensus,</strong></span> <span class='ocrx_word' id='word_1_1007' title='bbox 2683 5181 2794 5238; x_wconf 62' lang='lat' dir='ltr'><strong>pra</strong></span> <span class='ocrx_word' id='word_1_1008' title='bbox 2810 5180 2875 5221; x_wconf 88' lang='lat' dir='ltr'><strong>eo</strong></span> <span class='ocrx_word' id='word_1_1009' title='bbox 2899 5166 2989 5234; x_wconf 85' lang='lat' dir='ltr'><strong>qui</strong></span> <span class='ocrx_word' id='word_1_1010' title='bbox 3015 5163 3275 5218; x_wconf 87' lang='lat' dir='ltr'><strong>restitutis</strong></span> <span class='ocrx_word' id='word_1_1011' title='bbox 3298 5163 3448 5217; x_wconf 80' lang='lat' dir='ltr'><strong>voci-</strong></span> 
     </span>
    </p>
   </div>
   <div class='ocr_carea' id='block_1_137' title="bbox 1866 5239 3445 5383">
    <p class='ocr_par' dir='ltr' id='par_1_137' title="bbox 1866 5239 3445 5383">
     <span class='ocr_line' id='line_1_138' title="bbox 1866 5239 3445 5383; baseline -0.007 -17"><span class='ocrx_word' id='word_1_1012' title='bbox 1866 5239 1967 5383; x_wconf 56' lang='lat' dir='ltr'><strong>bu:</strong></span> <span class='ocrx_word' id='word_1_1013' title='bbox 1979 5250 2244 5383; x_wconf 52' lang='lat' dir='ltr'><strong>(&#39;J&#39;iti&#39;sr‘ltipte</strong></span> <span class='ocrx_word' id='word_1_1014' title='bbox 2264 5310 2373 5367; x_wconf 82' lang='lat' dir='ltr'><strong>Sal.</strong></span> <span class='ocrx_word' id='word_1_1015' title='bbox 2388 5316 2573 5383; x_wconf 66' lang='lat' dir='ltr'><strong>contra</strong></span> <span class='ocrx_word' id='word_1_1016' title='bbox 2590 5309 2817 5383; x_wconf 75' lang='lat' dir='ltr'><strong>aliquos,</strong></span> <span class='ocrx_word' id='word_1_1017' title='bbox 2832 5305 2998 5383; x_wconf 79' lang='lat' dir='ltr'><strong>operis</strong></span> <span class='ocrx_word' id='word_1_1018' title='bbox 3015 5312 3445 5383; x_wconf 69' lang='lat' dir='ltr'><strong>curantsumeret.</strong></span> 
     </span>
    </p>
   </div>
   <div class='ocr_carea' id='block_1_138' title="bbox 1936 5322 3447 5452">
    <p class='ocr_par' dir='ltr' id='par_1_138' title="bbox 1936 5322 3447 5452">
     <span class='ocr_line' id='line_1_139' title="bbox 1942 5322 3445 5383; baseline -0.007 -17"><span class='ocrx_word' id='word_1_1019' title='bbox 1942 5322 1964 5349; x_wconf 71' lang='grc' dir='ltr'><strong>ο</strong></span> <span class='ocrx_word' id='word_1_1020' title='bbox 1979 5322 2244 5383; x_wconf 73' lang='lat' dir='ltr'><strong>Corrupto</strong></span> <span class='ocrx_word' id='word_1_1021' title='bbox 2264 5322 2373 5367; x_wconf 72' lang='lat' dir='ltr'><strong>Sal.</strong></span> <span class='ocrx_word' id='word_1_1022' title='bbox 2388 5322 2573 5364; x_wconf 86' lang='lat' dir='ltr'><strong>contra</strong></span> <span class='ocrx_word' id='word_1_1023' title='bbox 2590 5322 2817 5377; x_wconf 78' lang='lat' dir='ltr'><strong>aliquos,</strong></span> <span class='ocrx_word' id='word_1_1024' title='bbox 2832 5323 2861 5360; x_wconf 85' lang='grc' dir='ltr'><em>ο</em></span> <span class='ocrx_word' id='word_1_1025' title='bbox 2974 5323 2998 5359; x_wconf 88' lang='lat' dir='ltr'><strong>s</strong></span> <span class='ocrx_word' id='word_1_1026' title='bbox 3015 5322 3190 5359; x_wconf 72' lang='lat' dir='ltr'><strong>curam</strong></span> <span class='ocrx_word' id='word_1_1027' title='bbox 3204 5322 3445 5358; x_wconf 80' lang='lat' dir='ltr'><strong>sutneret.</strong></span> 
     </span>
     <span class='ocr_line' id='line_1_140' title="bbox 1936 5322 3447 5452; baseline -0.005 -15"><span class='ocrx_word' id='word_1_1028' title='bbox 1936 5379 1965 5418; x_wconf 69' lang='grc' dir='ltr'><strong><em>ἀ</em></strong></span> <span class='ocrx_word' id='word_1_1029' title='bbox 1986 5383 2161 5452; x_wconf 76' lang='lat' dir='ltr'><strong>Magd.</strong></span> <span class='ocrx_word' id='word_1_1030' title='bbox 2182 5423 2197 5448; x_wconf 95' lang='lat'><strong>,</strong></span> <span class='ocrx_word' id='word_1_1031' title='bbox 2225 5382 2347 5437; x_wconf 88' lang='lat' dir='ltr'><strong>Bar.</strong></span> <span class='ocrx_word' id='word_1_1032' title='bbox 2368 5422 2383 5446; x_wconf 92' lang='lat'><strong>,</strong></span> <span class='ocrx_word' id='word_1_1033' title='bbox 2406 5381 2520 5435; x_wconf 85' lang='lat' dir='ltr'><strong>Bal.</strong></span> <span class='ocrx_word' id='word_1_1034' title='bbox 2538 5425 2552 5447; x_wconf 90' lang='lat'><strong>,</strong></span> <span class='ocrx_word' id='word_1_1035' title='bbox 2585 5380 2706 5448; x_wconf 79' lang='lat' dir='ltr'><strong>ﬁdei</strong></span> <span class='ocrx_word' id='word_1_1036' title='bbox 2726 5322 3002 5452; x_wconf 53' lang='lat' dir='ltr'><strong>antemt</strong></span> <span class='ocrx_word' id='word_1_1037' title='bbox 3033 5376 3317 5431; x_wconf 74' lang='lat' dir='ltr'><strong>exordium.</strong></span> <span class='ocrx_word' id='word_1_1038' title='bbox 3349 5373 3447 5429; x_wconf 81' lang='lat' dir='ltr'><strong>lla:</strong></span> 
     </span>
    </p>
   </div>
   <div class='ocr_carea' id='block_1_139' title="bbox 1868 5448 2934 5508">
    <p class='ocr_par' dir='ltr' id='par_1_139' title="bbox 1868 5448 2934 5508">
     <span class='ocr_line' id='line_1_141' title="bbox 1868 5448 2934 5508; baseline -0.006 -1"><span class='ocrx_word' id='word_1_1039' title='bbox 1868 5463 2030 5507; x_wconf 73' lang='lat' dir='ltr'><strong>voces</strong></span> <span class='ocrx_word' id='word_1_1040' title='bbox 2058 5448 2307 5508; x_wconf 78' lang='lat' dir='ltr'><strong>idoneum</strong></span> <span class='ocrx_word' id='word_1_1041' title='bbox 2332 5466 2547 5505; x_wconf 87' lang='lat' dir='ltr'><strong>sensum</strong></span> <span class='ocrx_word' id='word_1_1042' title='bbox 2582 5466 2687 5504; x_wconf 88' lang='lat' dir='ltr'><strong>non</strong></span> <span class='ocrx_word' id='word_1_1043' title='bbox 2719 5448 2934 5503; x_wconf 78' lang='lat' dir='ltr'><strong>faciunt.</strong></span> 
     </span>
    </p>
   </div>
   <div class='ocr_carea' id='block_1_140' title="bbox 1942 5516 3443 5594">
    <p class='ocr_par' dir='ltr' id='par_1_140' title="bbox 1942 5516 3443 5594">
     <span class='ocr_line' id='line_1_142' title="bbox 1942 5516 3443 5594; baseline -0.011 -14"><span class='ocrx_word' id='word_1_1044' title='bbox 1942 5534 1965 5560; x_wconf 87' lang='grc'>⁶</span> <span class='ocrx_word' id='word_1_1045' title='bbox 1997 5524 2074 5579; x_wconf 83' lang='lat' dir='ltr'><strong>Ita</strong></span> <span class='ocrx_word' id='word_1_1046' title='bbox 2094 5524 2267 5594; x_wconf 75' lang='lat' dir='ltr'><strong>Magd.</strong></span> <span class='ocrx_word' id='word_1_1047' title='bbox 2294 5520 2923 5594; x_wconf 7' lang='lat' dir='ltr'><strong>Reliqui,qabstinentiam,</strong></span> <span class='ocrx_word' id='word_1_1048' title='bbox 2942 5526 3001 5571; x_wconf 90' lang='lat' dir='ltr'><strong>ut</strong></span> <span class='ocrx_word' id='word_1_1049' title='bbox 3022 5516 3443 5594; x_wconf 58' lang='lat' dir='ltr'><strong>syntaxiconsu:</strong></span> 
     </span>
    </p>
   </div>
   <div class='ocr_carea' id='block_1_141' title="bbox 1869 5582 3443 5663">
    <p class='ocr_par' dir='ltr' id='par_1_141' title="bbox 1869 5582 3443 5663">
     <span class='ocr_line' id='line_1_143' title="bbox 1869 5582 3443 5663; baseline -0.007 -15"><span class='ocrx_word' id='word_1_1050' title='bbox 1869 5594 2045 5650; x_wconf 90' lang='lat' dir='ltr'><strong>lerent</strong></span> <span class='ocrx_word' id='word_1_1051' title='bbox 2072 5609 2086 5647; x_wconf 90' lang='lat'>:</span> <span class='ocrx_word' id='word_1_1052' title='bbox 2118 5582 2238 5663; x_wconf 59' lang='lat' dir='ltr'><strong>quis:</strong></span> <span class='ocrx_word' id='word_1_1053' title='bbox 2263 5608 2392 5648; x_wconf 89' lang='lat' dir='ltr'><strong>sane</strong></span> <span class='ocrx_word' id='word_1_1054' title='bbox 2417 5582 2608 5647; x_wconf 82' lang='lat' dir='ltr'><strong>melior</strong></span> <span class='ocrx_word' id='word_1_1055' title='bbox 2636 5601 2717 5645; x_wconf 85' lang='lat' dir='ltr'><strong>est</strong></span> <span class='ocrx_word' id='word_1_1056' title='bbox 2734 5633 2748 5651; x_wconf 92' lang='lat'><strong><em>.</em></strong></span> <span class='ocrx_word' id='word_1_1057' title='bbox 2767 5591 2818 5663; x_wconf 77' lang='lat' dir='ltr'><strong>_si</strong></span> <span class='ocrx_word' id='word_1_1058' title='bbox 2848 5590 2965 5644; x_wconf 88' lang='lat' dir='ltr'><strong>loco</strong></span> <span class='ocrx_word' id='word_1_1059' title='bbox 2990 5582 3231 5663; x_wconf 78' lang='lat' dir='ltr'><strong>prodesse</strong></span> <span class='ocrx_word' id='word_1_1060' title='bbox 3252 5626 3267 5646; x_wconf 84' lang='lat'><strong>.</strong></span> <span class='ocrx_word' id='word_1_1061' title='bbox 3295 5582 3443 5662; x_wconf 53' lang='lat' dir='ltr'><strong>quin!</strong></span> 
     </span>
    </p>
   </div>
   <div class='ocr_carea' id='block_1_142' title="bbox 1869 5658 3446 5736">
    <p class='ocr_par' dir='ltr' id='par_1_142' title="bbox 1869 5658 3446 5736">
     <span class='ocr_line' id='line_1_144' title="bbox 1869 5658 3446 5736; baseline -0.008 -16"><span class='ocrx_word' id='word_1_1062' title='bbox 1869 5667 2067 5721; x_wconf 81' lang='lat' dir='ltr'><strong>habent</strong></span> <span class='ocrx_word' id='word_1_1063' title='bbox 2098 5658 2294 5736; x_wconf 76' lang='lat' dir='ltr'><strong>Magd.,</strong></span> <span class='ocrx_word' id='word_1_1064' title='bbox 2328 5673 2617 5735; x_wconf 82' lang='lat' dir='ltr'><strong>reponatur</strong></span> <span class='ocrx_word' id='word_1_1065' title='bbox 2646 5661 2940 5733; x_wconf 87' lang='lat' dir='ltr'><strong>prodesset,</strong></span> <span class='ocrx_word' id='word_1_1066' title='bbox 2976 5658 3033 5713; x_wconf 83' lang='lat' dir='ltr'><strong>ut</strong></span> <span class='ocrx_word' id='word_1_1067' title='bbox 3068 5658 3234 5727; x_wconf 73' lang='lat' dir='ltr'><strong>exigit</strong></span> <span class='ocrx_word' id='word_1_1068' title='bbox 3273 5658 3446 5707; x_wconf 79' lang='lat' dir='ltr'><strong>series</strong></span> 
     </span>
    </p>
   </div>
   <div class='ocr_carea' id='block_1_143' title="bbox 1864 5752 3449 5884">
    <p class='ocr_par' dir='ltr' id='par_1_143' title="bbox 1864 5752 3449 5884">
     <span class='ocr_line' id='line_1_145' title="bbox 1864 5752 3449 5884; baseline -0.013 -17"><span class='ocrx_word' id='word_1_1069' title='bbox 1864 5752 2198 5884; x_wconf 50' lang='grc' dir='ltr'><strong>ωῗιῖἷὲἑϊτ</strong></span> <span class='ocrx_word' id='word_1_1070' title='bbox 2219 5809 2441 5865; x_wconf 82' lang='lat' dir='ltr'><strong>abolere.</strong></span> <span class='ocrx_word' id='word_1_1071' title='bbox 2475 5804 2789 5864; x_wconf 80' lang='lat' dir='ltr'><strong>Consultant</strong></span> <span class='ocrx_word' id='word_1_1072' title='bbox 2831 5801 3111 5860; x_wconf 76' lang='lat' dir='ltr'><strong>voluerunt</strong></span> <span class='ocrx_word' id='word_1_1073' title='bbox 3138 5790 3449 5852; x_wconf 70' lang='lat' dir='ltr'><strong>Latinitatis</strong></span> 
     </span>
    </p>
   </div>
  </div>
