3948 6188
187 309 268 369 535
519 297 822 357 DISSERT.
863 276 951 353 Ill.
985 295 1074 351 DE
1111 287 1774 354 CONSTITUTlONIBUS
1811 289 2324 350 IMPERATORUM
2358 287 2425 346 IN
2464 287 2689 347 CAUSA
2722 289 2977 348 'PEL'AG.
3284 291 3397 353 580

188 423 228 475 in
263 427 395 472 omne
441 426 604 466 :cvum
656 410 773 479 lege
830 422 932 464 nos
976 407 1232 463 statuisse
1286 413 1598 476 cognoscat,
1647 415 1708 460 ut
1733 408 1788 470 Α
1882 404 2076 458 Datum
2118 398 2292 474 pridie
2331 402 2549 458 kalend.
2598 403 2766 459 Maias
2804 405 3100 472 Ravennae,
3135 401 3250 464 DD.
3277 403 3395 465 NN.

190 507 317 579 pulsis
337 520 394 558 ex
417 503 556 558 Urbe
577 500 761 571 primis
782 498 1046 568 capitibus
1068 497 1335 569 dogmatis
1362 491 1700 562 exsecrandi,
1809 496 2047 554 Honorio
2070 511 2145 551 xtt
2168 505 2224 551 et
2241 495 2546 550 Theodosio
2569 509 2659 549 vut
2681 496 2796 550 AA.
2823 496 2926 551 (.C.

189 599 391 656 Calculo
409 605 561 666 atque
589 592 824 662 Pelagio,
842 593 886 648 si
910 591 1002 661 qui
1028 591 1187 660 hujus
1219 590 1287 646 de
1314 601 1513 646 enitere
1539 589 1706 644 sacri-
2231 607 2482 662 His-mm,
2519 621 2972 663 οοηετιτυτιοηιε,

189 693 279 762 legii
301 697 595 751 sectatores,
625 686 1049 755 quibuscumque
1075 684 1208 738 locis
1236 682 1510 753 potuerint
1547 695 1706 750 rcpe-
1885 700 2003 768 Ipsa
2032 713 2129 772 per
2157 713 2222 772 δε.
2245 698 2560 772 conﬂigam
2591 699 2723 772 suis
2755 698 2993 772 cmend“
3019 713 3200 772 aaut,
3233 701 3407 772 impe_

187 787 280 845 tiri.
313 791 393 838 aut
438 779 505 834 de
555 779 814 850 pravitate
865 776 1119 832 damnata
1174 785 1200 812 ι
1251 775 1482 845 aliquem
1525 785 1712 828 rursus
1814 783 1997 854 ratore
2026 771 2154 854 data.
2178 769 2284 854 sit;
2303 769 2372 822 ab
2403 768 2676 831 Honorio;
2709 785 2813 837 qua
2843 768 3162 854 die,__pridie
3185 768 3404 828 kalend.

188 877 381 946 ντοτεπε
404 887 728 966 samem,
755 887 785 925 ³
809 867 1426 966 ⁸³¹¹⁴ξ⁰¹¹¹¹¹¹¹¹¹θῗοῗτθ¹³ίί’
1464 865 1532 966 “f‘
1562 879 1712 966 °°'.'-"
1813 838 2514 966 iliiiiii.sl'i'.?...“ééi?'li
2534 851 2714 966 ξιιῗὲὶὲ,
2735 841 3409 966 ³ἑ¹ε¹ἶῗειὶιξᾶῗιὶ¹ῗ¹⁰ρὲ¹¹ιηῗτξ

189 924 378 946 """"‘
763 924 784 925 ”
825 924 840 940 '
893 924 939 926 π
1063 924 1076 938 ·
1241 960 1252 971 ,
1329 924 1344 938 ⁸
1413 924 1425 934 ’
1484 958 1496 969 .
1813 924 2124 966 't'ueouosw
2157 924 2249 962 vtn
2278 924 2416 972 ut»;
2445 924 2512 962 au
2534 924 2714 974 quem,
2751 924 3051 964 rauautum
3078 924 3139 964 ν.
3171 924 3267 974 l’.;
3302 928 3407 982 qua

187 976 407 1039 Ρθιθηιείη
450 964 684 1032 Jud'ccm
723 961 1122 1032 Ρθτίτθδθηίυτο
1152 960 1426 1029 (ὶωδαθθν
1454 972 1574 1013 ⁸¹νθ
1603 957 1715 1011 θ¹⁸¹
1817 983 1885 1036 de
1929 996 2011 1046 re,
2064 980 2130 1034 de
2178 979 2445 1048 pellendis
2477 979 2694 1048 Pelagio
2729 988 2784 1033 et
2822 978 3101 1034 leestio.
3153 981 3262 1036 Sed
3315 985 3409 1036 du-

187 1061 309 1118 ricus,
332 1057 438 1110 sive
460 1054 626 1108 laicus
651 1050 1131 1120 fuerit,deferendi
1157 1049 1351 1106 habeat
1373 1057 1713 1119 potestatem,
1820 1054 1966 1106 bium
2013 1051 2338 1118 relinquitur
2385 1064 2488 1118 qua
2538 1048 2822 1104 occasione
2867 1049 2992 1103 data
3038 1051 3228 1112 fuerit;
3263 1054 3413 1120 cujus

185 1162 223 1208 et
238 1153 335 1206 sine
360 1147 765 1219 praescriptione
788 1145 965 1214 aliqua
986 1142 1334 1214 perurgcndi,
1359 1157 1513 1212 quos,
1529 1139 1716 1197 relicta

1856 1125 1904 1219 ei
1938 1130 2143 1190 rogatu,
2173 1121 2395 1219 vel
2435 1119 3161 1219 pbteittaﬂuemmeﬂeetum
3191 1125 3410 1219 sortita,

186 1242 411 1298 communi
441 1240 729 1295 sententiae
760 1223 914 1303 luce,
948 1251 1101 1292 novae
1144 1233 1522 1305 disputationis
1571 1241 1722 1286 tene-

1823 1201 1878 1247 et
1924 1207 2019 1244 cur
2063 1191 2383 1258 geminanda
2434 1190 2583 1244 brevi
2639 1199 2765 1258 post
2813 1199 3094 1258 tempore,
3143 1190 3312 1245 immo
3360 1205 3416 1246 et

1823 1261 2184 1318 extendendo.
2213 1261 2321 1315 Sed
2347 1274 2467 1313 cum
2495 1268 2828 1328 postremum
2855 1261 2995 1314 istud
3021 1261 3286 1326 pertineat
3309 1277 3415 1314 tua-

187 1338 282 1390 liras
316 1333 598 1388 introferre
646 1330 1088 1401 deprehenderit,
1123 1337 1312 1384 contra
1368 1324 1720 1396 apostolicam

183 1427 351 1478 scilicet
388 1423 725 1492 disciplinam
773 1421 1246 1490 evangelicamque
1277 1419 1478 1474 claram
1509 1426 1561 1472 et
1607 1417 1724 1470 sine

1823 1335 1905 1402 gis
1932 1332 1997 1385 ad
2031 1331 2308 1402 historiam
2339 1332 2582 1398 epistolae
2611 1331 2837 1402 Honorii
2871 1331 2936 1383 ad
2970 1329 3274 1397 Aureli-um,
3306 1333 3412 1384 alia

184 1529 332 1568 errore
381 1511 700 1569 sententiam
744 1511 772 1550 ι’
824 1511 970 1566 vafra
1031 1510 1180 1565 rudis
1226 1519 1388 1564 sectae
1435 1507 1724 1562 calliditate

1826 1401 1972 1457 nunc
1999 1401 2122 1466 tria,
2150 1403 2343 1469 partim
2369 1411 2610 1455 veterum
2641 1401 2967 1466 testimonio,
2990 1406 3183 1470 partim
3205 1403 3417 1456 ratione

1826 1486 1988 1540 atque
2029 1474 2192 1526 etiam
2226 1471 2536 1534 conjectura
2560 1512 2574 1532 .
2604 1472 2904 1538 indaganda
2932 1480 3075 1525 sunt.

187 1615 460 1675 pugnantes,
492 1605 936 1674 involventesque
975 1603 1348 1674 Splendentem
1397 1601 1555 1656 ﬁdem
1589 1600 1723 1665 veri,

187 1695 450 1765 ambagibus
473 1695 814 1750 disserendo.

240 1786 331 1840 llos
352 1801 478 1856 ergo
498 1796 748 1855 repertos
774 1770 1103 1855 ubicumque.
1126 1785 1195 1839 de
1229 1784 1330 1838 hoc
1353 1795 1459 1837 tam
1512 1783 1728 1836 iut’ando
1762 1792 1804 1850 Β

189 1881 348 1933 scelere
369 1877 733 1942 conferentes,
750 1893 777 1929 a
802 1875 1490 1947 quibuscumquejubcmus
1505 1875 1723 1942 corripi,

193 1966 511 2037 deductosque
539 1967 609 2021 ad
639 1966 961 2020 audientiam
1002 1967 1268 2034 publicant
1323 1965 1624 2034 promiscue
1660 1965 1728 2016 ab

197 2059 405 2114 omnibus
433 2060 698 2124 accusari,
729 2061 874 2112 itaut
895 2058 1265 2128 probationem
1287 2057 1517 2112 convicti
1549 2056 1731 2111 crimi-

192 2153 303 2206 nisc
362 2152 529 2222 stvlus
590 2151 836 2221 publicus
889 2153 1221 2220 insequatur,
1283 2149 1413 2218 ipsis
1465 2148 1730 2203 inexorati

189 2241 211 2278 έ
232 2243 381 2297 exsilii
403 2252 426 2280 ε
456 2243 840 2312 depOrtatione
867 2241 1155 2296 damnatis.

247 2333 440 2390 ‘Decet
477 2335 630 2390 enim
683 2333 948 2404 originem
983 2331 1101 2386 vitii
1146 2346 1174 2384 a
1221 2340 1483 2386 conventu
1516 2329 1734 2400 publico

191 2426 495 2494 sequestrari,
531 2441 637 2480 nec
675 2426 726 2479 in
754 2425 1026 2479 communi
1058 2439 1150 2479 cos
1197 2423 1508 2478 celebritate
1557 2422 1738 2476 conisi-

193 2523 324 2582 stere,
353 2517 436 2587 qui
457 2533 563 2572 non
593 2517 766 2572 solum
797 2515 938 2570 laeto
971 2515 1176 2570 nefario
1205 2514 1736 2580 detestandi,verum

191 2609 323 2664 etiam
342 2610 590 2679 exemplo
609 2611 857 2665 venenati
888 2609 1105 2678 spiritus
1126 2618 1248 2662 sunt
1277 2607 1523 2662 cavendi.

1901 1545 2059 1597 Plura
2105 1551 2230 1596 sunt
2273 1541 2492 1612 quidem
2544 1541 2683 1608 apud
2717 1542 3074 1612 Augustinum
3119 1557 3240 1612 quia!
3285 1556 3416 1612 spe-

1827 1622 1977 1668 crent
2002 1612 2066 1665 ad
2097 1613 2330 1680 primum
2364 1611 2491 1665 illud
2529 1611 2752 1665 ilonorii
2785 1611 3086 1680 decretum,
3113 1611 3295 1667 omnia
3331 1615 3418 1667 ni-

1830 1686 2024 1737 mirum
2077 1697 2196 1748 qua:
2259 1681 2570 1736 referuntur
2625 1682 2690 1734 ad
2746 1683 3102 1736 coercendum
3144 1683 3418 1738 Julianum

1831 1755 2072 1822 aliosque
2103 1753 2154 1806 in
2199 1751 2351 1806 Italia
2406 1753 2639 1820 partium
2691 1751 3095 1820 Pelagianarum
3141 1753 3418 1815 homines;

1833 1824 1927 1878 sed
1964 1839 2025 1878 ea
2056 1824 2143 1876 vix
2186 1823 2482 1891 quidquam
2530 1824 2829 1889 argumenti
2874 1823 3224 1890 suppeditant
3251 1824 3318 1876 ad
3368 1823 3420 1877 id

1832 1895 2181 1949 efﬁciendum
2211 1907 2318 1963 quo
2345 1893 2414 1946 de
2455 1894 2652 1962 agitur.
2678 1893 3020 1946 Commotum
3051 1893 3125 1946 ait
3155 1895 3207 1947 in
3235 1903 3425 1948 aucto-

1833 1981 1922 2018 res
1963 1965 2187 2017 lueresis
2221 1963 2543 2031 imperium,
2586 1979 2613 2015 a
2659 1963 2904 2029 principe
2943 1964 3201 2030 scriptam
3251 1964 3421 2033 legem

1832 2037 2096 2088 adversus
2144 2035 2355 2101 ipsam,
2405 2034 2474 2085 ab
2522 2033 2794 2087 hmreticis
2836 2043 3154 2102 exceptum,
3201 2034 3427 2103 ejusque

1834 2117 2044 2158 terrore
2069 2105 2244 2157 dictos
2267 2104 2429 2156 fuisse
2455 2102 2684 2156 clericos
2709 2104 2894 2156 Rom:e
2919 2106 3216 2169 perculsos.
3235 2102 3309 2157 'ln
3331 2120 3427 2157 au-

1835 2186 2020 2234 ctores,
2063 2176 2232 2242 inquit
2263 2173 2398 2242 (Lib.
2433 2175 2496 2226 de
2527 2173 2674 2226 Pccc.
2709 2173 2854 2243 Orig.
2901 2190 3018 2244 cap.
3067 2174 3181 2242 ΓΙ),
3214 2175 3428 2244 nefandi

1835 2245 2020 2298 erroris
2053 2244 2366 2314 episcopalia
2404 2244 2653 2314 concilia,
2687 2252 2736 2296 et
2781 2243 3066 2311 apostolica
3096 2244 3239 2297 sedes
3257 2243 3285 2309 ,⁷
3313 2247 3429 2298 uui-

1834 2330 2080 2383 versaque
2123 2313 2358 2367 Romana
2394 2313 2643 2376 Ecclesia,
2695 2314 3088 2384 Romanumque
3131 2315 3427 2384 imprium,

1835 2385 1974 2455 quod
2028 2384 2134 2437 Deo
2181 2385 2401 2454 prapitio
2456 2384 2796 2455 christianum
2839 2383 3281 2455 est,_rectiesime
3331 2386 3431 2454 fuit

1837 2452 2190 2516 commotum,
2215 2456 2373 2506 donec
2419 2453 2719 2523 resipiscant
2763 2454 2826 2505 de
2866 2452 3058 2506 diaboli
3094 2452 3340 2523 laqueisI
3366 2457 3432 2510 Et

1838 2526 1945 2578 alio
1973 2525 2024 2577 iu
2056 2525 2176 2578 loco
2201 2525 2336 2595 (Lib.
2370 2539 2426 2576 tu
2451 2522 2652 2577 advers.
2680 2522 2884 2576 Julian.
2915 2540 3030 2591 cap.
3057 2522 3110 2594 1)
3139 2522 3347 2594 ίδαηε,
3373 2536 3432 2579 ut

1840 2595 1992 2661 dicis,
2022 2598 2065 2648 si
2097 2610 2188 2663 pro
2213 2594 2356 2647 vobis
2387 2595 2558 2664 potius
2584 2599 2649 2665 ab
2675 2595 2982 2665 imperatore
3007 2610 3308 2665 responsum
3335 2606 3430 2663 est,

1841 2681 1932 2718 cur
1959 2682 2057 2718 non
2098 2662 2151 2718 in
2183 2662 2403 2717 medium
2432 2664 2698 2731 prosilitis,
2730 2662 2776 2717 et
2807 2662 2902 2715 hoc
2934 2665 3070 2718 ultro
3093 2662 3315 2731 publicis
3344 2662 3433 2728 po-

1843 2737 2109 2789 testatibus
2138 2735 2396 2805 allegatis,
2422 2751 2507 2805 vos
2544 2749 2651 2788 esse
2689 2744 3030 2805 monstrantes
3052 2751 3270 2805 quorum
3299 2735 3434 2789 chru

1840 2806 2040 2860 srianus
2064 2803 2299 2873 princeps
2326 2804 2622 2877 approbavit
2649 2805 2847 2877 ﬁ:lent_?_
2880 2804 3073 2860 Verum
3105 2803 3434 2877 ﬁdeirlegrnt,

1840 2892 1946 2928 non
1975 2878 2105 2929 sicut
2136 2893 2245 2930 sese
2273 2876 2442 2939 habet,
2465 2875 2552 2945 sed
2578 2877 2706 2928 sicut
2735 2875 2874 2929 vobis
2899 2877 3083 2943 placet,
3106 2875 3397 2945 intelligttis
3418 2917 3434 2931 .

1843 2947 1965 3015 quid
1993 2950 2200 3012 mirum,
2226 2962 2270 2999 st
2300 2955 2345 2998 et
2377 2947 2439 2998 de
2470 2944 2578 3015 lege
2602 2946 2921 3013 imperatoris
2959 2944 3056 2997 hoc
3099 2944 3307 3014 facitis?
3338 2948 3433 3000 lbi.

1843 3019 1964 3070 dem
1996 3035 2009 3069 :
2042 3016 2125 3070 Ne
2154 3025 2456 3087 argumento
2486 3018 2771 3087 miserrimo
2799 3016 3055 3081 utamini,
3092 3029 3192 3084 quo
3219 3018 3444 3070 universi

1843 3096 2060 3139 utuntur
2089 3086 2333 3152 lueretici,
2365 3101 2491 3155 quos
2516 3102 2548 3137 a
2578 3086 2865 3154 perniciosa
2892 3087 3099 3138 licentia
3125 3087 3258 3154 leges
3281 3088 3433 3154 impe-

1843 3167 2073 3210 ratorum
2101 3157 2468 3211 catholicoram
2507 3163 2766 3226 premunt.
2803 3155 2992 3210 Omnes
3033 3157 3222 3227 quippe
3251 3156 3434 3228 hujus—

244 2701 384 2756 .luvat
424 2711 610 2757 autem
643 2710 669 2748 8
717 2717 812 2770 per
853 2715 1068 2756 omnem
1117 2716 1255 2770 pene
1301 2700 1587 2763 mundum,
1635 2713 1737 2768 qna

191 2791 436 2861 imperium
490 2802 740 2848 nostrum
793 2791 1126 2854 extenditur,
1168 2790 1469 2860 hujnsmodi
1501 2791 1738 2859 promul-

189 2891 288 2950 gata
323 2883 577 2950 ditIundi,
617 2882 648 2920 δ
693 2899 762 2939 ne
791 2883 1033 2938 scientiae
1063 2882 1200 2938 forte
1247 2883 1608 2938 dissimulatio
1645 2897 1737 2950 pa-

189 2980 305 3027 stum
340 2985 551 3044 prastat
585 2975 794 3030 errori:
819 2985 978 3044 atque
1010 2975 1226 3044 impune
1253 2987 1312 3029 se
1341 2974 1743 3044 quisqueputet

193 3059 420 3120 iauclore
467 3065 618 3136 quod
667 3063 1086 3120 condemnatum
1134 3062 1318 3134 vigore
1356 3063 1570 3133 publico
1621 3078 1742 3120 sese

189 3151 371 3213 ﬂuxerit
394 3158 667 3228 ignorare.

1331 3311 1872 3369 CASTIGATIONES
1913 3313 2002 3368 ET
2040 3313 2269 3370 ΝΟΤᾸΞ.

246 3431 411 3485 'Eum
439 3439 616 3488 certe.
643 3443 757 3502 quo
785 3427 1092 3502 traderetur
1127 3443 1299 3502 error.
1333 3428 1594 3502 Quemiin
1622 3443 1747 3482 seu.
1775 3429 1819 3490 C
1851 3431 2112 3485 adversus
2151 3433 2534 3496 Mootanistas;
2577 3433 2699 3502 lege
2739 3447 2872 3487 vero
2915 3435 2983 3489 58
3023 3433 3285 3490 adversus
3330 3437 3435 3490 Eun

193 3503 466 3575 sumpaulo
489 3510 620 3572 post
638 3500 794 3575 jubet
813 3501 1106 3575 imperator
1129 3498 1302 3575 puniri
1329 3501 1532 3575 cos‘qui
1560 3502 1748 3566 reperti
1856 3503 2162 3575 pomiauos,
2219 3519 2322 3575 pro
2349 3518 2415 3575 eo
2463 3504 2602 3572 quod
2637 3498 2700 3557 in
2752 3504 2918 3559 hocce
2959 3507 3180 3560 decreto
3225 3509 3436 3575 legitur,

193 3570 350 3647 fuerint
378 3574 440 3647 de
469 3570 580 3625 tam
600 3572 827 3647 nefanth
848 3570 1034 3647 scelere
1056 3571 1392 3647 conferentes.
1417 3570 1750 3647 Quicumque
1854 3573 2118 3647 ine‘xorati
2153 3573 2324 3647 exsilii
2354 3570 2684 3647 (lepor-latio,
2731 3579 2902 3647 posita
2937 3588 3022 3629 est
3057 3591 3211 3645 paena
3241 3570 3436 3647 daptiré

191 3642 307 3695 enim
332 3645 491 3697 vellet
519 3641 831 3699 catholicis.
859 3641 1048 3706 spiritu
1082 3641 1339 3694 Ecclesia
1364 3639 1751 3693 insectantihus

192 3724 396 3767 errorem
417 3756 429 3776 ,
462 3713 782 3780 impositum
822 3711 1127 3775 silentium,
1158 3710 1423 3764 incideret
1453 3710 1542 3764 ille
1570 3711 1749 3764 forsan
1793 3724 1802 3726 “

195 3781 236 3833 in
262 3783 754 3850 reprehensionem.
785 3790 896 3834 tum
924 3782 1230 3850 Hieronymi
1252 3782 1658 3847 conquerentis,
1687 3797 1753 3835 eo

193 3863 321 3921 Docto
346 3854 456 3907 lieri
475 3894 490 3918 ,
523 3863 587 3905 ut
615 3852 753 3921 quod
782 3851 972 3904 bellum
1003 3851 1210 3904 servavit
1233 3891 1247 3912 ,
1277 3867 1382 3920 pax
1408 3851 1526 3918 [icta
1550 3852 1754 3918 auferat

153 3946 156 3948 ν
193 3920 266 3987 (In
287 3928 426 3991 prtrf.
461 3924 531 3977 ad
565 3920 761 3990 dialog.
793 3933 931 3975 cont.
968 3921 1343 3993 Pelagianos);
1379 3930 1488 3974 tum
1525 3921 1756 3993 impera-

193 3994 302 4047 toris
327 3993 639 4047 damnantis
667 3995 827 4047 unius
852 3992 1200 4060 ejusdemque
1227 3995 1398 4058 culpae
1424 4006 1518 4045 eos
1547 3992 1634 4060 qui
1665 4002 1755 4044 aut

192 4063 541 4117 dissimulando
588 4064 967 4116 conniventiam
991 4103 1004 4126 ,
1037 4074 1126 4115 aut
1161 4079 1263 4115 non
1292 4064 1586 4115 damnando
1615 4066 1755 4130 favo-

189 4147 276 4186 rem
323 4138 532 4188 noxium
589 4135 751 4186 errori

193 4275 470 4342 episcopos,
525 4275 586 4328 in
633 4275 824 4327 talibus
859 4275 1035 4328 causis
1077 4287 1180 4326 non
1222 4288 1410 4328 carere
1449 4276 1758 4340 suspicione

191 4344 618 4409 taciturnitatem,
653 4345 772 4410 quia
802 4353 1085 4397 occurreret
1116 4344 1326 4407 veritas,
1348 4345 1391 4396 si
1413 4344 1616 4412 falsitas
1645 4344 1756 4396 llis-

195 4414 394 4484 plu-cret,
427 4425 542 4470 etc.
580 4413 669 4484 (In
695 4415 846 4484 epist.
876 4414 946 4466 ad
985 4415 1138 4478 episc.
1172 4412 1314 4484 Call.
1335 4415 1397 4465 de
1435 4414 1755 4484 Augustin.).

193 4481 325 4556 Nam.
349 4495 408 4539 ut
434 4486 512 4540 ait
551 4481 895 4538 Innocentius
923 4485 939 4538 I
972 4484 1166 4556 (Epist.
1193 4485 1261 4537 ad
1285 4483 1466 4536 Patres
1493 4481 1758 4552 Milerit.),

194 4555 273 4626 per
295 4558 518 4610 vindicta
563 4557 906 4624 constringere
947 4555 1094 4608 debet
1133 4571 1234 4608 non
1261 4556 1428 4626 solum
1457 4571 1541 4626 eos
1567 4555 1653 4626 qui
1679 4559 1761 4622 fa-

195 4624 335 4690 ciunt,
362 4628 450 4680 sed
476 4626 637 4680 etiam
664 4627 754 4694 qui
780 4621 1104 4678 consentiant
1136 4624 1458 4692 facientibus.
1492 4621 1599 4679 Nec
1626 4621 1761 4678 enim

199 4699 390 4749 multum
419 4699 635 4750 interest
659 4698 795 4749 inter
823 4697 1186 4748 committentis
1212 4697 1439 4748 animum
1465 4705 1514 4748 ct
1547 4711 1760 4749 consen-

195 4765 340 4836 tientis
363 4771 616 4836 favorem.

255 4835 278 4873 δ
303 4835 567 4907 Ambigua
599 4845 686 4892 est
704 4836 786 4890 vis
810 4835 966 4904 hujus
1006 4837 1182 4900 vocis,
1214 4836 1394 4903 radis;
1417 4844 1588 4907 potest
1613 4835 1757 4890 enim

194 4913 240 4958 et
264 4906 583 4976 imperitiam
615 4907 938 4976 significare,
963 4907 1167 4977 vulgari
1196 4921 1331 4970 usu;
1364 4914 1417 4960 et
1439 4906 1756 4970 novitatem,

193 4991 279 5042 qua
308 4980 530 5033 notione
555 4977 812 5032 dicuntur
842 4977 996 5030 rudia
1032 4979 1294 5044 mancipia
1329 4991 1427 5045 pro
1459 4977 1672 5030 novitiis
1706 4977 1756 5031 in

195 5046 368 5102 Codice
395 5048 805 5104 Theodosiauo.
838 5047 1032 5101 Neutra
1074 5063 1203 5102 vero
1243 5047 1564 5116 significatio
1605 5047 1750 5115 inop-

192 5127 396 5180 portuna
435 5130 552 5182 est,
582 5133 702 5172 cum
738 5117 1008 5187 Pelagiani
1046 5119 1166 5184 plus
1199 5117 1482 5171 habuerint
1515 5117 1759 5186 loquaci-

194 5187 298 5240 tatis
336 5203 498 5256 quam
541 5188 818 5255 scientias,
847 5198 902 5241 et
942 5189 1125 5241 l’atres
1166 5190 1409 5248 soleant,
1451 5189 1757 5256 praesertim

192 5258 544 5328 Augustinus,
587 5259 833 5314 novellos
863 5257 1149 5313 lnereticos
1181 5259 1557 5328 novellamque
1588 5262 1761 5312 ltznre-

193 5327 280 5380 sim
308 5329 513 5382 dicere.

253 5407 272 5434 ε
303 5397 537 5469 Positus
561 5408 642 5452 est
678 5398 850 5469 stylus
883 5398 1126 5466 publicus
1156 5413 1254 5467 pro
1293 5399 1504 5468 publica
1540 5408 1760 5454 senten-

191 5463 282 5530 tia,
313 5483 489 5538 eaque
511 5463 932 5538 deportationis,
971 5463 1420 5538 quemadmodum
1457 5484 1522 5523 ex
1566 5483 1760 5525 conse-

190 5537 463 5602 quentibus
494 5548 736 5600 constat,
769 5537 896 5606 ipsis
933 5537 1186 5593 inexorati
1221 5539 1388 5593 exsilii
1410 5540 1759 5608 deportatione

191 5609 448 5679 damnatis.
487 5609 696 5679 Stylum
726 5618 854 5663 tero
874 5624 987 5678 pro
1013 5612 1282 5664 sententia
1319 5609 1451 5674 dici,
1481 5611 1638 5664 docet
1673 5611 1757 5666 lex

193 5673 250 5751 ξεί
290 5683 356 5751 de
416 5673 569 5734 Bon:
601 5673 903 5748 praescripti
937 5689 991 5735 et
1031 5680 1151 5734 alia:
1187 5681 1408 5749 passim.
1439 5673 1612 5751 Porro
1641 5691 1756 5751 sty-

194 5744 264 5800 ltts
298 5744 688 5819 deportationis
719 5744 976 5817 expicese
1017 5744 1214 5806 dicitur
1256 5751 1374 5820 lege
1415 5751 1481 5805 57
1513 5750 1582 5806 de
1615 5744 1756 5806 ιιιιέτ.

796 4142 1036 4204 praestent
1077 4133 1095 4204 (
1109 4131 1174 4185 In
1210 4133 1360 4201 epist.
1407 4134 1486 4204 atl
1514 4132 1754 4201 Aurel);
1797 4153 1802 4158 η

192 4213 284 4256 tum
310 4205 543 4274 denique
567 4202 842 4258 leestini
887 4202 1124 4269 graviter
1162 4204 1427 4257 monentis
1457 4202 1754 4257 Galliarum
1792 4226 1794 4228 ·

1859 3642 2079 3711 talionis
2118 3643 2324 3711 absque
2355 3643 2583 3711 alicujus
2616 3646 3025 3700 intercessione.

1925 3709 1951 3748 ἀ
1983 3709 2248 3784 ςοττιιιιιιὲ
2271 3713 2472 3780 Magd.,
2495 3709 2684 3767 auriti:
2716 3715 3090 3784 deportatione.

1931 3791 1954 3818 θ
1993 3782 2102 3836 Lex
2159 3784 2258 3836 ista
2310 3784 2525 3837 videtur
2577 3782 2790 3850 priores
2827 3786 3026 3838 imitari
3072 3785 3435 3852 :jamdudnm

1855 3852 1998 3925 enim
2032 3853 2245 3907 decreta
2279 3852 2452 3907 fuerat
2479 3855 2869 3925 deportationis
2902 3871 3055 3921 poena
3087 3857 3206 3909 aliis
3227 3873 3438 3925 quoque

1859 3922 2238 3977 hmreticorum
2281 3925 2622 3984 doctoribus.
2669 3924 3018 3978 Euoomianis
3059 3922 3290 3991 scilicet,
3328 3928 3438 3982 Ma-

1857 3993 2196 4062 cedonianis,
2224 3995 2466 4058 Arianis,
2496 3996 2924 4064 Apollinaristis,
2952 3996 3307 4062 Montanistis,
3333 3997 3438 4051 Du-

1857 4064 2093 4128 nat‘istis,
2134 4073 2243 4119 etc.
2289 4065 2364 4118 De
2400 4077 2628 4132 quatuor
2669 4066 2941 4134 prioribus
2981 4066 3143 4119 sectis
3183 4079 3437 4134 expresse

1861 4133 2086 4210 habetur
2099 4136 2420 4210 constitutio
2437 4133 2724 4210 TlteOdOSii
2748 4137 2819 4192 Μ.
2834 4137 2954 4210 data
2973 4133 3438 4210 Constantinopoli

1858 4219 1932 4257 xu
1963 4204 2069 4258 kal.
2099 4205 2440 4267 Februarias,
2476 4208 2756 4261 llicomere
2793 4218 2846 4258 et
2881 4206 3141 4260 Clearcho
3181 4204 3439 4264 cosste

1859 4274 2212 4329 Eunomiauis
2243 4279 2557 4330 nominatim
2583 4287 2665 4329 est
2695 4278 2777 4329 lex
2811 4277 3022 4330 Arcadii
3053 4292 3105 4330 xt
3146 4276 3253 4330 kal.
3290 4279 3437 4343 Maii,

1860 4345 2093 4399 Arcadio
2115 4361 2168 4399 tv
2199 4355 2253 4398 et
2282 4347 2518 4400 llouorio
2547 4362 2603 4398 tu
2635 4349 2748 4400 AA.
2778 4346 2883 4400 CC.
2915 4347 2988 4400 De
3016 4347 3358 4404 Montanistis
3387 4361 3443 4404 et

1863 4414 2210 4490 Eunomianis
2242 4417 2560 4490 lequnoque
2582 4415 2812 4490 habetur
2831 4417 2956 4490 data
2973 4413 3438 4490 Constantinopoli

1860 4499 1913 4539 tv
1945 4497 2113 4558 nouas
2141 4487 2298 4540 Mart.
2327 4487 2561 4558 Honorio
2586 4487 2800 4558 Auggv
2824 4488 3160 4558 etEutycltio
3185 4487 3345 4544 cassi
3369 4493 3442 4544 Ite

1846 4556 2263 4623 Apollinaristis
2307 4557 2535 4624 denique
2582 4566 2666 4612 est
2703 4556 3104 4612 Tlteodosii‘M.
3151 4560 3362 4614 sanctio
3391 4576 3444 4614 vi

1863 4625 1984 4679 idus
2011 4627 2243 4701 Martias.
2278 4626 2697 4701 Thessalonicae,
2730 4627 3036 4701 Theodosio
3061 4644 3099 4682 tt
3132 4639 3184 4684 et
3205 4629 3446 4701 Cynegio

1863 4710 2041 4769 eoss..
2085 4707 2138 4752 et
2179 4697 2392 4752 Arcadii
2434 4696 2650 4752 kalend.
2688 4699 2909 4768 Aprilis,
2939 4696 3441 4769 Constantinopoli,

1787 4798 1839 4857 D
1866 4768 2389 4857 uulsi.’_i9.°.‘_‘_‘.”.i99
2406 4783 2556 4857 995.5:

1937 4838 1957 4876 ί
1990 4839 2261 4894 Consonat
2288 4841 2582 4908 imperator
2609 4847 2798 4895 sancto
2841 4839 3155 4894 Innocentio
3184 4839 3443 4893 scribenti
3472 4881 3474 4884 .

1863 4908 2110 4963 Patribns
2137 4910 2576 4980 Carthaginensis
2606 4911 2796 4980 synodi
2832 4929 2844 4962 :
2887 4909 3152 4962 Avellendi
3179 4918 3298 4980 sunt
3329 4909 3445 4962 lon-

1861 4982 1995 5052 gius,
2035 4991 2081 5033 et
2115 4982 2186 5052 ab
2214 4979 2456 5034 Ecclesia:
2495 4979 2676 5052 procul
2707 4981 2998 5052 removendi
3034 4979 3340 5052 visceribus,
3387 4997 3450 5034 ne

1863 5051 2055 5103 diutius
2078 5050 2239 5102 multa
2265 5050 2520 5118 occupans
2542 5051 2842 5104 insanabilis
2863 5060 2975 5119 post
2997 5065 3139 5104 error
3159 5051 3448 5114 increscat;

1861 5122 1903 5172 si
1931 5125 2063 5190 enim
2091 5123 2179 5172 diu
2207 5123 2397 5190 fuerint
2437 5123 2491 5174 in
2523 5122 2619 5174 hac
2648 5121 2954 5190 impunitate
2982 5121 3202 5184 versati,
3241 5135 3449 5176 necesse

1863 5200 1934 5241 est
1956 5189 2150 5243 multos
2176 5189 2225 5243 lit
2248 5191 2382 5244 Itane
2403 5207 2510 5244 suae
2535 5192 2796 5260 pravitatis
2818 5199 3032 5244 mentem
3055 5192 3327 5254 inducant,
3354 5191 3448 5243 tle-

1862 5261 2157 5326 cipiantque
2178 5261 2502 5329 innocentes,
2535 5263 2613 5314 vel
2636 5263 2808 5331 potius
2838 5263 3211 5331 imprudentes,
3243 5262 3332 5331 qui
3360 5278 3444 5314 ca-

1863 5331 2107 5402 tholicam
2137 5332 2292 5397 ﬁdem
2321 5348 2456 5385 nunc
2481 5342 2781 5402 sequuntur,
2813 5342 2920 5385 etc.

1934 5410 1959 5447 κ
2010 5401 2242 5467 Baron.,
2284 5403 2486 5465 Salm.,
2526 5401 2676 5469 Bal.,
2716 5419 2806 5473 per
2846 5418 2992 5455 omne
3022 5417 3150 5472 pene
3182 5403 3453 5473 imperium

1861 5481 2117 5540 nostrum,
2141 5489 2242 5540 qua
2265 5474 2489 5527 mundus
2513 5475 2824 5528 extenditur.
2853 5473 3091 5528 lnversio
3109 5487 3302 5528 vocutn
3325 5485 3456 5527 sen-

1859 5555 1978 5595 sum
2008 5543 2287 5605 pervertit.

1936 5609 1960 5686 l}
1993 5611 2191 5686 Magth
2223 5614 2525 5686 inscientim,
2557 5613 3226 5686 quicontrariussensus.

1943 5680 1957 5718 ί
1997 5680 2193 5751 Magd.,
2227 5684 2446 5754 Barou.,
2470 5680 2620 5755 U331,
2645 5684 2838 5754 Labb.,
2882 5684 3084 5740 audire.
3113 5682 3324 5756 Vitium
3354 5691 3456 5748 per

1868 5766 1928 5809 se
1958 5763 2200 5824 apertum
2232 5765 2335 5809 est.
