3948 6188
490 284 601 343 587

926 281 1019 338 AD
1055 276 1334 335 PARTEM
1371 270 1636 332 PRIMA!
1673 270 1959 329 OPERUM
1997 270 2067 331 Μ.
2109 264 2549 327 MERCATORIS
2586 260 2932 321 APPENDIX
2967 262 3279 321 SECUNDA

3627 278 3729 338 338

497 402 635 457 modi
661 402 863 463 dicunt,
888 400 1022 466 quod
1048 399 1156 466 ipse
1182 394 1387 459 dixisti,
1416 392 1650 466 laborare
1686 389 1833 442 illam
1873 396 2067 466 partem
2092 390 2138 450 Α
2172 382 2927 466 prtece-sit.decretunttotps
2966 395 3057 466 sex
3087 379 3740 466 annos;anmsecundani,

504 454 711 526 rationis
753 454 949 536 inopia,
976 454 1091 537 qud:
1118 468 1169 537 in
1197 454 1512 537 disserendo,
1538 477 1655 514 cum
1682 454 1925 537 terrorem
1947 454 2067 508 sub-

504 550 662 609 rogat,
702 529 899 593 nullum
934 529 1343 601 a'prudentibus
1382 533 1645 609 impetrat,
1672 529 1765 581 sed
1804 542 1993 609 c-a’cum
2037 542 2070 609 ς

426 630 433 639 ο
505 595 804 664 ηὲιὶείιιοεὶε
843 595 1103 674 extorquet
1133 619 1413 674 assensum.
1449 595 1701 674 Denique
1718 596 1961 674 scribens
1983 595 2067 674 3d

497 678 826 735 Bonifacium
856 677 922 731 de
952 664 1187 742 querelis
1220 664 1632 742 Pelagianorum
1652 666 1790 742 (Lib.
1821 680 1856 720 tt
1880 666 1948 717 ad
1977 664 2072 717 Bo-

501 751 654 814 nifac.
679 764 796 812 cap.
821 747 877 814 ὅ)
909 765 919 797 :
954 737 1087 810 Quin
1118 746 1268 797 etiam
1299 737 1559 815 Romanos
1585 737 1794 791 clericos
1822 744 2064 815 arguunt,

496 805 765 870 scribentes
784 805 871 869 eos
882 805 1131 885 jussionis
1172 824 1361 885 terrore
1385 809 1643 880 perculsos
1668 822 1768 860 non
1809 805 2071 858 erubuisse

496 882 927 954 priet-aricalionis
955 885 1143 937 crimen
1169 882 1455 955 admittere.
1527 948 1539 955 _
1602 947 1613 955 _
1780 944 1808 955 γ’

569 956 763 1011 Verum
787 970 910 1009 cum
938 956 1050 1007 tunc
1078 962 1264 1006 cuncta
1289 948 1561 1019 scripserit
1588 947 1915 1019 Augustinus
1948 953 2072 1014 post

496 1027 806 1079 tractoriam
850 1023 1079 1097 Zosimi,
1127 1038 1193 1097 es
1236 1022 1318 1075 his
1350 1018 1589 1097 profecto
1615 1018 1793 1085 colligi
1833 1030 1941 1097 non
1973 1032 2067 1083 po-

498 1106 602 1149 test
624 1097 909 1163 quidquam
938 1096 1078 1148 unde
1105 1093 1342 1163 solvatur
1364 1092 1772 1163 quaestioquam
1805 1092 2068 1163 movimus

495 1157 653 1235 (Vide
683 1157 887 1218 dissert.
936 1167 986 1224 6.
1012 1164 1075 1215 de
1098 1162 1287 1235 Libris_.
1314 1157 1479 1235 etc.)_:
1513 1159 1727 1213 sedtsne
1756 1157 2067 1235 apostolicm

497 1227 787 1297 instantia,
836 1250 901 1287 an
946 1234 1210 1287 Africana:
1250 1227 1503 1285 EccleSize
1544 1237 1761 1296 rogatu,
1791 1227 2065 1281 obtentum

494 1305 655 1359 fuerit
682 1305 994 1359 decretum?
1025 1304 1192 1367 potuit
1221 1302 1362 1355 enim
1388 1302 1455 1354 ab
1478 1308 1698 1365 utraque
1724 1307 1895 1364 parte.

569 1375 839 1429 Possidius
870 1372 959 1444 (In
995 1373 1112 1426 Vita
1143 1373 1203 1427 S.
1235 1374 1454 1444 August.
1484 1386 1598 1439 cap.
1632 1368 1720 1444 i8)
1752 1367 1945 1444 aliquid
1990 1368 2068 1421 al-

494 1444 597 1499 fert
636 1445 854 1513 majoris
879 1440 1183 1505 'ntomenti;
1214 1453 1363 1496 certe
1404 1440 1734 1513 distinctius,
1759 1442 1853 1490 sed
1893 1453 2067 1513 neque

493 1526 671 1569 tamen
721 1508 897 1568 adhuc
945 1514 1073 1567 sitis
1122 1514 1372 1565 idoneum
1432 1509 1707 1565 solvendae
1757 1508 2063 1575 qun‘slioni.

497 1584 782 1650 Quoniam,
831 1585 1031 1652 inquit,
1078 1583 1229 1635 iidem
1279 1582 1501 1647 perversi
1547 1579 1923 1652 Pelagianistte‘
1954 1581 2067 1652 sedi

490 1649 806 1718 apostolica),
837 1649 925 1722 per
967 1670 1111 1706 suam
1150 1652 1504 1713 ambitionem,
1533 1652 1761 1722 eamdem
1798 1649 2065 1722 perﬁdiam

490 1726 797 1792 persuadere
838 1719 1190 1800 conabantur,
1227 1722 1590 1773 instantissime
1634 1719 1785 1770 etiam
1836 1720 2063 1772 conciliis
2094 1742 2138 1800 Β

491 1796 748 1859 Africanis
775 1804 1065 1847 sanctorum
1099 1794 1449 1861 episcoporum
1481 1801 1685 1861 gestuin
1702 1799 1774 1840 est
1814 1800 1868 1841 ut
1890 1800 2065 1842 sancto

486 1857 636 1933 papa:
674 1865 810 1916 urbis
860 1863 1063 1924 Romm,
1095 1874 1143 1915 et
1172 1857 1311 1931 prius
1354 1857 1628 1915 venerabili
1658 1857 1985 1933 Innocentio,
2017 1871 2065 1913 ct

492 1930 663 1997 postea
710 1945 881 1987 sancto
912 1933 1113 1986 Zosimo
1162 1930 1283 2003 ejus
1321 1933 1592 2003 successori
1630 1930 2060 2003 persuaderetur,

490 2004 624 2066 quod
652 2004 741 2056 illa
770 2014 925 2071 secta,
958 2000 1209 2055 catholica
1254 2002 1375 2067 fide,
1408 2012 1451 2054 ct
1475 2000 1815 2071 abominanda
1844 2000 2064 2071 eldam-

489 2075 661 2126 nanda
684 2074 879 2141 fuisset.
910 2074 972 2126 At
1000 2074 1079 2125 illi
1103 2081 1254 2124 tanta:
1282 2072 1412 2125 sedis
1442 2070 2062 2141 antistites_suis_diversis

488 2138 795 2209 temporibus
822 2145 1022 2196 eosdem
1051 2150 1302 2202 notantes.
1336 2152 1482 2207 atque
1507 2156 1537 2191 a
1567 2139 1793 2209 membris
1825 2138 2062 2193 Ecclesia:

488 2208 838 2279 prazcidentes,
866 2215 998 2265 datis
1042 2213 1222 2264 litteris
1263 2211 1329 2262 ad
1358 2212 1627 2277 Africanas
1672 2208 1990 2279 Orientisque
2013 2220 2061 2263 et

490 2278 778 2337 Occidentis
804 2283 1077 2346 Ecclesias,
1111 2298 1195 2333 eos
1226 2280 1733 2334 anathematizandos
1763 2288 1806 2331 et
1833 2278 2062 2333 devitan-

486 2356 580 2405 dos
618 2356 679 2405 ab
720 2355 949 2405 omnibus
993 2353 1259 2404 catholicis
1303 2360 1625 2404 censuerunt.
1656 2348 1720 2400 Et
1756 2349 1850 2401 hoc
1877 2348 1979 2402 tale
1999 2353 2062 2405 de

487 2424 591 2476 illis
624 2424 864 2477 Ecclesia:
897 2423 985 2474 Dei
1026 2424 1292 2474 catholica:
1334 2423 1585 2487 pt'olalttttt
1614 2420 1861 2485 iudicium
1905 2420 2059 2475 etiant

485 2494 742 2563 piissimus
772 2495 1048 2561 imperator
1077 2490 1578 2563 Honoriusautliens
1608 2505 1667 2563 ac
1694 2505 1921 2563 sequens,
1954 2493 2059 2547 suis

483 2560 569 2616 eos
615 2565 805 2632 legibus
862 2564 1125 2615 damnatos
1170 2562 1300 2616 inter
1341 2560 1597 2614 lum-elices
1644 2560 1815 2611 haberi
1866 2564 2057 2615 consti-

486 2635 603 2697 tuit,
637 2645 741 2687 etc.

555 2703 687 2757 Nam
733 2710 877 2772 patet
920 2702 1041 2757 inde
1078 2702 1291 2768 quidem
1337 2703 1714 2769 imperatorem
1763 2701 2054 2757 llnnorium

486 2774 766 2835 Ecclesia:,
792 2774 842 2826 id
871 2783 975 2836 est,
1006 2772 1151 2827 schs
1177 2773 1507 2839 apostoltcm,
1543 2773 1593 2825 in
1627 2788 1727 2840 qua
1762 2773 1843 2826 vel
1890 2774 2055 2828 luno-

483 2846 714 2907 centius,
744 2844 828 2896 vel
852 2842 1095 2897 Zosimus
1126 2843 1365 2905 sedebat,
1385 2842 1640 2908 judicium
1668 2842 1867 2911 aliquid
1898 2859 2059 2899 secu-

487 2926 595 2965 tum
626 2913 789 2966 fuisse
820 2931 831 2964 :
864 2922 919 2966 at
945 2922 1089 2967 certe
1115 2928 1218 2966 non
1250 2922 1397 2981 patet
1418 2928 1521 2981 quo
1548 2914 1763 2968 decreto
1789 2915 2055 2981 pontiﬁcis

484 2983 738 3050 judicium
782 2994 998 3037 secutus
1038 2984 1141 3047 sit;
1173 2983 1441 3051 geminum
1470 2984 1613 3036 enim
1660 2984 1933 3037 decretum
1962 2985 2056 3041 de-

485 3053 594 3115 dit,
642 3062 697 3108 et
741 3063 962 3121 uterque
1009 3054 1247 3122 pontifex
1293 3052 1619 3109 sententiam
1652 3054 1704 3108 in
1736 3054 2051 3123 Pelagianos

483 3124 639 3187 dixit,
674 3124 894 3178 llonorii
930 3125 1280 3191 temporibus.

555 3192 690 3248 Sunt
733 3196 819 3262 qui
872 3195 1101 3263 Alipinm
1144 3195 1525 3263 Tagastenscm
1556 3202 1760 3262 putent.
1794 3192 2051 3250 Ecclesiae

484 3263 753 3317 Africana:
786 3266 1045 3334 legatione
1076 3266 1313 3319 functum
1338 3267 1402 3319 ad
1434 3266 1839 3334 imperatorem,
1871 3266 2053 3321 adver-

484 3348 577 3387 sus
603 3334 798 3404 Zosimi
830 3335 1053 3388 consilia
1085 3336 1381 3404 Pelagianis
1409 3337 1615 3389 artibus
1643 3334 1837 3397 delusi,
1868 3335 1934 3389 ab
1960 3352 2052 3391 co-

482 3418 587 3473 que
613 3403 913 3459 obtinuisse
948 3403 1230 3459 decretum
1254 3420 1361 3470 quo
1391 3405 1673 3460 lecstius
1693 3447 1705 3464 .
1750 3406 1839 3471 qui
1866 3421 1897 3457 a
1922 3408 2052 3463 sede

481 3474 775 3544 apostolica
805 3492 869 3529 ex
900 3485 1053 3544 parte
1080 3476 1354 3529 absolutus
1378 3476 1680 3538 videbatur,
1716 3474 1897 3528 [toruae
1926 3493 2048 3542 pro-

483 3542 757 3598 hiberetur
782 3542 1103 3603 consistere.
1136 3556 1188 3599 et
1224 3548 1525 3599 damnatam
1572 3546 1639 3598 ab
1662 3545 1926 3599 Africanis
1954 3548 2052 3602 do-

480 3614 704 3686 ctrinam
748 3614 1153 3686 liberedoccre
1182 3614 1271 3686 (In
1296 3616 1479 3673 Annal.
1525 3633 1611 3669 an.
1650 3615 2051 3686 M9)._Sincere

482 3683 653 3755 fateor
672 3726 686 3747 ,
731 3700 835 3739 non
862 3684 1045 3740 videre
1082 3683 1201 3752 me,
1240 3688 1330 3755 qui
1360 3686 1705 3753 probabiliter
1731 3684 2052 3741 defendatur

481 3752 665 3821 opinio
713 3764 817 3808 tam
847 3755 1020 3811 aliena
1066 3771 1098 3811 a
1143 3752 1443 3824 temporum
1490 3758 1714 3819 ratione,
1758 3757 1860 3811 etsi
1904 3758 2047 3812 enim

481 3838 587 3877 non
616 3824 847 3898 diil‘tteor
874 3826 1173 3898 _Alricanos
1218 3827 1557 3898 impatienter
1602 3826 1786 3881 tulisse
1831 3828 2047 3898 benigni

486 3894 756 3966 pontiﬁcis
798 3896 1175 3966 indulgentiam
1206 3898 1288 3949 vix
1336 3911 1441 3950 non
1474 3897 1689 3950 nimiam
1723 3911 1847 3964 erga
1880 3894 2051 3953 homi-

414 4014 423 4031 ,
484 3978 608 4018 nem
640 3964 848 4033 penitus
876 3964 1244 4020 imincrentem
1271 3982 1285 4029 ;
1321 3968 1482 4020 immo
1508 3970 1633 4021 licet
1661 3966 1952 4020 concedam
1983 3970 2050 4023 ab

479 4034 667 4091 iisdem
712 4036 1071 4090 sanctissimis
1111 4038 1381 4105 episcopis
1430 4046 1657 4090 tentatas
1702 4038 1811 4090 vias
1861 4052 2050 4093 omnes

480 4105 695 4173 quibus,
722 4107 913 4173 partim
946 4106 1067 4159 lidei
1096 4106 1312 4171 damno,
1340 4106 1528 4173 partim
1560 4121 1659 4159 suo
1684 4106 1931 4161 dedecori
1959 4124 2047 4162 oc-

484 4185 793 4241 currerent;
825 4177 1096 4231 conciliari
1136 4186 1309 4230 tamen
1348 4191 1453 4229 non
1497 4190 1651 4243 posse
1675 4190 1799 4230 reor
1830 4178 2049 4245 legatio-

481 4246 821 4316 nemwAlipii.
852 4247 1097 4316 diemque
1136 4246 1343 4301 decreti
1384 4247 1707 4313 imperialis.
1750 4260 1872 4300 cum
1916 4251 2049 4303 actis

478 4314 687 4368 concilii
714 4316 945 4371 Africani
977 4314 1263 4384 generalis,
1286 4332 1357 4377 ex
1389 4332 1493 4384 quo
1520 4316 1729 4384 Alipius
1758 4318 1952 4371 missus
1975 4320 2049 4372 di-

480 4385 643 4455 citur.
673 4384 729 4436 Si
760 4387 900 4455 enim
930 4387 1141 4455 Alipius
1179 4387 1451 4441 decretum
1483 4384 1830 4451 obtinuisset,
1863 4402 2047 4443 secum

2172 447 2238 505 ex
2267 466 2371 519 qua
2399 452 2622 519 relatum
2652 459 2735 507 est
2762 450 2826 503 ad
2860 447 3262 502 Innocentium?
3291 456 3347 519 at
3382 463 3491 514 ipsa
3534 463 3744 517 quoque

2172 518 2319 591 prior
2363 528 2448 576 est
2508 518 2724 576 decreto
2770 521 2977 591 duobus
3023 519 3134 591 fere
3183 518 3370 591 annis;
3400 532 3483 591 an
3532 520 3743 591 tertiam

2170 587 2335 660 paulo
2362 591 2575 657 quidem
2604 590 2995 660 obscuriorem,
3026 589 3119 660 sed
3148 587 3301 660 cujus
3326 589 3595 657 episcopis
3637 600 3747 660 ter-

2170 657 2271 714 ii'as
2300 675 2423 716 suas
2453 661 2658 717 litteras
2687 659 2939 715 Zosimus
2968 658 3152 712 dedit?
3182 657 3366 728 Posset
3399 660 3617 728 quidem
3644 658 3749 714 ali-

2168 731 2288 798 quis
2315 730 2384 784 ita
2404 731 2671 799 conjicere
2695 744 2794 784 nec
2816 730 2949 782 l'ortc
2972 726 3392 799 unprobabilitcr
3416 726 3431 780 Ξ
3452 731 3538 785 vix
3562 740 3745 786 tamen

2168 798 2843 870 crediderim’Salmasium
2871 799 3028 853 aliam
3071 798 3402 870 intellexisse
3432 816 3591 862 quam
3622 814 3747 870 qua

2167 869 2409 924 condidit
2447 880 2571 925 octo
2614 883 2865 931 canones,
2899 882 3036 938 quos
3066 869 3253 937 vulgus
3283 868 3611 923 Milevitanos
3642 868 3748 925 ‘vo-

2168 948 2273 992 cat.
2304 940 2359 995 Si
2390 950 2569 997 autem
2600 941 2671 995 ita
2700 941 2888 1002 sensit,
2919 953 2951 992 e
2974 938 3183 993 duobus
3212 938 3527 993 alterutrum
3554 955 3746 1007 pecca-

2167 1008 2270 1066 vit:
2303 1010 2383 1065 vel
2413 1011 2553 1064 enim
2581 1011 2634 1065 in
2678 1009 2983 1064 Milevitana
3011 1006 3241 1062 concilio
3281 1006 3746 1075 cjttsmodi’cauo-

2170 1094 2268 1151 nes
2305 1081 2548 1135 conditos
2586 1080 2834 1151 opinatus
2864 1088 2979 1143 e~t,
3022 1089 3129 1147 quo
3175 1077 3303 1151 nihil
3353 1087 3512 1132 :ctate
3556 1089 3745 1133 nostra

2168 1148 2362 1203 dicitur
2400 1148 2718 1214 absurdius;
2750 1149 2832 1203 vel
2864 1159 3009 1201 ratus
3044 1157 3131 1202 est
3157 1148 3371 1218 nomine
3396 1150 3585 1218 synodi
3610 1152 3747 1204 Car-

2169 1218 2500 1289 thaginensis
2530 1221 2818 1289 signiﬁcari
2848 1218 3203 1289 unirversalem
3242 1217 3571 1289 Africanam,
3598 1222 3747 1289 quod

2166 1288 2395 1343 alienum
2429 1305 2459 1343 a
2489 1287 2716 1351 ratione,
2755 1303 2876 1343 cum
2901 1287 3161 1355 ejusmodi
3192 1288 3429 1354 synodus
3460 1287 3747 1345 decretum

2168 1361 2450 1413 subsecuta
2483 1362 2583 1425 sit,
2617 1376 2723 1415 uno
2765 1359 2953 1413 saltem
2983 1357 3099 1424 die,
3131 1358 3178 1412 si
3219 1365 3365 1424 acta,
3396 1368 3553 1426 prout
3581 1369 3744 1423 sunt,

2167 1428 2612 1498 interpretamur.

2239 1496 2342 1553 Pro
2368 1502 2627 1554 Salmasio
2657 1508 2832 1553 tamen
2872 1498 3049 1551 facere
3076 1496 3287 1551 videtur
3316 1498 3367 1549 in
3399 1499 3632 1564 speciem
3664 1510 3747 1554 te-

2166 1570 2474 1623 SIimonium
2503 1572 2736 1625 auctet-is
2764 1568 3017 1625 Chronici
3045 1568 3185 1635 quod
3220 1568 3466 1637 tribuitur
3506 1570 3745 1637 Prospc-

2167 1653 2256 1701 ro;
2301 1639 2549 1709 Prosperi
2580 1643 2631 1710 ip
2666 1640 3021 1710 insuliaronii
3061 1648 3219 1710 atque
3264 1636 3604 1710 imperatoris
3637 1636 3747 1692 lin-

2167 1709 2328 1762 norii.
2358 1710 2488 1764 Nam
2530 1708 2715 1764 auctor
2757 1709 3007 1762 (lhronici
3062 1708 3127 1759 ad
3176 1709 3508 1761 consulatum
3561 1711 3747 1762 llono-

2168 1778 2230 1829 rit
2261 1794 2331 1832 xu
2370 1789 2428 1834 et
2465 1781 2749 1835 Theodosii
2794 1794 2923 1832 vtu:
2961 1778 3176 1844 Quibus,
3209 1778 3394 1845 inquit,
3422 1781 3744 1841 consulibus,

2165 1850 2378 1902 concilio
2403 1852 2542 1921 apud
2571 1851 2928 1921 Carthaginem
2954 1846 3264 1921 habito?”
3291 1850 3641 1921 episcoporum
3674 1853 3747 1902 ad

2166 1921 2455 1987 pontiﬁcem
2497 1918 3309 1989 Zosimum'sgnodaliadecreta
3342 1920 3537 1989 perlata
3581 1931 3746 1979 sunt;

2164 1988 2342 2059 quibus
2372 1990 2613 2055 probatis,
2640 1987 2908 2059 perlatum
2938 1987 3178 2059 mundum
3220 1990 3424 2041 hwresis
3455 1987 3745 2059 Pelagiana

2164 2058 2408 2127 damnata
2437 2072 2529 2113 est.
2562 2056 2695 2115 llinc
2723 2060 2866 2113 enim
2893 2060 3108 2127 colligat
3137 2056 3275 2111 forte
3303 2056 3747 2127 quiSpiant,'con~

2162 2125 2272 2199 dita
2302 2131 2527 2196 primum
2568 2147 2597 2183 a
2625 2131 2730 2185 2η
2772 2130 3018 2183 Patribus
3046 2126 3367 2199 Carthagine
3400 2125 3744 2199 coitgregatis

2163 2196 2403 2265 decreta,
2438 2204 2486 2253 id
2517 2212 2619 2263 est,
2649 2215 2879 2254 canones
2910 2210 3051 2261 oeto,
3094 2198 3287 2265 quibus
3316 2196 3625 2253 continetur
3655 2213 3743 2254 to.

2163 2266 2270 2320 tius
2300 2268 2521 2325 lucresis
2550 2271 2847 2340 Pelagiante
2875 2268 3181 2330 damnatio;
3215 2282 3276 2320 ea
3307 2266 3499 2340 deinde
3531 2270 3742 2336 perlata

2163 2350 2267 2389 non
2287 2342 2458 2394 solum
2489 2338 2711 2395 Romam
2742 2342 2805 2393 ad
2833 2340 3123 2402 Z‘osimum,
3150 2349 3205 2390 ut
3236 2338 3612 2405 probarentur,
3644 2344 3743 2393 Sed

2158 2408 2323 2461 etiam
2355 2412 2659 2465 Ravennam
2689 2412 2753 2464 ad
2784 2411 3095 2474 llonorium,
3142 2418 3198 2460 ut
3241 2408 3522 2463 sancdone
3556 2411 3745 2463 ﬁrma-

2159 2486 2377 2546 rentur;
2410 2483 2595 2536 cadem
2619 2482 2809 2535 exinde
2841 2479 3001 2533 missa
3027 2480 3078 2532 in
3109 2487 3275 2531 totum
3304 2479 3583 2545 mundum,
3612 2494 3742 2534 cum

2158 2552 2351 2604 summi
2398 2552 2663 2620 ponlilicis
2710 2551 2959 2604 tractoria
3004 2558 3057 2620 et
3104 2547 3367 2613 imperiali
3418 2553 3741 2613 sanctione;

2159 2631 2366 2676 necnon
2400 2619 2476 2675 ab
2516 2622 2762 2676 omnibus
2806 2619 3075 2691 episc0pis
3116 2620 3438 2687 subscripta,
3470 2632 3634 2691 atque
3670 2626 3745 2676 ita

2162 2691 2371 2761 tandem
2398 2693 2597 2761 ubique
2627 2692 2861 2761 gentium
2892 2689 3135 2744 ltmrcsim
3164 2690 3517 2761 proﬂigatam.

2236 2760 2468 2831 Prosper
2494 2758 2544 2816 in
2571 2758 2821 2816 carmine
2847 2762 2912 2815 dc
2936 2761 3158 2829 lngratis
3193 2758 3341 2829 (Cap.
3368 2761 3424 2829 ‘2)
3454 2776 3468 2812 :

2247 2893 2319 2943 Tu
2340 2906 2528 2955 causam
2546 2894 2657 2943 ﬁdei
2681 2894 2979 2955 ﬂagrantius,
3006 2891 3185 2952 Africa,
3212 2900 3391 2942 nostra

2249 2954 2567 3017 Exsequeris.
2658 3016 2666 3017 ί
2748 2954 2763 2955 ί
2881 3016 2885 3017 ν
2994 2986 3057 3017 Ur

2247 3015 2534 3066 Com-onero
2557 3018 2623 3065 tui
2643 3016 2703 3063 de
2730 3016 2918 3064 cunctis
2936 3015 3137 3064 urbibus
3160 3015 3270 3063 almi

2247 3078 2523 3140 Pontifices,
2547 3079 2841 3140 geminoque
2866 3091 3037 3125 senum
3062 3077 3386 3125 celeberrima
3406 3083 3534 3126 coetu

2244 3138 2502 3201 Deceruis,
2528 3138 2654 3201 quod
2681 3139 2825 3186 Roma
2851 3139 3043 3201 probet,
3068 3140 3195 3200 quod
3220 3150 3373 3198 regna
3396 3143 3697 3201 sequantur.

2222 3267 2483 3321 Baronius
2514 3274 2637 3333 post
2664 3265 2937 3319 laudatum
2957 3305 2971 3328 ,
3002 3265 3117 3318 sine
3147 3264 3489 3327 diligentiore
3530 3269 3745 3321 exarui.

2153 3352 2242 3401 ne,
2281 3339 2622 3405 Prosperum,
2646 3352 2804 3405 quem
2835 3344 2983 3399 putat
3003 3333 3253 3389 Cttronici
3280 3348 3580 3400 auctorem,
3606 3339 3747 3390 scri-

2152 3408 2255 3471 bit,
2286 3408 2595 3469 concilium,
2630 3406 2781 3473 cujus
2810 3406 2898 3460 ille
2921 3405 3183 3468 meminit,
3214 3406 3387 3470 primo
3416 3406 3559 3459 veris
3584 3407 3748 3461 initio

2150 3479 2471 3541 collectum,
2518 3478 2676 3544 idque
2714 3485 2868 3531 certo
2913 3484 3230 3537 argumento
3274 3474 3396 3527 inde
3425 3476 3745 3539 concludit,

2152 3548 2292 3616 quod
2325 3549 2390 3600 ad
2423 3548 2594 3615 ipsum
2620 3547 2755 3600 data:
2780 3546 2886 3599 sint
2906 3560 2935 3598 a
2961 3545 3172 3597 Zosimo
3204 3546 3389 3597 litterae
3418 3561 3488 3597 xu
3511 3545 3742 3601 kalend.

2152 3619 2374 3684 Aprilis,
2407 3618 2656 3685 quodque
2684 3618 2735 3670 in
2766 3631 2831 3670 eo
2857 3616 2921 3668 ad
2950 3616 3112 3668 Maias
3138 3629 3306 3681 usque
3332 3626 3621 3685 prorogato
3651 3634 3749 3674 ca-

2152 3683 2321 3741 nones
2348 3690 2412 3739 de
2430 3683 2627 3755 quibus
2654 3703 2833 3740 sermo
2861 3697 2940 3738 est
2965 3686 3153 3739 sauciti
3181 3687 3308 3755 sint.
3336 3683 3745 3753 Addit'postea,

2150 3757 2342 3811 eodem
2386 3754 2647 3825 tempore,
2679 3768 2731 3811 ct
2760 3755 3075 3823 Carthagine
3104 3754 3419 3817 concilium,
3448 3764 3502 3808 et
3543 3757 3750 3812 Romae

2145 3828 2407 3895 judiciqu
2433 3827 2501 3880 de
2541 3828 2756 3895 Pelagio
2780 3826 3140 3892 Coelestioque
3180 3825 3508 3895 celebratum
3545 3827 3746 3882 luisse.

2151 3898 2313 3951 Addit
2355 3907 2410 3951 et
2449 3898 2551 3950 alia
2599 3894 2748 3965 plura
2780 3912 2920 3965 qua).
2950 3896 3051 3948 etsi
3083 3896 3297 3961 I0ngum
3340 3894 3477 3948 foret
3502 3896 3747 3963 referre,

2154 3982 2257 4019 non
2290 3978 2467 4021 tamen
2494 3970 2608 4021 sine
2638 3982 2820 4035 operte
2850 3965 3021 4032 pretio
3043 3966 3250 4019 consuli
3277 3974 3514 4031 possunt.

2223 4038 2515 4105 Imperator
2547 4040 2627 4090 his
2654 4033 2964 4091 auctoribus
2992 4034 3253 4091 accedere
3284 4034 3494 4105 videtur
3531 4033 3586 4088 in
3620 4038 3749 4105 epi-

2151 4104 2402 4161 stola'ad
2450 4108 2759 4172 Aurelium;
2812 4121 2933 4159 nam
2986 4114 3107 4173 pest
3152 4104 3481 4157 mentionem
3538 4104 3746 4160 iactam

2150 4178 2524 4231 damnatorum
2548 4194 2577 4231 a
2603 4194 2661 4232 se
2694 4175 3007 4241 jamdudum
3038 4174 3238 4243 Pelagii
3268 4184 3322 4227 et
3347 4174 3587 4228 Caelestii
3620 4193 3637 4230 :
3674 4174 3747 4228 In

2149 4263 2247 4315 quo
2278 4258 2448 4301 secuta
2483 4258 2586 4312 est,
2617 4247 2821 4316 inquit,
2847 4246 3112 4316 clementia
3138 4253 3312 4316 nostra
3325 4245 3586 4312 jndfcium
3616 4263 3749 4298 san-

2151 4314 2334 4369 etitatis
2374 4328 2503 4384 law,
2547 4335 2668 4385 quos
2694 4314 2905 4369 'constat
2934 4318 2996 4368 ab
3023 4314 3430 4385 universisjusta
3470 4320 3749 4367 sententiae

2149 4389 2523 4440 examinatione
2544 4384 2831 4439 damnatos.
2858 4385 2979 4439 ﬂmc
3005 4386 3145 4438 enim
3172 4384 3332 4437 verba
3355 4386 3433 4436 sic
3454 4400 3749 4452 argumen-

481 4451 643 4531 illud,
662 4451 1229 4531 crcdo,_rcu_tl_isset_in
1257 4456 1490 4510 Africam
1510 4472 1523 4531 ;
1547 4458 1761 4531 referre
1790 4472 2045 4531 veronon
2075 4471 2127 4531 Ι)
2154 4457 2253 4531 tari
2289 4457 2413 4531 licet
2441 4475 2453 4509 :
2486 4458 2539 4511 Si
2564 4457 2825 4525 judicium
2854 4456 3057 4531 Aurelii
3084 4451 3749 4531 excepitnprimawuctio

2158 4528 2396 4593 Honorii,
2429 4543 2530 4580 nec
2553 4523 2714 4582 {ideri
2740 4536 2913 4593 potest
2935 4525 3183 4578 Aurelius
3206 4525 3273 4577 de
3292 4523 3547 4593 leesti.o
3572 4524 3750 4579 simul

2155 4606 2207 4649 et
2254 4598 2464 4666 Pelagio
2494 4598 2681 4651 iecisse
2723 4592 3385 4666 judicium,praeterquam
3433 4592 3485 4646 in
3516 4599 3752 4661 synodo

2154 4664 2596 4735 Carthaginiensi,
2644 4670 2825 4734 utique
2851 4665 3058 4719 sanctio
3091 4664 3301 4735 videtur
3328 4678 3540 4735 quoque
3571 4666 3709 4718 data
3733 4709 3749 4726 ,

2153 4733 2386 4806 acceptis
2430 4740 2615 4807 synodi
2644 4733 3081 4804 Carthaginiensis
3110 4733 3303 4803 gemis,
3349 4733 3491 4802 quod
3525 4745 3756 4799 putavit

2152 4807 2463 4861 Salmasius.

2227 4878 2354 4941 Sed,
2380 4892 2431 4931 ut
2456 4878 2683 4942 ingenue
2709 4879 2875 4930 fatear
2901 4874 3039 4943 quod
3068 4872 3259 4936 sentio,
3288 4871 3400 4925 hac
3430 4871 3563 4924 mihi
3590 4887 3719 4926 sem
3745 4906 3753 4912 -

2152 4960 2248 5013 per
2280 4947 2582 5001 testimonia
2612 4948 2721 5001 visa
2752 4955 2896 5006 sunt,
2932 4960 3037 4998 non
3069 4954 3271 5013 tantum
3310 4958 3414 4996 non
3456 4948 3756 5013 coniicere.

2147 5011 2288 5085 quod
2335 5029 2568 5086 oportet,
2600 5016 2693 5071 sed
2723 5016 2885 5070 etiam
2918 5030 3011 5081 per
3040 5029 3099 5067 se
3140 5011 3747 5086 adntodUFlt-difﬁttilm,

2150 5081 2313 5139 inuno
2362 5081 2838 5154 potius'majorem
2889 5092 3089 5152 partem
3136 5098 3163 5134 a
3209 5081 3590 5154 veroualicua,
3630 5087 3753 5136 nisi

2148 5155 2282 5207 forte
2311 5152 2535 5225 benigna
2565 5152 2789 5224 quadam
2821 5154 3263 5223 interpretatione
3286 5152 3613 5219 adjuventur
3644 5168 3756 5207 aut

2149 5234 2500 5289 torqueantur
2531 5228 2721 5293 magis.

2221 5288 2349 5349 Nam
2376 5308 2431 5348 ut
2460 5312 2487 5347 a
2518 5288 2745 5349 Baronio
2770 5294 3045 5361 incipiam.
3087 5291 3139 5346 Si
3175 5290 3346 5359 primo
3381 5288 3523 5361 veris
3571 5290 3756 5343 initio

2145 5378 2447 5419 Convenere
2469 5366 2848 5429 Carthaginem
2874 5360 2978 5418 “2M
3007 5364 3191 5415 Patres
3221 5362 3384 5413 totius
3409 5360 3605 5412 Αἰτίαι*
3638 5377 3759 5413 ηυ-

2147 5437 2514 5503 minatissitni;
2548 5439 2591 5487 si
2621 5437 2905 5489 concilium
2930 5434 2994 5486 ad
3022 5430 3236 5503 kalend.
3256 5430 3449 5503 blaias,
3480 5438 3535 5481 ct
3562 5446 3759 5503 porro

2147 5499 2461 5573 proiluctnm
2493 5514 2603 5567 est;
2638 5507 2679 5557 si
2711 5506 2776 5558 ad
2811 5506 2980 5573 ipsum
3009 5502 3226 5568 scripsit
3255 5499 3760 5573 Zosimustertias

2146 5568 2213 5627 ile
2244 5592 2399 5627 causa
2453 5568 2855 5641 Pelagianorum
2902 5574 3133 5632 litteras;
3185 5585 3404 5629 necesse
3453 5568 3761 5641 Γυίινιηηυ-

2146 5644 2308 5707 fecit),
2344 5656 2394 5698 et
2425 5640 2880 5698 sanctissimorum
2912 5642 3207 5694 antistitum
3246 5649 3445 5693 tantam
3474 5640 3758 5693 multis"-

2146 5715 2322 5771 dinem
2351 5714 2582 5771 abfuisse
2624 5730 2651 5768 a
2696 5716 2805 5769 suis
2848 5710 3101 5768 Ecclesiis
3134 5708 3232 5780 per
3261 5710 3391 5767 festa
3423 5710 3756 5781 paschalia,

480 4523 670 4593 potuit,
690 4523 1117 4593 quandoquidem
1142 4527 1416 4579 decretum
1445 4526 1614 4593 pridie
1642 4526 1857 4580 kalend.
1884 4528 2048 4583 Maias

477 4591 659 4645 datum
683 4602 789 4664 est
820 4591 1123 4662 Ravennae,
1158 4605 1212 4649 et
1258 4591 1501 4649 kalendis
1550 4597 1958 4664 ipsis.A|ipius,
1989 4608 2049 4653 ut

477 4673 595 4715 acta
644 4662 863 4731 pleuarii
893 4666 1105 4720 concilii
1141 4666 1451 4730 ostendunt,
1482 4662 1601 4720 cum
1643 4662 1888 4721 Panibus
1915 4669 2049 4723 Car-

483 4732 698 4802 thagine
727 4736 988 4788 consedit.

549 4804 604 4857 lu
632 4805 819 4859 codice
859 4805 1081 4859 Thuauo
1113 4819 1213 4859 ms.
1242 4806 1553 4860 constitutio
1578 4806 1659 4862 sic
1687 4806 2001 4861 inscribitur
2026 4825 2042 4861 :

477 4871 668 4947 Incipit
692 4891 893 4947 sacrum
932 4877 1505 4947 rescriptumLacceptis
1534 4878 1715 4946 synodi
1738 4877 1862 4947 SS.
1892 4880 2047 4947 gestis

476 4945 671 4997 datum.
701 4945 1014 5014 Salmasius,
1040 4944 1126 5014 qni
1159 4944 1399 5000 codicem
1429 4944 1576 5010 vidit,
1611 4948 1692 4999 his
1720 4944 1926 4999 duabus
1958 4949 2045 5003 lit-

478 5015 604 5066 teris
627 5014 723 5069 SS.
753 5013 1226 5083 Carthaginensem
1251 5014 1511 5083 synodum
1534 5016 1914 5081 interpretatus
1936 5028 2039 5084 est,

476 5098 545 5153 ex,
572 5099 675 5149 quo
701 5100 1031 5153 consequens
1056 5096 1109 5138 ut
1132 5086 1349 5140 Honorii
1377 5085 1653 5139 decretum
1679 5087 2043 5153 ﬂagitantibus

475 5152 557 5203 Ali
575 5152 943 5225 ica-nisdatum
969 5158 1238 5218 credatur,
1268 5157 1530 5223 siquidem
1556 5152 1853 5225 rescriptum
1881 5157 2040 5223 foret,

475 5236 593 5303 cum
626 5222 755 5275 illud
786 5239 814 5276 a
843 5227 1225 5303 constitutione
1256 5226 1305 5278 in
1337 5222 1402 5278 eo
1433 5226 1670 5279 dill‘erret
1692 5222 1881 5303 ,qnod
1918 5227 2044 5281 licet

474 5297 750 5360 utriusque
782 5309 874 5361 par
904 5306 1045 5349 esset
1071 5297 1148 5350 vis
1187 5306 1345 5364 atque
1375 5301 1686 5360 auctoritas,
1716 5297 2039 5361 rescriptum

476 5371 659 5435 tamen
702 5364 1150 5434 interrogantibus
1197 5366 1656 5435 postulantibusve
1704 5382 1795 5435 per
1837 5366 2043 5421 litteras

474 5432 1363 5506 rescriberetur[constitutionem
1413 5453 1504 5506 per
1551 5451 1609 5491 se
1651 5432 1715 5489 et
1752 5450 1848 5489 suo
1892 5436 2045 5505 quasi

474 5511 620 5553 motu
654 5503 943 5571 imperator
972 5508 1246 5560 conderet.

542 5572 646 5645 Sed
679 5590 860 5641 quer
904 5593 1060 5643 quam
1105 5576 1401 5632 Salmasius
1440 5574 1913 5644 Carthaginiensem
1955 5590 2045 5645 sy-

472 5643 671 5715 nodum
707 5647 924 5715 intelligi
951 5648 1212 5700 voluerit?
1247 5647 1432 5700 Plures
1458 5647 1603 5700 enim
1631 5643 1839 5699 luerunt
1869 5664 1917 5699 in
1947 5643 2045 5699 hac

472 5712 588 5781 ipsa
615 5728 794 5771 causa.
819 5712 903 5772 Λιῖ
930 5718 1154 5785 primam
1177 5718 1277 5773 sub
1304 5718 1522 5773 Aurelio
1548 5733 1673 5772 ann.
1700 5716 1841 5770 412?
1868 5728 1923 5771 at
1952 5716 2042 5770 illa
