3948 6188
505 319 609 376 39!

927 317 1034 397 ‘AD
1072 274 1352 371 l’ARTEM
1392 312 1657 369 PRIMAM
1695 313 1980 369 OPERUM
2024 314 2092 368 M.
2137 310 2576 366 MERCATORIS
2618 310 2959 367 APPENDlX
2998 308 3336 366 SECUNDA.

3670 306 3767 365 592

510 435 723 499 relicta,
757 447 865 502 quo
892 444 1019 487 suns
1056 436 1203 502 esset
1231 428 1488 502 Afrorum
1528 428 1872 502 obtestationi
1917 428 2088 502 locus.
2120 435 2171 488 Α
2198 429 2332 502 ritur
2353 428 2483 482 mole
2508 444 2615 502 sua;
2635 429 2899 502 dignitatis
2928 427 3199 502 obstitisse,
3220 425 3491 495 quominus
3518 418 3767 502 disgepla-

514 508 712 562 Verum
738 499 916 556 statim
944 503 1067 555 data
1089 500 1339 569 epistola,
1361 513 1601 553 summus
1624 499 1857 568 pontifex
1882 500 2093 553 vocavit

514 578 581 631 ad
614 573 905 644 pleniorem
930 570 1265 644 audientiam
1283 584 1658 637 summumque
1682 571 1942 638 judicium
1970 569 2092 623 Coc-

478 641 749 707 -lestiuin,
800 642 913 707 qui,
963 655 1084 694 cum
1131 641 1356 695 sentiret
1398 648 1543 693 artes
1574 655 1699 693 suas
1745 651 1946 707 patere,
1991 654 2093 693 nec

514 718 679 770 ullum
704 726 987 779 superesse
1016 710 1403 777 tergiversandi
1426 711 1664 771 modum.
1696 710 1949 763 subduxit
1972 724 2091 764 sese

512 783 767 847 examini,
792 781 906 835 sive
931 781 1143 835 latuerit
1166 781 1217 834 in
1241 780 1388 836 Urbe
1411 780 1549 849 apud
1574 794 1721 843 suos,
1745 780 1862 833 sive
1882 779 2090 833 Raven-

514 872 637 910 nam
687 854 977 922 prolugerit
1006 851 1072 904 ad
1118 851 1520 920 imperatorem,
1571 851 1687 922 sive
1736 850 1786 902 in
1832 850 2089 922 proximis

512 920 699 980 Retine
731 920 861 977 locis
891 922 1210 985 substiterit,
1235 922 1299 973 ad
1333 920 1698 987 aucupandam
1726 920 2087 974 occasionem.

514 999 615 1053 Ubi
643 1010 773 1049 vero
819 992 937 1059 fuga
972 993 1222 1055 innotuit,
1254 992 1509 1045 continuo
1549 993 1651 1042 lata
1689 998 1771 1043 est
1803 990 1856 1042 in
1888 999 2093 1043 utrum-

514 1084 618 1134 que
646 1065 849 1119 infandi
878 1064 1143 1134 dogmatis
1164 1062 1502 1134 defensorem
1545 1060 1847 1134 decretoria
1868 1069 2090 1134 senten-

513 1130 611 1201 tia,
643 1130 1241 1202 scriptaque’nniversis
1270 1131 1453 1185 mundi
1480 1131 1747 1202 episcopis
1776 1145 1804 1181 a
1828 1130 2090 1202 pontifice

514 1199 873 1276 grandis'illa
922 1201 1187 1276 epistola,
1247 1216 1407 1271 quam
1460 1201 1767 1276 tractorium
1824 1199 2093 1255 Mercator

514 1271 690 1332 vocat.
713 1276 871 1330 Missa
894 1288 1106 1342 quoque
1128 1272 1383 1342 Romana:
1405 1272 1593 1341 synodi
1617 1271 1682 1323 ad
1711 1272 2088 1342 imperatorem

512 1359 683 1413 gesta,
734 1339 927 1413 quibus
973 1339 1230 1411 acceptis,
1282 1339 1465 1395 datum
1520 1349 1605 1413 est
1659 1339 2088 1413 pridieﬂkalend.

515 1411 679 1471 Maias
707 1411 981 1469 decretum
1026 1415 1091 1466 ad
1146 1413 1462 1475 Palladium,
1510 1412 1579 1465 de
1636 1411 1897 1478 pellendis
1949 1411 2091 1466 Urbe

514 1488 785 1541 damnatis
808 1485 1094 1546 lizcreticis,
1124 1497 1228 1552 quo
1250 1499 1345 1553 per
1366 1483 1597 1537 edictum
1612 1482 1876 1553 primoris
1906 1482 2090 1535 Romae

514 1558 810 1626 proposito,
842 1569 1050 1617 omnes,
1080 1551 1294 1626 opinor,
1324 1554 1578 1626 Ecclesia:
1610 1551 1866 1626 Romanas
1905 1553 2090 1606 clerici

512 1623 579 1681 de
606 1623 996 1681 subscribendo
1028 1625 1296 1676 tractorite
1325 1624 1573 1677 conventi
1600 1632 1747 1685 sunt,
1771 1623 1928 1690 idque
1950 1638 2089 1691 prac-

517 1699 769 1751 stiterunt
817 1694 1252 1763 propensissimis
1302 1696 1525 1757 animis,
1575 1694 1743 1763 Sixto
1774 1694 2089 1763 presbytero

512 1770 725 1822 caeteris
755 1762 1047 1834 praeeunte.
1080 1765 1231 1817 Tunc
1255 1765 1549 1833 agebantur
1576 1763 1694 1834 dies
1726 1762 1846 1817 festi
1891 1762 2088 1817 Pente-

512 1850 710 1899 costes,
734 1833 788 1893 et
813 1835 1283 1903 frequentissimus
1307 1834 1465 1887 Iiebat
1485 1834 1551 1886 ad
1582 1833 1877 1887 Ecclesium
1907 1834 2085 1902 populi

510 1922 829 1970 concursus,
861 1917 1082 1974 propter
1108 1907 1404 1959 solemnem
1435 1904 1781 1971 baptismum.

581 1982 756 2049 Atque
806 1978 913 2049 bis;
938 1979 1029 2049 ita,
1057 1992 1121 2029 ex
1161 1974 1710 2049 veterum_sententia
1746 1974 2083 2049 constitutis,

509 2044 757 2118 prompta
785 2056 869 2102 est
894 2046 1171 2114 facilisque
1192 2045 1470 2118 responsio
1495 2045 1560 2118 ad
1594 2044 1838 2111 qmcsita.
1864 2046 2087 2099 Constat

509 2114 652 2173 enim
674 2114 864 2173 'datum
910 2118 1073 2170 fuisse
1103 2118 1168 2168 ab
1200 2116 1434 2168 Ilonorio
1475 2114 1773 2179 decretum,
1804 2118 2086 2169 occasione

509 2191 790 2243 sententiae
819 2189 873 2240 in
906 2187 1190 2240 lnereticos
1216 2200 1245 2239 a
1274 2185 1401 2240 sedc
1431 2185 1724 2251 apostolica
1756 2188 1997 2253 prolatae,
2031 2195 2088 2241 ut

509 2260 762 2328 judicium
798 2257 1055 2328 Ecclesia:
1096 2264 1411 2328 sequeretur
1452 2255 1743 2328 imperialis
1773 2258 2081 2328 auctoritas.

508 2326 730 2383 Constat
762 2330 886 2383 item
916 2327 1099 2379 datum
1135 2326 1361 2394 impulsu
1404 2326 1600 2379 sumini
1645 2327 1932 2394 pontificis,
1980 2341 2086 2394 quo

512 2400 821 2469 conjunctis
842 2398 1121 2466 utriusque
1145 2396 1423 2469 potestatis
1458 2410 1721 2464 supremae
1740 2398 1943 2469 viribus
1970 2397 2089 2449 fun-

507 2467 651 2525 ditus
673 2470 894 2525 lmzresis
914 2476 1272 2522 everteretur.
1292 2467 1459 2529 Opem
1484 2481 1614 2521 vero
1630 2468 1859 2522 contulit
1881 2481 2086 2521 curam-

507 2557 615 2612 que
638 2541 882 2597 Valerius
908 2553 1111 2605 comes,
1136 2552 1295 2607 quem
1322 2535 1564 2592 Julianus
1583 2551 1702 2591 eam
1727 2539 1797 2593 ob
1819 2552 1933 2593 rem
1957 2552 2087 2607 que-

2196 500 2322 551 tioni
2352 507 2551 565 tempus
2597 499 3114 567 locusquelpetitnm
3149 497 3286 551 forte
3333 507 3555 552 venerat
3592 497 3768 551 οωιε-

2193 569 2353 635 stius)
2381 569 2444 621 ab
2470 571 2771 637 imperatore
2792 573 3169 621 concederetur.

2262 639 2505 705 Quantus
2532 639 2656 693 inde
2697 650 2850 692 ortus
2880 638 2949 691 sit
2976 638 3353 692 haereticorum
3382 637 3559 704 dolor,
3590 638 3767 705 prodit

2190 710 2406 777 querela
2446 710 2763 777 jactautium
2810 708 3158 776 subreptione
3198 708 3533 777 infandisque
3563 708 3769 763 artibus

2191 780 2469 847 deceptam
2501 780 2699 844 aulam,
2721 786 3095 846 extortamque
3120 779 3572 846 subscriptionem
3595 794 3624 831 a
3648 794 3768 848 per-

2192 852 2489 903 terrefactis
2518 850 2724 917 sibique
2768 860 2992 917 propter
3038 860 3237 903 metum
3291 851 3769 917 prtevaricantibus

2192 920 2423 973 clericis.
2469 920 2571 973 Par
2619 920 2788 972 dolori
2821 920 3213 987 improborum,
3258 921 3548 988 gratulatio
3599 921 3765 973 bono-

2190 1005 2333 1050 rum.
2372 1005 2491 1043 cum
2525 989 2891 1058 unusquisque
2917 999 3179 1053 cerneret,
3230 990 3581 1058 impotentem
3614 990 3767 1044 Pela-

2191 1061 2470 1127 gianorum
2497 1060 2772 1113 audaciam
2800 1062 3066 1122 coerceri.
3088 1061 3335 1129 jttslaque
3367 1060 3666 1129 principum
3693 1064 3766 1114 ira

2194 1130 2452 1184 vindicari
2504 1133 2611 1184 vim
2666 1131 2863 1184 sanctis
2916 1131 3247 1194 hominibus,
3297 1132 3411 1186 sive
3456 1132 3662 1193 Romae.
3715 1142 3772 1182 ut

2191 1201 2524 1271 Constantio,
2559 1201 2672 1254 sive
2721 1200 3132 1271 Hierosolymis,
3166 1211 3222 1271 ut
3252 1201 3600 1271 llieronyino.
3650 1202 3769 1254 illa-

2194 1278 2301 1341 tam
2339 1271 2406 1325 ab
2445 1270 2914 1335 iusolescentibus,
2946 1270 2990 1323 si
3020 1270 3235 1340 quando
3265 1270 3484 1341 impune
3526 1281 3766 1340 possent,

2193 1340 2485 1395 haereticis.

2261 1409 2501 1465 Coelestii
2550 1419 2728 1465 tamen
2776 1409 3108 1464 inexhaustis
3155 1410 3293 1463 dolis
3342 1411 3541 1465 factum
3593 1420 3677 1465 eet
3716 1422 3773 1462 ut

2193 1480 2395 1534 fructus
2425 1498 2527 1534 non
2558 1481 2909 1550 responderet
2934 1482 3094 1542 votis.
3124 1480 3218 1534 sed
3242 1484 3498 1547 geminari
3522 1480 3771 1535 debuerit

2192 1552 2544 1615 conStitutio,
2598 1553 2865 1622 prmcipue
2914 1553 2982 1603 ad
3030 1553 3372 1619 quorumdam
3419 1553 3772 1622 episcoporum

2191 1623 2523 1689 pertinaciam
2587 1620 2939 1691 corrigendum
2966 1662 2980 1683 ,
3038 1624 3121 1688 qui
3176 1637 3358 1690 pravas
3421 1620 3773 1691 hereticorum

2190 1692 2581 1759 disputationes.
2600 1694 2676 1745 vel
2698 1694 2853 1744 tacito
2875 1708 3123 1744 consensu
3141 1702 3448 1757 astruerettt,
3469 1692 3544 1744 rel
3566 1690 3773 1761 publica

2192 1764 2571 1833 Oppugnatioue
2600 1779 2697 1816 non
2726 1763 3063 1816 destruerent.

2673 1905 2698 1934 ⁸
2722 1895 3173 1951 CONSTITUTIO
3216 1894 3279 1950 ll.

2299 1990 2324 2029 δ
2352 2005 2633 2045 EVEMPLAR
2672 2003 2847 2043 EDICTI
2886 2003 3286 2043 PR£FECTORUM
3324 2002 3628 2044 ΡΒΕΤΟῙΠΟ.

2194 2094 2215 2123 ε
2238 2082 2422 2139 Ισιιιυε
2451 2083 2705 2149 QUARTUS
2744 2081 3064 2146 PALLADIUS,
3097 2078 3121 2117 ἀ
3157 2081 3451 2144 Μοιιλιιιυε,
3501 2081 3773 2137 Aenicou

2404 2155 2597 2209 iterum
2640 2152 2877 2221 praifecti
2914 2152 3167 2220 praetorio
3197 2162 3220 2189 ε
3246 2151 3551 2207 edixerunt.

2265 2263 2543 2318 Adversus
2568 2263 2843 2332 Pelagium
2873 2271 3032 2330 atque
3061 2262 3373 2317 leestium
3405 2262 3655 2317 catholici
3678 2262 3774 2317 do-

2194 2356 2387 2425 gmatis
2413 2356 2569 2410 fidem
2602 2353 2621 2393 τ
2654 2353 2898 2410 nefandis
2922 2354 3237 2409 tractatibus
3266 2353 3627 2417 destruentes,
3650 2370 3775 2409 scn-

2195 2450 2359 2504 tentia
2389 2447 2699 2519 principalis
2730 2446 2977 2511 invaluit,
3008 2456 3068 2501 ut
3088 2456 3113 2494 8
3146 2447 3438 2502 venerabili
3464 2446 3598 2503 urbe
3625 2461 3775 2502 sum-

2196 2540 2327 2596 moti
2357 2541 2617 2596 bonorum
2643 2539 2873 2593 concilio
2903 2539 3308 2594 mulctarentur.

1676 2654 2218 2713 CASTIGATIONES
2259 2655 2343 2710 ET
2379 2655 2605 2711 ΝΟΤᾹΞ.

582 2750 742 2805 ιΝοιι
788 2748 1016 2804 habetur
1052 2746 1379 2818 Constituto,
1429 2746 1523 2801 sed
1555 2754 1761 2818 tantum
1804 2745 2094 2814 Exemplar

507 2824 680 2885 edicti,
718 2831 849 2881 etc..
881 2818 1018 2886 apud
1048 2816 1387 2881 Garncriuni,
1418 2819 1506 2887 qui
1547 2816 1765 2886 subiicit
1791 2818 1856 2871 ad
1884 2822 2088 2871 calcem

513 2895 651 2947 banc
694 2891 975 2943 notulam:
1015 2906 1035 2939 ι
1076 2888 1311 2939 llabetnr
1354 2888 1495 2957 apud
1546 2899 1795 2943 auctores
1849 2887 2092 2941 laudatos

511 2978 611 3032 pro
640 2959 1043 3018 constitutione.
1089 2968 1139 3011 et
1187 2958 1374 3032 iisdem
1411 2964 1459 3012 in
1497 2960 1645 3019 locis,
1682 2960 1781 3032 nisi
1813 2958 1952 3032 quod
1995 2958 2091 3010 Ba-

509 3030 718 3095 ronius,
751 3041 936 3083 contra
972 3030 1229 3097 temporis
1263 3031 1543 3093 rationein,
1582 3030 1765 3084 retulit
1792 3030 1859 3082 ad
1890 3042 2087 3082 annum

506 3106 631 3159 421.
673 3121 689 3153 ι
730 3101 882 3155 Eutr.

578 3174 607 3212 ὶι
630 3173 711 3227 An
744 3174 976 3226 edictum
1007 3170 1389 3223 Prtl‘fectnrttm
1418 3170 1521 3237 legi
1550 3171 1871 3237 principum,
1904 3184 1970 3221 an
2001 3170 2084 3222 lex

508 3246 686 3299 etlicm
732 3253 1156 3311 prmponcretur,
1208 3242 1273 3293 lis
1313 3242 1409 3293 luit
1456 3243 1593 3294 inter
1636 3242 1982 3297 Siruiondum
2033 3250 2088 3293 et

510 3314 855 3391 Sal_masipm.
885 3314 998 3391 Qua
1029 3311 1181 3364 libris
1224 3320 1557 3391 contestata,
1586 3311 2089 3391 docti_ccnsuerunt

506 3386 701 3438 vicisse
741 3380 1110 3443 Sirmondum,
1165 3395 1264 3433 nec
1307 3390 1485 3435 tamen
1525 3382 1840 3445 Salmasius,
1874 3382 1963 3449 qui
2009 3382 2086 3432 le-

506 3469 628 3522 gem
653 3452 951 3520 principum
976 3450 1155 3522 edicto
1184 3451 1398 3503 nolebat
1424 3451 1639 3518 subjici,
1672 3453 1769 3505 etsi
1797 3451 1935 3504 foret
1959 3464 2088 3522 reus

509 3520 803 3578 imminuta:
829 3520 1144 3589 majestatis,
1187 3522 1485 3573 vindicatus
1515 3532 1594 3575 eSt
1620 3522 1866 3574 acerbius
1898 3539 1911 3573 :
1946 3521 2091 3574 fece-

445 3630 449 3635 ο
508 3603 593 3648 rat
620 3593 763 3646 enim
805 3590 1385 3663 inconsideratc,gcum
1432 3591 1631 3663 alioqui
1678 3593 1771 3663 vir
1791 3599 1937 3663 esset
1966 3606 2089 3663 erue

506 3665 687 3727 ditus;
737 3677 835 3715 nec
888 3660 1018 3714 satis
1059 3660 1363 3715 attenderat
1406 3661 1471 3713 ad
1526 3660 1697 3729 legem
1734 3661 2088 3714 Valentiniani

507 3733 745 3789 Junioris
766 3733 829 3783 ad
856 3732 1112 3788 Probum.
1140 3747 1258 3800 qum
1280 3731 1430 3785 unica
1460 3740 1543 3785 est
1572 3732 1720 3795 cod.,
1753 3731 1919 3801 Siper
1946 3731 2091 3784 obre-

507 3808 754 3871 ptiouem,
800 3817 917 3871 quze
966 3811 1151 3868 aperte
1200 3802 1358 3855 ducet
1403 3802 1574 3871 legem
1616 3803 1875 3871 principis
1914 3802 2090 3855 edicto

511 3874 676 3928 luisse
728 3872 1092 3940 przepOsitam.
1138 3872 1378 3926 Mirabile
1428 3886 1559 3926 vero
1604 3882 1708 3938 est,
1765 3872 2087 3927 Salmasium

509 3958 621 3998 sua:
662 3944 959 3998 etiamnum
996 3942 1433 3996 ballucinationis
1472 3943 1671 3997 habere
1698 3944 1899 4006 socios,
1931 3952 2091 4010 atque

507 4017 669 4069 etiam
705 4027 982 4082 sequaces,
1031 4014 1123 4081 qui
1177 4028 1280 4067 non
1325 4013 1573 4066 videntur
1601 4014 1876 4077 didicisse,
1906 4016 1988 4066 vel
2020 4028 2090 4065 ex

509 4086 639 4154 ipsis
661 4085 887 4153 legibus.
913 4083 994 4136 vel
1024 4098 1087 4136 ex
1123 4096 1221 4135 usu
1253 4082 1585 4151 quotidiana,
1618 4084 1743 4152 quid
1772 4085 1865 4147 sit,
1899 4082 2091 4151 prccfc-

507 4164 653 4209 ctum
695 4155 795 4209 sub
824 4154 1003 4209 edicto
1031 4167 1129 4207 suo
1166 4165 1219 4207 et
1270 4162 1667 4223 programmate
1696 4154 1869 4222 legem
1906 4154 2089 4223 publi-

508 4240 655 4280 care.

584 4306 607 4333 ο
632 4295 817 4363 Neque
838 4295 923 4350 bic
950 4294 1177 4348 vexandi
1204 4310 1388 4347 manes
1412 4294 1684 4362 Salmasii,
1711 4294 1881 4348 sicubi
1911 4303 2090 4351 tamen

509 4364 811 4435 quiescant,
854 4380 1010 4435 quem
1061 4366 1406 4427 Sirinondus,
1450 4367 1577 4419 dum
1608 4367 1835 4429 viveret,
1880 4368 2091 4435 egregie

512 4433 756 4504 correxit
795 4434 1127 4502 opinantem,
1168 4445 1396 4502 quatuor
1442 4451 1470 4488 a
1520 4436 1787 4503 prazfectis
1835 4433 2090 4504 praetorio

512 4502 836 4576 edictumin
886 4519 980 4557 sua
1021 4506 1324 4576 quibusque
1364 4502 1566 4560 ditione
1598 4502 1969 4576 propositum;
1998 4507 2091 4561 Ju-

512 4574 659 4645 niuin
692 4573 833 4645 enim
877 4576 1137 4638 Quartum
1188 4575 1484 4631 Palladium
1530 4578 1581 4630 in
1600 4573 1755 4631 ducs
1792 4576 2087 4645 dividebat,

512 4643 701 4711 bisque
736 4643 876 4697 facto
906 4645 1179 4711 peccabat,
1219 4647 1387 4701 semel
1416 4663 1537 4701 cum
1568 4647 1829 4701 memoria
1867 4663 1971 4702 non
2006 4643 2092 4702 re—

513 4721 742 4783 peteret,
794 4715 861 4767 ab
910 4715 1143 4777 antiquis
1190 4718 1441 4771 omnibus
1488 4717 1711 4771 Palladii
1755 4720 2090 4773 consulatum

512 4785 937 4839 memorantibus
961 4785 1060 4838 tria
1089 4786 1243 4837 simul
1270 4789 1482 4841 nomina
1508 4788 1727 4842 referri:
1751 4789 1946 4842 iterum
1969 4804 2090 4843 cum

512 4854 566 4908 in
612 4870 707 4907 sua
738 4870 1005 4924 quemque
1036 4854 1237 4908 ditione
1269 4860 1614 4923 preposuisse
1658 4860 1912 4920 edictum,
1961 4861 2096 4913 scri-

510 4923 682 4991 beret,
713 4923 959 4994 quamvis
988 4926 1184 4993 singuli
1214 4927 1540 4995 reliquorum
1576 4932 1791 4982 nomina
1842 4931 1952 4983 suis
1984 4930 2096 4983 edi-

509 4998 629 5059 ctis,
686 4996 909 5063 perinde
946 5012 1024 5069 _ac
1076 4999 1430 5069 imperatores
1476 4998 1805 5065 collegarum
1860 5001 2090 5069 legibus,

514 5077 915 5134 prmponerenl.
946 5066 1135 5120 Posset
1177 5067 1297 5120 addi
1345 5067 1571 5132 fortasse
1614 5072 1851 5131 tertium,
1886 5066 2092 5123 nullum

511 5145 646 5209 tun_c_
669 5137 1222 5209 tetnporisexstitissc
1251 5138 1564 5206 praefectum
1590 5142 1845 5206 prtetorio
1870 5140 2093 5209 lllyrici.

512 5205 779 5273 -—Magd.
813 5216 897 5276 iet,
923 5208 1115 5260 Baron.
1153 5205 1599 5276 interpunctione
1637 5210 1854 5274 vitiosa,
1905 5205 2095 5264 Junius

512 5276 761 5351 Quartus,
801 5275 1096 5351 Palladius,
1141 5275 1440 5344 Hortarius,
1488 5289 1531 5333 et
1564 5279 1825 5351 Agricola,
1872 5281 2095 5334 induxe-

510 5354 643 5468 ;unt
680 5346 998 5401 Salmasium
1043 5349 1095 5401 iu
1142 5364 1381 5404 errorem
1422 5352 1490 5405 de
1531 5346 1761 5419 quatuor
1803 5351 1915 5404 suis
1959 5367 2097 5420 pra:-

534 5426 688 5468 ecus.

534 5426 688 5470 ectis.

578 5483 607 5523 ἀ
630 5487 842 5559 Primus
876 5487 1110 5543 Orientis
1162 5488 1539 5558 praefecturam
1570 5491 1761 5559 gessit,
1795 5500 1853 5544 ut
1883 5500 2099 5545 constat

452 5592 457 5593 κ
508 5569 577 5629 ex
606 5558 848 5625 pluribus
879 5560 1119 5629 legibus;
1153 5560 1419 5615 secundus
1458 5558 1775 5629 Galliarum,
1817 5572 1874 5615 ut
1910 5574 2096 5615 osten-

506 5626 591 5701 dit
618 5626 1222 5701 constitutio'llonorii,
1272 5632 1340 5685 de
1379 5633 1620 5701 cogendo
1668 5626 1891 5701 singulis
1941 5633 2098 5685 anuis

508 5699 726 5783 Qrelate
777 5712 1319 5783 conveiltu‘scptem
1375 5699 1797 5783 previnc-iaruni,
1857 5704 1979 5783 flata
2030 5705 2098 5783 ad

508 5768 814 5837 Agricolam
863 5772 918 5824 Ρ.
960 5771 1017 5824 Ρ.
1059 5768 1385 5840 Galliarum,
1409 5774 1646 5829 Honorio
1672 5790 1745 5827 ιιι
1776 5784 1829 5827 et
1857 5773 2099 5829 Theodo-

2194 2748 2275 2801 sio
2303 2762 2391 2800 vin
2422 2761 2565 2800 coss.
2600 2747 2764 2800 Porro
2793 2745 3071 2799 Monaxius
3095 2743 3434 2798 consulatum
3468 2744 3620 2799 inivit
3646 2759 3773 2800 cum

2196 2818 2368 2871 Plinta
2400 2834 2523 2870 ann.
2556 2818 2685 2879 M9,
2728 2815 2972 2885 Agricola
3012 2830 3133 2868 cum
3175 2815 3454 2868 Eustathio
3483 2830 3608 2868 ann.
3640 2814 3770 2870 421.

2266 2898 2291 2925 ο
2317 2888 2510 2951 Magd.,
2550 2888 2768 2953 Baron.,
2814 2886 3005 2952 Labb.,
3058 2886 3197 2951 Bal.,
3239 2886 3500 2939 dixerunt.
3536 2885 3774 2942 Verbum

2195 2960 2429 3012 edicendi
2450 2959 2695 3011 solemne
2725 2966 2829 3013 est.

2272 3027 2291 3065 ί
2324 3029 2375 3083 ld
2417 3038 2515 3092 cst,
2565 3027 2912 3089 concionibus
2959 3026 3026 3080 ad
3071 3027 3347 3095 populum,
3404 3028 3595 3081 usitata
3648 3028 3774 3082 istis

2196 3100 2527 3168 temporibus
2567 3114 2737 3154 voce:
2766 3100 2843 3154 sic
2888 3097 3029 3153 cnim
3074 3100 3400 3166 Augustinus
3429 3112 3554 3152 suas
3579 3098 3644 3151 ad
3676 3115 3776 3167 po-

2118 3154 2162 3216 C
2195 3154 2376 3237 pulum
2424 3174 2711 3223 concluues
2746 3170 2979 3238 appellat
3010 3154 3295 3221 tractatus:
3328 3171 3405 3222 sic
3448 3154 3775 3224 tractaturos

2200 3242 2540 3306 vocabantur,
2587 3250 2726 3295 teste
2767 3239 3060 3301 Lirinensi,
3103 3240 3195 3307 qui
3240 3239 3445 3304 plebem
3487 3240 3772 3294 docerent.

2193 3311 2327 3365 Vide
2355 3327 2473 3381 quas
2500 3311 2874 3365 annotavimus
2903 3309 2971 3365 ad
3012 3318 3271 3364 tractatus
3300 3309 3531 3364 Ναξιοήί
3571 3310 3773 3373 adver-

2192 3396 2284 3435 sus
2317 3382 2652 3450 Pelagianos.

2263 3451 2430 3505 Porro
2450 3448 2634 3506 autem
2659 3450 2996 3506 Theodosius
3022 3448 3090 3503 bl.
3114 3450 3401 3505 discrimen
3425 3450 3599 3517 posuit
3628 3451 3778 3505 inter

2191 3522 2353 3575 verba
2398 3522 2525 3585 duo,
2571 3537 2692 3587 qua:
2731 3522 2928 3588 schius
2970 3521 3386 3582 confunduntur.
3430 3523 3771 3591 disceptandi

2192 3592 2420 3660 scilicet,
2462 3604 2517 3646 et
2543 3592 2804 3646 tractandi
2835 3610 2847 3644 :
2880 3606 3001 3643 nam
3041 3593 3157 3660 lege
3181 3592 3301 3645 data
3343 3594 3522 3649 Stobis
3560 3609 3646 3646 xvi
3680 3591 3781 3646 Ita-

2194 3662 2340 3715 leud.
2364 3663 2505 3716 .Iulio
2534 3663 2842 3717 Theodosio
2871 3676 2909 3714 ιι
2954 3660 3274 3732 ctCynegio
3301 3678 3444 3717 coss.
3489 3666 3679 3720 vetuit.
3714 3680 3781 3715 ne

2193 3736 2275 3786 cui
2306 3750 2505 3802 egresso
2541 3735 2594 3785 in
2622 3733 2903 3804 publicum,
2944 3730 3021 3785 vel
3047 3730 3385 3804 disceptandi
3413 3734 3477 3787 de
3502 3736 3783 3803 religione,

2192 3805 2270 3857 vel
2296 3804 2553 3875 tractandi
2584 3802 3105 3875 patesceretoccasio,
3138 3813 3243 3857 etc.
3275 3802 3458 3870 Neque
3484 3802 3615 3856 vero
3656 3805 3782 3857 dis-

2192 3876 2398 3929 crimen
2443 3874 2675 3942 positum
2717 3885 2799 3927 est
2841 3874 2957 3926 sine
2986 3887 3166 3937 causa,
3199 3889 3322 3927 cum
3363 3875 3666 3939 disceptare
3708 3876 3785 3927 sit

2193 3959 2313 3997 cum
2346 3946 2525 4015 aliquo
2550 3944 2825 4013 diSputare
2851 3958 2866 4006 ;
2897 3952 3151 4010 tractare,
3185 3959 3280 4012 per
3324 3958 3384 3997 se
3413 3946 3553 4013 loqui
3580 3944 3648 3996 ad
3681 3960 3785 4012 po.

2234 4016 2398 4069 ulnm.

2234 4028 2398 4069 nium.

2195 4028 2230 4083 Ρ
2267 4094 2292 4129 κ
2318 4085 2462 4139 Urbe
2490 4084 2819 4139 summoveri
2852 4083 2955 4139 hoc
2990 4084 3046 4137 in
3084 4084 3203 4138 loco
3233 4084 3460 4150 idipsum
3491 4092 3593 4145 est,
3625 4085 3783 4152 quod

2194 4156 2386 4210 exsilio
2414 4156 2660 4210 mulctari
2690 4165 2838 4210 extra
2870 4165 3035 4208 totum
3062 4154 3360 4208 Romanum
3385 4154 3693 4222 imperium.
3724 4154 3789 4207 ιιι

2194 4227 2409 4295 colligo,
2445 4227 2697 4295 primum,
2729 4240 2796 4280 ex
2829 4225 3007 4279 verbis
3039 4226 3400 4294 imperatoris,
3433 4225 3633 4292 quibus
3661 4226 3790 4278 edi-

2194 4294 2341 4351 ctum
2371 4294 2608 4363 prtcl'ecti
2641 4295 2929 4363 respondet
2963 4312 2974 4347 :
3012 4294 3371 4348 Probationem
3417 4296 3637 4348 convicti
3682 4298 3793 4347 cri-

2194 4369 2345 4421 minis
2385 4369 2547 4437 stylus
2590 4367 2822 4437 publicus
2866 4367 3184 4436 insequatur,
3231 4367 3360 4432 ipsis
3399 4367 3654 4419 inemrati
3694 4381 3792 4417 ex-

2194 4438 2299 4491 silii
2329 4439 2688 4506 deportatioue
2730 4437 3019 4499 damnatis,
3068 4448 3174 4489 etc.
3215 4437 3417 4491 Deinde
3463 4450 3524 4489 ex
3560 4437 3796 4506 nomine

2119 4505 2434 4591 Domnium
2478 4509 2539 4563 P.
2576 4509 2740 4590 P._in
2793 4507 2970 4588 fronte
3026 4506 3205 4591 edicti
3236 4508 3496 4591 apposito.
3561 4505 3793 4591 Signiﬁ-I

2194 4590 2279 4634 cat
2327 4581 2471 4634 enim
2527 4579 2765 4634 omnium
2824 4578 3041 4631 nomine
3104 4577 3304 4631 idcirco
3346 4577 3642 4643 publicari,
3698 4577 3799 4628 vel

2196 4651 2263 4704 ab
2288 4666 2419 4715 uno,
2442 4651 2584 4720 quod
2618 4665 2776 4704 nemo
2817 4663 2922 4702 non
2954 4648 3174 4720 deberet
3220 4650 3271 4699 in
3310 4662 3402 4720 sua
3430 4647 3636 4720 ditione
3676 4660 3801 4698 srr-

2199 4722 2434 4774 vandum
2458 4716 2668 4775 curare.
2699 4720 2936 4787 Denique
2963 4732 3029 4771 ex
3058 4717 3300 4784 jussione
3322 4716 3538 4771 Ilonorii
3562 4717 3632 4769 de
3660 4732 3800 4782 pro-

2198 4792 2483 4859 mnlganda
2523 4790 2639 4859 lege
2679 4790 2835 4842 Juvat
2880 4799 3047 4841 autem
3087 4804 3176 4855 per
3225 4804 3421 4841 omnem
3465 4803 3593 4859 pene
3635 4803 3805 4859 mini-

2199 4858 2343 4925 dum,
2387 4878 2487 4942 qua
2526 4858 2797 4942 imperium
2850 4867 3081 4942 nostrum
3122 4859 3431 4940 extenditur.
3478 4858 3807 4942 huiusmodi

2202 4934 2523 5001 promulgata
2556 4928 2801 4997 di/Tundi.
2845 4930 3297 5001 Quorsnmrenim
3331 4937 3497 5001 tanta,
3540 4928 3624 4981 vel
3663 4943 3807 5001 pm-

2201 4998 2549 5071 mulgntionis
2580 5000 3044 5071 universitas,vel
3068 5000 3234 5071 edicti
3263 4998 3611 5071 generalitas,
3644 5000 3692 5050 si
3724 5012 3806 5071 ex

2199 5088 2299 5125 una
2321 5068 2596 5125 dumtaxat
2619 5073 2827 5126 ditiOue
2850 5070 2972 5140 pelli
2994 5069 3253 5125 deberent
3278 5068 3540 5132 haeretici,
3567 5071 3636 5121 de
3660 5070 3805 5137 qui-

2200 5142 2302 5195 bus
2324 5142 2533 5210 .tgitur?
3062 5170 3067 5173 -

2273 5207 2402 5267 lnd'e
2427 5226 2556 5266 vero
2582 5210 2879 5280 intelligere
2898 5222 3000 5276 est,
3025 5209 3393 5276 eXpulsionem
3419 5224 3483 5264 ex
3510 5207 3662 5280 Urbe
3686 5210 3809 5280 alia

2200 5283 2591 5351 significatione
2620 5278 2985 5349 dici,'quantlo
3007 5282 3181 5351 agitur
3206 5281 3271 5334 de
3301 5279 3541 5351 praefecti
3556 5278 3636 5351 Ρ.
3676 5278 3809 5351 edi-

2200 5349 2307 5416 cto,
2356 5353 2461 5406 alia
2493 5366 2611 5406 cum
2649 5351 2877 5406 edicitur
2915 5366 2944 5405 a
2990 5349 3243 5422 praefecto
3276 5350 3435 5406 Urbis
3466 5367 3478 5422 ς
3512 5349 3609 5401 illo
3641 5350 3814 5401 enim

2201 5423 2467 5485 ediccnte.
2502 5424 2946 5491 proscriptionem
2991 5420 3277 5492 significat,
3310 5436 3404 5474 seu
3446 5420 3816 5492 deportatio-

2202 5508 2361 5556 nein;
2404 5489 2906 5560 isto'expulsiouem
2936 5489 3234 5554 dumtaxat,
3274 5492 3358 5545 vel
3386 5506 3451 5544 ex
3484 5490 3662 5543 inuris
3695 5489 3821 5543 Ur-

2200 5562 2306 5627 bis,
2342 5563 2426 5616 vel
2467 5562 2533 5615 ad
2573 5562 2929 5616 centesimum
2979 5563 3228 5633 lapidem.
3269 5560 3669 5633 Quamobrem_
3691 5560 3821 5614 Hoc

2202 5636 2409 5700 noritis,
2444 5647 2565 5686 cum
2600 5633 2835 5686 Palladio
2858 5634 2917 5686 P.
2954 5630 3211 5701 Pﬁlcgem
3236 5635 3411 5695 daret,
3440 5631 3604 5697 jussit
3634 5630 3822 5685 Pela-

2201 5705 2343 5770 gium
2375 5704 2795 5770 Carlestiumque
2821 5704 2890 5757 ita
2922 5704 3059 5757 Urbe
3082 5703 3224 5773 pelli,
3252 5713 3306 5755 ut
3331 5703 3587 5754 inaurati
3617 5702 3824 5754 exsilii

2203 5775 2551 5839 daportatioue
2582 5775 2967 5828 damnarentur.
3020 5773 3368 5829 Constantius
3412 5780 3618 5837 autem,
3671 5786 3824 5827 cum
