3948 6188
224 354 299 415 597
566 350 874 412 DISSERT.
914 350 1004 410 III.
1048 352 1137 408 DE
1176 346 1834 409 CONSTITUTIONIBUS
1875 344 2374 402 lMPERATORUM
2415 342 2479 398 IN
2517 335 2741 400 CAUSA
2782 334 3031 399 PELAG.

3335 347 3439 404 598

224 470 511 531 confessione
566 470 773 523 sincera
832 467 1167 523 conditorem
1226 480 1407 520 rerum
1461 462 1751 520 omnium“
1779 465 1827 523 A
1858 466 1942 511 lor
1964 474 1994 531 :A
2013 473 2078 511 an
2121 456 2397 531 Africana
2441 454 2693 531 Ecclesia:
2742 468 2837 531 per
2880 454 3110 531 legatum
3162 456 3393 531 Alipinm
3422 504 3437 523 ,

222 564 374 626 licam,
413 558 723 629 imperiique
762 557 934 613 nostri
966 573 1290 614 veneremur
1316 567 1614 620 auctorem,
1644 571 1753 610 non

220 657 411 724 patietur
434 653 689 708 sanctitas
713 661 823 716 tua,
855 662 1021 707 secta:
1046 650 1381 707 detestabilis
1404 650 1672 716 homines,
1698 649 1751 703 in

216 749 421 819 injuriam
444 745 737 816 religionis,
770 759 906 799 nova
929 751 984 799 et
1008 743 1262 798 inusitata
1290 742 1631 807 meditantes,
1662 754 1752 795 se-

215 842 343 898 cretis
380 838 405 877 δ
442 838 753 893 tractatibus
798 837 1079 892 occultare
1125 836 1488 906 sacrilegium,
1541 833 1754 903 publica

214 932 347 988 semel
386 930 696 984 auctoritate
741 929 1052 983 damnatum
1082 945 1094 981 :
1130 942 1232 982 una
1276 929 1419 982 enim
1456 926 1755 995 eademque

214 1024 335 1091 culpa
371 1028 450 1075 est
495 1034 683 1074 eorum
714 1019 805 1087 qui
849 1028 939 1072 aut
980 1017 1373 1073 dissimulando
1404 1027 1428 1055 ο
1457 1017 1756 1072 conniven-

214 1119 329 1178 tiam,
344 1120 425 1166 aut
438 1128 539 1166 non
555 1109 878 1173 damnando,
895 1108 1133 1163 favorem
1151 1110 1365 1163 noxium
1382 1106 1750 1177 praestiterint.

265 1204 322 1259 Et
356 1203 452 1257 alia
482 1220 661 1256 manu.
694 1200 955 1257 Dii-initas
995 1210 1045 1256 te
1077 1215 1173 1269 per
1212 1200 1411 1254 multus
1438 1214 1610 1254 annos
1637 1214 1756 1254 ser-

209 1305 276 1349 vet
312 1295 650 1359 incolumem,
694 1291 875 1345 Pueri
931 1306 1245 1347 CBARISSIIE
1289 1306 1459 1356 tt'rous
1500 1305 1757 1347 suntv'rts-

207 1404 316 1442 ειη.
350 1386 608 1440 Ravenna:

259 1476 414 1532 dData
438 1493 469 1531 v
500 1477 621 1533 idus
640 1477 766 1534 Jun.
796 1476 1043 1533 Monaxio
1074 1488 1127 1533 et
1153 1476 1331 1533 Plinta
1355 1492 1499 1533 coss.

511 1628 758 1668 ΗΙδΤΟΒΙΔ
782 1629 1077 1669 ιιιιειιιλιιε
1104 1628 1394 1669 EPISTOLE.

261 1726 466 1780 Venerat
495 1725 548 1779 in
587 1724 819 1781 Africam
870 1726 1123 1781 tractoria
1169 1726 1394 1793 Zosimi,
1427 1741 1530 1797 qua
1576 1727 1752 1782 conti-

206 1798 393 1851 nebatur
426 1812 528 1851 non
574 1798 747 1850 solum
797 1807 907 1867 tota
939 1812 1096 1851 causa
1150 1797 1351 1865 Pelagii
1383 1808 1436 1851 et
1483 1798 1739 1865 leestii,

207 1870 276 1921 sed
303 1869 552 1936 praecipue
581 1867 853 1921 deﬁnitiva
894 1868 1040 1922 sedis
1088 1869 1403 1933 apostolica:
1450 1872 1741 1934 sententia,

206 1941 266 1992 cui
285 1938 706 1993 subscribendum
726 1938 867 1994 foret
884 1940 953 1991 ab
967 1938 1243 2003 omnibus;
1265 1939 1351 1991 illa
1368 1938 1599 1992 maximo
1619 1940 1743 2009 piis-

206 2024 279 2078 que
302 2010 425 2063 vatis
468 2010 735 2063 bonorum
771 2017 954 2078 empto
980 2010 1195 2079 gaudio,
1229 2020 1451 2075 excepta
1498 2018 1602 2073 est,
1638 2026 1741 2064 una

205 2097 291 2131 cum
315 2080 520 2146 privatis
554 2081 620 2131 ad
653 2081 937 2135 Africanos
960 2082 1153 2133 summi
1206 2080 1478 2149 pootiﬁcis
1526 2081 1740 2135 litteris.

204 2153 313 2204 Aetne
336 2150 559 2204 vicissim
585 2150 805 2205 Zosimo
830 2151 897 2205 ab
926 2150 1195 2206 Africanis
1241 2152 1447 2220 gratim,
1480 2165 1600 2205 cum
1650 2166 1745 2205 cu-

204 2223 523 2276 nutlaii~simis
583 2221 850 2275 laudibus.
904 2222 1278 2291 Subscriptnm
1329 2222 1617 2277 sententia:
1671 2224 1742 2274 ab

205 2293 408 2345 omnibus
426 2294 512 2362 qui
537 2292 772 2347 concilio
793 2292 1035 2355 aderant,
1061 2306 1381 2361 quamquam
1405 2291 1546 2347 forte
1566 2308 1595 2347 a
1624 2295 1745 2362 qui-

204 2362 382 2416 busdam
407 2380 508 2417 non
544 2366 788 2418 cordate.
819 2363 977 2417 Missa
1004 2363 1277 2418 tractoria:
1307 2364 1635 2433 exemplaria
1676 2364 1744 2417 ab

202 2435 378 2486 Aurelio
408 2438 634 2499 pritnate
664 2434 730 2488 ad
776 2435 1174 2500 provinciarum
1207 2436 1410 2503 primas
1449 2434 1628 2500 sedes,
1688 2442 1746 2489 ut

201 2506 296 2557 inde
323 2506 809 2559 transmitterentur
845 2505 911 2559 ad
956 2507 1192 2575 reliquus
1220 2505 1498 2560 civitatum
1528 2507 1743 2575 episco-

202 2590 295 2641 pos,
325 2586 421 2629 tum
450 2577 517 2629 ab
546 2576 703 2643 ipsis,
734 2586 842 2628 tum
871 2592 900 2630 a
932 2577 1078 2631 clero
1109 2576 1520 2642 subscribendo,
1544 2587 1598 2631 et
1622 2591 1744 2632 cum

200 2647 650 2714 subscriptiouibus
687 2646 752 2700 ad
786 2648 969 2702 urbem
1007 2648 1350 2713 metropoiim
1394 2648 1741 2702 remittenda.

255 2716 297 2767 id
324 2733 582 2785 propense
610 2717 904 2785 praestitum
937 2728 1019 2774 est
1052 2733 1079 2769 a
1113 2717 1357 2786 pluribus
1395 2718 1739 2785 prtesuiibus,

200 2792 571 2855 tc-rgiversatnm
612 2805 638 2839 a
680 2789 969 2855 nonnullis,
1017 2789 1317 2854 praesertim
1366 2787 1419 2841 in
1469 2787 1739 2856 provincia

198 2856 432 2927 Byzaccna
461 2870 515 2913 et
547 2858 914 2926 Tripolitana:
947 2876 1068 2913 cum
1100 2858 1214 2921 alii,
1247 2869 1305 2911 nt
1333 2858 1547 2927 Opinor,
1584 2874 1744 2913 cxce-

198 2940 345 2994 punne
372 2928 600 2996 quadam
623 2940 930 2993 uterentur;
964 2932 1051 2983 alii
1081 2929 1149 2984 ab
1178 2929 1433 2984 inferiore
1463 2932 1609 2983 clero
1634 2945 1742 2984 non

196 3000 367 3053 curiose
390 3002 514 3054 satis
546 3002 827 3069 exigerent
866 3001 1106 3056 debitam
1139 2999 1621 3069 subscriptionem;
1655 3001 1743 3053 alii

197 3070 404 3137 denique,
432 3072 746 3126 Siculorum
768 3073 1068 3140 {exempio.
1111 3084 1163 3124 et
1193 3070 1333 3126 forte
1373 3074 1741 3140 persuasione,

196 3153 345 3211 aperte
363 3142 727 3197 detrectarent
752 3157 941 3211 parere
968 3142 1246 3198 Ecclesiae.

1856 529 1997 596 quod
2017 530 2181 582 sentit
2208 527 2601 580 illustrissimus
2627 526 2910 596 Annalium
2933 527 3162 596 scriptor
3178 526 3285 593 (Ad
3310 546 3433 587 ann.

1856 594 2048 651 Christi
2101 598 2227 657 M9.
2270 612 2412 650 num.
2465 596 2534 649 54
2562 606 2609 649 et
2638 595 2801 665 scq.);
2834 611 2899 648 an
2934 594 3189 650 Bonifacii
3240 606 3438 655 summi

1856 668 2150 738 pontiﬁcis.
2174 669 2314 738 quod
2347 668 2568 720 inbuere
2594 666 2805 721 videtur
2832 667 3086 738 Prosper
3110 668 3249 736 (Lib.
3282 671 3434 726 Cant.

1856 736 1991 793 Coll.
2011 737 2267 809 6011.41);
2293 752 2358 789 an
2392 738 2612 790 alterius
2656 736 2933 805 cujusdam
2973 739 3200 792 multum
3236 743 3284 794 in
3312 746 3437 798 aula

1856 825 1952 879 per
1979 814 2181 879 amicos
2211 808 2463 879 potentis.

1927 879 2110 934 Potest
2135 874 2454 951 disceptatio
2480 874 2864 951 deﬁniri‘certa
2888 877 3118 942 ratione,
3147 893 3250 947 qua
3282 890 3436 951 parte

1857 952 2091 1015 pertinet
2128 952 2191 1001 ad
2226 945 2543 1017 legationem
2574 946 2758 1013 Alipii.
2815 945 2947 1001 Nam
3002 945 3314 1007 versabatur
3346 956 3435 1010 ille

1854 1019 2177 1089 Carthagine
2204 1016 2323 1073 cum
2357 1017 2477 1089 aliis
2497 1016 2705 1089 duobus
2749 1018 3037 1089 provincia:
3066 1019 3326 1077 Nttmidite
3356 1026 3438 1081 le-

1853 1093 2011 1160 gatis,
2055 1087 2350 1160 Augustino
2384 1099 2437 1141 et
2468 1088 2837 1164 l’os_sidio,__nt
2872 1087 3303 1164 kalendadunii,
3332 1111 3435 1164 qua

1855 1164 1945 1216 die
1974 1159 2280 1216 inchoatum
2308 1170 2384 1213 est
2406 1159 2713 1219 concilium,
2742 1159 2989 1212 Mouaxio
3015 1171 3068 1213 et
3092 1160 3260 1215 Piinta
3289 1159 3434 1221 coss.

1860 1234 2096 1298 lipistola
2143 1246 2274 1285 vero
2318 1233 2514 1302 scripta
2545 1230 2940 1302 estnitavenntn
2993 1244 3027 1282 ν
3086 1231 3203 1285 idus
3253 1234 3430 1302 Junii,

1856 1303 2044 1357 iisdem
2065 1317 2203 1356 coss.
2227 1302 2374 1373 lianc
2403 1300 2785 1373 igiturAlipius
2805 1301 3095 1373 impetrare
3114 1316 3217 1355 non
3240 1300 3430 1373 potuit,

1856 1374 1956 1426 nisi
1984 1374 2141 1436 forte,
2174 1372 2313 1439 qttnd
2348 1370 2604 1423 miraculo
2650 1370 2821 1438 majus
2848 1379 2951 1431 est.
2997 1372 3183 1426 decem
3224 1370 3432 1431 dit-rum

1854 1445 2029 1512 spatio
2058 1452 2262 1496 tantttm
2294 1440 2512 1512 itineris
2535 1448 2853 1512 tantumque
2885 1443 3080 1511 negotii
3110 1445 3433 1501 eottfecerit.

1926 1514 2108 1582 Neque
2128 1530 2257 1567 vero
2288 1513 2423 1565 alius
2452 1511 2518 1565 ad
2560 1511 2936 1583 imperatorem
2975 1529 3039 1566 ex
3082 1515 3260 1568 Africa
3292 1520 3433 1583 lega—

1856 1594 1941 1639 tus
1965 1581 2161 1638 missus
2183 1594 2285 1648 est,
2318 1586 2431 1635 sive
2473 1598 2504 1635 a
2549 1582 2755 1651 synodo
2807 1581 3080 1648 Africana,
3113 1599 3232 1652 quae
3284 1581 3430 1644 nulla

1853 1656 2116 1709 celebrata
2139 1664 2221 1709 est
2245 1696 2259 1719 ,
2307 1654 2374 1706 ab
2403 1652 2644 1718 Angusto
2673 1668 2857 1706 mense
2886 1671 2975 1706 an.
3005 1653 3108 1708 418
3138 1656 3205 1710 ad
3238 1672 3294 1711 ttt
3332 1656 3426 1713 ka-

1853 1726 1995 1779 lend.
2030 1727 2215 1779 lunias
2235 1728 2359 1777 anni
2383 1727 2792 1787 consequentis;
2835 1726 2949 1777 sive
2978 1740 3006 1778 a
3036 1730 3429 1795 proconsulari,

1855 1798 1936 1850 cui
1969 1798 2110 1850 nulla
2138 1806 2256 1851 erat
2295 1797 2346 1848 in
2396 1794 2720 1859 provinciam
2756 1795 3084 1858 Bv2acenam
3121 1807 3174 1850 et
3204 1794 3433 1864 Tripoli;

1851 1876 2028 1922 tanatn
2060 1870 2389 1928 auctoritas;
2433 1864 2548 1919 sive
2590 1865 2661 1915 ab
2707 1864 2928 1919 Aurelio
2982 1867 3119 1933 solo,
3164 1868 3250 1921 cui
3296 1872 3431 1926 facta

1848 1938 2061 2007 quidem
2091 1949 2203 1991 erat
2225 1946 2466 2006 potestas
2495 1935 2769 2007 scribendi
2798 1938 3035 1989 omnium
3064 1938 3302 1998 nomine.
3335 1943 3431 1995 sed

1846 2012 1914 2062 de
1945 2010 2105 2062 rebus
2134 2010 2183 2060 in
2210 2006 2974 2079 generalicoticiliogstatutis;
3000 2008 3111 2079 sive
3132 2008 3200 2062 ab
3226 2010 3435 2079 aliquot

1847 2079 2282 2149 coiispirantibus
2307 2078 2461 2131 simul
2486 2077 2753 2146 episcopis
2798 2078 2850 2131 in
2904 2078 3159 2133 Ecclesia:
3209 2077 3430 2142 bonum,

1847 2150 2145 2219 Cujusmodi
2197 2150 2392 2202 abhinc
2430 2157 2538 2219 tres
2569 2150 2679 2200 iere
2718 2163 2887 2219 annos
2915 2151 3243 2215 scripserant
3277 2156 3436 2219 quin-

1845 2236 1953 2287 que
1982 2218 2202 2289 privatis
2231 2219 2423 2273 litteris
2451 2218 2516 2269 ad
2549 2228 2798 2271 sanctum
2844 2218 3234 2290 innocentium.
3266 2218 3434 2290 Lega-

1848 2293 2013 2345 tionis
2052 2292 2194 2344 enim
2240 2300 2345 2342 iatn
2394 2290 2555 2351 utilis,
2602 2299 2914 2355 tantumque
2952 2288 3199 2343 eil'eettttn
3240 2288 3432 2348 consed

1846 2371 2007 2426 cutze,
2038 2360 2226 2415 fuisset
2255 2361 2435 2429 procul
2462 2358 2626 2411 dubio
2673 2360 2848 2428 aliqua
2881 2361 3084 2413 mentio
3113 2363 3252 2430 apud
3281 2375 3431 2418 vete-

1847 2448 1953 2493 res,
1989 2448 2109 2485 cum
2150 2440 2325 2485 tamen
2359 2430 2503 2482 nulla
2534 2431 2622 2482 sit.

1918 2504 2168 2556 Rcstaret
2191 2502 2566 2570 igituropinari
2588 2515 2617 2552 a
2640 2514 2851 2572 summo
2875 2500 3125 2568 pontiﬁce
3144 2503 3432 2572 impulsum

1845 2573 2011 2627 fuisse
2058 2573 2387 2636 ll0n0rium,
2438 2586 2559 2644 qua:
2588 2570 2813 2644 _videtur
2854 2574 3120 2644 sententia
3182 2570 3434 2644 i’rosperi

1846 2645 2039 2698 aienlis
2070 2644 2403 2697 Bonifacium
2455 2642 2800 2709 piissimorum
2847 2640 3207 2709 imperatorum
3253 2640 3435 2700 catho-

1847 2716 1945 2768 lica
1977 2715 2238 2768 devotione
2278 2716 2506 2784 gavisam
2533 2753 2547 2776 ,
2594 2721 2781 2784 contra,
2811 2713 3042 2765 inimicos
3070 2716 3249 2782 gratia:
3270 2759 3284 2779 ,
3330 2733 3432 2771 non

1845 2787 2011 2838 solum
2039 2786 2356 2853 apostolicis,
2379 2786 2471 2839 sed
2496 2786 2649 2837 etiam
2676 2783 2829 2852 regiis
2860 2798 3008 2835 usum
3046 2786 3205 2851 fuisse
3231 2788 3431 2841 edictis.

1850 2855 2043 2911 Verum
2069 2856 2187 2911 inec
2213 2857 2395 2925 opinio
2412 2856 2785 2925 gravissimam
2806 2853 3177 2908 difﬁcultatem
3200 2868 3433 2925 patitur:

1848 2928 2114 2991 quomodo
2134 2924 2276 2981 enim
2320 2929 2581 2995 pontifex,
2614 2926 2699 2978 cui
2729 2924 2817 2995 die
2857 2925 2930 2977 ‘25
2959 2924 3081 2978 Maii
3116 2924 3211 2980 vis
3245 2930 3439 2986 licebat

1853 2998 2035 3051 Roma:
2066 2994 2333 3064 respirare
2362 2998 2429 3051 ab
2462 2997 2646 3049 Eulalii
2677 2994 2988 3055 schismate,
3045 2998 3301 3051 valuisset
3342 3004 3439 3053 oh-

1849 3072 2020 3123 tinere
2071 3068 2138 3121 ab
2187 3071 2515 3135 imperatore
2546 3066 2780 3120 edictum
2807 3066 3043 3136 quinque
3094 3079 3211 3136 post
3245 3070 3436 3127 diebus

1850 3140 2119 3193 llavcnnte
2146 3138 2377 3192 dandum
2401 3142 2424 3191 ’ἰ

247 3210 508 3268 Communi
562 3207 764 3267 Arrii-ai
805 3212 1073 3282 italizeque
1107 3214 1248 3266 malo
1280 3216 1499 3279 petitum
1545 3221 1628 3266 est
1678 3214 1745 3267 ab
1773 3210 1821 3272 C
1922 3211 2254 3279 Quamquam
2289 3224 2388 3282 nec
2418 3208 2775 3282 discederem
2805 3222 2833 3260 a
2883 3207 3175 3282 Prospero.
3204 3211 3248 3265 si
3302 3214 3432 3266 ttihil

198 3279 579 3347 imperatoribus
609 3285 903 3339 remedium
938 3279 1053 3354 (qui
1083 3287 1225 3339 enim
1277 3283 1493 3337 aliunde
1539 3294 1740 3353 posset,

199 3367 289 3424 post
315 3364 382 3407 tot
426 3354 743 3424 pontiﬁcum
785 3353 1005 3409 decreta
1041 3356 1207 3409 ferme
1237 3353 1445 3424 irrita?)
1479 3368 1535 3407 ut.
1565 3356 1743 3407 ofticio

197 3422 375 3491 defungi
400 3422 488 3490 qui
521 3440 722 3495 sponte
760 3426 983 3490 nollent,
1018 3436 1348 3496 cogerentur
1368 3422 1512 3478 metu
1543 3442 1556 3490 ;
1601 3430 1742 3479 suis-

197 3507 277 3566 que
302 3497 509 3551 sedibus
538 3496 724 3564 ejecti,
755 3496 845 3565 qui
876 3495 1220 3566 pertinaciter
1251 3496 1304 3549 in
1336 3495 1633 3566 Ecclesium
1664 3511 1747 3550 re-

198 3562 435 3631 bellarent,
480 3568 537 3621 in
576 3562 649 3621 eo
692 3562 890 3621 saltem
926 3568 1249 3634 prodessent
1292 3565 1436 3629 aliis,
1466 3567 1609 3635 quod
1650 3582 1746 3621 no-

197 3636 323 3705 cendi
348 3647 665 3703 potestatem
697 3647 939 3692 extorres
962 3639 1191 3705 amplius
1220 3652 1323 3691 non
1356 3636 1633 3692 haberent.

251 3704 572 3777 Rescriptum
604 3716 687 3761 est
716 3709 876 3777 igitur
902 3712 971 3762 ab
999 3704 1257 3769 Hunorio,
1291 3722 1396 3762 non
1430 3720 1633 3761 tantum
1680 3708 1747 3761 ad

197 3775 456 3844 Aurelium,
496 3778 646 3849 quod
671 3775 977 3834 edit-eretur
1016 3778 1284 3848 epismpis
1313 3794 1423 3849 sure
1461 3779 1745 3842 dimcesis;

196 3849 269 3898 sed
292 3849 476 3914 etiam,
520 3859 586 3902 nt
630 3849 796 3903 moris
824 3859 971 3918 erat,
1020 3851 1221 3905 vicario
1265 3848 1482 3914 Africae,
1524 3863 1630 3915 quo
1657 3850 1752 3901 ad-

196 3930 351 3974 versus
376 3921 679 3975 obstinatos
709 3921 1096 3992 vindicaretur.
1144 3921 1327 3974 Edixit
1348 3920 1748 3992 imperatoriam

195 3993 489 4045 sanctionem
541 3992 815 4055 Aurelius,
860 3990 984 4045 data
1021 3992 1087 4045 ad
1126 3989 1748 4060 episc0pos'provinciaa,

196 4059 355 4115 saltem
393 4063 693 4133 Byzacena:
725 4071 779 4116 et
809 4059 1174 4132 Arzugitanm,
1214 4061 1461 4129 epistola.
1513 4061 1750 4133 Eventus

194 4133 358 4202 merito
378 4132 621 4187 creditur
651 4134 996 4199 reSpondisse
1026 4134 1188 4196 votis,
1218 4148 1337 4185 cum
1368 4135 1592 4202 posthac
1620 4132 1753 4186 nihil

195 4200 446 4257 admodum
471 4203 678 4272 negotii
704 4220 733 4256 a
774 4204 1073 4272 Pelagianis
1094 4203 1145 4256 in
1173 4202 1348 4257 Africo
1371 4200 1584 4258 ‘tuotnm
1610 4203 1723 4272 lega
1740 4232 1754 4243 -

197 4278 290 4322 tur:
314 4289 439 4340 quas
463 4276 615 4329 enim
651 4274 855 4339 turbas,
882 4275 966 4328 vel
998 4274 1333 4329 Adrumetiui
1366 4278 1634 4335 monachi,
1667 4275 1751 4327 vel

194 4339 606 4413 Carthaginensis
652 4345 910 4399 diaconus
962 4345 1148 4399 Vitatis
1176 4344 1340 4409 fecit,
1391 4347 1546 4400 facile
1604 4360 1754 4397 Cotti-

199 4424 365 4475 prcssre
388 4426 536 4469 sunt.

256 4482 432 4538 Verum
458 4502 585 4556 qua:
607 4486 841 4541 breviter
865 4485 975 4539 dixi
998 4486 1274 4548 hactenus,
1296 4486 1546 4556 quoniam
1579 4485 1756 4553 magni

199 4563 295 4605 sunt
323 4558 383 4608 ad
414 4557 699 4611 historiam
757 4558 1035 4623 momenti,
1084 4573 1151 4611 ne
1180 4559 1260 4611 vel
1294 4568 1494 4611 temere
1522 4568 1751 4621 asserta,

199 4623 263 4699 vel
284 4628 341 4677 ad
369 4627 654 4699 arbitrium
700 4628 931 4699 conﬁcta
959 4627 1271 4693 credantur,
1300 4628 1475 4699 ipaulo
1523 4642 1750 4681 accura-

198 4698 279 4767 tius
297 4698 659 4752 confirmanda
690 4698 829 4754 forte
859 4708 1044 4753 essent
1087 4699 1264 4753 allatis
1307 4698 1438 4767 ipsis
1469 4708 1749 4752 auctorum

198 4762 324 4839 locis.
352 4783 473 4837 qttte
497 4768 629 4823 alibi
655 4771 911 4833 citantur,
944 4769 1051 4823 nisi
1092 4762 1387 4839 periculum
1424 4768 1558 4823 foret
1606 4779 1752 4823 tanta

198 4835 263 4885 vel
285 4835 607 4903 prolixitate,
642 4840 722 4895 vel
748 4841 909 4895 etiam
944 4835 1287 4909 repetitione,
1320 4840 1753 4894 testimoniorum

196 4909 382 4985 errandi
407 4910 704 4985 lectoribus
738 4911 901 4985 tmdii.
925 4911 1104 4985 Satius
1134 4922 1214 4965 est
1246 4912 1407 4985 igitur
1426 4910 1505 4985 his
1526 4921 1757 4985 printer-

198 4981 348 5033 missis
375 4984 648 5050 iuquirere
676 4981 829 5051 cujus
870 4981 1104 5051 impulsu
1150 4982 1493 5051 rescripserit
1523 4983 1757 5052 impera—

1780 4571 1889 4658 DC

1851 3278 2229 3350 prtetereatne
2261 3280 2538 3334 retineret.
2582 3278 2777 3345 Quidni
2808 3280 2949 3332 enim
2990 3280 3260 3346 Pontifex,
3312 3300 3434 3336 eum

1850 3353 2174 3421 intelligeret
2207 3351 2520 3418 Pelagianos
2544 3355 2829 3419 episcopos
2868 3365 2974 3405 non
3019 3368 3218 3419 paucos
3248 3356 3296 3405 in
3331 3354 3437 3407 Ita-

1850 3424 1941 3490 lia,
1977 3420 2145 3476 immo
2171 3432 2227 3477 et
2256 3420 2439 3477 Roune
2468 3423 2786 3485 consistere,
2817 3423 2904 3487 qui
2958 3432 3013 3476 et
3061 3424 3251 3477 Eulaiii
3303 3428 3437 3481 urbe

1850 3495 2030 3562 ejecti,
2061 3493 2350 3563 Antioque,
2376 3492 2464 3547 ubi
2494 3494 2832 3556 versabatur,
2860 3492 3120 3547 Romana:
3145 3495 3258 3548 sedi
3289 3496 3441 3550 incu-

1851 3564 2027 3619 bantis
2059 3572 2237 3633 partes
2263 3565 2523 3627 foverent,
2548 3574 2601 3617 et
2626 3563 2991 3630 pertinacibus
3018 3564 3286 3619 Africanis
3308 3581 3441 3621 cou-

1847 3635 2123 3705 jurassent
2145 3636 2196 3688 in
2225 3634 2506 3688 catholicae
2535 3635 2659 3689 ﬁdei
2682 3634 3033 3705 defensores,
3056 3646 3111 3688 et
3133 3636 3234 3689 sibi
3266 3640 3442 3691 nomi-

1852 3704 2017 3759 natim
2048 3705 2319 3773 negmium
2350 3705 2758 3767 meditarentur,
2791 3706 2991 3773 quippe
3023 3704 3215 3759 Eulaiii
3249 3721 3435 3776 patro-

1855 3781 1929 3840 ni,
1959 3778 2102 3831 etab
2126 3780 2450 3848 imperatore
2477 3776 2772 3848 retractari
2801 3789 3017 3828 causam
3047 3789 3198 3848 suam
3229 3780 3437 3848 efﬁngi-

1854 3848 2029 3901 taren't
2072 3847 2346 3910 obnixius,
2380 3845 2534 3914 quasi
2566 3859 2660 3911 per
2693 3846 3098 3912 subreptionem
3134 3845 3435 3915 judicatum

1855 3929 2035 3973 esset:
2068 3927 2122 3971 et
2147 3915 2383 3979 tandem,
2420 3924 2480 3969 ut
2514 3917 2689 3969 solent
2720 3915 2984 3983 haeretici,
3019 3917 3267 3971 omnibn~~
3298 3929 3439 3972 tem-

1856 4003 2044 4057 porum
2073 3987 2509 4042 inclinationiluts
2542 3995 2842 4053 uterentur,
2893 3987 3081 4040 intenti
3128 3988 3180 4041 in
3230 3989 3437 4057 singula

1856 4056 2154 4122 momenta;
2178 4059 2383 4125 quidni,
2416 4058 2654 4126 inquam,
2683 4072 2805 4110 cum
2839 4060 2951 4110 huic
2982 4056 3299 4126 intelligeret
3326 4056 3434 4110 Bo-

1858 4130 2106 4195 nifacius,
2136 4130 2309 4199 potuit
2358 4143 2453 4197 per
2498 4131 2701 4182 anniaus
2738 4128 2792 4181 in
2827 4132 2976 4199 aula,
3027 4141 3125 4197 pro
3160 4128 3247 4182 Dei
3279 4143 3437 4183 causa

1858 4203 2070 4254 interim
2122 4197 2387 4263 laborare,
2435 4199 2563 4253 dum
2611 4215 2705 4267 per
2730 4213 2790 4252 se
2824 4197 3010 4252 Rarum
3041 4199 3339 4253 concitatos
3371 4202 3440 4253 ab

1858 4273 2066 4326 Eulalio
2108 4286 2286 4325 motus
2324 4271 2748 4337 comprimeret?
2780 4271 2832 4321 In
2864 4283 3003 4328 eam,
3038 4276 3097 4321 ut
3132 4270 3279 4333 dixi,
3312 4287 3441 4324 sen-

1860 4343 2081 4396 tentiam
2115 4342 2452 4405 inclinarent,
2479 4338 2581 4393 nisi
2612 4338 2752 4393 aliud
2781 4340 3032 4406 quiddam
3063 4339 3220 4408 longe
3248 4344 3442 4407 proba-

1861 4413 2019 4467 bilius
2054 4423 2401 4466 occurreret:
2438 4419 2606 4462 totum
2637 4409 2846 4463 scilicet
2878 4410 2979 4463 hoc
3013 4411 3285 4477 negotium
3325 4417 3439 4465 Au-

1858 4484 2079 4553 gustini,
2104 4494 2195 4537 aut
2218 4486 2379 4536 etiam
2409 4480 2597 4553 Alipii,
2624 4482 2839 4534 arcanis
2859 4495 2979 4534 cum
3001 4481 3217 4537 Valerio
3243 4487 3442 4537 comite

1893 4556 2123 4619 ousiliis,
2154 4568 2256 4607 non
2288 4552 2597 4619 prudentius
2621 4566 2779 4619 quam
2809 4552 3072 4605 occultius
3103 4567 3398 4621 peractum.

1928 4626 1986 4679 In
2014 4640 2131 4679 eam
2178 4624 2487 4692 opinionem
2529 4622 2745 4676 adducit
2794 4638 2880 4677 me
2932 4624 3105 4691 primo
3160 4624 3442 4689 Augusdni

1860 4697 2128 4765 Alipiiqtte
2158 4696 2209 4747 itt
2238 4708 2427 4748 omnes
2453 4694 2639 4747 modos
2666 4692 3125 4765 quibusﬂhmresis
3159 4695 3441 4765 tolleretur

1858 4764 2111 4823 continua
2144 4764 2393 4835 intentio,
2421 4773 2639 4833 propter
2668 4780 2827 4833 quam
2863 4764 3217 4835 Hieronymus
3244 4766 3262 4833 (
3273 4764 3441 4828 Epist.

1860 4836 2016 4905 902)
2072 4836 2302 4891 haeresim
2352 4834 2711 4888 Cazlestianam
2748 4835 2874 4905 ipsis
2926 4834 3340 4905 receperatoribus
3393 4845 3444 4889 et

1866 4904 2160 4962 auctaribus
2206 4905 2506 4975 jugulatam
2558 4906 2710 4959 dixit.
2770 4904 2971 4958 Deinde
3028 4904 3220 4957 Valerii
3277 4908 3447 4958 conii-

1867 4982 1959 5045 tis,
2011 4981 2144 5035 inter
2195 4976 2395 5031 militia:
2438 4992 2609 5042 curas,
2660 4985 2707 5029 et
2736 4976 2955 5029 illustris
3013 4990 3240 5044 personis
3293 4992 3447 5044 quam

1342 5111 1894 5168 CASTlGATlONES
1935 5110 2023 5164 ET
2063 5108 2294 5164 NOTE.

193 5200 273 5256 cite
307 5207 521 5271 senior,
562 5206 658 5263 sed
701 5206 958 5276 Silvano,
1001 5206 1324 5275 Valentino,
1376 5206 1664 5275 Alipioque
1700 5214 1755 5260 et

193 5272 294 5326 aliis
319 5281 517 5326 minor-

192 5281 294 5329 aliis
319 5281 517 5332 minor.

254 5346 405 5402 Datas
433 5349 651 5418 quidem
678 5348 907 5420 legimus
936 5349 1247 5420 Augustino
1267 5346 1478 5403 litteras
1498 5391 1512 5420 ,
1546 5355 1656 5402 tum
1686 5346 1755 5400 ab

196 5412 672 5491 [lcinortofquibus
708 5412 775 5475 ad
814 5412 1083 5491 synodum
1125 5418 1455 5489 Spoletinam
1498 5418 1550 5491 in
1590 5431 1757 5491 causa

196 5484 364 5559 Eulalii
417 5484 741 5556 vocaretur;
800 5484 909 5546 tum
965 5506 996 5545 a
1047 5484 1388 5551 Theodosio.
1442 5490 1639 5559 quibus
1688 5488 1755 5543 ad

197 5554 511 5621 Ephesinum
538 5554 821 5616 concilium
852 5565 1186 5627 traheretur,
1216 5560 1312 5616 sed
1354 5554 1475 5615 illa!
1498 5568 1755 5614 evoc.tto-

197 5639 278 5679 na:
309 5642 517 5686 tantum
546 5642 728 5699 erant,
760 5632 874 5686 sive
904 5632 1207 5700 tractoria,
1237 5632 1541 5700 cujusmodi
1576 5632 1758 5684 multae

197 5711 308 5753 sunt
337 5701 401 5754 ad
435 5703 671 5771 privatas
704 5717 990 5771 personas;
1024 5718 1129 5757 non
1160 5712 1313 5758 erant
1346 5703 1755 5771 procuratorite,

200 5771 377 5834 quibus
408 5786 605 5827 munus
635 5789 757 5828 cum
788 5776 1105 5828 anetoritate
1140 5773 1507 5828 mandaretur.

262 5850 285 5876 ⁸
314 5842 514 5912 M.tgd.,
544 5844 817 5899 Dominum
844 5845 1044 5916 imperii
1073 5846 1235 5899 nostri
1264 5852 1560 5899 venerantur
1587 5851 1764 5899 aucto-

1855 5219 1983 5261 rem.
2014 5202 2372 5259 Solmcismus
2414 5199 2547 5269 ipsis
2594 5198 2843 5271 irrepsit,
2877 5198 2958 5255 vel
2991 5203 3446 5271 lypOgraphorum
3498 5260 3501 5261 ν

1857 5276 1941 5332 vel
1976 5274 2309 5328 notariorum
2343 5272 2561 5341 injuria.

1928 5345 1956 5384 δ
2001 5344 2172 5415 Magd.
2199 5383 2216 5409 ,
2273 5340 2977 5415 tractationibus‘occ‘ultari.
3035 5340 3147 5415 Vox
3203 5348 3451 5415 tractatus

1860 5412 2180 5487 propriaest
2203 5416 2378 5469 hocin
2402 5416 2562 5479 luto;
2592 5421 2648 5467 et
2678 5412 2763 5469 lex
2794 5412 3103 5483 Latinitatis
3132 5413 3297 5482 exigit
3329 5430 3451 5468 ver-

1865 5489 1990 5543 bum
2023 5488 2284 5542 activum.

1941 5569 1963 5597 ο
1996 5557 2168 5627 Magd.
2198 5567 2252 5611 et
2283 5555 2395 5627 Bal.
2432 5554 2855 5627 convenientiam.
2888 5552 3099 5623 Corrigi
3132 5554 3320 5609 debuit
3350 5555 3457 5609 hoc

1865 5629 2057 5683 vitium
2085 5625 2172 5682 ἐχ
2207 5626 2434 5696 epistola
2473 5625 2677 5681 Aurelii
2719 5626 2812 5695 qui
2866 5627 3323 5679 dissimulationem
3370 5627 3453 5679 di-

1866 5702 1946 5754 xit
1967 5743 1982 5765 ,
2016 5715 2174 5765 quam
2206 5697 2578 5751 conniventiam
2610 5700 2923 5764 imperator.

1939 5770 1964 5807 ά
1994 5769 2192 5840 Magd.,
2216 5767 2404 5822 Datum
2430 5767 2601 5840 idibus
2621 5767 2789 5821 Junii.
2814 5767 3025 5840 Omissa
3053 5766 3294 5840 forteest
3326 5773 3449 5821 nota

1871 5837 2113 5915 numeri,
2146 5850 2205 5897 ut
2231 5850 2286 5897 ct
2313 5839 2596 5897 consulum
2617 5880 2630 5907 ,
2658 5854 2778 5909 qua:
2810 5839 3010 5908 ubique
3037 5837 3326 5907 reperitur.
