3972 6180
370 313 473 370 599

373 429 599 499 gerebat,
630 440 868 490 actusque
892 429 1182 494 reipublica:
1229 429 1555 490 necessarios.

372 498 513 553 dium
534 498 1060 569 adversusiha'reticos
1084 499 1239 569 (Aug.
1275 499 1363 552 lib.
1401 515 1436 552 ιι
1463 501 1525 552 de
1561 500 1725 569 Nupt.
1751 510 1796 556 et
1820 501 1953 555 (.‘on-

374 588 491 639 t'ttp.
524 587 639 641 cap.
668 569 743 641 1).
774 568 983 641 Tertio,
1014 568 1317 641 Christiana
1364 571 1524 623 trium
1555 568 1781 626 istarum
1813 574 1955 625 viro-

374 658 490 695 rum
524 639 887 703 necessitudo,
939 648 994 694 et
1026 640 1221 693 crebra
1270 655 1366 708 per
1402 641 1611 695 litteras
1668 643 1955 696 collocatio

375 713 439 782 de
471 712 591 765 fidei
644 708 956 782 sinceritate
1004 712 1373 765 consenvanda
1422 710 1665 782 (Prwfat.
1718 712 1810 765 lib.
1845 729 1861 767 ι
1892 714 1956 767 de

375 781 544 843 Nupt.
598 790 644 851 et
693 780 988 851 Con_cup.).
1043 782 1270 851 Quarto,
1322 780 1519 836 Juliani
1578 782 1692 836 h'cc
1737 786 1955 851 querela

372 851 510 921 (Lib.
536 866 552 905 ι
584 849 742 923 Oper.
777 849 993 924 Imperf.
1026 869 1124 923 cap
1176 850 1265 924 9):
1292 852 1491 905 Laudat
1518 854 1671 908 etiam
1703 849 1957 918 potentem

372 922 647 985 hominem,
700 922 837 992 quod
888 925 1073 977 nostris
1118 922 1467 992 petitionibus,
1522 926 1609 987 qui
1653 926 1783 978 nihil
1810 926 1956 978 aliud

370 1010 524 1063 quant
554 994 671 1046 dari
698 1003 842 1046 tanto
880 995 1083 1063 negotio
1113 995 1318 1063 judices
1344 994 1770 1062 vociferabamur,
1801 1008 1853 1049 ut
1900 1012 1958 1048 ea

375 1080 483 1129 qua!
506 1063 916 1135 subreptionibus
943 1073 1056 1117 acta
1080 1064 1341 1119 constabat
1367 1065 1756 1117 emendarentur
1787 1067 1957 1133 potius

372 1150 529 1201 quam
562 1134 868 1201 ponerentur
910 1135 1159 1198 examini,
1207 1134 1339 1187 mole
1366 1150 1475 1188 sua:
1516 1136 1784 1206 dignitatis
1824 1137 1959 1190 obsi-

373 1207 536 1264 sterit.
565 1220 659 1258 nec
682 1205 1043 1275 disceptationi
1092 1216 1291 1273 tempus
1333 1215 1422 1258 aut
1469 1205 1638 1259 locum
1674 1208 1959 1275 permiserit

374 1278 675 1344 impetrare.
708 1274 859 1343 Quod
891 1285 1061 1329 utrum
1100 1274 1208 1337 ille.
1240 1276 1309 1328 ad
1352 1293 1501 1345 quem
1548 1278 1823 1338 scribitur,
1855 1288 1962 1332 tam

375 1347 605 1417 nequiter
630 1349 803 1417 fecerit
834 1363 989 1416 quam
1013 1357 1223 1401 testatur
1248 1347 1361 1414 ipsa
1392 1347 1645 1411 laudatio,
1686 1349 1794 1417 ipse
1824 1348 1964 1403 vide-

376 1419 461 1470 rit.
498 1416 696 1484 Quinto
741 1418 1010 1486 denique,
1042 1420 1322 1486 Augustini
1384 1418 1447 1471 ad
1501 1420 1639 1473 hanc
1685 1416 1959 1487 querelam

376 1490 657 1554 responsio
699 1506 804 1543 non
863 1488 1153 1543 admodum
1203 1488 1484 1543 diffitentis
1528 1489 1669 1558 quod
1715 1506 1801 1545 res
1845 1500 1964 1545 erat

378 1558 594 1623 (Ibid).
623 1560 784 1624 Absit,
804 1561 997 1627 inquit,
1019 1577 1052 1613 a
1076 1559 1380 1613 Christianis
1398 1560 1731 1629 potestatibus
1752 1570 1965 1615 terrena:

377 1629 674 1696 reipublicae
705 1639 758 1683 ut
784 1630 847 1685 de
876 1632 1087 1697 antiqua
1116 1632 1373 1684 catholica
1403 1630 1505 1698 ﬁde
1530 1631 1786 1695 dubitent,
1816 1643 1866 1686 et
1902 1634 1963 1686 ob

381 1703 475 1752 hoc
498 1703 936 1769 oppugnatoribus
956 1702 1067 1770 ejus
1083 1700 1253 1755 locum
1275 1710 1321 1755 et
1341 1711 1537 1767 tempus
1566 1704 1813 1756 examinis
1834 1720 1966 1773 prte-

380 1772 552 1855 beant,
583 1788 642 1825 ac
671 1773 969 1855 nonOpotius
1000 1773 1141 1854 ea
1169 1774 1476 1855 certi-atque
1501 1773 1728 1842 fundati,
1754 1773 1961 1855 talibus,

380 1845 553 1905 quales
584 1858 670 1896 ros
695 1844 1089 1915 estistinimicis
1133 1851 1242 1915 ejus
1266 1843 1600 1911 disciplinam
1648 1846 1967 1898 coercitionis

381 1915 667 1983 imponant,
698 1928 803 1968 etc.
836 1912 968 1980 Quir:
998 1912 1279 1969 enim'alia
1307 1915 1564 1968 c0ercitio
1592 1916 1763 1983 possit
1793 1918 1970 1981 aptius

385 1984 610 2053 intelligi
664 2000 824 2055 quam
875 2000 977 2049 qua
1028 1985 1183 2055 jubet
1220 1984 1553 2051 imperator,
1624 1986 1969 2040 interminata

384 2056 741 2120 depositionis
771 2056 1064 2123 exsiliique
1088 2069 1267 2122 poena,
1300 2057 1369 2107 ab
1400 2056 1671 2125 episcopis
1704 2071 1811 2109 non
1852 2073 1971 2125 per-

386 2126 524 2179 mitti
553 2135 704 2180 secta:
733 2126 1045 2180 detestabilis
1076 2126 1321 2191 homines,
1348 2126 1401 2177 in
1436 2127 1679 2197 injuriam
1710 2128 1973 2197 religionis

385 2213 515 2248 nova
545 2204 590 2247 et
616 2198 864 2250 inusitata
895 2197 1218 2262 meditantes,
1239 2197 1445 2251 secretis
1471 2197 1771 2250 tractatibus
1801 2198 1975 2250 occul-

385 2279 492 2319 ture
518 2268 868 2337 sacrilegium,
903 2268 1106 2334 publica
1144 2272 1301 2322 semel
1342 2269 1647 2320 auctoritate
1674 2269 1974 2322 damnatum

388 2337 580 2407 (Epist.
607 2337 827 2392 Honorii
857 2339 924 2390 ad
950 2337 1260 2406 Aurelium).

456 2406 538 2462 Ad
567 2406 681 2463 haec
710 2408 915 2463 accedit
946 2409 1180 2463 violenta
1206 2409 1295 2463 illa
1321 2409 1546 2463 furentis
1570 2408 1768 2464 Juliani
1804 2425 1887 2475 ex,
1910 2425 1972 2463 o-

387 2480 607 2549 stulatio
633 2479 893 2535 adversus
933 2479 1291 2549 Augustinum
1350 2491 1403 2534 et
1448 2481 1684 2543 Alipiuin
1736 2481 1877 2547 (Lib.
1918 2496 1976 2535 ιιι

394 2552 549 2618 Oper.
578 2547 717 2621 Imp.
759 2567 873 2620 cap.
898 2547 1140 2620 35)._Cur
1162 2552 1321 2604 tantis
1350 2560 1509 2621 lotam
1534 2550 1746 2604 Italiam
1792 2554 1977 2621 factio-

388 2621 535 2673 nibus
578 2620 955 2675 commovistis?
1001 2621 1105 2675 Cur
1150 2622 1432 2675 seditiones
1482 2620 1662 2675 Itonia:
1713 2620 1976 2675 conductis

389 2692 591 2761 populis
620 2693 913 2745 cxcitastis?
949 2690 1054 2745 Cur
1084 2694 1148 2745 de
1177 2692 1463 2763 sumptibus
1506 2708 1789 2762 pauperum
1839 2694 1976 2762 sagi-

391 2764 551 2815 uastis
574 2780 663 2833 per
698 2765 991 2834 lotamfere
1038 2763 1269 2832 Africam
1298 2779 1546 2829 equorum
1594 2780 1789 2834 greges,
1826 2780 1975 2831 quos.

393 2842 725 2901 prosequente
740 2833 932 2901 Alipio,
957 2834 1170 2886 tribunis
1184 2843 1230 2887 et
1247 2834 1628 2887 centurionibus
1650 2833 1937 2887 destinastis
1953 2835 1978 2887 ?

396 2903 499 2955 Cur
528 2913 875 2957 matronarum
904 2904 1089 2958 oblatis
1124 2904 1509 2959 heereditatibus
1567 2913 1836 2975 potestates
1885 2921 1980 2959 sa!-

395 2974 496 3027 ruli
524 2975 841 3045 corrupistis,
874 2986 926 3028 ut
949 2977 1001 3029 in
1033 2992 1123 3029 nos
1154 2976 1347 3044 stipula
1374 2974 1573 3045 furoris
1608 2974 1795 3042 publici
1824 2978 1977 3029 arde-

395 3045 511 3097 ret?
540 3043 644 3097 Cur
665 3046 889 3117 religiosi
916 3046 1163 3117 principis
1191 3043 1421 3114 tempora
1453 3048 1859 3115 persecutionum
1884 3048 1977 3098 im-

397 3116 447 3184 pi
479 3125 583 3168 tate
637 3116 971 3171 maculastis?
1017 3118 1188 3172 Tanta
1245 3120 1387 3172 enim
1437 3118 1719 3171 calumnie
1778 3120 1881 3171 tela
1926 3118 1978 3171 in

801 313 890 371 AD
932 314 1211 371 PARTEM
1250 314 1513 370 PRlMAM
1553 310 1836 369 OPERUM
1880 313 1952 368 Μ.
1992 310 2428 366 MERCATORIS
2466 310 2815 367 AI‘PENDIX
2855 310 3200 369 SECUNDA.

3536 317 3701 373 ‘03.

1587 432 1952 504 [_tagrans__stu-
1982 432 2031 491 Α
2061 428 2200 482 ticile
2223 427 2359 483 foret
2378 429 2625 504 hmresim
2651 439 2739 504 tot
2759 429 2965 485 artibus
2990 439 3389 504 augescentem,
3420 442 3501 489 tot
3528 435 3649 504 cpi—

2060 515 2346 575 scopornm
2380 502 2694 575 patrociniis
2716 501 2931 575 fultam,
2962 518 3068 575 non
3097 502 3272 557 dicam
3304 501 3647 575 exscindere,

2060 570 2154 622 sed
2185 570 2377 623 saltem
2410 572 2791 640 comprimere,
2820 587 2887 627 ne
2920 572 3306 633 baccharetur;
3350 574 3475 633 nisi.
3521 570 3641 629 con:

2056 640 2256 707 junctis
2278 642 2556 710 ll'l‘lllSqlle
2591 643 2874 710 potestatis
2902 642 3129 709 viribus,
3158 644 3247 698 vel
3279 642 3332 698 id
3365 645 3647 699 minimum

2058 710 2385 782 efficeretur,
2412 722 2468 764 ut
2514 722 2662 767 certa
2709 712 3128 782 subscriptionis
3166 726 3292 768 nota
3349 714 3539 771 fideles
3581 716 3651 770 ab

2059 780 2194 854 aliis
2224 781 2620 854 discernentur,
2684 782 2904 853 lupique
2930 780 3020 838 ‘ab
3062 786 3245 838 ovium
3278 785 3530 854 gregibus
3561 803 3651 841 re-

2059 850 2210 925 pulsi
2254 866 2365 925 non
2426 853 2707 925 turbarent
2746 850 3025 908 intestinis
3055 866 3109 910 et
3146 850 3303 925 quasi
3334 850 3649 913 domesticis

2061 922 2299 975 motibus
2329 923 2581 976 Ecclesia:
2612 938 2819 991 pacem.

2132 992 2228 1046 llis
2250 993 2317 1047 de
2348 992 2640 1061 impulsore
2670 995 3010 1061 imperatoris
3035 994 3101 1047 ad
3137 995 3484 1051 scribendum
3517 1012 3650 1052 con-

2062 1064 2284 1120 stitutis.
2315 1063 2572 1132 deinceps
2602 1064 2889 1119 videndum
2932 1065 3053 1133 quis
3083 1080 3407 1121 consecutus
3436 1068 3503 1121 sit
3525 1083 3649 1125 suc-

2062 1146 2268 1207 cessus.
2288 1133 2566 1207 lniAl‘rica,
2592 1146 2648 1188 ut
2670 1145 2792 1207 ante
2813 1134 2947 1200 dixi,
2974 1145 3299 1191 consecutus
3325 1138 3538 1193 videtur
3558 1155 3651 1207 par

2064 1204 2293 1271 optatis;
2322 1206 2578 1279 vixenitn
2626 1206 2917 1279 quidquam
2958 1208 3234 1262 turbarum
3260 1223 3309 1279 ra
3344 1204 3649 1279 Pelagianis

2064 1283 2248 1347 postea
2270 1276 2611 1347 concitatum
2648 1274 2759 1329 est.
2789 1274 2909 1347 Sed
2940 1290 3044 1330 non
3085 1278 3309 1347 perinde
3334 1274 3558 1344 contigit
3596 1281 3648 1333 in

2064 1343 2236 1417 italia,
2268 1346 2432 1398 immo
2461 1346 2634 1417 etiam
2660 1347 2711 1399 in
2736 1348 2848 1415 ipsa
2870 1345 3037 1401 Urbe.
3069 1343 3355 1403 Caelestius
3376 1353 3542 1417 enim,
3566 1351 3653 1405 vel

2064 1414 2252 1469 Romae
2292 1416 2486 1479 latens,
2510 1416 2595 1470 vel
2623 1416 2676 1470 in
2711 1414 2973 1485 proximis
3000 1418 3326 1482 diversatus,
3369 1420 3501 1473 nihil
3530 1414 3650 1476 non

2066 1487 2258 1551 agebat
2300 1496 2360 1557 iit
2408 1487 2723 1557 quoridianis
2778 1488 3213 1542 insinuationibus
3256 1500 3501 1543 cresceret
3554 1508 3652 1545 sua

2068 1557 2227 1630 factio
2266 1556 2356 1625 (In
2387 1556 2868 1630 edictoConstantii
2918 1558 3404 1630 adeolusianum),
3457 1563 3655 1630 major—

2068 1642 2173 1695 que
2197 1626 2348 1684 fieret
2373 1629 2688 1682 accessione
2718 1630 2947 1697 partium
2986 1628 3199 1695 Eulalii,
3231 1626 3655 1685 Volusiauo'in-

2070 1698 2228 1752 terim
2281 1700 2536 1765 praelecto
2571 1697 2753 1763 Urbis,
2798 1699 3211 1768 Pelagianorum
3261 1702 3465 1755 artibus
3517 1702 3656 1755 forte

2070 1777 2361 1839 corrupto,
2419 1777 2567 1824 certe
2600 1770 2847 1839 malignis
2877 1771 3121 1824 coasiliis
3165 1772 3513 1837 conniventc,
3554 1788 3655 1826 nec

1999 1815 2045 1875 Β
2070 1815 2433 1894 ΟΙιιίεῧίιιιῖιιιι
2466 1815 2995 1894 Βοιιίῐιιρὶἰδειιιᾱίιιιιι
3030 1840 3344 1909 adjuvante.
3380 1815 3529 1897 Unde
3559 1843 3657 1896 fuit

2074 1924 2211 1977 opus
2246 1911 2473 1964 alteram
2497 1926 2525 1963 a
2556 1910 2908 1973 Constantio.
2939 1912 3119 1965 verbis
3164 1913 3323 1981 paulo
3350 1913 3660 1968 iracundio-

2074 1980 2246 2046 ribus,
2286 1982 2621 2037 sanctionem
2650 1980 2789 2048 dari,
2824 1981 2892 2036 de
2920 1997 3022 2052 qua
3053 1980 3295 2038 futurum
3326 1993 3410 2038 est
3441 1985 3659 2039 tertiqu

2075 2062 2257 2119 caput.

2146 2123 2299 2195 Quod
2344 2122 2389 2177 si
2424 2122 2703 2195 quispiam
2757 2123 2915 2191 paulo
2961 2123 3275 2194 diligentius
3322 2125 3558 2195 iuqnirat
3589 2140 3659 2179 an

2079 2193 2330 2248 Aurelius
2358 2194 2488 2248 solis
2518 2194 2723 2249 duabus
2755 2195 3044 2263 provinciis
3069 2193 3516 2251 constitutionem
3569 2197 3663 2249 im-

2080 2266 2349 2331 peratoris
2395 2265 2646 2327 edixerit,
2686 2280 2753 2317 an
2787 2265 3012 2334 reliquis
3040 2268 3202 2320 etiam
3249 2268 3456 2329 tribus;
3512 2276 3563 2320 et
3616 2267 3661 2321 si

2078 2334 2287 2389 duabus
2318 2335 2471 2402 solis,
2503 2350 2624 2403 qua:
2648 2335 2935 2405 peculiaris
2973 2351 3133 2391 causa
3170 2335 3328 2391 fuerit
3356 2353 3451 2391 cur
3479 2337 3553 2390 i'a
3585 2337 3665 2391 fa-

2078 2414 2261 2470 ceret,
2285 2406 2457 2459 dicam
2482 2415 2667 2475 aperte
2690 2405 2816 2473 quid
2836 2406 3047 2475 opiner.
3082 2408 3331 2463 Aurelius
3356 2408 3569 2462 videtur
3594 2409 3664 2460 ad

2079 2490 2269 2548 omnes
2311 2477 2530 2548 quidem
2572 2477 2879 2545 provincias
2902 2477 3205 2545 scripsisse
3225 2520 3240 2542 ,
3271 2478 3365 2532 sed
3392 2494 3488 2548 per
3516 2494 3575 2533 se
3596 2478 3665 2532 ad

2079 2546 2214 2618 duas
2238 2556 2467 2610 tantum,
2484 2547 2819 2617 Byzacenam
2839 2556 2894 2601 et
2912 2551 3311 2618 Arzugitanam,
3334 2546 3453 2617 qua:
3474 2548 3669 2618 Tripo-

2080 2616 2242 2689 iitana
2265 2660 2278 2675 .
2319 2626 2481 2687 atque
2509 2616 2670 2672 etiam
2701 2616 3237 2689 Suhventaua'dicta
3270 2631 3383 2685 est,
3412 2616 3668 2689 quoniam

2083 2687 2134 2738 in
2162 2687 2438 2759 Byzacena
2462 2696 2621 2743 erant
2644 2688 2981 2744 Adrumetini
2999 2691 3088 2759 qui
3112 2687 3485 2744 damnatorum
3511 2706 3667 2745 erro-

2082 2758 2446 2831 rnm’occulta
2468 2758 2712 2828 qua‘dam
2751 2759 2993 2829 germina
3020 2758 3023 2759 ⁷
3046 2763 3315 2815 foverent:
3349 2761 3672 2831 Tripolitani

2083 2844 2233 2890 vero.
2266 2838 2320 2901 et
2352 2829 2783 2901 infrequentes,
2812 2846 2907 2900 per
2956 2848 3123 2887 unum
3151 2834 3360 2886 scilicet
3412 2829 3669 2901 legatum,

2082 2900 2475 2971 conveniebant
2501 2901 2567 2971 ad
2596 2900 2848 2971 concilia,
2894 2903 3090 2971 quibus
3116 2900 3484 2963 erudirentur,
3516 2912 3570 2955 et
3606 2918 3676 2956 ex

2084 2969 2266 3040 Libya:
2294 2971 2485 3024 vicinia
2526 2969 2989 3042 Orientaliumq‘ue
3042 2975 3370 3027 commercio
3403 2973 3679 3033 habebant

2084 3043 2199 3092 sive
2226 3042 2440 3095 insitam
2461 3042 2575 3097 sive
2600 3054 2932 3097 contractam
2962 3044 3197 3098 novandi
3228 3044 3486 3098 indolem.
3522 3043 3678 3098 Unde

2084 3120 2140 3163 et.
2171 3112 2267 3175 illi,
2302 3122 2355 3166 et
2380 3113 2489 3180 isti,
2524 3113 2744 3167 fuerunt
2768 3129 2879 3182 pra:
2910 3115 3125 3169 creteris
3157 3117 3382 3169 terroris
3413 3119 3562 3168 lreno
3593 3130 3681 3166 re-

397 3182 685 3255 ulrmuque
730 3190 1127 3243 sanctissimum
1160 3188 1507 3257 episcopum,
1541 3189 1687 3242 velut
1718 3189 1770 3242 in
1800 3200 1983 3243 auctu-
2009 3195 2055 3258 ο
2083 3182 2316 3258 tincndi.
2352 3197 2419 3237 ne
2444 3184 2571 3258 quid
2597 3184 2860 3258 adversus
2886 3200 3230 3240 communem
3261 3185 3457 3240 Africae
3486 3185 3680 3240 Eccle-

398 3272 485 3310 res
511 3260 969 3327 persecutionum,
1003 3260 1072 3313 ab
1095 3260 1422 3329 imperatore
1451 3258 1769 3329 intorqueri,
1800 3270 1984 3313 osten—

398 3330 529 3383 dunt
563 3329 1066 3401 maledicentissima
1098 3328 1214 3382 haec
1237 3329 1402 3401 verba
1433 3328 1569 3397 (Lib.
1605 3346 1617 3382 I
1652 3329 1807 3399 Oper.
1843 3329 1984 3401 Imp.

401 3416 511 3468 cap.
545 3400 608 3454 Η
639 3410 686 3454 ει
716 3400 807 3469 4‘2)
834 3417 845 3452 :
901 3400 962 3453 Si
991 3398 1413 3470 philosophorum
1443 3416 1533 3469 ego
1561 3398 1789 3453 senatum
1832 3398 1987 3454 advo-

402 3486 601 3529 rarero.
635 3481 689 3522 tu
738 3471 975 3524 continuo
1019 3469 1311 3524 sellularios
1351 3470 1588 3541 api/ictis,
1644 3487 1888 3539 omneque
1935 3474 1986 3525 in

405 3558 496 3592 nos
527 3540 710 3613 vulgus
733 3542 999 3601 accendes.
1032 3540 1314 3613 vociferans
1341 3557 1453 3593 cum
1505 3541 1706 3609 feminis
1728 3583 1741 3601 .
1768 3545 1991 3596 cunctis-

402 3627 498 3670 que
523 3611 787 3665 calonibus
810 3622 855 3665 et
885 3612 1120 3676 tribunis,
1153 3611 1337 3681 quibus
1367 3614 1623 3681 octoginta
1649 3624 1739 3665 aut
1767 3616 1990 3673 amplius

402 3698 557 3755 equos
587 3694 692 3736 tota
717 3682 890 3755 Africa
916 3682 1175 3755 saginatas
1193 3692 1309 3755 tuus
1336 3682 1733 3755 nuperodduxit
1767 3686 1989 3755 Alipius.

475 3752 584 3807 Cur
605 3764 783 3809 autem
809 3753 858 3806 id
889 3754 962 3807 rei
991 3753 1324 3822 Augustinus
1356 3768 1449 3822 per
1480 3752 1748 3808 Valerium
1776 3752 1993 3811 molitus

404 3824 496 3886 sit,
544 3839 703 3878 Causa
764 3824 878 3879 lucc
909 3824 1038 3877 mihi
1080 3824 1295 3878 videtur
1342 3823 1630 3895 admodum
1676 3826 1991 3895 probabilis.

406 3895 771 3963 l‘ersp;ciebat
805 3896 884 3948 vir
910 3903 1130 3949 sanctus
1160 3909 1279 3948 cum
1322 3909 1420 3948 suo
1450 3894 1658 3965 collega
1682 3894 1861 3966 quam
1892 3898 1996 3953 dit-

2088 3254 2290 3323 sithne
2312 3256 2637 3310 sententiam
2660 3255 2945 3311 auderent.

2557 3380 2580 3407 ⁸
2622 3369 3084 3428 CONSTITUTIO
3124 3371 3213 3429 IV.

2097 3500 2350 3539 EPIVI‘OLA
2383 3500 2566 3541 SANCTI
2611 3503 2820 3541 AUBELII
2855 3503 3302 3543 CARTHAGINENSIS
3344 3504 3574 3544 EPI‘COPI
3617 3506 3690 3543 AD

2169 3570 2341 3609 οιιΝιζε
2386 3572 2664 3612 EP|SCOPOS
2705 3575 2805 3611 PER
2848 3574 3159 3613 BYZACENAI
3201 3575 3269 3613 ET
3318 3576 3690 3615 ARZUGITANAI

2170 3642 2485 3681 PROYINCIAII
2519 3643 2900 3683 (ῑοκετιτιιτοε.

2140 3716 2216 3771 De
2246 3717 2579 3773 damnatione
2612 3719 2811 3791 Pelagii
2842 3731 2992 3789 atque
3022 3719 3243 3776 Cwlestii
3274 3723 3648 3776 Iiwreticorum.

2105 3831 2482 3886 Dilectissimis
2522 3847 2584 3886 ac
2628 3832 3079 3888 desiderabilihus
3122 3835 3375 3889 fratribus
3404 3850 3467 3889 ac
3495 3850 3693 3889 consa-

2173 3902 2514 3968 cerdotibus,
2556 3903 2582 3940 ι)
2626 3903 2943 3959 Dousnsuo
2981 3906 3169 3975 prima:
3204 3907 3381 3971 sedis,
3429 3918 3450 3944 ι·
3490 3907 3695 3963 δικω-

1570 4011 1817 4069 CASTIG
1831 4014 2118 4072 ATIONES
2160 4016 2250 4073 ΕΤ
2288 4018 2516 4074 NOTIE.

476 4088 502 4145 7"
538 4111 738 4165 Praeter
768 4118 1017 4161 ani-tores
1049 4123 1173 4160 mox
1208 4105 1478 4169 laudatos,
1509 4106 1744 4160 vidimus
1784 4116 1999 4162 veteres

411 4184 544 4235 duas
602 4184 886 4238 editiones.
923 4193 1084 4233 umm
1127 4176 1319 4232 lsidori
1370 4177 1703 4236 Mercatoris,
1747 4178 1997 4241 alterum,

410 4270 529 4319 quae
558 4256 796 4306 omnium
826 4253 1051 4319 optima,
1076 4248 1458 4303 nonnullorum
1486 4246 1740 4317 Prosperi
1765 4262 2003 4317 opuscu-

413 4324 609 4375 l-vruttt.

484 4394 507 4429 ι’
534 4392 755 4446 Prafuit
782 4392 1107 4445 Dona'ianus
1126 4390 1383 4445 Ecclesiae
1409 4389 1721 4457 Teleptcnsi
1746 4407 1759 4451 ;
1792 4390 2000 4460 totique

413 4463 709 4531 Byzaccna:
746 4464 1061 4529 provinciae.
1088 4463 1140 4515 in
1180 4478 1287 4526 qua
1318 4462 1450 4515 duas
1478 4463 1691 4515 videtur
1724 4461 1829 4515 hoc
1856 4478 1999 4515 anim

413 4522 667 4588 habuisse
720 4520 979 4603 synodos,
1026 4520 1256 4585 alteram
1314 4542 1441 4587 ante
1495 4532 1733 4599 Pascha,
1773 4532 1999 4587 alteram
2029 4520 2079 4579 D

414 4607 630 4660 circiter
672 4605 911 4658 aummni
947 4613 1177 4670 tempus.
1215 4603 1269 4655 In
1302 4603 1391 4656 illa
1433 4604 1647 4669 ext-epit
1675 4604 1997 4673 legationem

416 4676 707 4745 provincia)
736 4674 1152 4744 proconsularis,
1182 4688 1286 4742 qua
1319 4675 1487 4745 functi
1530 4684 1655 4728 sunt
1685 4674 2001 4729 Vincentius

415 4744 768 4803 ilulusitanus
794 4756 848 4800 et
889 4745 1313 4801 Fortunatianus
1359 4744 1775 4813 Neapolitanus;
1814 4746 1866 4799 in
1899 4748 1997 4800 ista

414 4821 623 4887 accepit
654 4819 860 4873 litteras
911 4815 1111 4887 Aurelii
1154 4830 1275 4869 cum
1329 4816 1546 4887 Honorii
1591 4817 1995 4887 constitutione.

413 4885 618 4945 Prioris
646 4899 765 4944 acta
792 4889 1056 4942 habentur
1088 4885 1139 4940 in
1171 4886 1411 4940 secundo
1438 4895 1583 4939 tomo
1606 4886 1852 4940 maximas
1877 4888 1999 4941 (Iol-

412 4962 662 5015 io-ctinois
716 4959 1112 5021 conciliorum;
1171 4957 1491 5026 posterioris
1548 4958 1675 5011 nihil
1728 4966 1995 5027 superest.

420 5032 617 5088 Verum
666 5033 718 5085 in
773 5030 963 5096 prioris
1018 5028 1424 5095 consignatione
1472 5029 1667 5093 Opinor
1712 5030 1999 5094 irrepsisse

412 5104 667 5157 mendum
706 5119 718 5153 :
764 5116 934 5169 neque
981 5101 1123 5153 enim
1174 5097 1359 5153 haberi
1390 5100 1587 5169 potuit
1640 5116 1690 5151 rt
1744 5098 1999 5153 kalendas

411 5173 652 5237 Martias,
687 5168 963 5226 incidisset
984 5171 1130 5224 enim
1167 5170 1216 5223 in
1246 5168 1688 5238 Quadragcsitnre
1727 5170 1867 5223 diem
1902 5187 2001 5224 no-

409 5262 555 5306 nam,
584 5244 784 5299 Pascha
822 5242 1090 5295 incidente
1120 5242 1170 5293 in
1200 5241 1341 5294 diem
1374 5241 1443 5296 30
1474 5240 1670 5297 Martii.
1696 5240 1872 5308 Atque
1900 5241 1997 5304 ita.

411 5316 553 5384 quod
604 5316 865 5369 abnnrtne
920 5312 1113 5367 fuisset
1151 5312 1258 5384 his
1296 5312 1649 5384 temporibus.
1702 5311 2001 5367 abfuissent

417 5382 629 5439 Patrum
665 5386 838 5441 media
871 5399 993 5454 pars
1021 5399 1049 5438 a
1079 5383 1190 5437 suis
1223 5382 1477 5437 Ecclesiis
1514 5397 1758 5450 magnam
1793 5392 1997 5449 partem

409 5458 877 5527 Quadragesimat.
912 5456 1095 5525 Neque
1124 5469 1257 5527 vero
1280 5454 1532 5507 mendum
1563 5454 1706 5527 satis
1738 5456 1998 5527 emenda-

412 5544 578 5594 verzs,
614 5523 681 5590 si.
712 5528 852 5598 quod
903 5523 1149 5598 pronum
1175 5523 1407 5598 videtur,
1442 5524 1740 5598 restitueris
1780 5525 1999 5598 decadis

411 5610 591 5654 notam
624 5616 678 5661 ι,
715 5594 1055 5666 habitumque
1102 5595 1303 5649 dixeris
1353 5596 1614 5664 synodum
1652 5612 1736 5648 xv:
1780 5594 1996 5649 kalend.

409 5671 652 5729 Martias.
686 5670 814 5723 Nam
847 5679 899 5721 et
932 5669 1046 5721 hrc
1089 5668 1204 5721 dies
1256 5666 1413 5719 fuerit
1446 5668 1612 5734 prima
1643 5666 1999 5734 Quadragi-si-

410 5762 534 5808 nr,
573 5760 671 5805 qna
716 5741 869 5796 nefas
904 5750 1050 5794 esset
1093 5737 1366 5808 episcOpis
1391 5738 1584 5790 abesse
1613 5755 1638 5788 a
1666 5739 1775 5791 suis
1812 5737 1997 5791 Eccle—

403 5805 530 5874 siis.
556 5812 708 5883 Quod
755 5813 802 5868 si
846 5819 1062 5869 serrata
1098 5805 1370 5865 numerati
1414 5818 1539 5865 uota
1570 5824 1641 5877 vi,
1671 5824 1766 5879 pro
1794 5808 1998 5864 Muniis

2106 4110 2363 4187 isaiendis
2382 4123 2715 4187 reponantur
2756 4113 3089 4187 Februariae,
3123 4117 3396 4187 atquerita
3453 4117 3695 4187 synodus

2108 4182 2286 4235 habita
2315 4183 2525 4237 dicatur
2551 4184 2639 4239 die
2667 4184 2736 4238 27
2766 4184 3032 4244 Januarii.
3062 4187 3143 4241 sic
3169 4182 3347 4240 omnia
3386 4182 3526 4242 belle
3555 4204 3693 4243 con-

2100 4263 2327 4317 gruent;
2376 4270 2497 4308 nam
2526 4266 2773 4309 servatus
2820 4256 2983 4310 fuerit
3017 4271 3190 4311 canon
3222 4257 3472 4311 Nicamns
3502 4259 3570 4313 de
3601 4276 3693 4314 co-

2105 4323 2275 4398 genda
2306 4340 2420 4398 sua:
2452 4327 2745 4398 provincia!
2774 4328 2980 4398 synodo
3008 4343 3036 4380 a
3068 4328 3387 4398 primatibus
3411 4342 3535 4383 ante
3558 4346 3696 4395 qua-

2108 4395 2463 4462 dragesimam
2499 4397 2745 4461 Pasclne;
2780 4395 2833 4451 et
2877 4397 3006 4452 feria
3037 4395 3273 4455 secunda
3303 4402 3484 4454 datum
3537 4400 3695 4456 fuerit

2107 4465 2315 4539 synodo
2338 4466 2570 4539 initium,
2597 4470 2739 4537 quod
2768 4470 3036 4532 solemne;
3070 4480 3125 4525 et
3152 4470 3340 4524 Patres
3370 4472 3482 4526 suis
3510 4473 3695 4539 Eccle-

2107 4535 2211 4611 siis_
2232 4536 2572 4611 interfuerint
2591 4535 2858 4608 principio
2891 4540 3355 4611 Quadragesintte.

2181 4606 2516 4662 Donatianus
2571 4606 2733 4673 porro
2773 4606 2997 4665 celebre
3048 4606 3401 4666 in'Africana
3450 4612 3699 4670 Ecclesia

2103 4680 2271 4754 gessit
2311 4678 2801 4754 nomen.__Namque
2852 4682 3093 4754 interfnit
3132 4684 3365 4739 concilio
3405 4683 3696 4754 Carthagi-

2105 4750 2259 4802 neusi
2303 4760 2428 4803 ante
2458 4750 2803 4805 collationem
2853 4767 2981 4806 ann.
3014 4752 3138 4819 4H,
3171 4755 3402 4809 concilio
3435 4750 3698 4809 Africano

2103 4833 2225 4872 cum
2246 4821 2717 4893 Aurelioinra-fnit
2744 4837 2871 4876 ann.
2899 4823 3028 4889 M8,
3061 4824 3382 4893 Teleptense
3404 4826 3699 4885 concilium

2104 4892 2280 4964 coegit
2316 4906 2444 4964 ann.
2478 4891 2603 4959 419,
2631 4894 2823 4947 eodem
2854 4910 2997 4948 anno
3031 4891 3283 4964 prazsedit
3314 4912 3436 4950 cum
3477 4898 3698 4952 Aurelio

2105 4962 2338 5038 concilio
2370 4962 2647 5038 Africano,
2677 4962 3045 5035 cauonesque'
3070 4969 3489 5036 praecedentium
3532 4982 3694 5038 syno-

2104 5032 2292 5114 doruui
2322 5036 2657 5105 recognovit,
2692 5046 2745 5089 et
2793 5032 3214 5108 secundus—post
3260 5037 3539 5094 Aurelium
3563 5032 3699 5093 Sub~

2101 5114 2339 5170 scrtpsrt.

2175 5175 2469 5249 Occasione
2516 5176 2808 5249 Donatiani
2874 5177 3239 5249 Tclcptensis,
3297 5180 3697 5240 emendandum

2105 5254 2190 5299 est
2232 5248 2375 5321 quod
2412 5248 2565 5321 Binio
2612 5261 2665 5302 et
2711 5247 3106 5319 Cliristophoro
3135 5250 3364 5305 lustello
3401 5252 3699 5321 subrepsit.

2104 5316 2257 5383 quasi
2289 5318 2647 5391 Donatianns,
2668 5334 2773 5373 non
2806 5316 2983 5375 tetatis
3020 5322 3141 5390 jure
3170 5322 3265 5376 sed
3297 5316 3697 5391 civitatisfpri-

2105 5396 2307 5440 matutn
2348 5403 2459 5441 sua:
2505 5390 2795 5457 provincia:
2845 5392 3183 5457 obtinuerit;
3216 5392 3268 5447 id
3296 5394 3440 5448 enim
3471 5390 3696 5449 omnino

2106 5458 2319 5535 yeritati
2353 5468 2576 5535 pugnat,
2604 5462 3036 5535 quandoquidem
3089 5463 3142 5518 in
3184 5465 3439 5535 synodica
3478 5465 3692 5521 concilii

2105 5527 2393 5599 Byzaceni,
2413 5527 2914 5598 primasblnzoui'us
2937 5527 3240 5602 appellatur
3261 5544 3467 5590 tantum
3501 5552 3689 5600 senex,

2106 5602 2373 5677 ut-solent
2399 5602 2491 5655 alii
2529 5602 2618 5668 qui
2652 5603 2872 5677 reliquis
2904 5605 3212 5677 provinciis
3238 5614 3435 5675 printer
3462 5623 3704 5677 procan-

2106 5672 2340 5744 sularem
2374 5682 2641 5740 praterant
2673 5672 2952 5744 privilegio
2985 5678 3184 5730 astatis.

2181 5751 2201 5776 ε
2235 5742 2308 5795 lix
2356 5759 2548 5797 novem
2583 5745 2851 5814 cpisc0pis
2875 5742 3103 5813 quorum
3139 5746 3353 5803 nomina
3384 5749 3679 5805 inscribun-

2107 5822 2193 5866 tur
2218 5814 2478 5882 cpistolav,
2504 5816 2739 5885 quinque
2785 5821 3129 5873 nominantur
3159 5820 3211 5874 in
3258 5821 3491 5876 concilio
3525 5822 3682 5880 Teiev
