3948 6188
255 398 333 455 iGl

600 395 913 455 DISSERT.
955 395 1043 454 Ill.
1086 398 1173 454 DE
1211 397 1868 455 CONSTITUTIONIBUS
1909 359 2412 457 IMPERATORUM
2454 399 2522 456 1N
2559 398 2785 456 CAUSA
2828 399 3071 456 PELAG.

3358 395 3473 458 £02

307 526 472 587 atauo,
517 511 696 587 Eruet
725 554 738 577 ,
783 514 1058 587 Psurtuo
1083 523 1175 587 ,με
1206 515 1499 579 Ριιιιιιλιιο,
1541 512 1786 577 ΟΛιιιιο,

1920 514 2331 584 ιιιοιιιιιιπίιιιιε,
2365 518 2634 572 instruere
2668 517 2948 583 festinavi,
2981 515 3008 553 ιι
3036 531 3104 571 ne
3145 515 3273 587 quid
3314 514 3473 582 mali,

306 591 352 633 et
386 582 484 637 alio
507 583 742 646 Carmo,
784 583 1078 647 hstium,
1115 584 1440 649 VICTOBINO,
1483 594 1539 639 et
1573 587 1788 640 czeteris

306 666 391 719 per
426 661 645 725 tractum
692 655 987 718 provincia:
1027 657 1320 725 Byzacena:
1356 664 1409 711 et
1445 655 1789 725 Arzugitanze

304 724 589 778 constitutis
607 763 624 791 ,
656 724 928 780 AUBELIUs
956 724 1263 797 episcopus.

304 877 326 916 δ
351 878 518 949 Super
545 878 791 936 Caelestii
829 890 886 937 et
914 881 1116 953 Pelagii
1155 882 1501 939 damnatione
1521 924 1537 949 ,
1575 898 1793 939 eorum-

246 982 330 1040 que
358 981 380 1007 ε
409 968 698 1041 dogmatis,
738 972 1051 1043 participem
1092 988 1153 1030 se
1189 983 1372 1030 sancta
1412 974 1631 1032 dilectio
1669 990 1791 1030 vcs-

248 1073 309 1114 tra
332 1059 354 1099 ά
383 1062 432 1116 in
462 1064 706 1132 plenario
732 1064 964 1119 concilio
1004 1065 1173 1121 fuisse
1214 1066 1617 1134 commeminit,
1655 1067 1790 1123 dile-

244 1154 434 1207 ctissimi
464 1169 529 1209 ac
555 1155 946 1212 desiderabiles
976 1157 1184 1214 fratres.
1233 1158 1339 1213 Sed
1367 1159 1624 1229 quoniam
1644 1200 1658 1224 ,
1693 1174 1793 1229 pro

242 1250 420 1302 honore
448 1247 574 1313 Dei,
604 1250 658 1302 in
686 1252 835 1321 cujus
863 1267 1019 1305 manu
1059 1267 1145 1306 cor
1176 1253 1311 1324 regis
1348 1262 1422 1306 est
1458 1253 1791 1307 constitutum

242 1339 403 1405 (Prov.
443 1356 565 1405 ut,
595 1341 691 1410 l),
722 1342 1237 1411 gloriosissimorum
1269 1343 1576 1415 principum
1602 1344 1787 1400 Chris-

246 1430 479 1483 timorum
521 1429 681 1484 (idem
724 1443 925 1487 rectam
965 1443 1019 1489 et
1051 1435 1375 1490 catholicam
1419 1445 1443 1472 °
1473 1436 1790 1491 custodien-

242 1522 348 1572 tium
390 1518 408 1558 ί
448 1524 679 1577 accessit
714 1525 1043 1592 auctoritas,
1094 1543 1251 1597 quam
1298 1543 1393 1597 per
1433 1527 1793 1585 humilitatem

241 1628 387 1666 meam
427 1614 697 1672 universis
735 1618 1076 1687 coepisc0pis
1115 1629 1139 1667 ε
1181 1620 1471 1676 voluerunt
1510 1621 1745 1675 iutimari
1779 1638 1792 1675 :

243 1704 415 1761 idcirco
452 1708 829 1765 bonorabilem
867 1709 1262 1766 fraternitatem
1292 1724 1527 1767 resuam
1552 1753 1568 1779 ,
1611 1712 1797 1769 missis

1895 607 1950 661 in
1991 607 2173 676 aliqua
2214 619 2365 678 parte
2408 608 2701 675 prorinciae
2730 651 2745 675 ,
2786 624 2857 664 ex
2895 609 3326 678 supradictorum
3363 622 3480 663 ser-

1897 698 2113 769 pentiua
2146 699 2532 768 persuasione,
2575 698 2587 736 ί
2623 700 2690 754 ab
2718 701 3006 755 universali
3040 700 3283 755 Ecclesia
3311 698 3478 755 totius

1897 789 2045 846 orbis
2073 790 2325 857 exclusa,
2364 790 2596 847 fortasse
2625 791 2907 861 subrepat.

1969 883 2049 938 Ob
2089 882 2193 938 hoc
2232 897 2366 951 ergo
2398 880 2411 932 i
2464 892 2571 937 tam
2608 884 2913 937 necessaria
2954 884 3268 939 constitutio
3293 882 3481 938 Chris-

1897 976 2165 1030 tianorum
2208 975 2512 1046 principum
2545 974 2863 1031 charitatem
2896 987 3125 1031 vestram
3160 977 3329 1032 latere
3371 992 3479 1031 non

1895 1071 2089 1139 debet,
2132 1079 2186 1125 et
2216 1068 2242 1107 ιι
2274 1070 2340 1124 ad
2370 1082 2459 1123 me
2488 1069 2555 1124 ab
2583 1069 2663 1125 eis
2691 1070 2831 1124 datae
2862 1069 3056 1125 litteras
3092 1087 3104 1122 :
3136 1085 3360 1139 quarum
3401 1069 3478 1124 si-

1897 1163 2004 1217 mul
2035 1163 2436 1232 exemplaribus
2458 1162 2633 1226 lcetis,
2658 1162 3112 1233 quemadmodum
3137 1163 3482 1218 subscribere

1896 1256 2267 1326 unusquisque
2298 1265 2536 1310 vestrum
2567 1254 2800 1318 debeat,
2829 1256 3049 1311 dilectio
3075 1265 3252 1311 vestra
3283 1270 3483 1325 cogno-

1895 1358 2045 1415 scet,
2096 1348 2213 1404 sive
2254 1363 2483 1418 quorum
2537 1348 2890 1418 synodalibus
2940 1349 3108 1417 gestis
3157 1348 3485 1418 subscriptio

1892 1441 2001 1509 jam
2034 1446 2263 1504 tenetur,
2297 1438 2416 1492 sive
2444 1439 2533 1507 qui
2568 1454 2672 1492 non
2706 1439 2955 1507 potuistis
2989 1436 3007 1477 ι
3039 1438 3212 1494 eidem
3245 1439 3484 1509 plcnario

1900 1530 2064 1585 totius
2107 1528 2304 1583 Africae
2345 1530 2612 1584 interesse
2650 1529 2913 1595 concilio,
2955 1544 3062 1600 quo
3102 1544 3254 1594 cum,
3299 1531 3349 1583 in
3391 1543 3484 1584 su-

1900 1622 2266 1690 pradictorum
2299 1622 2677 1676 hereticorum
2705 1621 3071 1683 damnatione,
3102 1622 3339 1676 omnium
3368 1636 3486 1676 ves.-

1901 1724 2042 1769 trum
2081 1713 2247 1769 fuerit
2275 1722 2315 1750 ω
2353 1713 2567 1784 integra
2611 1712 2941 1782 subscriptio
2975 1729 2987 1765 :
3018 1722 3044 1749 ιι
3080 1712 3212 1766 nihil
3263 1714 3485 1768 omnino

1377 1823 1923 1881 CASTIGATIONES
1957 1824 2045 1881 ET
2085 1823 2315 1881 NOTAE.

245 1914 414 1985 pteﬁnsi,
454 1915 811 1978 Donatianus,
860 1915 1237 1977 Januarianus,
1274 1917 1446 1979 Felix,
1479 1916 1791 1981 Ianuarius,
1827 1919 1873 1977 Β
1900 1931 2057 1984 quam
2081 1916 2391 1970 damnatam
2416 1914 2627 1970 sciebat
2664 1930 2695 1970 a
2743 1914 2875 1970 sede
2913 1914 3244 1985 apostolica;
3292 1915 3487 1971 missas

242 1998 284 2036 et
310 1984 509 2051 Victor;
540 1986 875 2054 reliquorum
916 1998 1169 2056 quatuor,
1220 1988 1470 2050 Palatini,
1517 1988 1793 2052 Primiani,

241 2065 282 2107 et
307 2056 577 2125 utriusque
603 2056 790 2124 Cajaui
813 2056 959 2111 nulla
983 2057 1040 2112 lit
1066 2058 1284 2112 mentio.
1318 2057 1648 2113 Crediderim
1673 2074 1798 2127 egi),

242 2135 498 2196 utrumque
538 2128 803 2195 Cajanum
846 2138 1005 2195 atque
1042 2130 1207 2182 etiam
1264 2129 1596 2183 Primianum
1628 2128 1797 2196 perti-

240 2197 397 2268 nuisse
418 2199 482 2252 ad
505 2198 888 2268 Arzugitanam
912 2212 1008 2252 seu
1029 2199 1417 2265 Tripolitanam
1442 2200 1799 2268 provinciam.

242 2265 485 2339 Palatinus
512 2265 837 2339 Byzacenus
888 2268 1008 2323 fuit.
1045 2269 1172 2323 Erat
1219 2282 1400 2323 autem
1442 2265 1800 2325 Januarianus

241 2336 666 2408 Tubulhacensis,
724 2338 1444 2408 Felix.Segermitenensis,
1509 2340 1800 2395 Januarius

238 2407 678 2472 Ccnculianensis,
714 2409 985 2464 Palatinus
1016 2407 1362 2472 'Bosetensis.
1406 2410 1590 2466 Victor
1616 2410 1801 2466 Culle-

242 2480 404 2546 tensis,
430 2482 512 2535 vel
548 2480 884 2550 Bahanensis
917 2481 1177 2535 Ecclesia:
1207 2481 1427 2550 prmsnl.

240 2619 275 2674 ϐ
297 2558 320 2639 τ
344 2550 536 2620 ﬂagri,
563 2550 804 2605 Primino
829 2549 1079 2618 Graiano,
1101 2549 1217 2607 etc.
1235 2550 1621 2619 Uss.,Gaiatto.
1655 2551 1797 2617 Bal.,

278 2638 303 2671 ιι
323 2638 435 2674 ano.
464 2633 578 2674 etc.

278 2620 435 2686 a'ano,
464 2633 578 2678 etc.

298 2691 323 2728 ι
360 2692 516 2760 Digna
555 2702 688 2748 sunt
728 2693 837 2748 duo
857 2709 975 2760 qua:
1003 2692 1091 2748 hic
1121 2695 1497 2749 observentur.
1527 2694 1797 2753 Alterum.

240 2762 474 2834 appellari
502 2766 689 2833 priore
712 2765 829 2818 loco
853 2764 1185 2827 leestium,
1213 2774 1323 2819 tum
1349 2765 1655 2834 Pelagium,
1674 2764 1802 2818 licet

239 2832 312 2886 ille
356 2832 513 2889 loret’
540 2835 864 2903 discipulus,
892 2835 979 2890 hic
1011 2838 1289 2899 magister.
1318 2839 1400 2889 An
1443 2832 1585 2903 quod
1629 2832 1801 2889 Carle-

238 2903 354 2958 stius
384 2906 700 2973 presbyter,
744 2905 986 2975 Pelagius
1032 2916 1149 2961 erat
1203 2914 1408 2960 tantum
1462 2906 1799 2959 monachus?

236 2974 308 3046 ᾼιι
331 2976 465 3041 quod
498 2984 679 3029 totum
709 2974 916 3044 pondus
939 2979 1158 3044 negotii,
1184 2977 1385 3031 latente
1408 2977 1802 3046 Hierosolymis

239 3042 450 3114 Pelagio,
477 3042 809 3115 jamdudum
852 3049 902 3100 in
933 3042 1244 3103 Cailestium
1287 3047 1622 3112 incubuerat,
1657 3042 1801 3114 post-

236 3129 376 3179 quam
403 3132 467 3170 ex
496 3116 772 3188 discipulo
800 3119 957 3171 totius
984 3119 1203 3188 agminis
1225 3116 1607 3188 ductorfil'aetus
1632 3126 1800 3188 esset,

237 3194 287 3237 ut
325 3187 562 3270 loquitur
609 3187 979 3270 Hieronymus
1000 3187 1089 3258 (in
1120 3190 1370 3270 epistaad
1395 3187 1686 3270 (immitia)?
1716 3188 1803 3268 An

386 3257 531 3349 ,δτι-ιε
547 3272 698 3349 [cum
720 3256 933 3349 Pelagio
968 3256 1086 3327 ipso
1103 3256 1202 3349 ,ηιξ
1240 3256 1605 3349 ιιίΙιὶΙνΐιιιξτιιι,
1630 3256 1801 3349 ριμιήζ
1832 3286 1876 3349 C

238 3340 365 3381 tuum
393 3343 514 3382 cum
546 3327 848 3383 leestio?
876 3328 957 3383 An
985 3330 1128 3398 quod
1171 3329 1238 3383 de
1273 3332 1442 3397 gratia
1472 3338 1597 3383 tune
1629 3330 1804 3383 minus

238 3412 376 3459 quam
415 3399 482 3453 de
524 3408 756 3470 peccato
806 3400 1051 3470 originali
1103 3401 1331 3469 quaestio
1380 3399 1808 3470 lervehat,_qu:n

243 3483 349 3541 pars
377 3469 592 3523 erroris
619 3469 877 3525 Cwlestio
898 3468 1275 3539 defendenda,
1304 3471 1456 3541 quasi
1493 3468 1803 3538 sortitione,

238 3537 558 3595 obvenerat?

259 3610 569 3687 .Alierum,
604 3612 803 3666 nullam
846 3611 957 3666 ﬁeri
985 3620 1112 3687 _tota
1165 3612 1368 3687 aurelii
1399 3610 1627 3687 epistola
1662 3632 1813 3669 men-

242 3684 422 3734 tionem
453 3692 589 3736 octo
626 3696 893 3736 canonum
932 3684 1191 3737 adversus
1220 3684 1468 3739 ha‘resitn
1495 3687 1811 3741 constituto-

239 3764 343 3808 rsm
375 3752 426 3810 in
460 3753 770 3823 posteriore
815 3753 1049 3811 concilio
1097 3754 1359 3824 plenario,
1395 3759 1595 3810 idcirco
1638 3766 1808 3822 Certe,

240 3827 349 3893 quia
400 3844 509 3882 non
562 3828 695 3893 ipsis
741 3828 1185 3884 subscribendum
1232 3837 1368 3891 erat,
1410 3827 1505 3881 sed
1549 3828 1812 3880 tractoria:

242 3892 421 3950 Zosimi
458 3892 756 3966 pontiﬁcis,
780 3914 885 3965 qua
924 3900 1300 3953 continebatur
1331 3899 1607 3965 utriusque
1638 3896 1813 3951 luere-

242 3967 321 4037 tici
351 3977 456 4021 tota
494 3984 687 4030 causa,
717 3970 1091 4037 sententiaque
1135 3969 1295 4023 simul
1339 3968 1592 4022 Ecclesia:
1622 3966 1812 4021 catho-

240 4034 367 4097 lica»,
394 4040 592 4092 ambos
618 4054 741 4093 cum
763 4039 875 4091 suis
898 4034 1236 4107 dogmatibus
1264 4038 1591 4092 damnantis.

307 4117 336 4180 °_
357 4108 564 4178 Magd.,
606 4110 754 4175 Bar.,
786 4108 938 4177 Uss.,
964 4110 1289 4180 dogmatibus
1318 4126 1337 4164 :
1360 4110 1537 4163 minus
1568 4108 1812 4177 apposite

240 4176 297 4227 ad
327 4176 638 4233 historiam.

304 4250 328 4283 ‘
360 4250 452 4301 Illo
510 4265 713 4319 nempe
770 4264 878 4319 quo
922 4259 1137 4319 accepta
1195 4260 1278 4304 est
1318 4249 1582 4303 catholica
1612 4248 1810 4303 Zosimi

243 4322 510 4385 tractoria,
545 4335 669 4373 cum
723 4322 942 4389 privatis
980 4322 1046 4375 ad
1104 4321 1261 4375 Afros
1307 4321 1523 4382 litteris,
1553 4329 1610 4373 et
1649 4319 1810 4384 unde,

245 4397 351 4449 post
378 4398 659 4461 receptam
687 4393 961 4446 communi
985 4391 1224 4445 omnium
1251 4391 1643 4459 subscriptione
1670 4389 1813 4443 sedis

245 4460 547 4519 apostolicae
573 4462 922 4524 sententiam,
944 4472 1076 4515 actis
1104 4471 1226 4515 sunt
1253 4461 1498 4514 laudibus
1528 4460 1813 4513 cumulatae

244 4530 416 4594 gratim
439 4531 573 4585 lldei
605 4532 822 4586 vindici.
855 4532 987 4587 lluic
1012 4543 1189 4585 autem
1213 4532 1466 4595 concilio,
1498 4530 1638 4599 quod
1662 4529 1812 4583 deci-

247 4612 325 4672 tuo
368 4603 569 4672 quinto
612 4602 734 4655 loco
784 4603 1056 4672 posuimus
1090 4601 1189 4672 (In
1220 4602 1425 4655 dissert.
1454 4603 1517 4654 de
1555 4600 1810 4672 synodis),

246 4670 473 4741 interluit
504 4665 836 4725 Donatianus
857 4665 1192 4740 Tcleptensis
1222 4673 1408 4741 primae
1434 4665 1656 4727 sedis'in
1688 4665 1810 4739 pro-
1841 4665 1892 4725 D

245 4737 410 4793 vincia
444 4741 725 4811 Byzaccna
748 4737 1053 4811 episcopus.

308 4818 331 4844 ε
372 4810 557 4881 Magi].
605 4810 1042 4867 constiiueniium.
1093 4814 1170 4866 De
1210 4810 1471 4866 industria
1513 4810 1653 4865 forte
1693 4826 1819 4880 pec-

243 4892 498 4951 caverunt
531 4882 847 4937 heteroduxi
881 4898 991 4950 pra:
1023 4883 1330 4937 adulatione
1369 4896 1494 4951 erga
1524 4883 1819 4950 principes.

314 4950 565 5005 ‘Nomen
598 4956 935 5007 auctoritatis
964 4956 1191 5021 pesitum
1223 4963 1304 5007 est
1324 4952 1387 5004 ad
1408 4953 1818 5021 signiﬁcandam

244 5024 711 5092 constitutionem,
739 5040 840 5077 usu
884 5020 988 5076 non
1022 5024 1360 5092 infrequente
1389 5020 1602 5076 Coilicis
1651 5022 1822 5076 Theo—

243 5090 445 5145 dosiani
473 5108 491 5157 ;
529 5093 668 5146 idem
700 5090 843 5148 enim
874 5094 1159 5147 adhibetur
1182 5090 1255 5145 ad
1304 5092 1821 5160 signiticandamle-

241 5173 379 5231 gem.
412 5163 529 5231 leg.
562 5165 708 5216 unie.
742 5164 810 5217 de
831 5174 1041 5217 ccntur.
1066 5174 1119 5218 et
1162 5179 1255 5230 pro
1289 5165 1553 5229 rescripto
1574 5203 1587 5225 ,
1622 5163 1727 5229 leg.
1753 5164 1815 5217 51

242 5228 305 5302 de
331 5228 505 5302 petit.
532 5248 653 5302 cap.
685 5233 740 5287 5.
776 5234 908 5288 Hinc
954 5234 1094 5300 apud
1123 5228 1471 5287 collecmrctn
1508 5234 1823 5301 appendicis

242 5298 439 5355 additae
472 5301 548 5355 ad
577 5298 859 5371 epistolam
890 5298 1169 5359 lecstini
1202 5304 1266 5357 ad
1297 5298 1593 5358 Galliarum
1620 5305 1828 5370 cpisco-

246 5384 369 5444 pos,
393 5373 550 5426 dicta
577 5383 661 5428 est
680 5375 936 5444 regularis
964 5375 1265 5438 auctoritas,
1295 5388 1392 5442 pro
1415 5374 1671 5427 decretali
1704 5388 1830 5427 sen—

249 5443 433 5498 tentia.

311 5522 338 5559 ι
366 5513 425 5567 In
455 5506 713 5569 omnibus
757 5515 918 5570 editis
955 5514 1229 5568 codicibus
1264 5513 1477 5582 legitur.
1506 5514 1663 5567 voluit
1704 5514 1832 5566 inti—

243 5585 406 5648 tttari;
433 5584 537 5637 sed
567 5583 869 5638 Latinitatis
915 5585 1059 5653 leges
1090 5595 1383 5654 coegerunt
1433 5584 1694 5652 pluralem
1727 5600 1824 5639 llu-

243 5668 450 5708 nterum
485 5669 586 5721 pro
612 5655 870 5723 singulari
900 5670 1180 5723 reponere.

280 5791 291 5799 .
310 5723 337 5759 ⁸³
368 5724 975 5799 Magd.,_provinciarum
994 5726 1424 5799 su'n'adictarum.
1458 5724 1565 5778 Bal.
1581 5766 1593 5790 ,
1617 5726 1824 5797 provino

248 5796 339 5845 sic
366 5796 790 5859 supradictorum
823 5812 839 5848 :
866 5810 1056 5849 omnes
1085 5812 1187 5848 non
1217 5797 1374 5851 male.

320 5862 335 5901 ί
369 5864 635 5923 [heresim
668 5865 802 5922 dicit
830 5867 1100 5923 exclusam
1137 5866 1202 5923 ab
1241 5866 1526 5923 universali
1556 5866 1819 5934 Ecclesia,

1905 1988 2047 2041 enim
2078 1986 2145 2041 ad
2178 1986 2460 2040 universos
2499 1986 2650 2039 orbis
2700 1988 2989 2054 episcOpos
3018 1986 3223 2040 litteras
3256 2001 3359 2038 nou
3390 1990 3487 2040 ttu-

1905 2057 2107 2111 bitahat
2149 2055 2566 2111 subscribendas
2613 2055 2731 2111 fore
2781 2056 2849 2110 ab
2903 2057 3154 2111 omnibus
3206 2056 3487 2110 catholica:

1906 2129 2073 2195 partis
2102 2127 2392 2196 episcopis.
2437 2126 2640 2180 Eodem
2686 2141 2869 2189 sensu,
2897 2127 2990 2196 qui
3019 2127 3320 2181 communis
3375 2144 3488 2179 οιιι-

1904 2199 2050 2253 nium
2082 2197 2240 2263 hujus
2266 2198 2386 2262 aevi,
2417 2197 2635 2264 scripsit
2660 2196 2959 2255 Possidius.
2993 2198 3291 2251 Honorium
3315 2198 3488 2265 impc-

1904 2278 2136 2322 ratoreut
2166 2276 2408 2322 secutum
2424 2265 2592 2321 fuisse
2620 2268 2903 2321 catholica:
2927 2266 3486 2334 Ecclesiaajudicium,

1904 2345 2033 2393 tunc
2061 2353 2184 2392 cum
2216 2345 2433 2392 secutus
2461 2346 2544 2393 est
2573 2338 2739 2391 latam
2763 2352 2795 2392 a
2819 2340 3044 2393 summis
3070 2337 3277 2392 duobus
3308 2340 3487 2407 ponti-

1906 2408 2099 2463 ﬁcibus
2146 2409 2468 2463 sententiam
2503 2425 2515 2461 :
2547 2407 2770 2478 perinde
2807 2410 2958 2478 quasi
3008 2424 3077 2464 ea
3115 2419 3275 2462 (etate
3324 2425 3486 2463 unum

1904 2480 2157 2549 idemque
2189 2479 2481 2533 haberetur
2512 2477 2771 2534 Ecclesiae
2800 2477 3083 2535 catholica:
3106 2480 3333 2534 et~sedis
3362 2496 3489 2549 apo-

1903 2552 2112 2605 stolicae
2137 2549 2398 2618 judicium
2426 2549 2478 2602 in
2514 2549 2673 2603 rebus
2704 2550 2851 2603 tidei.

1978 2621 1992 2671 i
2031 2620 2418 2675 Necessitatem
2471 2620 2752 2688 exigendae
2795 2622 2847 2673 in
2888 2634 3044 2673 causa
3077 2621 3486 2690 Pelagianorum

1903 2691 2340 2760 subscriptionis,
2373 2690 2441 2743 de
2471 2706 2572 2749 qua
2606 2699 2690 2743 est
2720 2699 2828 2744 tota
2860 2692 3201 2758 constitutio,
3229 2693 3490 2760 explicui-

1904 2776 2023 2817 mus
2068 2761 2277 2832 prolixe
2324 2762 2376 2813 in
2428 2760 2809 2815 dissertatione
2840 2761 3095 2831 singulari
3136 2777 3299 2830 super
3326 2778 3391 2816 ea
3429 2779 3490 2817 re

1905 2832 2054 2905 (Cap.
2081 2832 2161 2903 2),
2186 2845 2485 2905 omnesque
2516 2832 2857 2905 necessitatis
2893 2846 3085 2887 causas
3122 2834 3491 2888 revocavitnus

1903 2901 1967 2955 ad
2001 2901 2177 2958 una—tn
2233 2903 2505 2972 prmcipue
2554 2901 2971 2971 Pelagianorum
3018 2905 3392 2972 pertinaciam.
3425 2906 3491 2960 lit

1904 2988 2054 3037 vero,
2085 2985 2144 3027 ut
2176 2971 2319 3044 nulla
2353 2974 2449 3044 fuit
2477 2971 2700 3044 breresis
2728 2985 2939 3028 versuta
2968 2971 3486 3044 magis,artibusque

1905 3044 2172 3098 instructa
2210 3042 2639 3113 malignioribus,
2670 3058 2830 3110 quam
2872 3042 3181 3112 Pelagiana,
3209 3049 3277 3098 ita
3317 3042 3489 3113 neque

1904 3115 2009 3167 ulla
2044 3114 2374 3183 pertinacior
2403 3111 2666 3168 adversus
2690 3128 2882 3170 omnes
2910 3111 3169 3171 Ecclesia:
3196 3111 3489 3185 sacculiquo

1903 3200 2067 3238 Vll'eS.

1981 3254 2004 3292 ι
2038 3257 2167 3320 (iam
2201 3256 2390 3309 litterae
2418 3254 2803 3325 intelligantur.
2834 3270 2938 3309 non
2962 3257 3093 3309 satis
3115 3266 3358 3325 apertum
3387 3268 3487 3313 est.

1916 3326 1994 3380 An
2018 3328 2213 3397 aliqua:
2239 3341 2268 3379 a
2297 3328 2685 3397 constitutione
2728 3328 3003 3382 diversas?
3047 3327 3189 3383 favet
3230 3328 3492 3383 orarioais

1914 3399 2104 3452 series.
2142 3402 2220 3451 An
2252 3412 2372 3463 quae
2406 3396 2579 3452 forent
2610 3399 2813 3452 caedem
2845 3414 2967 3452 cum
2999 3398 3109 3467 ipsa
3152 3400 3492 3453 constitutio~

1914 3470 2018 3525 ne?
2043 3469 2215 3525 forma
2248 3469 2547 3523 litterarum
2581 3468 2650 3524 ira
2684 3470 2861 3527 docet.
2902 3469 2987 3523 ‘An
3032 3470 3197 3538 prima
3229 3473 3490 3524 constitu-

1915 3542 2011 3605 tio,
2039 3557 2197 3611 quam
2232 3541 2476 3608 pertinax
2508 3542 2708 3595 malum
2748 3541 3010 3611 geminari
3041 3542 3236 3607 coegit,
3267 3557 3492 3610 quaeque

1914 3628 2033 3667 cum
2077 3612 2330 3678 epistola,
2358 3611 2406 3665 id
2432 3621 2537 3675 εει,
2568 3628 2689 3666 cum
2732 3611 2963 3666 secunda
3008 3612 3395 3665 constitutione
3426 3613 3490 3665 :ul

1913 3683 2190 3737 Aurelium
2241 3681 2401 3735 missa
2452 3683 2555 3735 sit?
2597 3682 2879 3750 probabile
2924 3681 3213 3735 admodum
3265 3692 3369 3736 est.
3410 3684 3489 3735 Au

1914 3752 2145 3817 denique
2172 3767 2294 3807 cum
2336 3751 2566 3820 epistola
2615 3752 2681 3805 ad
2719 3751 2994 3805 Aurelium
3038 3753 3187 3806 venit
3225 3754 3384 3805 simul
3423 3755 3488 3807 ad

1915 3823 2173 3877 vicarium
2223 3820 2419 3875 Africa:
2462 3822 2773 3875 mandatum
2805 3821 3207 3889 principis,ant
3258 3822 3489 3876 edictum

1916 3894 2158 3962 pratfecti
2190 3892 2248 3946 P.
2280 3892 2433 3959 cujus
2464 3892 2745 3962 utriusque
2785 3891 3113 3961 exemplaria
3154 3892 3358 3947 directa
3384 3895 3491 3946 sint

1913 3965 1979 4018 ad
1994 3964 2384 4033 coepiscOpos‘l
2416 3963 2467 4016 id
2493 3962 2637 4016 dictu
2667 3964 2867 4017 verius.

1992 4031 2008 4071 1
2041 4031 2195 4102 Quod
2226 4031 2510 4088 cunetlium
2531 4034 2854 4102 plenarium,
2888 4042 2978 4085 aut
3005 4033 3123 4101 quis
3155 4033 3328 4099 potius
3360 4048 3487 4087 con-

1914 4105 2026 4159 cilii
2084 4105 2311 4173 plcnarii
2368 4119 2655 4159 consessus
2707 4104 3056 4171 signiﬁcetur,
3108 4103 3482 4173 explicuimus,

1916 4192 2022 4229 non
2068 4178 2184 4230 sine
2232 4175 2497 4229 laboriosa
2546 4175 2908 4244 inquisitione,
2942 4174 2992 4226 in
3025 4175 3490 4229 dissertationetle

1915 4248 2138 4317 synodis
2171 4265 2182 4298 :
2214 4245 2549 4317 ostendimus
2580 4245 2723 4317 enim
2756 4247 2828 4317 in
2856 4246 3013 4298 tertio
3052 4259 3311 4317 consessu
3353 4260 3487 4298 con-

1915 4315 2023 4368 cilii
2080 4332 2207 4369 ann.
2250 4317 2355 4369 “8
2410 4316 2575 4369 habiti
2621 4316 2985 4382 subscriptum
3036 4315 3200 4367 fuisse
3252 4328 3489 4383 acceptae

1915 4387 2116 4441 Zosimi
2168 4386 2461 4449 tractorice,
2493 4394 2745 4455 aetasque
2779 4402 2873 4454 pro
2903 4386 3174 4439 damnatis
3219 4385 3491 4442 haereticis

1916 4457 2160 4512 Pontiliei
2206 4456 2430 4525 gratias,
2465 4471 2688 4524 easque,
2723 4468 2777 4509 ut
2810 4472 2903 4525 par
2932 4465 3070 4521 erat,
3103 4456 3487 4520 amplissimas.

1988 4537 2026 4563 ω
2056 4527 2196 4589 Bai.,
2230 4528 2515 4595 integrata:
2549 4528 2726 4582 minus
2767 4529 3015 4598 apposite
3042 4529 3111 4581 ad
3130 4528 3405 4582 historiam
3438 4538 3493 4583 ct

1917 4609 2150 4652 mentem
2181 4598 2487 4650 scribentis.

1993 4669 2046 4722 lu
2075 4667 2375 4738 appentlice
2398 4666 2633 4722 Salviani
2658 4681 2687 4738 a
2710 4667 2925 4721 Baluaiu
2957 4668 3083 4722 editi
3115 4668 3324 4736 legitur.
3355 4672 3490 4721 inle-

1924 4750 2070 4809 grata
2092 4780 2104 4800 ,
2146 4737 2286 4809 apud
2314 4738 2574 4809 reliquos
2623 4737 2882 4805 editores,
2914 4739 3111 4808 integra
3142 4754 3171 4809 :7
3204 4741 3492 4808 utrobique

1925 4808 2030 4863 non
2063 4808 2400 4878 improbabili
2426 4822 2607 4867 sensu.
2637 4823 2955 4877 quamquam
2980 4808 3214 4863 secundo
3242 4812 3488 4875 meliore,

1923 4878 2359 4952 quandoquidem
2387 4880 2672 4952 universos
2698 4880 2995 4952 alloquitur
3015 4879 3264 4932 Aurelius
3288 4878 3487 4952 (Epist.

1923 4948 2039 5019 86),
2074 4958 2130 5003 et
2166 4949 2235 5002 ab
2260 4950 2510 5004 omnibus
2541 4956 2749 5017 poterat
2773 4950 3055 5017 integram,
3082 4964 3110 5001 a
3141 4948 3323 5017 paucis
3349 4953 3491 5004 inte-

1923 5032 2127 5089 gratam
2160 5020 2615 5089 subscriptionem
2641 5020 2879 5089 exigere.
2906 5021 3041 5084 Quae
3065 5034 3195 5074 vero
3218 5022 3496 5089 subscrip—

1928 5088 2003 5143 tio
2033 5091 2243 5144 eenseri
2284 5088 2481 5143 debeat
2526 5088 2757 5161 integra,
2789 5090 2976 5161 deﬁnit
3009 5091 3117 5145 Leo
3168 5090 3388 5161 Magnus
3428 5088 3498 5148 de

1930 5161 2230 5226 Pelagianis
2251 5162 2497 5215 scribens
2519 5160 2585 5213 ad
2615 5162 2853 5214 Ncetam
2880 5160 3305 5227 Aquileiensem.

2002 5241 2028 5269 υ
2059 5231 2263 5285 Causas
2306 5231 2474 5302 all‘erti
2505 5230 2782 5297 exigenda:
2820 5231 2889 5285 ab
2930 5232 3179 5285 omnibus
3232 5234 3499 5302 episc0pis

1933 5302 2347 5369 subscriptionis
2373 5303 2423 5354 in
2465 5301 2566 5372 ltoc
2593 5303 2827 5369 negotio,
2855 5318 3047 5368 nempe
3086 5303 3226 5372 quod
3270 5319 3374 5358 non
3404 5301 3499 5357 iiu-

1937 5373 2128 5426 uterito
2183 5372 2399 5439 quidam
2448 5371 2775 5425 haberentur
2829 5373 3063 5440 snspecai
3107 5371 3355 5438 nurnine,
3415 5377 3501 5428 vel

1936 5442 2391 5506 dissimulationis,
2446 5457 2568 5496 cum
2615 5442 2859 5495 sinerent
2916 5445 3141 5496 secretis
3188 5445 3503 5499 tractatibus

1940 5513 2209 5574 homines,
2251 5527 2386 5567 nova
2438 5521 2493 5565 et
2542 5513 2791 5565 inusitata
2841 5513 3186 5577 meditantes,
3232 5516 3505 5568 occultare

1940 5584 2283 5651 sacrilegium
2321 5582 2533 5650 publica
2584 5583 2904 5637 auctoritate
2934 5584 3274 5649 damnatum;
3309 5586 3387 5638 vel
3418 5600 3505 5635 ne.

1932 5654 2207 5725 gligeutiw,
2243 5652 2422 5721 utqui
2471 5668 2661 5719 pravas
2705 5653 3080 5725 haereticorum
3110 5654 3502 5725 disruttatioues

1932 5722 2140 5793 publica
2181 5727 2579 5791 oppugnatione
2620 5738 2723 5776 non
2756 5723 3133 5788 dcstruereut;
3168 5725 3251 5776 vel
3291 5722 3506 5776 occului:

1932 5794 2225 5863 pravitatis,
2259 5809 2476 5863 propter
2514 5795 2732 5847 tacitum
2759 5809 3103 5857 Cuttscnsum,
3135 5810 3241 5860 quo
3289 5804 3502 5844 astrue-

1931 5876 2049 5921 rcnl
2077 5866 2359 5922 damnatos
2391 5879 2623 5922 errores.
2660 5864 2858 5921 Unicus
2898 5873 3075 5919 autem
3121 5877 3310 5931 parum,
3341 5875 3503 5928 quam
