3948 6188
414 261 519 319 ιοδ

385 382 479 430 'sit
512 386 535 413 ι
567 376 709 433 unde
736 378 929 443 ullius,
964 376 1043 431 vel
1072 376 1515 431 dissimulationis
1540 417 1556 442 ,
1591 375 1672 431 vel
1707 376 1978 445 negligen-
2011 378 2063 435 Α

410 469 500 523 tia:
523 509 539 535 ,
583 468 666 524 vel
697 468 919 522 occultae
948 465 1172 520 forsitan
1218 467 1497 537 pravitatis
1521 507 1537 533 ,
1580 468 1755 537 aliqua
1782 466 1979 523 ‘videa-

408 572 494 615 tta-
523 558 713 614 merito
740 558 1061 615 remansisse
1087 561 1343 628 suspicio.

477 651 547 705 Et
582 650 689 706 alia
729 668 906 706 manu.
953 652 1122 722 Opto,
1176 653 1402 719 fratres,
1450 654 1589 709 bene
1632 654 1822 709 vivatis
1868 656 1975 710 mei

405 758 694 799 memores.
729 745 856 798 Data
887 742 997 805 Ital.
1030 746 1293 815 Augusti,
1325 745 1651 817 Carthagine
1676 791 1691 816 ,
1724 747 1976 802 Monaxio

402 845 457 891 et
487 837 660 891 Plinta
695 851 837 892 coss.
1684 822 1685 825 ¹

796 262 888 327 AD
927 262 1202 318 PARTEM
1242 262 1506 319 PRIMAM
1545 262 1825 318 OPEliUM
1866 263 1931 316 Μ.
1976 262 2419 322 MERCATORIS
2458 262 2801 325 APPENDIX
2842 263 3179 325 SECUNDA.

3551 269 3648 324 ιοι

2599 375 3048 432 CUNSTITUTIO
3088 376 3150 430 V.

2080 507 2107 549 ι’
2130 524 2381 564 erts'rout
2412 525 2719 565 CONSTANTII
2751 525 3122 571 turnna'ronts.
3157 525 3337 565 raritas
3359 524 3381 550 ι
3406 527 3656 571 vsutt‘rt-

2304 596 2441 635 MAN!
2476 596 2696 636 AUGUSTI
2727 596 2812 645 Ill,
2846 598 2914 636 ΔΙ)
2950 595 3278 636 νοιυειΑΝυι
3315 597 3363 636 1⁵.
3394 598 3449 638 υ.

2230 712 2527 781 imperator
2549 709 2576 750 ἀ
2602 710 2989 779 Consrasrtus,
3015 713 3307 768 Volusiano
3336 713 3396 768 P.
3430 714 3469 770 U
3487 754 3499 767 .

2146 842 2296 911 Qum,
2326 858 2445 898 eum
2481 842 2764 911 prmterita:
2800 840 3229 917 superstitionis,
3266 852 3378 897 tum
3421 847 3646 907 recentis

1552 954 2098 1011 CASTIGATIONES
2140 957 2226 1012 ET
2266 957 2495 1013 ΝΟΤιΕ.

403 1067 689 1122 maximam
720 1068 1010 1137 imperator
1042 1069 1356 1132 minaretur,
1386 1069 1615 1129 vitandae
1646 1070 1835 1125 modos
1869 1071 1969 1125 fuit

401 1136 607 1205 integra
651 1136 994 1207 subscriptio,
1029 1142 1077 1193 id
1111 1151 1210 1199 est.
1239 1156 1343 1210 qua
1378 1149 1588 1208 pateret
1615 1157 1765 1195 mens
1798 1156 1962 1209 pura;

400 1224 504 1279 una
534 1210 675 1262 enim
718 1211 1012 1277 cadentque
1058 1211 1212 1279 c'ulpa
1246 1220 1327 1263 t-st
1347 1226 1528 1265 eorum
1561 1211 1648 1277 qui
1680 1226 1773 1264 ant.
1804 1211 1966 1264 dissi-

398 1276 651 1332 mulattdn
677 1276 1101 1347 conniventiam,
1135 1276 1225 1335 aut
1253 1296 1356 1336 nou
1380 1276 1685 1335 damnando
1716 1280 1961 1335 favorem

397 1352 612 1401 noxium
642 1351 1023 1412 prmstilerttnt.

466 1418 576 1472 Sub
620 1420 776 1475 liuent
819 1422 1062 1477 observa.
1091 1421 1229 1490 quod
1271 1420 1396 1474 facit
1436 1421 1500 1474 ad
1539 1421 1964 1474 commendatio—

399 1504 519 1561 nem
544 1490 810 1553 epistoim.
842 1492 979 1546 hanc
1003 1492 1067 1545 ad
1091 1493 1372 1559 episeoptzs
1402 1492 1654 1555 seriptam
1690 1494 1755 1542 ait
1776 1510 1840 1543 eo
1866 1492 1958 1561 qtti

394 1559 785 1615 scientissimus
830 1562 965 1615 foret
1011 1577 1313 1621 canonum,
1359 1562 1643 1615 sanctitate
1707 1559 1959 1627 eximius,

394 1630 848 1702 retinentissimus
890 1633 1213 1702 episcopalis
1237 1632 1531 1700 dignitatis.
1574 1632 1876 1700 Augustino
1905 1635 1959 1686 in

396 1700 554 1752 rebus
603 1702 825 1771 agendis
875 1700 1370 1771 conjunctissimus.
1407 1709 1463 1755 et
1516 1701 1629 1756 fere
1685 1718 1867 1757 unus:
1902 1711 1960 1756 ut

396 1771 643 1841 scientia,
694 1773 980 1837 sanctitas,
1027 1773 1300 1837 dignitatis
1355 1771 1617 1836 studium,
1671 1773 1956 1841 Augustini

394 1840 644 1906 societas,
679 1852 875 1895 tantam
908 1842 1126 1896 Aurelio
1165 1841 1533 1896 auctoritatem
1582 1840 1820 1896 tribuant
1859 1846 1956 1898 hac

395 1911 648 1983 inparti»,
678 1922 876 1976 quanta
910 1921 1087 1983 potest
1121 1927 1238 1967 esse
1267 1913 1521 1980 maxima,
1550 1913 1711 1967 etiam
1732 1913 1958 1982 adpraeo

390 1981 561 2031 sulnut
586 1985 911 2048 exemplum.

462 2059 488 2085 ⁸
528 2051 728 2120 Magd.,
760 2051 1061 2106 imbecillius
1097 2054 1200 2107 sive
1250 2053 1697 2119 dissimulationis,
1745 2053 1965 2109 omnino

388 2132 665 2175 (οτι-ηοω.

460 2136 784 2261 Eriiﬁigtiitur
812 2194 947 2261 apud
980 2194 1122 2255 Bar.,
1158 2193 1348 2258 Salm.,
1384 2191 1529 2256 Uss.,
1567 2191 1735 2247 Labb.
1775 2203 1830 2248 et
1868 2194 1966 2249 Βδ-

387 2259 603 2327 inziutn,
636 2261 767 2315 locis
797 2259 951 2318 antea
979 2266 1185 2327 citatis,
1216 2265 1307 2319 sed
1328 2306 1343 2328 ,
1383 2274 1439 2317 ut
1482 2263 1709 2332 ingenue
1752 2266 1925 2319 fatear
1946 2307 1962 2332 ,

386 2331 668 2402 admodum
691 2346 958 2401 corrupta.
985 2335 1277 2390 Salmasius
1296 2334 1435 2388 hunc
1455 2331 1701 2402 apposuit
1724 2335 1930 2388 titulum
1949 2331 1964 2389 ἑ

387 2400 578 2473 incipit
604 2420 749 2457 sacra
773 2406 985 2471 epistola
1010 2404 1292 2459 Constantii
1312 2400 1652 2473 imperatoris.
1673 2406 1835 2469 patris
1860 2404 1967 2458 Va-

388 2472 656 2595 :etttiniani
676 2476 912 2545 Augusti,
944 2478 1005 2530 de
1030 2476 1315 2530 exsiliando
1343 2472 1572 2528 thlestio
1600 2473 1837 2529 hteretico
1863 2474 1967 2529 Pe-

409 2560 613 2595 «atauo.

409 2560 613 2613 «grano.

465 2616 741 2670 Decretum
772 2625 920 2671 vocat
947 2616 1195 2681 Photins,
1228 2617 1448 2685 ejusque
1483 2615 1723 2670 meminit
1762 2616 1814 2669 in
1853 2616 1967 2671 inec

317 2686 326 2705 '
390 2686 552 2738 verba
580 2705 595 2739 :
623 2687 944 2754 Scripserunt
973 2686 1284 2740 Theodosius
1311 2697 1357 2741 et
1393 2686 1654 2740 Honorius
1690 2687 1965 2752 imperatos

388 2772 466 2826 [es
496 2764 675 2808 contra
701 2758 897 2809 eosdem
936 2756 1198 2810 hiereticos
1238 2759 1306 2809 ad
1350 2758 1610 2810 Aurelium
1647 2759 1963 2826 episcopum.

389 2822 626 2897 Postlia'c
650 2827 800 2880 etiam
823 2826 1143 2881 Constantius
1174 2827 1420 2881 Placidia:
1459 2822 1688 2897 conjux,
1738 2826 1968 2881 Valenti-

392 2895 531 2947 niani
561 2897 770 2950 minoris
801 2908 961 2965 pater,
987 2900 1049 2951 de
1091 2897 1319 2951 Catiestio
1357 2895 1591 2951 bwretico
1638 2900 1692 2950 in
1733 2898 1968 2951 exsilium

391 2966 640 3033 pellendo,
670 2969 871 3034 scripsit
903 2969 1157 3021 decretum
1181 2968 1247 3021 ad
1286 2968 1619 3021 Volusian’um
1648 2966 1800 3022 Urbis
1831 2983 1963 3035 prce-

391 3035 579 3107 fectum
604 3052 622 3089 :
645 3039 734 3106 qui
756 3038 958 3107 quidem
994 3038 1299 3093 Volusianus
1323 3049 1512 3091 sancta:
1545 3037 1785 3092 Melania:
1808 3054 1968 3092 avun-

388 3106 553 3169 culus,
578 3123 690 3179 cum
715 3106 944 3179 gentibus
962 3111 1165 3179 quidem
1189 3121 1307 3162 tunc
1326 3108 1605 3172 sentiebat;
1631 3120 1683 3161 at
1711 3110 1828 3160 dum
1849 3124 1966 3162 eum

1985 1880 2032 1941 Β

2071 1073 2252 1125 ιὲωἰιηί
2270 1074 2566 1141 dignitatem
2594 1072 2644 1126 11
2650 1073 2855 1126 onorins
2879 1074 3072 1126 tribuit.
3096 1072 3345 1129 Caeterum
3364 1075 3647 1130 Constantii

2070 1142 2314 1212 imagines
2346 1147 2426 1209 (ut
2461 1144 2614 1197 moris
2651 1152 2760 1195 erat
2800 1144 2863 1196 iis
2894 1146 2982 1213 qui
3014 1145 3081 1196 ad
3121 1146 3392 1211 imperium
3430 1158 3649 1201 recenter

2070 1213 2290 1334 promoti
2332 1223 2507 1277 erant,
2553 1212 2722 1285 agere)
2763 1212 3030 1267 mittuntur
3059 1216 3111 1267 in
3145 1213 3422 1269 Orientem.
3463 1215 3647 1270 Verum

2118 1283 2387 1334 lteodosius
2417 1284 2797 1334 inauaurationi
2824 1301 2926 1334 non
2949 1284 3293 1334 acauiescens.
3325 1302 3409 1334 ens
3434 1302 3532 1334 non
3560 1303 3647 1334 sn-

2118 1283 2387 1354 lteodosius
2417 1283 2797 1352 inaugurationi
2824 1301 2926 1337 non
2949 1284 3293 1354 acqttiescens,
3325 1302 3409 1337 ens
3434 1302 3532 1337 non
3560 1303 3648 1339 su-

2068 1353 2254 1426 scepit.
2289 1352 2460 1416 Quare
2496 1370 2610 1406 cum
2654 1354 2978 1426 Constantius
3018 1352 3126 1407 sese
3161 1356 3221 1407 ob
3246 1355 3379 1426 hanc
3405 1357 3645 1426 injuriam

2066 1423 2132 1475 ad
2155 1423 2340 1476 bellum
2368 1433 2587 1491 pararet,
2623 1440 2756 1477 mors
2785 1425 2937 1475 vitam
2964 1441 3212 1493 curasque
3236 1423 3645 1491 sistens,'mutao
3670 1442 3681 1471 ι·

2065 1494 2251 1562 tionem
2279 1494 2512 1561 pratbuit,
2543 1509 2659 1546 cum
2685 1494 2976 1562 imperasset
3004 1510 3195 1546 menses
3222 1511 3329 1547 sex.

2135 1561 2491 1634 Philostorgio
2535 1561 2804 1634 consentit
2851 1564 3263 1634 Olympiodorus
3311 1564 3446 1631 apud
3501 1565 3641 1618 Pitu-

2065 1634 2192 1686 timn
2226 1632 2379 1699 (Cod.
2412 1633 2524 1704 80).
2559 1631 2884 1687 Constantius
2917 1631 3137 1687 Honorii
3166 1636 3217 1687 in
3254 1636 3510 1702 augustali
3548 1638 3646 1688 im-

2060 1704 2203 1770 perio
2246 1704 2443 1774 collega
2487 1706 2573 1769 ﬁt,
2616 1704 2687 1774 ab_
2709 1706 2800 1757 illo
2830 1704 3029 1768 quidem
3055 1705 3196 1767 ipso,
3225 1706 3313 1758 sed
3340 1720 3466 1772 pene
3490 1723 3642 1771 repu-

2058 1782 2245 1842 gnante
2286 1772 2609 1827 constitutus.
2657 1772 2894 1827 Placidia
2931 1791 3128 1843 quoque
3174 1776 3401 1843 Augusta
3428 1793 3457 1825 a
3484 1780 3644 1842 fratre

2061 1844 2317 1913 etimarito
2344 1845 2481 1898 dicta
2510 1854 2611 1905 est;
2638 1844 2823 1897 deinde
2847 1845 2914 1896 ad
2949 1842 3295 1898 Theodosium
3321 1889 3335 1910 ,
3372 1846 3457 1907 qui
3487 1846 3645 1913 fratre

2073 1912 2295 1985 Honorii
2323 1915 2522 1984 genitus
2544 1914 2771 1968 Orientis
2800 1915 3027 1983 partibus
3053 1916 3308 1984 Augustus
3335 1916 3639 1985 imperabat,

2064 1984 2131 2039 de
2163 1982 2449 2038 Constantii
2488 1984 2809 2053 imperatoris
2853 1986 3097 2039 electione
3136 1982 3345 2039 nuntius
3388 1982 3640 2049 mittitur,

2065 2054 2368 2125 minimeque
2392 2066 2620 2125 receptus
2640 2063 2725 2110 est.
2760 2054 2900 2107 Hinc
2920 2056 3146 2109 morbum
3171 2055 3500 2109 Constantius
3518 2073 3643 2109 con-

2067 2125 2245 2189 traxit,
2277 2126 2493 2199 suscepti
2524 2126 2766 2199 panitens
2799 2126 3031 2195 imperii,
3064 2125 3202 2199 quod
3247 2140 3349 2199 non
3388 2128 3535 2199 jam,
3588 2135 3645 2178 at

2066 2204 2236 2259 antea,
2265 2197 2421 2249 eundi
2449 2196 2813 2265 redeundique,
2835 2213 2935 2265 quo
2960 2206 3005 2249 et
3025 2195 3228 2265 quando
3246 2195 3411 2260 vellet,
3437 2196 3643 2249 libertas

2066 2274 2235 2347 esset;
2263 2281 2420 2331 neque
2448 2264 2694 2347 ludicrisn
2711 2274 2766 2317 ut
2797 2264 2951 2319 maris
2977 2269 3089 2389 qius
3115 2275 3251 2329 erat,
3284 2282 3490 2333 operam
3518 2267 3644 2319 dare

2067 2350 2173 2389 tam
2200 2346 2493 2389 imperatori
2536 2346 2926 2389 permitteretur.
3012 2338 3151 2389 aitur
3191 2337 3400 2389 septimo
3442 2338 3644 2389 imperii

2058 2334 2173 2402 jam
2200 2335 2495 2406 imperatori
2536 2336 2926 2401 permitteretur.
2979 2334 3151 2406 Igitur
3191 2337 3400 2404 septimo
3442 2338 3646 2406 imperii

2066 2419 2236 2459 mense
2273 2406 2716 2474 (quemadmodum
2748 2416 2797 2460 et
2827 2408 3135 2460 insomnium
3177 2407 3249 2459 sic
3290 2407 3600 2459 indicaverat
3622 2448 3637 2467 .

2066 2484 2250 2529 sextus
2279 2477 2427 2535 abiit.
2456 2478 2717 2545 septimus
2742 2476 3042 2543 inchoatur)
3071 2476 3341 2545 pleuritide
3361 2477 3640 2529 exstinctus

2065 2554 2159 2598 est.
2210 2545 2474 2599 Exstincto
2519 2544 2670 2599 simul
2717 2562 2833 2598 cum
2866 2549 2976 2614 ipso
3004 2544 3341 2600 in'Oricnleot
3369 2549 3466 2606 ira.
3495 2556 3646 2614 atque

2067 2618 2403 2683 expeditione.
2434 2631 2607 2685 quam,
2638 2618 2771 2684 quod
2799 2616 2867 2668 ad
2894 2616 3091 2686 imperii
3123 2618 3410 2670 societatem
3448 2618 3643 2670 admis-

2068 2700 2156 2737 sus
2187 2703 2285 2739 non
2315 2698 2463 2749 esset,
2494 2688 2665 2739 animo
2690 2688 2941 2756 agitabat.

2141 2756 2219 2809 Ex
2246 2759 2517 2823 utriusque
2544 2755 2779 2810 historici
2810 2756 3111 2811 testimonio
3133 2755 3465 2824 redarguitur
3486 2756 3635 2810 Pros-

2068 2842 2164 2894 per
2198 2828 2285 2880 ille
2312 2826 2747 2896 chronographus
2774 2842 2893 2880 cum
2924 2827 3090 2881 idatio
3117 2827 3342 2891 aliisque
3371 2828 3608 2896 opinanti
3626 2857 3643 2867 ο

2067 2896 2188 2962 bus,
2219 2896 2582 2951 Constantium
2610 2898 2721 2961 jam
2757 2896 2878 2951 inde
2922 2898 2989 2950 ab
3029 2912 3155 2951 ann.
3201 2897 3306 2950 419
3355 2898 3641 2963 imperium

2069 2969 2389 3036 suscepisse.
2439 2966 2577 3034 Quid
2625 2967 2948 3034 Prosperum
3002 2968 3150 3020 illum
3202 2966 3529 3034 ldatiumque
3582 2968 3643 3021 in

2069 3037 2208 3090 hanc
2251 3038 2573 3093 sententiam
2618 3040 2876 3105 traxerit,
2929 3037 3082 3105 plane
3121 3038 3305 3105 ignoro
3329 3055 3342 3089 :
3370 3038 3490 3104 quid
3520 3038 3647 3092 aliis

2068 3121 2281 3162 causam
2313 3108 2521 3162 dederit
2547 3107 2616 3161 ita
2639 3108 2925 3173 sentiendi,
2950 3107 3135 3161 videor
3158 3107 3282 3160 mihi
3305 3107 3646 3176 aliquatenus

388 3190 524 3250 mors
568 3177 786 3250 legatum
834 3177 1271 3250 Constantinopoli
1314 3190 1539 3246 agentem
1588 3179 1864 3250 invaderet.
1895 3182 1965 3232 ad
2000 3242 2035 3250 _
2069 3179 2374 3250 perspicere
2398 3193 2461 3250 ex
2493 3177 2682 3250 litteris
2714 3178 2927 3250 Honorii
2955 3177 3192 3250 vocantis
3223 3178 3488 3250 Aurelium
3517 3194 3644 3231 cum

387 3245 540 3317 (idem
569 3242 906 3317 orthodoxam
935 3250 1135 3302 transiit
1154 3242 1178 3315 ,’
1220 3242 1601 3317 baptizatusque
1638 3258 1711 3303 est
1749 3265 1780 3301 a
1818 3248 1963 3303 beato
1992 3242 2036 3305 C
2067 3242 2474 3302 aliis—Africanis
2505 3248 2748 3302 Patribus
2769 3248 2833 3301 ad
2864 3249 3145 3302 concilium
3174 3249 3501 3314 Spoletinum
3526 3291 3539 3313 ,
3586 3250 3645 3303 in

386 3314 574 3370 Proclo
603 3316 1183 3386 Constantinopolitano.

461 3397 483 3460 9
514 3388 652 3455 Bul.,
690 3387 1029 3460 Valentiniani
1046 3388 1289 3460 junioris.
1310 3388 1352 3441 E
1385 3390 1548 3460 tribus
1578 3387 1963 3460 Valentiniani:

387 3458 588 3526 primus
620 3460 797 3513 senior
838 3459 1010 3513 dictus
1047 3458 1163 3528 est;
1203 3460 1467 3514 secundus
1499 3458 1711 3529 jttnior;
1754 3470 1964 3529 postre-

388 3545 525 3594 tnus,
559 3543 771 3596 parvus,
802 3544 895 3584 seu
926 3530 1135 3585 tertius.

456 3596 481 3635 ά
507 3600 787 3664 ριιωεὶθιῆι
811 3600 948 3655 forte
976 3600 1169 3668 aliquis
1210 3615 1305 3655 cur
1334 3601 1647 3669 inscriptum
1682 3598 1752 3655 sit
1793 3600 1960 3655 solius

389 3668 729 3737 imperatoris
758 3670 1053 3725 Constantii
1082 3686 1298 3739 nomen,
1334 3688 1437 3726 non
1465 3668 1612 3735 item,
1643 3680 1702 3725 ut
1741 3672 1793 3725 in
1838 3670 1960 3726 aliis

386 3742 852 3796 constitutionibus
878 3781 895 3804 ,
940 3744 1096 3796 trium
1147 3744 1305 3797 simul
1351 3741 1707 3807 regnantium,
1738 3744 1875 3795 hunc
1906 3743 1957 3795 in

386 3811 643 3865 modum:
676 3811 1030 3879 imperatores
1071 3814 1363 3877 Honorius.
1395 3811 1728 3867 Theodosius
1753 3851 1769 3875 ,
1814 3809 1957 3865 Con-

384 3882 613 3935 stantius
640 3881 801 3937 AAA.
837 3886 914 3935 An
946 3883 1189 3951 epistolis
1216 3883 1604 3937 inscribebatur
1633 3882 1797 3951 solius
1824 3885 1960 3936 scri-

388 3954 562 4006 bentis
590 3953 823 4007 nomen?
850 3967 914 4005 an
943 3950 1214 4020 peccatum
1243 3968 1271 4004 a
1300 3953 1528 4006 librariis
1556 3952 1605 4004 in
1639 3950 1739 4004 hoc
1782 3952 1953 4016 titulo,

385 4022 834 4088 quemadmodum
859 4022 910 4075 in
941 4021 1058 4075 aliis
1086 4021 1361 4089 pluribus?
1386 4020 1541 4075 Certe
1566 4022 1711 4087 leges
1730 4032 1957 4089 quatuor

386 4091 653 4145 Ravenna:
683 4107 747 4145 eo
778 4090 1032 4158 temporis
1062 4092 1234 4161 spatio
1262 4091 1422 4159 datae,
1455 4105 1559 4159 quo
1586 4090 1821 4144 diximus
1852 4094 1954 4144 im-

388 4176 603 4228 perasse
625 4160 1018 4232 constantiam,
1052 4161 1340 4232 praeferunt
1370 4162 1580 4232 nomina
1605 4161 1761 4232 trium
1789 4161 1955 4227 impe-

386 4240 620 4302 ratorum
648 4247 662 4284 :
692 4230 727 4283 Ι.
766 4232 905 4285 unic.
939 4233 1002 4286 de
1045 4230 1251 4302 repud..
1282 4248 1331 4286 νι
1356 4232 1485 4286 idib.
1518 4231 1702 4302 illam;
1737 4231 1773 4284 ι.
1795 4232 1865 4286 29
1892 4234 1955 4288 de

385 4301 615 4366 petition.
639 4339 655 4363 ,
702 4315 791 4355 νιιι
841 4302 967 4359 idib.
1005 4303 1147 4369 JuL;
1179 4304 1212 4368 l.
1242 4305 1312 4359 50
1340 4302 1527 4358 eodem
1558 4301 1729 4365 titulo,
1764 4302 1952 4357 eodem

383 4372 502 4432 die;
536 4369 572 4424 Ι.
607 4370 757 4443 unic.
779 4372 971 4443 siAcert.
1004 4384 1160 4440 petat.
1192 4376 1254 4427 de
1277 4374 1645 4443 cltirograptiis,
1679 4388 1707 4421 ν
1736 4372 1950 4426 ltaleud.

381 4445 609 4512 August.
640 4440 999 4512 Gothofredus
1031 4444 1081 4496 iu
1130 4443 1299 4498 tribus
1340 4440 1458 4497 aliis
1501 4440 1757 4497 omissum
1805 4454 1955 4512 putat

383 4510 676 4564 Constantii
698 4526 911 4577 nomen,
935 4513 1268 4580 restituitque
1290 4515 1338 4566 itt
1367 4516 1504 4567 notis
1527 4513 1592 4567 ad
1615 4513 1650 4565 l.
1675 4512 1696 4565 l
1724 4513 1789 4565 de
1806 4510 1955 4581 quin-

2068 3320 2260 3387 quibus
2286 3319 2487 3374 mentio
2516 3318 2573 3371 fit
2592 3319 2912 3385 scriptorum
2934 3319 3173 3387 germani
3197 3319 3371 3372 fratris
3394 3320 3642 3386 Augusti,

2064 3389 2156 3458 qui
2180 3389 2360 3457 procul
2384 3389 2547 3443 dubio
2570 3387 2913 3442 Constantius
2936 3400 3017 3441 est
3040 3404 3055 3444 :
3084 3390 3176 3441 sed
3200 3390 3280 3442 vel
3304 3389 3496 3442 dicitur
3523 3400 3646 3441 tan-

2066 3468 2196 3525 tnm,
2233 3461 2389 3528 frater
2416 3460 2647 3529 Augusti,
2676 3460 2758 3529 vel
2791 3459 3046 3529 Augustus
3075 3474 3194 3511 cum
3229 3459 3437 3520 addito,
3480 3464 3649 3520 frater

2061 3546 2352 3599 germanus,
2384 3531 2504 3598 quia
2534 3528 2780 3582 Placidite
2804 3530 2910 3593 jam
2951 3532 3203 3598 Augusta:
3241 3530 3432 3596 coniux
3480 3542 3643 3595 erat,

2061 3610 2116 3653 et
2143 3611 2307 3653 totum
2338 3600 2616 3668 imperium
2645 3600 3069 3653 administrabat.
3102 3599 3171 3653 At
3202 3599 3644 3667 Olympiodorus,

2061 3670 2292 3739 inquies,
2322 3670 2607 3725 Placidiant
2638 3668 2822 3723 scribit
2850 3674 3135 3739 Augustam
3165 3685 3193 3723 a
3231 3669 3395 3739 fratre
3433 3680 3483 3721 et
3525 3685 3642 3721 ma-

2062 3738 2164 3794 rito
2184 3744 2400 3795 dictum.
2430 3740 2627 3795 Scribit
2650 3754 2799 3801 sane,
2827 3740 2920 3794 sed
2950 3741 3195 3794 meliores
3218 3738 3454 3793 historici
3476 3755 3501 3789 a
3529 3739 3645 3792 fra-

2062 3819 2142 3865 tre
2159 3811 2269 3880 jatn
2296 3819 2405 3864 tum
2433 3811 2748 3879 appellatam
2773 3809 2987 3874 docent,
3019 3825 3139 3865 cum
3164 3810 3461 3880 traderetur
3486 3807 3639 3861 Con-

2061 3879 2260 3936 stantio
2289 3883 2339 3935 in
2367 3881 2668 3950 coniugem,
2702 3891 2758 3935 ut
2787 3881 3066 3935 mulierem
3107 3882 3318 3947 nuptias
3354 3879 3645 3945 indignan-

2060 3960 2164 4005 tem
2194 3951 2563 4007 consolaretur
2586 3951 2702 4018 pari
2730 3965 2850 4005 cum
2898 3951 3175 4005 Puleheria
3217 3951 3406 4004 simula
3452 3950 3643 4005 titulo.

2131 4021 2347 4086 Verum,
2381 4030 2440 4077 ut
2461 4036 2523 4076 ea
2552 4023 2642 4085 sit,
2671 4037 2831 4091 quam
2856 4021 3118 4078 diximus.
3152 4036 3312 4075 causa
3339 4060 3353 4084 ,
3398 4035 3491 4074 cur
3532 4019 3640 4087 legi

2058 4092 2341 4147 Theodosii
2371 4107 2561 4146 nomen
2600 4092 2895 4146 Constantii
2942 4108 3047 4146 non
3099 4091 3256 4145 fuerit
3300 4092 3637 4154 ascriptum,

2057 4178 2156 4217 nec
2180 4163 2414 4217 vicissim
2460 4163 2677 4217 decreto
2719 4162 3015 4217 Constantii
3061 4178 3254 4216 nomen
3296 4160 3584 4214 Theodosii
3619 4177 3636 4211 :

2056 4248 2153 4289 cur
2173 4234 2426 4289 omissum
2458 4232 2673 4286 Honorii
2698 4247 2890 4287 nomen
2917 4250 2929 4286 :
2959 4248 3053 4285 cur
3080 4233 3148 4286 ab
3176 4232 3421 4284 omnibus
3446 4240 3643 4283 ancto~

2057 4303 2203 4358 ribus
2231 4304 2541 4357 Constantio
2567 4304 2666 4356 soli
2698 4303 2948 4356 tribuitur
2976 4305 3248 4357 decretum
3271 4342 3285 4362 .
3315 4310 3370 4354 et
3406 4316 3509 4353 non
3552 4300 3639 4352 si-

2056 4374 2163 4427 mul
2187 4415 2205 4439 ,
2247 4382 2338 4428 aut
2378 4373 2537 4427 etiam
2578 4373 2753 4440 potius
2783 4372 3056 4426 Honorio:
3088 4388 3206 4425 nam
3235 4371 3469 4425 unanimi
3500 4386 3643 4424 con-

2054 4457 2212 4498 sensu
2243 4443 2398 4497 ambo
2423 4447 2473 4495 in
2501 4442 2788 4497 Occidente
2816 4443 3166 4509 imperabant.
3200 4458 3300 4495 una
3330 4450 3446 4495 erat
3469 4453 3642 4506 atque

2055 4514 2276 4568 indivisa
2309 4513 2581 4579 utriusque
2610 4512 2771 4575 ditio,
2803 4523 3024 4580 uterque
3066 4513 3328 4566 llavennte
3366 4512 3642 4563 consiste-

383 4580 805 4675 qqurcescript.,
828 4598 922 4675 .Vll:
936 4584 1074 4675 idib.
1101 4583 1205 4666 Jul.
1228 4600 1242 4649 ;
1271 4584 1307 4638 l.
1327 4583 1619 4675 .deoblon.
1639 4580 1949 4675 pritescript"
1979 4613 2031 4675 Β
2054 4583 2345 4675 ὺῇιὲηιηιο
2370 4583 2542 4675 potior
2564 4582 2662 4675 fuit
2683 4582 2900 4675 Hoi'tprii
2925 4583 3399 4675 allegentianu-am
3421 4594 3641 4675 assius:-

382 4652 714 4724 eotlemdie;
747 4662 801 4708 et
831 4655 865 4708 Ι.
894 4654 965 4708 45
991 4657 1052 4707 de
1079 4655 1260 4723 episc.,
1287 4655 1457 4724 pridie
1483 4655 1604 4709 idus
1628 4652 1737 4724 Jul.

453 4722 758 4793 Derduabus
790 4723 1052 4793 prioribus
1078 4722 1205 4779 nihil
1251 4722 1483 4793 queror,
1534 4723 1798 4790 siquidem
1843 4737 1950 4779 non

382 4791 488 4864 sint
514 4792 743 4849 diversa:
769 4791 800 4850 a
830 4795 945 4864 lege
963 4792 1032 4849 29
1052 4804 1106 4848 et
1126 4796 1193 4850 50
1217 4791 1283 4849 de
1302 4795 1642 4859 petitionibus,
1673 4794 1766 4849 sed
1793 4795 1952 4849 unius

383 4862 563 4918 ouillo:
589 4875 787 4932 partes.
819 4862 1067 4919 meritoria
1094 4874 1238 4920 certe
1262 4864 1448 4919 fefellit
1474 4865 1524 4919 ἰη
1567 4872 1833 4931 postrema
1869 4865 1952 4918 vi-

384 4948 498 4986 rum
548 4934 845 5000 eruditum;
895 4951 1016 4989 nam
1058 4949 1176 4989 cum
1221 4935 1342 4988 data
1389 4936 1456 4988 sit
1498 4952 1525 4987 a
1569 4934 1871 4988 Theodosio
1898 4935 1949 4987 in

381 5002 619 5073 prietite,
651 5012 725 5069 et,
758 5015 812 5058 ut
839 5020 932 5073 par
955 5015 1034 5058 est
1059 5007 1279 5061 credere
1300 5046 1313 5068 .
1346 5002 1803 5070 ConstantinOpoli
1825 5044 1841 5067 ,
1883 5004 1950 5058 ad

382 5071 684 5145 [‘ltilippum
734 5071 860 5130 P.Pl
910 5075 1139 5145 illyrici;
1186 5077 1375 5130 mirum
1429 5075 1667 5145 profecto
1709 5085 1853 5129 esset
1904 5076 1950 5132 Si

378 5140 673 5213 Constantii
704 5159 896 5199 nomen
928 5140 1266 5212 iii-attulisset,
1299 5140 1454 5213 quem
1486 5143 1817 5199 Theodosius
1838 5146 1952 5198 nol-

380 5211 453 5282 let
484 5212 819 5281 imperatoris
850 5214 967 5269 loco
998 5216 1212 5271 habere.
1244 5211 1392 5282 Quod
1425 5231 1543 5269 cum
1578 5230 1608 5268 a
1652 5214 1949 5269 Philostor-

376 5280 467 5407 git»
496 5280 733 5337 tradatur
760 5287 1030 5354 express-is
1062 5280 1565 5355 verbis,_quomodo
1606 5284 1738 5354 fugit
1778 5286 1947 5353 ipsum

424 5350 719 5407 itiloslomii
749 5367 1221 5407 commentatoretn
1254 5355 1435 5407 lPltot.
1464 5356 1712 5407 peculiari
1741 5354 1947 5407 onerei?

424 5350 719 5423 ltilostorgii
749 5350 1221 5411 comntetttaloretn
1248 5350 1435 5424 '(P-ltot.
1464 5350 1712 5427 peculiari
1741 5350 1954 5427 opere)?

377 5420 510 5495 13am
537 5420 784 5494 retn'ipse
810 5435 972 5480 tutam
1001 5430 1227 5495 explicat
1255 5420 1304 5480 in
1327 5420 1723 5495 conu'nentariis
1745 5426 1808 5478 ad
1836 5420 1951 5481 luuc

376 5491 716 5567 Pliilostorgi'i
748 5498 908 5551 verba
937 5491 1084 5566 (Lib;
1113 5512 1209 5562 sit,
1244 5513 1383 5551 num.
1419 5494 1529 5567 10):
1564 5494 1827 5567 Honorius
1855 5496 1952 5567 im-

375 5573 580 5639 perator
608 5563 965 5639 Constantium
993 5569 1289 5639 magistrum
1319 5563 1535 5639 militum
1553 5607 1566 5630 ,
1596 5566 1655 5618 ob
1694 5565 1949 5639 afﬁnitatis

376 5633 642 5706 honorem,
663 5636 730 5706 ad
752 5638 1015 5705 imperiale
1036 5633 1288 5705 sceptrum
1309 5638 1502 5702 asciuit,
1543 5652 1654 5690 cunt
1680 5639 1791 5706 join
1824 5633 1951 5687 Pla-

375 5701 509 5767 cidia
550 5706 645 5773 ipsi
686 5701 1306 5770 Valentinianum-ﬁlium
1335 5701 1592 5769 edidisset,
1623 5701 1705 5761 cui
1735 5715 1780 5760 et
1808 5706 1952 5759 nobi-

2054 4655 2126 4723 pti
2158 4653 2450 4708 Constantii
2476 4654 2742 4720 maiestas.
2775 4652 2996 4707 Recurri
3023 4668 3127 4707 non
3157 4664 3384 4723 potest.
3407 4652 3646 4723 perinde

2036 4720 2118 4779 ac
2153 4734 2303 4777 antea
2325 4763 2340 4787 ,
2383 4723 2463 4777 vel
2505 4724 2571 4777 ad
2602 4724 2928 4777 notariorum
2960 4720 3177 4782 vitium;
3210 4721 3291 4776 vel
3324 4720 3388 4776 ad
3421 4720 3492 4784 id.
3522 4735 3645 4787 quo

2055 4794 2135 4851 tisi
2161 4810 2361 4854 smnus,
2397 4794 2464 4847 de
2491 4795 2714 4862 epistola
2745 4796 2987 4862 privatim
3033 4794 3229 4859 scripta
3256 4809 3269 4845 :
3318 4792 3583 4862 siquidem
3621 4833 3645 4854 ,

2052 4872 2113 4919 ut
2160 4878 2228 4919 ex
2275 4863 2465 4918 Photio
2512 4860 2719 4918 constat
2743 4860 2759 4927 ;
2787 4877 2913 4917 vere
2942 4863 3215 4917 decretum
3247 4862 3360 4925 fuit,
3392 4860 3646 4928 illudque

2052 4937 2228 4988 cuncti
2259 4934 2494 5001 codices,
2526 4944 2685 5002 atque
2710 4933 2986 4999 historici,
3034 4942 3303 5002 tamquam
3352 4935 3643 5001 proprium

2052 5003 2367 5059 Constantio
2396 5008 2749 5059 communiter
2779 5004 3039 5057 tribuunt.

2126 5074 2197 5129 Ea
2226 5090 2311 5129 me
2335 5075 2620 5129 difficultas
2669 5074 2885 5129 adducit
2930 5084 2988 5127 ut
3017 5074 3204 5140 opiner
3254 5070 3641 5126 Constantium

2048 5146 2375 5199 sanctionem
2406 5145 2672 5205 edidisse,
2712 5159 2818 5198 non
2868 5143 3174 5207 Ravennae,
3226 5144 3311 5197 ubi
3364 5142 3645 5195 llonorius

2054 5227 2356 5269 moraretur
2374 5255 2389 5279 ,
2422 5216 2515 5269 sed
2547 5215 2649 5269 alia
2677 5216 2729 5269 in
2754 5215 2905 5277 urbe,
2930 5216 2981 5268 in
3004 5230 3104 5283 qua
3128 5213 3470 5266 Constantius
3492 5216 3645 5265 forte

2053 5287 2331 5341 existeret.
2359 5286 2557 5353 Opiner
2587 5300 2797 5349 quoque
2822 5300 2925 5339 non
2952 5285 3253 5353 appositum
3282 5282 3515 5353 Honorii
3534 5296 3645 5334 no-

2053 5372 2196 5417 men,
2231 5370 2299 5409 ne
2324 5355 2659 5408 Theodosius
2689 5355 2844 5407 simul
2876 5352 3258 5422 appellaretur,
3290 5368 3451 5421 quem
3480 5352 3641 5404 Con-

2051 5428 2281 5479 stantius
2307 5426 2583 5490 reciproco
2613 5434 2920 5492 contemptu
2951 5424 3410 5492 prosequebatur:
3443 5436 3641 5488 quain-

2054 5511 2211 5565 qnam
2241 5497 2393 5563 longe
2422 5494 2632 5549 facilior
2654 5504 2737 5551 est
2762 5496 2861 5548 alia
2887 5494 3211 5565 difficultatis
3242 5494 3515 5565 solvendae
3543 5506 3640 5565 ra:

2057 5561 2151 5630 tio,
2181 5561 2353 5633 qttanf
2370 5565 2515 5634 prius
2558 5567 2867 5634 attigimus,
2913 5565 2959 5618 si
3009 5564 3260 5617 nimirum
3309 5563 3517 5616 dicatur
3558 5561 3638 5634 ad

2060 5629 2397 5689 Volusiannm
2425 5636 2621 5702 scripta
2650 5629 2860 5689 tantum
2890 5635 3135 5703 cpistola.
3178 5634 3285 5688 Nec
3321 5638 3467 5687 enim
3500 5629 3634 5703 epi-

2057 5707 2207 5761 stolis
2228 5706 2472 5762 omnihus
2498 5700 2733 5763 omnium
2758 5700 3135 5773 imperatorum
3160 5718 3350 5758 nomen
3379 5700 3631 5770 malere-
