3972 6180
262 340 361 399 406

632 336 947 397 DISSERT.
990 338 1081 395 ll].
1123 339 1215 397 DE
1252 337 1913 401 CUNSTITUTIONIBUS
1951 342 2465 403 IMPERATORUM
2500 344 2575 403 [Ν
2607 343 2829 405 CAUSA
2874 348 3125 406 PELAG.

3410 347 3509 403 ωδ

263 459 410 531 plena
440 454 709 527 vanitatis,
732 455 1048 526 jamdudum
1074 456 1276 527 corrigi
1304 456 1659 526 jusseramus,
1689 470 1827 527 quo-
1856 459 1909 519 Δ
1933 459 2287 515 centesimum
2316 460 2533 529 quidem
2555 461 2790 533 lapidem
2823 462 3057 519 habeant
3086 466 3363 521 licentiam
3388 477 3522 523 eun-

263 550 465 607 tidianis
505 549 957 606 insinuationibus
983 548 1186 619 majora
1229 549 1345 605 ﬁeri
1380 550 1737 604 nunt’antur:
1770 558 1826 605 et

260 643 496 714 quoniam
518 640 787 697 discordia
815 639 1029 696 animos
1056 648 1364 697 commovet
1389 640 1734 712 populorum,
1760 655 1825 696 ea

257 752 369 808 quae
393 734 705 806 jamdudum
730 734 879 803 jussa
906 743 1085 804 erant,
1119 732 1468 804 praecipimus
1498 732 1683 788 iterari
1703 740 1752 788 ι.

326 825 473 883 Unde
504 826 587 880 his
612 825 791 893 lectis,
822 825 1104 881 eximietas
1126 832 1216 879 tua
1245 839 1434 879 omnes
1460 825 1549 895 qui
1577 824 1667 878 Dei
1692 822 1827 877 invi-

257 922 379 978 dent
413 919 593 991 pietati
622 917 913 988 diligenter
942 915 970 955 δ
1004 918 1261 987 inquirat,
1294 926 1347 972 et
1380 931 1478 972 eos
1521 915 1683 970 faciat
1708 927 1825 969 sva-

255 1019 343 1073 t‘rm
382 1029 412 1068 e
460 998 624 1067 muris
670 1010 833 1066 Urbis
874 1010 1101 1081 expelli,
1131 1011 1204 1065 ita
1238 1020 1446 1073 tamen,
1475 1020 1532 1065 ut
1576 1025 1644 1064 ne
1684 1009 1824 1064 intra

1929 549 2179 607 sistendi.
2224 562 2246 591 ε
2275 550 2589 610 (Ζωιεειίυπι
2638 571 2852 627 quoque
2882 558 3076 631 magis
3118 573 3182 613 ac
3223 559 3392 629 magis
3448 574 3522 616 ex
3578 614 3589 631 ,

1930 642 2073 699 Urbe
2096 644 2222 713 pelli
2244 646 2589 713 mandamus;
2618 658 2831 703 constat
2856 630 2996 702 enim
3019 692 3033 714 ,
3063 649 3249 705 iisdem
3281 666 3312 706 e
3340 650 3520 707 medio

1928 735 2178 804 sublatis,
2207 738 2437 807 gratiam
2468 748 2523 794 et
2564 740 2909 795 concordiam
2950 750 3137 799 tenete
3159 752 3394 799 veterem
3426 744 3518 799 tir-

1929 829 2193 883 mitatem.
2916 888 2933 900 κ

2000 917 2027 957 ἀ
2053 919 2216 990 Sane,
2246 921 2503 992 deinceps
2522 923 2566 977 si
2596 923 2699 979 tale
2717 922 2992 994 quidpiam
3014 926 3173 982 luerit
3190 927 3515 991 nuntiatum,

1933 1019 1957 1047 ο
1989 1011 2228 1067 olﬁcium
2276 1016 2603 1083 praestantia:
2646 1028 2750 1070 tute
2796 1016 3013 1086 capitali
3057 1019 3338 1075 sententia:
3391 1020 3518 1076 sub-

1420 1122 1504 1177 CA
1515 1121 1762 1177 STlGA'l'
1770 1119 1972 1177 IONES
2012 1123 2100 1178 ET
2136 1125 2365 1181 NOTAE.

253 1220 401 1274 batur
421 1258 435 1279 ,
462 1216 556 1271 sed
586 1215 771 1285 paucis
801 1224 1038 1280 tantum;
1070 1224 1125 1269 et
1162 1215 1301 1269 forte
1342 1212 1711 1285 Constantius
1736 1212 1838 1266 hac

255 1301 362 1344 arte
386 1282 673 1343 declinavit
703 1287 957 1342 invidiam
988 1285 1281 1351 contempti
1321 1285 1613 1339 Theodosii
1640 1301 1651 1336 :
1700 1282 1839 1337 hanc

255 1373 426 1414 tamen
473 1359 755 1425 epistolam
804 1358 997 1426 placuit
1045 1356 1240 1412 l’hotio
1286 1355 1563 1411 decretum
1612 1353 1833 1420 dicere,

257 1431 371 1499 quia
405 1430 716 1483 mandatum
748 1429 1079 1499 continebat.

322 1501 384 1554 At
414 1500 580 1563 unde,
611 1509 702 1551 aut
727 1498 817 1552 ubi
847 1500 1059 1565 scripsit
1088 1496 1471 1551 Constantius?
1502 1493 1688 1548 Roma:
1715 1508 1838 1550 sus-

258 1572 432 1637 picor;
483 1584 583 1624 nec
627 1569 757 1624 levis
796 1578 880 1623 est
926 1567 1231 1636 suspicatnli
1280 1582 1461 1621 causa.
1510 1566 1643 1637 Cum
1673 1566 1838 1637 _enitn

258 1635 594 1697 Constantius
616 1641 701 1694 vix
727 1654 785 1694 se
808 1648 987 1708 posset
1006 1635 1283 1693 continere
1310 1638 1450 1701 loco,
1480 1643 1537 1689 ut
1559 1636 1636 1708 ait
1660 1635 1842 1705 Olym-

258 1710 524 1783 piodorus,
559 1706 824 1783 simulque
862 1711 1207 1778 intelligeret,
1237 1706 1690 1783 quemadmodum
1722 1713 1840 1774 ipse

259 1778 305 1837 in
325 1781 553 1848 epistola
576 1778 832 1849 loquitur,
856 1783 1049 1835 tentari
1076 1794 1255 1848 pacem
1278 1778 1487 1845 Romae,
1511 1792 1669 1849 quam
1696 1787 1841 1831 tanto

260 1852 544 1909 studiosius
577 1848 893 1918 permanere
914 1852 1103 1914 vellet,
1136 1859 1337 1918 quanto
1379 1848 1675 1916 majoribus
1722 1863 1840 1902 eam

260 1923 535 1977 conatibus
555 1922 892 1976 statuendam
913 1931 1215 1983 curaverat,
1242 1930 1365 1975 tunc
1392 1921 1552 1974 etiam
1582 1934 1704 1973 cum
1728 1919 1840 1973 sola

260 1992 589 2083 gratia-apud
621 1994 997 2083 imperatorem
1030 1989 1465 2083 sororiutnpni‘bil
1494 2001 1839 2083 np‘nlposset;
1877 2024 1921 2083 Β

260 2060 455 2133 putavit
486 2060 623 2118 forte
651 2060 943 2132 urgendum
973 2078 1066 2131 per
1094 2077 1155 2117 se
1183 2060 1493 2133 [traiectum
1529 2060 1687 2114 Urbis
1706 2101 1720 2121 ,
1749 2061 1842 2127 qui

260 2132 469 2190 mollius
498 2133 719 2202 agebat;
747 2142 803 2187 et
844 2134 1077 2202 praefecti
1126 2132 1361 2187 ollicium
1405 2133 1690 2200 praesentia
1731 2143 1842 2185 ter-

262 2207 502 2269 rentium,
534 2220 602 2258 ne
628 2204 917 2259 connivere
942 2215 1203 2273 pergeret.

326 2277 478 2342 Quod
510 2275 556 2329 si
589 2289 673 2328 res
704 2275 775 2328 ita
803 2289 862 2328 se
890 2269 1164 2340 habuerit,
1191 2282 1248 2328 ut
1274 2280 1424 2329 certe
1452 2269 1623 2341 potuit
1645 2312 1659 2335 ,
1702 2279 1849 2339 patet

262 2353 388 2401 ratio
422 2361 530 2400 cur
567 2346 666 2401 soli
706 2345 1023 2401 Constantio
1064 2344 1263 2399 tributa
1301 2345 1372 2399 sit
1414 2358 1442 2395 a
1494 2343 1848 2410 scriptoribus

263 2419 496 2482 sanctio;
529 2425 673 2485 patet
704 2416 854 2482 item,
882 2426 937 2471 et
963 2416 1054 2471 ubi
1082 2414 1207 2470 data
1233 2417 1332 2480 sit,
1365 2413 1561 2485 Roma:
1601 2414 1848 2474 scilicet;

265 2500 309 2543 et
333 2503 432 2556 quo
471 2484 752 2555 suadente,
783 2487 1058 2542 Bonilaeio
1087 2500 1298 2541 summo
1333 2484 1612 2556 pontiﬁce;
1648 2493 1703 2556 et
1741 2498 1848 2553 quo

262 2554 461 2620 mense,
495 2558 715 2621 Martio;
743 2566 797 2612 et
821 2573 979 2626 quam
1011 2557 1080 2611 ob
1102 2570 1337 2619 causam,
1370 2554 1658 2626 utebviam
1683 2555 1850 2626 iretur

264 2628 597 2693 tumultibus,
626 2630 717 2697 qui
747 2624 993 2683 solebant
1022 2641 1141 2681 esse
1171 2626 1391 2680 maximi
1430 2624 1582 2680 festis
1625 2624 1850 2692 pascha-

263 2701 412 2765 libus,
437 2702 488 2751 si
511 2698 727 2761 quando
754 2698 990 2754 Ecclesia
1010 2697 1349 2751 scinderetur
1380 2698 1431 2749 in
1461 2704 1674 2763 partes;
1704 2710 1848 2751 atino

263 2781 430 2826 autem
472 2769 565 2823 illo
592 2768 796 2822 Pascha
824 2770 1050 2837 contigit
1079 2768 1168 2821 die
1194 2770 1227 2823 5
1254 2769 1480 2834 Aprilis.
1522 2774 1579 2820 et
1612 2766 1847 2837 nondum

263 2840 326 2895 ita
356 2850 516 2894 erant
543 2841 841 2906 compressi
874 2836 1065 2895 Eulalii
1094 2840 1321 2908 partium
1353 2844 1554 2903 motus,
1579 2836 1705 2906 quin
1736 2854 1846 2892 tne-

264 2914 358 2965 rito
385 2913 647 2965 deberent
679 2912 875 2965 timeri.

329 2990 354 3018 ι
382 2981 523 3035 Cum
557 2982 643 3036 lex
673 2982 968 3050 distinguat
995 2979 1320 3050 praeteritam
1352 2976 1788 3050 superstitionem
1820 2991 1851 3031 a

264 3052 452 3106 recenti
480 3057 750 3117 vanitate,
780 3048 1159 3118 et'utra'mque
1207 3050 1498 3118 imperator
1538 3048 1848 3116 jamdudum

266 3124 447 3191 corrigi
482 3138 547 3178 se
588 3123 817 3191 jussisse
849 3124 1076 3186 scribat,
1105 3121 1327 3175 dubium
1369 3130 1451 3191 est
1489 3121 1615 3189 quid
1655 3133 1848 3187 super-

264 3190 491 3248 stitionis
538 3195 783 3257 nomine,
830 3195 956 3262 quid
994 3192 1268 3257 vanitatis,
1299 3190 1596 3262 indicetur;
1626 3191 1845 3243 dubium

264 3264 381 3318 item
412 3280 540 3329 qua:
589 3260 960 3334 praecesserint
988 3262 1285 3318 Constantii
1321 3260 1473 3334 jussa
1518 3261 1848 3334 dehutraqus

265 3330 616 3403 corrigenda,
658 3336 919 3403 siquidem
964 3336 1015 3389 in
1046 3334 1377 3403 consortium
1408 3330 1614 3403 imperii
1643 3345 1850 3403 assum-

267 3383 1174 3472 sitsitasticissagacitatis;
1189 3383 1471 3458 “erant.
1485 3383 1722 3456 nisi;
1750 3383 1842 3456 su.
1876 3383 1920 3445 C

267 3478 631 3540 petstitionem
680 3475 1007 3544 praeteritam
1050 3474 1375 3544 interpretor
1415 3488 1481 3527 ex
1521 3473 1626 3541 leg.
1658 3473 1764 3544 158
1788 3473 1850 3525 de

268 3547 526 3599 decution.
558 3543 831 3601 Judaieam
860 3565 872 3599 :
903 3557 1173 3600 recentem
1201 3543 1491 3597 vanitatem
1511 3584 1525 3608 ,
1557 3558 1707 3598 more
1751 3543 1851 3597 Pa-

271 3625 419 3680 trum,
473 3617 725 3672 ltacresim
772 3617 1137 3685 Pelagianam.
1191 3615 1320 3669 Nam
1359 3613 1612 3668 adversus
1663 3614 1851 3685 ambas

268 3686 569 3757 jamdudum
597 3689 747 3754 jussu
776 3683 1007 3757 dederat
1029 3686 1323 3757 Honorius;
1356 3693 1411 3757 et
1439 3683 1847 3757 cottlra_Judai-

270 3754 375 3809 cam
406 3759 626 3821 quidem
657 3760 762 3827 leg.
790 3759 861 3812 24
891 3758 951 3810 de
976 3755 1176 3811 Judwis
1204 3755 1271 3827 ad
1303 3754 1590 3827 Palladium
1627 3754 1758 3827 RB.
1796 3768 1852 3827 _vt

271 3828 336 3881 iil.
387 3829 551 3882 Mart.
602 3823 837 3884 Honorio
886 3844 957 3882 xit
983 3840 1038 3883 et
1064 3826 1370 3882 Theodosio
1396 3840 1489 3880 vni
1516 3826 1628 3879 AA.
1659 3825 1762 3879 CC.
1796 3823 1853 3878 lu

272 3896 602 3968 Pelagianam
632 3915 782 3965 vero,
815 3898 1007 3967 partim
1038 3898 1420 3968 constitutione
1457 3895 1852 3968 ad_Palladium

272 3966 614 4036 l‘i’fpartim
640 3966 863 4038 epistola
896 3971 958 4023 ad
986 3969 1291 4031 Aurelium,
1324 3966 1391 4020 de
1436 3966 1631 4038 quibus
1676 3973 1852 4038 actum

271 4048 383 4093 est:
423 4037 772 4095 Coostautius
813 4050 991 4095 autem
1013 4080 1027 4104 ,
1066 4054 1187 4094 cum
1215 4045 1338 4106 post
1364 4039 1575 4104 nuptias
1605 4037 1855 4091 Placidire

273 4110 394 4180 nihil
426 4128 536 4165 non
569 4121 780 4180 gereret
802 4111 853 4164 in
885 4110 1113 4179 imperio
1139 4108 1489 4180 Oi'cidentali,
1517 4109 1654 4180 facta
1676 4108 1855 4163 omnia

274 4179 484 4235 llonorii
519 4178 618 4236 sibi
650 4178 1103 4250 arrogabat,’suas
1126 4179 1317 4234 solitus
1339 4178 1544 4232 litteras
1566 4179 1855 4250 imperato-

275 4252 361 4303 riis
407 4252 645 4307 decretis
674 4249 902 4313 sociare,
933 4259 991 4303 ut
1032 4259 1243 4304 constat
1271 4264 1335 4302 ex
1371 4250 1434 4302 iis
1484 4263 1619 4317 quas
1669 4249 1854 4313 misit,

276 4323 349 4390 vel
387 4322 660 4390 episcopis
697 4323 762 4375 ad
801 4322 1086 4377 concilium
1119 4320 1453 4388 Spoletinum
1486 4320 1691 4373 vocatis
1717 4360 1731 4384 ,
1767 4320 1856 4374 vel

276 4389 597 4461 Symmacho
623 4393 679 4446 P.
714 4392 780 4448 U.
813 4393 866 4446 in
896 4405 1055 4445 causa
1087 4390 1294 4445 dissidii
1320 4390 1387 4443 de
1429 4390 1737 4457 pontiﬁcatu
1777 4390 1855 4443 in-

279 4470 353 4516 ter
384 4462 710 4517 Bonifacium
741 4475 795 4518 et
822 4462 1105 4516 Eulalium.

342 4531 367 4569 δ
398 4533 452 4586 Id
488 4544 595 4599 est,
626 4534 969 4601 inquisitores
1005 4533 1135 4595 det,
1185 4529 1325 4599 quod
1371 4529 1615 4585 solemne
1660 4528 1757 4583 fuit
1804 4528 1857 4584 in

278 4604 545 4657 atrocibus
572 4604 903 4667 criminibus,
938 4602 1095 4671 quale
1115 4611 1198 4656 est
1216 4603 1355 4671 laesa:
1380 4601 1693 4671 majestatis,
1724 4607 1856 4665 etc.;

280 4672 328 4725 in
354 4674 474 4727 aliis
504 4674 646 4728 enim
678 4690 783 4729 non
808 4670 1215 4743 lnquirebantnr
1240 4670 1320 4725 rei
1350 4671 1417 4743 ab
1445 4670 1764 4743 ol’ﬁeio,_sed
1791 4672 1860 4726 ab

1939 1230 2107 1282 quare
2139 1216 2414 1291 fatendum
2444 1226 2558 1291 est,
2593 1221 2851 1275 nonnullo
2894 1220 3170 1276 Volusiani
3206 1223 3333 1277 vitio
3356 1265 3370 1291 ,
3400 1224 3518 1280 edi-

1944 1289 2300 1361 ctu_m_iminus
2332 1290 2566 1357 patuisse
2593 1307 2752 1361 quam
2783 1294 3138 1347 Sanctionem.

2011 1354 2038 1392 ά
2078 1354 2460 1431 Demonstrant
2486 1362 2584 1415 ista
2611 1354 2844 1431 'qttidem
2893 1364 3275 1419 comminantis
3317 1366 3518 1429 verlri,

1940 1441 2047 1495 quo
2100 1429 2281 1504 studio
2321 1432 2483 1504 vellet
2535 1429 2882 1504 Constantius
2922 1449 3139 1489 manere
3181 1450 3368 1504 pacem
3412 1436 3521 1489 llu-

1944 1514 2071 1577 rnze:
2104 1502 2195 1553 sed
2231 1503 2466 1577 produnt
2504 1502 2665 1577 simul
2691 1504 3036 1577 imperiosum
3066 1502 3475 1577 viri‘ingenium
3506 1548 3521 1566 ,

1943 1572 2080 1644 sicut
2126 1572 2459 1644 et_litter:e,
2498 1584 2622 1628 ante
2654 1574 2841 1627 initum
2891 1575 3209 1644 imperium,
3263 1572 3405 1630 data:
3453 1579 3520 1630 ad

1945 1640 2325 1716 Symmachum
2356 1656 2583 1716 :__atque
2636 1644 2705 1697 ita
2756 1640 2982 1713 epistola
3028 1640 3523 1716 hmcplittermque

1945 1709 2051 1787 illm
2083 1722 2317 1787 mutuam
2345 1714 2468 1780 sibi,
2502 1709 2719 1787 propter
2739 1709 3073 1787 communem
3099 1709 3317 1787 stylum,
3338 1709 3522 1773 auc-to-

1944 1782 2157 1856 ritateni
2190 1784 2455 1856 ﬁdemque
2499 1784 2719 1838 faciunt.
2768 1784 2997 1841 Litteras
3027 1782 3266 1856 integras
3305 1782 3522 1843 referre

1948 1867 2051 1926 non
2083 1855 2209 1926 erit,
2240 1854 2468 1923 opinor,
2500 1856 2865 1923 importunum
2888 1900 2902 1919 ,
2936 1858 3052 1912 sive
3093 1854 3218 1926 quia
3262 1859 3521 1912 emenda-

1950 1923 2113 1999 tiores
2142 1925 2333 1999 damus
2373 1942 2531 1991 quam
2568 1929 2826 1981 hactenus
2852 1927 3014 1999 editae
3042 1923 3188 1993 sint;
3221 1932 3335 1999 sive
3380 1929 3523 1999 quod

1947 2007 2012 2047 ex
2046 1994 2110 2048 iis
2141 1996 2486 2065 intelligatur,
2519 2009 2720 2070 quanto
2742 1998 2920 2054 studio
2951 2002 3184 2068 quietem
3215 1998 3377 2054 Urbis
3397 1994 3524 2070 pro-

1949 2076 2184 2131 curaret,
2210 2077 2520 2134 quantaque
2553 2066 2750 2122 Urbem
2783 2066 2978 2135 ipsam‘
3001 2071 3320 2125 auctoritate
3361 2066 3521 2125 eiiam

1950 2143 2060 2211 tum
2094 2144 2325 2211 regeret,
2359 2152 2480 2211 cum
2509 2138 2743 2211 nondum
2776 2139 3060 2208 imperium
3090 2140 3317 2211 adeptus
3356 2151 3531 2205 esset.

1948 2204 2351 2275 Litterm’igitur
2379 2209 2447 2261 ita
2482 2223 2539 2262 se
2569 2208 2763 2262 habent
2796 2226 2809 2261 :

2025 2275 2093 2331 Ut
2114 2289 2251 2349 certo
2273 2280 2524 2347 possimus
2553 2295 2764 2349 qumque
2793 2294 3112 2347 cognoscere,
3147 2290 3195 2334 et
3238 2281 3525 2349 [actionum

1949 2357 2183 2419 auctores
2209 2348 2351 2416 ﬁdeli
2374 2351 2552 2402 nuntio
2585 2359 2631 2402 et
2661 2354 2945 2419 inspectore
2975 2367 3077 2404 non
3122 2348 3356 2415 lateant;
3404 2369 3527 2405 can-

1949 2417 2221 2470 cellarium
2248 2430 2479 2472 nostrum
2518 2417 2753 2472 Vitulunt
2771 2421 3084 2485 direximus,
3128 2432 3180 2475 ut
3204 2422 3398 2474 domini
3446 2425 3526 2476 in-

1949 2488 2211 2541 victissimi
2238 2490 2485 2558 principis
2513 2489 2732 2561 affatus,
2765 2500 2916 2561 atque
2936 2491 3194 2560 judicium
3226 2493 3292 2544 ad
3322 2495 3528 2547 eximie-

1951 2567 2103 2631 tatem
2132 2570 2294 2623 tuam,
2323 2571 2369 2613 ct
2394 2563 2461 2613 ad
2484 2560 2731 2631 populum
2751 2560 2901 2615 celeri
2925 2562 3252 2631 festinatione
3275 2563 3527 2631 deferret:

1949 2628 2185 2698 illudque
2236 2628 2632 2696 monemus,'ut
2668 2628 2933 2701 quidquid
2955 2634 3114 2685 sacris
3140 2628 3528 2686 auctoritatibus

1952 2702 2260 2773 continetur,
2291 2701 2434 2773 nulla
2469 2709 2747 2773 temeritate
2777 2702 3018 2767 uioletur,
3054 2712 3100 2754 et
3127 2719 3240 2773 quia
3273 2715 3528 2773 prmcepta

1951 2782 2087 2843 sunt,
2117 2770 2321 2837 effectui
2356 2772 2509 2843 celeri
2556 2774 2859 2825 mandentur
2902 2770 3180 2843 instantia,
3213 2770 3283 2827 ne
3313 2774 3529 2843 Augusti

1952 2840 2241 2904 clementia,
2270 2842 2406 2911 quod
2435 2860 2570 2895 nunc
2618 2843 2912 2912 agnoscitur
2949 2842 3239 2910 distulisse,
3277 2840 3527 2898 commoto

1952 2914 2232 2983 majestatis
2261 2928 2367 2966 sua:
2390 2914 2582 2983 vigore,
2611 2912 2878 2967 emendare
2899 2930 3000 2966 non
3026 2912 3250 2978 differat.

2073 2984 2320 3055 espondit
2380 2982 2613 3055 demisse
2662 2982 3047 3053 Symmachus,
3101 2984 3204 3039 hoc
3250 2984 3530 3055 praemisso

1952 3052 2146 3107 litteris
2178 3054 2358 3107 titulo:
2393 3053 2616 3107 Domino
2641 3052 2840 3121 semper
2868 3055 3063 3108 illustri
3080 3096 3093 3117 ,
3123 3066 3169 3108 et
3210 3052 3300 3121 per
3347 3065 3532 3109 cuncta

1954 3125 2249 3195 magniﬁco,
2284 3126 2561 3194 meritoque
2596 3126 2804 3178 sublimi
2820 3141 2890 3195 jac
2920 3126 3167 3192 praecelsa
3197 3125 3494 3179 Constantio
3513 3166 3528 3189 ,

1956 3193 2323 3264 Symmachus.
2358 3193 2495 3249 Tum
2536 3196 2743 3249 reddita
2784 3194 3059 3264 sigillatim
3108 3206 3380 3263 gestorum
3413 3212 3530 3250 om-

1954 3268 2099 3317 niutn
2132 3265 2369 3329 ratione,
2404 3281 2575 3334 eaque
2594 3266 2774 3320 addita
2815 3266 3228 3332 compellatione
3257 3284 3270 3320 :
3316 3265 3532 3320 Domine

1954 3352 2152 3404 semper
2180 3337 2559 3399 illustrissime,
2588 3345 2635 3389 et
2658 3337 3019 3400 sacratissime,
3055 3337 3343 3405 magniﬁce,
3376 3338 3533 3391 uteri-

1955 3417 2105 3477 taque
2130 3407 2364 3477 sublimis
2386 3424 2446 3460 ac
2473 3406 2713 3477 prwcelse
2748 3420 2995 3477 patrone;
3021 3406 3237 3461 tandem
3285 3407 3358 3460 ita
3397 3422 3532 3462 con-

1953 3476 2123 3531 cludit
2148 3495 2161 3529 :
2190 3475 2259 3529 Et
2287 3475 2529 3547 quoniam
2555 3478 2620 3530 de
2660 3475 2998 3544 Itis-interim,
3046 3493 3158 3547 quae
3199 3487 3341 3547 gesta
3386 3488 3530 3543 sunt,

1954 3548 2190 3602 universa
2210 3549 2476 3602 virtutibus
2504 3550 2680 3601 vestris
2715 3548 2967 3602 credimus
2993 3549 3346 3619 suggerenda,
3380 3549 3534 3619 quid-

1954 3619 2079 3684 quid
2105 3620 2426 3686 sequentibus
2458 3618 2638 3671 diebus
2670 3636 2760 3686 pro
2791 3619 2959 3688 quiete
2989 3617 3171 3684 Urbis,
3190 3635 3344 3688 quam
3371 3617 3534 3673 uestra

1957 3689 2175 3761 felicitas
2199 3689 2768 3761 regit,ﬂgestumfuerit,
2802 3688 3088 3761 sigillatim,
3122 3706 3217 3759 pro
3236 3707 3402 3743 rerum
3429 3691 3533 3758 [ide

1956 3768 2003 3811 et
2030 3758 2231 3823 ordine,
2256 3758 2544 3812 pretioribus
2569 3758 2775 3811 indiciis
2797 3759 3061 3811 nuntiabo.

2032 3828 2198 3882 Porro
2226 3839 2405 3883 autem
2436 3844 2502 3883 ex
2530 3828 2721 3881 litteris
2756 3828 3056 3881 ConStantii
3082 3836 3135 3881 et
3178 3829 3532 3896 responsione

1956 3898 2266 3968 Symmachi
2294 3899 2552 3968 colligere
2595 3907 2710 3953 est:
2737 3899 2930 3968 primo,
2973 3898 3349 3953 Constantium
3398 3916 3533 3952 ιιοιι-

1958 3967 2083 4024 dum
2136 3967 2301 4025 fuisse
2337 3967 2719 4036 imperatorem
2764 3984 2852 4023 vin
2883 3967 3092 4023 k-ilcnd.
3124 3970 3359 4035 Aprilis,
3400 3985 3526 4023 anu.

1957 4039 2083 4105 M9,
2115 4055 2221 4109 quo
2249 4051 2490 4111 tempore
2509 4039 2575 4093 ad
2598 4038 2978 4109 Symmachum
3010 4039 3316 4111 scribebat:
3347 4053 3532 4107 quain-

1959 4126 2118 4182 quam
2149 4109 2596 4182 imperiiinitinm
2632 4112 2897 4178 linemque
2940 4124 2970 4163 a
2999 4109 3531 4182 nobis__assignatmn,

1959 4178 2146 4236 contra
2188 4178 2475 4237 Baroniuni
2498 4182 2867 4247 demonStrat,
2900 4180 3041 4249 quod
3074 4178 3254 4243 nullae,
3286 4179 3389 4232 nisi
3416 4194 3533 4249 quat

1959 4267 2091 4307 ann.
2122 4252 2218 4306 421
2266 4264 2385 4322 post
2410 4252 2720 4307 Januarium
2753 4248 2960 4322 etgante
2989 4249 3360 4322 September
3393 4248 3530 4322 datin

1960 4332 2089 4377 sunt
2114 4318 2280 4391 leges,
2313 4338 2507 4378 nomen
2557 4318 2859 4391 Constantii
2902 4324 3209 4386 prmleraut.
3260 4319 3535 4382 Secundo,

1961 4404 2156 4462 quanta
2184 4390 2433 4462 polleret
2475 4392 2566 4446 ille
2616 4390 2962 4462 nihilominus
3010 4392 3365 4462 auctoritate,
3409 4399 3536 4444 ante

1963 4460 2245 4533 imperium
2275 4468 2550 4533 adeptum,
2595 4473 2652 4515 ut
2679 4462 2767 4531 qui
2802 4460 3116 4533 prmlectum
3166 4460 3328 4516 Urbis
3357 4463 3530 4533 virum

1964 4530 2247 4599 illustrem,
2282 4530 2391 4587 non
2416 4532 2557 4595 aliis,
2590 4530 2748 4599 quam
2777 4532 2979 4585 soleret
3006 4534 3318 4599 imperator,
3356 4530 3538 4584 verbis

1963 4603 2281 4673 appellaret.
2311 4604 2516 4667 Tertio,
2548 4603 2741 4672 quibus
2772 4603 2884 4670 ipse
2911 4601 3148 4673 vicissim
3180 4601 3442 4654 honorum
3471 4602 3539 4653 ti-

1966 4672 2091 4729 tulis
2120 4674 2444 4739 afﬁceretur,
2474 4673 2633 4727 etiam
2662 4687 2691 4724 a
2722 4673 2974 4742 pnefecw
3006 4672 3163 4727 Urbis
3186 4712 3201 4738 ,
3234 4688 3263 4724 a
3292 4687 3403 4740 quo
3444 4686 3538 4739 pa-

280 4741 947 4819 sccusatoribustr‘aetiad
988 4744 1187 4819 judicia
1218 4742 1605 4819 puniebantur.
1648 4741 1857 4819 Primus
1884 4760 1938 4819 D
1965 4755 2154 4800 tronus
2179 4745 2468 4819 diceretur.
2498 4741 2732 4809 Quarto,
2752 4758 2908 4805 quam
2936 4742 3287 4819 vehementer
3309 4748 3537 4819 cuperet

280 4811 610 4869 Theodosius
639 4815 709 4870 Μ.
740 4814 1086 4885 inquisitores
1115 4813 1231 4867 dari
1255 4812 1413 4882 jussit
1438 4813 1505 4867 ad
1534 4812 1856 4882 conquiren-

282 4885 372 4938 dos
402 4885 704 4956 haereticos,
734 4884 837 4956 leg.
865 4886 903 4956 9
923 4885 986 4938 de
1012 4884 1189 4938 lueret.

348 4964 371 4993 ε
415 4955 588 5010 Verba
616 4952 809 5025 quibus
828 4955 982 5024 jubet
1026 4956 1316 5023 imperator
1348 4955 1539 5007 iterum
1571 4952 1855 5025 edicipte-

285 5038 399 5077 nam
424 5025 601 5080 exsilii
628 5023 887 5081 adversus
917 5026 1253 5089 Calestium,
1273 5025 1493 5079 dubium
1517 5039 1601 5077 mc
1630 5023 1850 5087 iaciunt,

288 5103 459 5149 utrum
502 5098 872 5151 antecedentia
912 5097 1215 5165 pertineant
1243 5096 1308 5150 ad
1359 5096 1603 5148 homines
1649 5096 1851 5149 recenti

285 5166 533 5235 vanitati,
580 5167 632 5221 id
682 5177 800 5232 est,
843 5168 978 5234 parti
1026 5166 1323 5235 Pelagianae
1362 5166 1644 5228 faventes;
1676 5180 1742 5218 an
1784 5166 1851 5220 ad

284 5234 411 5289 alios
432 5237 605 5303 potius
629 5238 914 5307 praeteritae
941 5234 1303 5305 superstitioni
1333 5235 1594 5289 addictos.
1632 5235 1707 5307 De
1733 5236 1855 5291 aliis

287 5317 443 5377 agere
470 5304 738 5377 praecipue
766 5307 1141 5377 imperatorem
1161 5308 1372 5377 ,,verbo
1410 5316 1614 5359 tantum
1639 5304 1707 5359 de
1733 5308 1855 5361 Coa-

291 5374 954 5444 testioJacile’sentirem,
988 5378 1090 5432 nisi
1124 5393 1210 5431 me
1260 5376 1520 5431 retineret
1562 5378 1853 5432 auctoritas

290 5442 555 5503 Volusiani
584 5450 803 5509 nullam.
829 5442 1021 5503 nisi'de
1047 5446 1321 5508 leestio,
1356 5445 1600 5501 facientis
1625 5449 1854 5501 mentio-

292 5529 409 5570 nem
436 5517 489 5589 in
514 5519 710 5574 edicto.
741 5518 966 5589 Oportet
1000 5518 1195 5589 igitur,
1237 5519 1321 5589 vel
1346 5519 1659 5589 praefectum
1692 5517 1851 5572 Urbis

294 5599 396 5640 non
426 5588 492 5643 de
514 5590 763 5645 omnibus
787 5589 1045 5654 edixisse,
1076 5590 1145 5643 de
1172 5588 1368 5659 quibus
1400 5588 1693 5659 imperator
1720 5602 1849 5641 san-

293 5666 479 5723 xerat;
528 5662 609 5715 vel
650 5661 865 5714 nomine
907 5658 1203 5728 praeteritze
1238 5658 1639 5727 superstitionis
1681 5658 1851 5726 ipsam

297 5738 502 5797 quoque
555 5730 891 5799 Pelagianam
948 5729 1194 5784 hatresim
1245 5728 1668 5796 comprehendi,
1719 5728 1860 5795 quod

299 5808 619 5862 postremum
659 5800 1011 5873 improbabile
1042 5801 1218 5858 reddit
1242 5800 1501 5857 orationis
1538 5808 1857 5856 contextus:

1963 4827 2204 4888 pacatam
2230 4814 2445 4888 Urbem,
2475 4821 2837 4888 quantumque
2863 4813 3107 4866 studeret
3132 4811 3386 4888 Bouilacii
3419 4826 3539 4879 par-

1963 4880 2124 4950 iibns,
2164 4887 2252 4953 qui
2294 4886 2459 4939 misso
2482 4880 2831 4953 cancellario,
2872 4892 3141 4953 tamquam
3174 4880 3317 4935 [idoli
3349 4883 3536 4953 inspe-

1959 4968 2132 5019 ctore,
2151 4950 2353 5010 rescire
2368 4955 2617 5023 voluerit,
2634 4964 2685 5007 et
2702 4952 2994 5007 Honorium
3010 4951 3230 5023 docere,
3241 4966 3359 5023 qua:
3383 4950 3541 5021 Syru-

1916 5048 1919 5049 ν
1960 5028 2204 5093 machus,
2233 5041 2354 5080 cum
2393 5020 2611 5080 Eulalio'
2646 5023 2886 5089 faveret,
2914 5024 3174 5078 hactenus
3202 5020 3537 5076 dissimulata

1957 5097 2235 5151 voluisset.

2032 5176 2055 5205 ο
2096 5166 2341 5221 Ofﬁcium
2374 5181 2470 5233 pro
2501 5164 2821 5220 omcialibus
2855 5162 3000 5232 poni,
3029 5177 3199 5233 nemo,
3228 5162 3434 5232 peritus
3457 5161 3540 5215 le-

2000 5252 2086 5291 um
2140 5238 2330 5292 nescit.
2378 5232 2583 5290 Eadem
2630 5252 2790 5305 porro
2835 5236 3133 5304 iisdemque
3184 5232 3303 5288 fere
3364 5233 3543 5305 verbis

2014 5309 2236 5361 onorius
2265 5309 2329 5361 ad
2361 5303 2741 5377 Symmachum
2771 5318 2929 5361 antea
2959 5303 3267 5377 scripserat,
3299 5312 3356 5377 ut
3403 5303 3534 5377 nulli

1962 5378 2180 5433 dubium
2210 5392 2331 5432 esse
2362 5372 2549 5447 possit,
2582 5393 2690 5447 quo
2718 5377 3002 5440 suadente,
3046 5372 3402 5447 hamo-cujus
3437 5372 3542 5439 spi-

1962 5451 2071 5503 ritu
2112 5443 2406 5514 imperator
2437 5443 2733 5502 scriberet:
2769 5448 2915 5502 Sciat
2956 5460 3081 5500 sane
3113 5443 3399 5498 sublimitas
3431 5452 3543 5514 tua,

1962 5512 2385 5588 primiscrinium,
2415 5532 2459 5570 et
2483 5519 2733 5588 reliquum
2771 5517 3013 5587 alliciunt,
3054 5514 3191 5588 quod
3220 5514 3323 5588 tuis
3344 5512 3546 5588 actibus

1962 5581 2293 5654 obsecundat,
2327 5581 2428 5641 non
2467 5581 2633 5642 solum
2663 5581 3221 5657 gravissimtem'ulctte
3266 5581 3547 5657 dispendiis

1968 5650 2317 5729 aﬂiigendum,
2352 5659 2440 5711 scd
2462 5669 2506 5712 ct
2529 5650 2841 5727 supplicium
2868 5650 3427 5729 capitis‘sortiturum,
3469 5650 3547 5701 ηἰ-

1966 5725 2033 5795 si,
2058 5725 2209 5782 enixa
2231 5745 2383 5797 opera
2408 5725 2752 5793 commodata,
2789 5725 2997 5783 statutis
3029 5725 3309 5781 clementia
3351 5730 3543 5773 nostra

1968 5800 2192 5869 pra’bcre
2215 5800 2484 5854 maturarit
2512 5798 2769 5866 electum.
