3972 6180
416 318 521 374 407

844 315 935 369 AD
976 313 1260 369 PARTEM
1299 310 1561 368 PRIMA“
1599 309 1880 366 OPERUM
1919 312 1987 366 Μ.

2099 311 2476 370 ERCATORIS
2511 312 2858 369 APPENDIX
2896 310 3235 371 SECUNDA.

3578 314 3684 368 408

408 431 641 487 denduni
699 445 819 484 esse
876 442 1170 497 cognosce;
1221 442 1326 480 non
1358 426 1502 479 enim
1543 427 1777 495 patimttr
1820 430 1989 498 impu-
2018 434 2068 491 Α
2096 423 2401 498 Bonifacius
2446 424 2644 479 Zosimi
2691 438 2973 498 successor
3021 427 3107 480 vix
3153 426 3291 482 bene
3335 436 3457 495 post
3500 428 3686 481 turbas

409 526 579 586 pitum
612 537 735 577 esse
762 528 1027 591 prmccpta
1060 527 1241 571 nostra
1277 517 1643 572 cxsccmionis
1671 520 1990 589 negligentia

408 615 684 685 prote'ari.
722 612 874 676 Vale,
910 624 1105 680 parens
1148 608 1467 675 charissimc
1515 620 1674 680 atque
1728 612 1991 666 amantis-

408 723 567 766 sume.

480 799 544 851 Et
567 798 775 868 adjecta
805 798 1136 869 subscriptio.
1169 806 1193 833 ⁸
1227 797 1516 866 impleatur
1542 798 1682 867 quod
1708 766 1991 867 jussimtis,

405 893 531 967 quia
564 892 671 947 hoc
698 891 856 946 fama:
888 900 991 946 tua:
1018 891 1255 959 expedit.

740 1019 981 1059 HISTORIA
1022 1018 1205 1057 SAXCTI
1244 1018 1325 1057 αις
1365 1019 1429 1057 ΕΤ
1469 1019 1662 1058 εωετι.

476 1118 637 1173 Caret
666 1117 871 1171 sanctio
900 1117 950 1170 in
983 1116 1227 1170 omnibus
1248 1115 1404 1169 editis
1427 1117 1698 1169 codicibus
1721 1126 1841 1168 nota
1866 1132 1994 1169 con-

406 1191 606 1255 sulum,
641 1190 860 1251 mensis,
892 1188 1016 1252 diei,
1051 1197 1210 1256 atque
1232 1187 1389 1240 etiam
1418 1186 1553 1250 loci;
1598 1202 1767 1253 neque
1808 1189 1994 1255 hacte-

408 1276 509 1314 nus
543 1259 689 1313 licuit
716 1275 779 1313 ex
814 1260 932 1312 ullis
966 1258 1337 1324 inanuscriptis
1371 1258 1518 1311 libris
1552 1258 1813 1311 editorum
1842 1256 1992 1312 defe-

406 1340 550 1385 ctum
580 1330 851 1399 supplere,
883 1328 975 1381 sed
1004 1331 1113 1385 sola
1144 1330 1451 1396 conjectura
1479 1329 1573 1380 uti.

482 1398 695 1455 Verum
720 1416 839 1453 eum
888 1399 1233 1454 Constantius
1274 1398 1611 1466 imperaverit
1655 1411 1747 1453 sex
1788 1406 1993 1452 tantum

407 1486 640 1536 menses,
671 1481 725 1525 ut
758 1469 1139 1534 l’hilostorgius
1169 1478 1222 1521 et
1252 1469 1666 1539 Olympiodorus
1712 1468 1991 1533 scribunt;

404 1542 597 1596 obierit
625 1542 873 1611 Agricola
903 1550 956 1594 et
988 1540 1261 1611 l'.ustai_hio
1283 1554 1422 1593 coss.
1456 1548 1509 1591 ut
1530 1542 1595 1591 ab
1618 1540 1866 1611 omnibus
1890 1552 1995 1593 tra-

404 1612 583 1676 ditur;
613 1608 904 1668 exltiuctus
932 1612 1000 1665 sit
1029 1611 1116 1665 die
1156 1608 1190 1660 2
1225 1608 1557 1678 Septembris
1579 1650 1593 1671 ,
1640 1618 1777 1662 teste
1816 1610 1993 1663 Theo-

405 1684 618 1751 phane:
653 1698 875 1736 necesse
897 1691 1000 1745 est,
1032 1681 1098 1733 iis
1130 1679 1261 1751 ipsis
1306 1680 1629 1751 consolihus
1662 1678 1991 1733 sanctionem

403 1748 602 1809 editam
632 1754 814 1817 fui~se,
846 1751 896 1805 id
920 1762 1019 1817 est,
1048 1766 1173 1803 ann.
1197 1748 1321 1815 421,
1345 1758 1399 1803 et
1423 1765 1487 1803 eo
1510 1750 1722 1816 quidem
1754 1761 1993 1817 tempore

402 1825 543 1891 quod
579 1823 895 1888 iuterlluxit,
931 1823 997 1875 ab
1025 1833 1207 1875 oetava
1234 1822 1322 1875 die
1355 1821 1660 1883 Februarii,
1702 1837 1805 1889 qua
1847 1824 1991 1891 Con-

402 1890 633 1948 stantius
659 1896 962 1960 auSpicatus
993 1903 1073 1947 est
1102 1892 1381 1960 imperium
1406 1932 1418 1948 .
1463 1891 1526 1943 ad
1570 1891 1858 1944 secundam
1895 1890 1992 1947 Se-

404 1966 687 2033 ptembris,
718 1981 819 2033 qua
852 1966 955 2017 vita
988 1964 1236 2018 excessit.
1268 1963 1337 2016 De
1366 1977 1545 2018 mense
1567 1971 1621 2016 et
1646 1962 1762 2015 loco
1784 1972 1989 2030 postea,

402 2037 472 2089 de
501 2037 590 2089 die
620 2036 859 2090 divinare
887 2050 989 2087 non
1018 2034 1159 2087 licet.

476 2107 599 2159 Scio
627 2110 762 2161 hanc
789 2106 1044 2171 temporis
1075 2104 1331 2156 rationem
1376 2117 1480 2155 non
1527 2102 1788 2170 pl.icui.~se
1831 2103 1994 2172 pluri-

403 2177 502 2230 bus
549 2175 973 2243 chronographis
997 2216 1012 2238 ,
1062 2176 1357 2242 praesertim
1392 2172 1799 2236 recentioribus,
1828 2185 1992 2242 atque

406 2248 506 2313 ipsi
550 2249 707 2301 etiam
757 2246 1023 2309 Bnl‘OlliO,
1076 2260 1233 2313 quem
1281 2244 1714 2313 chronograplms
1756 2244 1992 2299 creditus

404 2314 642 2384 Prosper
670 2328 721 2372 et
752 2316 802 2369 Id
827 2317 946 2371 :tius
975 2314 1313 2369 abduxerunt
1347 2314 1398 2367 in
1448 2329 1597 2366 suam
1644 2313 1946 2381 opinionem
1976 2357 1991 2377 ,

406 2389 472 2443 tle
512 2389 677 2440 tribus
715 2386 1080 2442 Constantiani
1132 2385 1338 2449 imperii
1376 2385 1550 2438 annis.
1584 2384 1686 2438 Sed
1718 2386 1993 2453 Olympio-

407 2460 522 2513 dori
541 2468 594 2513 et
616 2458 957 2525 Theophanis
983 2455 1356 2525 historicorum
1384 2456 1558 2523 potior
1576 2465 1658 2507 est
1675 2455 1989 2522 auctoritas,

404 2548 563 2596 quam
599 2533 677 2583 vel
708 2524 951 2597 l’rospt-ri
986 2528 1143 2589 illius,
1178 2524 1397 2597 omnia,
1452 2535 1670 2597 propter
1716 2527 1991 2597 brevitatis

403 2594 662 2666 studium,
691 2594 1021 2654 confundere
1047 2596 1212 2661 soliti,
1241 2597 1323 2649 vel
1346 2594 1495 2649 ldatii
1522 2595 1716 2663 ubiquc
1738 2594 1851 2651 fere
1874 2611 1991 2651 cor-

404 2676 566 2737 rupti.

472 2734 591 2797 .lam
625 2757 752 2794 Veri)
780 2739 1000 2793 edendze
1027 2735 1319 2791 sanctiouis
1344 2749 1503 2789 causa
1534 2734 1651 2799 fuit,
1682 2750 1837 2803 quain
1866 2746 1992 2793 ante

404 2812 587 2869 dicere
609 2812 886 2877 (cepimus.
914 2808 1196 2864 titnlestius
1218 2820 1428 2873 nempe,
1455 2814 1733 2877 postquam
1758 2808 1989 2862 examini

404 2897 465 2936 se
500 2876 791 2943 subduxit,
834 2878 1055 2946 tulitque
1099 2877 1418 2932 sententiam
1462 2876 1857 2941 damnationis,
1906 2880 1988 2933 vel

404 2952 543 3019 apud
566 2966 692 3005 suos
722 2950 906 3005 Romae
940 2950 1187 3011 latuerat,
1217 2946 1358 3016 quod
1386 2947 1857 3019 indicaregvidetur
1884 2952 1991 3003 Au-

402 3018 677 3095 gustinus;
703 3021 785 3095 vel
813 3021 865 3074 iu
896 3019 1092 3095 Urbem
1121 3019 1370 3095 redierat,
1395 3019 1533 3087 quod
1561 3018 1807 3095 opinatur
1827 3020 1991 3095 garo-

404 3089 559 3162 ilius;
594 3095 678 3147 vel
709 3093 761 3148 in
795 3092 1046 3162 proximis
1074 3089 1405 3155 substiterat,
1437 3090 1577 3162 quod
1614 3089 1785 3162 innuit
1827 3090 1988 3144 Volu-

2098 497 2309 558 Eulalii,
2340 498 2679 549 constitutam
2712 497 2894 550 sedem
2928 498 3170 562 tenebat,
3205 498 3387 551 scissis
3426 498 3599 550 adhuc
3632 516 3684 552 iu

2100 576 2276 633 partes
2321 566 2551 620 clericis.
2596 566 2830 634 Populus
2880 567 3110 619 nondum
3152 566 3461 633 quiescebat
3486 569 3616 621 satis
3649 585 3679 620 a

2096 636 2315 704 nuperis
2344 636 2674 690 tumultibus.
2715 636 3003 690 Prasfectus
3032 636 3188 692 Urbis
3209 680 3223 702 ,
3269 649 3327 692 ut
3354 646 3469 692 erat
3508 638 3687 692 ethni-

2096 722 2211 771 cus,
2245 708 2396 761 facile
2424 717 2631 776 poterat
2668 708 3101 773 persuasionibus
3129 708 3472 762 iucundorum
3506 707 3683 763 homi-

2098 792 2224 849 num
2252 778 2428 849 induci
2460 777 2537 849 ad
2553 776 3233 849 credendum,qu:estionis
3253 793 3393 843 esse,
3419 794 3523 832 nou
3550 779 3685 849 dog-

2098 847 2256 901 matis
2298 846 2723 903 altercatioueni.
2770 845 3010 901 Ofﬁcium
3059 849 3303 916 primoris
3351 845 3684 915 corrUptioni

2098 916 2385 971 obnoxium
2415 928 2548 971 erat.
2582 918 2637 970 ln
2668 917 2788 971 aula
2816 918 3120 971 Occidentis
3166 918 3301 975 nihil
3336 934 3442 972 non
3487 920 3685 975 licebat

2100 987 2347 1043 Placidia:
2394 988 2611 1042 Honorii
2653 988 2866 1047 sorori.
2912 988 3123 1058 feminae
3172 1000 3451 1058 utramque
3479 999 3682 1044 sortem

2096 1068 2349 1123 expertia,
2381 1068 2435 1112 et
2463 1067 2522 1113 ut
2543 1058 2852 1112 dominandi
2882 1057 3080 1122 avidae,
3110 1060 3180 1113 ita
3223 1057 3393 1113 cerea:
3438 1060 3579 1114 ﬂecti
3626 1065 3682 1116 in

2097 1143 2254 1198 quam
2285 1130 2481 1185 vellent
2511 1140 2714 1198 partem
2745 1130 2988 1182 homines
3010 1131 3211 1183 servire
3238 1130 3493 1184 volentes.
3524 1131 3683 1185 Deni-

2097 1214 2221 1265 que,
2247 1199 2325 1252 sin
2355 1201 2528 1254 minus
2555 1202 2652 1253 ista
2685 1198 2738 1253 in
2769 1198 3075 1265 Occidente,
3108 1202 3476 1265 succederent,
3512 1213 3684 1254 resta-

2098 1268 2189 1323 bat
2212 1271 2425 1337 Oriens,
2457 1270 2543 1325 ubi
2576 1270 2909 1323 Theodosius
2941 1273 3174 1325 nondum
3205 1272 3498 1325 Pulcheria:
3527 1287 3683 1325 ειη-ο⁶

2101 1339 2173 1411 ris
2202 1351 2510 1395 excusserat
2532 1340 2739 1410 jugum,
2766 1349 2820 1394 et
2847 1340 2932 1393 illa
2960 1356 3140 1411 vrgo,
3172 1343 3254 1411 pia
3296 1342 3536 1408 quidem.
3582 1343 3680 1396 sed

2100 1409 2307 1478 imperii
2356 1409 2575 1472 amans.
2622 1420 2831 1480 poterat
2879 1411 3023 1465 illudi
3051 1409 3263 1479 “specie,
3291 1424 3412 1466 cum
3442 1413 3677 1480 pietatis,

2098 1494 2217 1551 qua:
2248 1481 2630 1549 prarferebatur
2657 1496 2685 1534 a
2717 1481 3037 1551 Pelagianis,
3069 1493 3181 1535 tum
3210 1483 3443 1547 querela:
3474 1482 3540 1535 de
3574 1485 3681 1536 Uc-

2098 1550 2323 1605 cidentis
2358 1554 2604 1621 imperio,
2632 1551 2719 1606 cui
2761 1550 2863 1606 aut
2896 1554 3165 1606 invidebat
3209 1552 3439 1606 femineo
3485 1553 3680 1607 affectu

2101 1634 2315 1688 promer
2347 1622 2632 1677 Placidiam
2666 1624 2933 1689 :emulam,
2968 1632 3062 1677 aut
3098 1637 3395 1692 repugnare
3431 1625 3679 1687 amabat,

2100 1706 2167 1745 ne
2196 1692 2432 1747 Honorio
2457 1696 2662 1747 servire
2689 1694 2976 1748 videretur.

2169 1760 2222 1815 ld
2249 1762 2605 1818 subodoratus
2637 1763 2960 1827 Bonifacius,
2992 1778 3311 1832 quamquam
3334 1778 3419 1818 res
3444 1762 3681 1830 Pelagia-

2023 1806 2069 1866 Β
2099 1806 2230 1885 ηοὶυ
2238 1806 2707 1889 κῖἷῖἵιὶῗόὲὶἶιιῖἔ
2715 1806 3678 1903 "sig'étiéiii'nFI-"f'iii‘YE'iés‘a'sliminis}:

2095 1903 2365 1975 epistolas,
2394 1903 2589 1975 quibus
2616 1905 2902 1960 Caelestius
2928 1906 3279 1974 Julianusque
3308 1918 3432 1958 suos
3460 1906 3677 1958 erudie-

2095 1972 2222 2044 bant
2245 1974 2309 2029 ad
2334 1972 2672 2038 seditionem,
2701 1976 2932 2044 potuerit
2963 1972 3221 2044 pontifex.
3254 1975 3355 2029 nisi
3383 1975 3678 2043 vigilantiso

2094 2042 2228 2114 sima
2256 2045 2568 2099 clericorum
2600 2042 2872 2109 diligentia
2898 2042 3130 2100 nancisci
3154 2064 3166 2098 :
3190 2046 3266 2105 id,
3292 2042 3525 2114 inquam,
3550 2047 3679 2099 sub-

2093 2113 2373 2183 odoratus,
2399 2118 2536 2184 apud
2587 2117 2953 2171 Constantium
2998 2117 3139 2186 egit,
3174 2127 3229 2169 ut
3258 2113 3474 2185 juberet
3516 2115 3678 2169 Volu-

2094 2187 2300 2257 sianum
2325 2189 2465 2256 iungi
2490 2202 2731 2251 munere,
2756 2188 3110 2257 pristinasque
3130 2188 3677 2257 sanctionesexsequi

2094 2255 2349 2326 adversus
2376 2257 2570 2311 divina:
2600 2258 2748 2324 fidei,
2778 2270 2834 2312 et
2862 2255 3054 2326 quietis
3084 2257 3309 2325 publica:
3348 2255 3674 2312 turbatores.

2094 2324 2215 2394 Egit
2245 2343 2369 2382 vero
2394 2330 2533 2395 apud
2556 2324 2923 2383 Constantium
2957 2324 3159 2396 potius,
3190 2342 3349 2396 quam
3390 2328 3529 2394 apud
3569 2328 3677 2381 Ho-

2095 2398 2334 2465 norium,
2368 2398 2491 2453 licet
2525 2399 2683 2452 ambo
2729 2399 2887 2453 simul
2933 2408 3246 2468 regnarent:
3294 2399 3489 2468 partim
3531 2400 3679 2468 quod

2092 2480 2216 2520 eum
2240 2468 2340 2523 sibi
2366 2481 2522 2522 antea
2541 2469 2839 2523 studiosum
2862 2470 3116 2523 sensisset
3143 2471 3193 2522 in
3220 2468 3431 2536 negotio
3459 2467 3671 2533 Eulalii,

2094 2550 2213 2590 cum
2242 2540 2435 2593 acriter
2464 2538 2843 2609 Symmachum
2874 2581 2889 2602 ,
2925 2538 3150 2593 necdum
3180 2539 3393 2603 Ctesar,
3436 2538 3677 2607 impelle-

2094 2618 2176 2660 ret
2216 2608 2267 2662 in
2317 2608 2574 2663 bonarum
2625 2611 2856 2679 partium
2906 2610 3252 2677 obsequium;
3306 2611 3499 2677 partim
3546 2609 3675 2677 quia

2094 2691 2416 2747 propensum
2443 2690 2556 2734 erat
2586 2694 2803 2748 Sperare
2822 2720 2836 2741 .
2874 2680 2942 2735 ab
2970 2682 3205 2749 Augu~to
3247 2694 3435 2734 recens
3475 2694 3676 2733 renun-

2097 2750 2224 2801 tiato
2273 2750 2429 2804 facile
2475 2750 2823 2806 obtinendum
2874 2752 3148 2806 decretum
3197 2750 3249 2803 in
3298 2752 3543 2818 eos,qui
3579 2749 3675 2803 Dei

2095 2818 2395 2891 inviderent
2425 2821 2626 2888 pietati,
2655 2837 2762 2891 quo
2803 2821 3008 2890 imperii
3046 2822 3278 2891 auspicia
3326 2832 3675 2876 censet-taret

2096 2888 2204 2963 Deo
2233 2891 2388 2963 (Aug.
2422 2891 2510 2963 lib.
2544 2907 2561 2946 ι
2587 2892 2654 2945 ad
2674 2888 2855 2959 'Bonif.
2881 2888 3000 2961 cap.
3031 2893 3105 2962 1).

2164 2960 2355 3016 Potest
2375 2961 2534 3031 igitur
2560 2964 2673 3016 hzec
2698 2964 2867 3018 videri
2910 2960 3071 3018 causa
3114 2978 3217 3017 nou
3270 2961 3674 3029 improbabilia.

2093 3045 2192 3086 cur
2220 3032 2423 3086 sanctio
2447 3033 2588 3087 edita
2618 3034 2707 3088 sit.
2740 3034 2847 3087 Hac
2879 3049 3004 3088 vero
3030 3035 3117 3087 vix
3156 3034 3317 3087 ullam
3356 3034 3592 3100 reperias
3620 3033 3675 3084 in

2093 3108 2204 3155 toto
2242 3102 2429 3157 codice
2466 3104 2910 3173 imperiosiorem,
2946 3108 2989 3157 si
3022 3105 3143 3158 licet
3171 3106 3238 3159 ita
3276 3105 3448 3171 loqui;
3478 3104 3591 3155 sive
3622 3103 3675 3156 id

404 3160 821 3245 siaoiﬁdictum}
852 3162 892 3218 E
925 3162 1137 3244 latebris
1160 3171 1305 3245 certe
1334 3170 1511 3241 partes
1540 3160 1727 3245 Eulalii
1755 3176 1985 3245 suasque

2099 3172 2279 3245 iecerit
2315 3160 2615 3245 Constantii
2656 3175 2882 3239 indoles,
2898 3160 3147 3245 'qualem.
3178 3183 3233 3227 et
3255 3160 3676 3245 Oly'mpiudorus

401 3235 561 3292 simul
587 3234 819 3300 fovebat,
847 3237 1183 3289 continenter
1206 3232 1350 3285 velut
1366 3230 1417 3287 in
1440 3231 1653 3297 specula
1675 3233 1982 3301 eXplorans,

403 3306 448 3357 si
476 3320 576 3373 qua
608 3306 814 3359 ratione
847 3312 1046 3372 posset,
1076 3312 1167 3355 aut
1195 3302 1314 3356 fidei
1339 3342 1373 3373 ,7
1397 3312 1502 3373 aut_
1526 3300 1721 3373 quietis
1747 3300 1987 3373 publica:

404 3370 589 3444 pacem
620 3370 873 3437 turbare;
903 3373 1131 3431 habebat
1171 3373 1314 3444 enim
1364 3372 1418 3425 in
1462 3370 1697 3444 Ecclesia
1751 3371 1987 3427 Humana

403 3440 644 3501 faventes
666 3447 911 3509 clericos,
938 3444 1098 3497 immo
1119 3452 1171 3496 et
1194 3442 1473 3511 episcopos
1496 3443 1546 3494 iu
1570 3440 1735 3497 Urbe.
1760 3459 1987 3511 quorum

403 3516 511 3571 dux
556 3515 801 3570 Julianus
823 3556 836 3576 ,
880 3530 1080 3581 eosque
1119 3514 1228 3566 suis
1255 3511 1459 3567 artibus
1488 3512 1776 3577 an‘mabat,
1810 3523 1865 3566 ut
1892 3514 1990 3567 im—

405 3586 649 3656 portunis
676 3586 922 3656 precibus
942 3588 1009 3638 ab
1034 3588 1351 3652 imperatore
1372 3591 1753 3656 extorquerent
1786 3582 1987 3656 Zosimi

403 3653 509 3713 vita
538 3653 703 3711 functi
728 3656 987 3725 judicium
1018 3655 1335 3725 retractari:
1358 3653 1486 3725 sive
1522 3653 1582 3725 in
1626 3655 1833 3723 sy.-odo
1875 3656 1987 3722 ple.-

405 3728 584 3791 naria,
617 3727 681 3780 ad
722 3723 880 3792 quam
907 3726 1229 3794 appellatum
1260 3723 1327 3777 ab
1356 3723 1483 3790 ipsis
1516 3724 1719 3776 fuerat:
1752 3726 1867 3779 sive
1892 3740 1983 3794 per

405 3798 629 3859 idoneos
652 3797 880 3865 iudices,
912 3793 999 3864 qui
1028 3795 1159 3848 nihil
1194 3793 1614 3865 praejudicatiad
1655 3809 1867 3849 causam
1896 3793 1989 3848 af-

407 3872 627 3936 ferrent,
654 3863 796 3937 quod
838 3882 866 3922 a
910 3863 1020 3931 suis
1067 3864 1470 3927 damnatoribus
1514 3863 1711 3919 factum
1766 3866 1991 3921 mentie-

404 3939 618 3993 bantur.

413 4006 419 4011 ’
475 4008 860 4079 Opportunitas
915 4004 1166 4077 temporis
1220 4006 1501 4069 consilium
1547 4005 1807 4075 juvabat:
1866 4006 1989 4063 nam

2089 3242 2158 3316 de
2183 3244 2315 3298 [acie
2340 3244 2605 3316 depingit,
2643 3257 2697 3300 et
2741 3242 2945 3300 litteras'
2968 3246 3033 3300 ad
3071 3242 3452 3316 Symmachum
3492 3251 3677 3297 osten.

2090 3313 2262 3378 dunt;
2312 3315 2424 3368 sive
2473 3313 2649 3383 putius
2688 3330 2756 3370 eo
2796 3316 3022 3369 moverit
3053 3313 3229 3369 causa:
3263 3315 3491 3381 justitia,
3523 3322 3676 3367 utne

2094 3385 2497 3455 paxiconstituta
2525 3387 2728 3455 magnis
2748 3385 3046 3439 Constantii
3070 3386 3366 3450 conatibus,
3392 3384 3674 3454 abinquie-

2092 3458 2159 3508 tis
2186 3454 2279 3509 Dei
2307 3454 2625 3526 imperiique
2649 3457 2890 3510 hostibus
2919 3457 3350 3511 lahefactaretur.

2588 3546 3038 3603 CONSTITU'I‘IO
3084 3546 3166 3600 Vl.

2130 3653 2360 3695 ευιετωι
2404 3654 2733 3696 PROPOSITUI
2770 3656 2801 3694 Δ
2831 3654 3122 3694 νοιυειλιςο
3152 3652 3439 3694 1⁵1181³80το
3469 3652 3617 3692 υῐὶΒῑί

2310 3727 2640 3785 Vowsuuus
2672 3730 2953 3798 profectus
2987 3730 3143 3784 Urbis
3172 3730 3360 3783 edixit.

2171 3832 2195 3860 υ
2250 3821 2518 3875 Hactenus
2563 3819 2876 3875 leestium
2919 3831 2942 3859 ο
2988 3820 3185 3874 divinae
3212 3819 3372 3888 fidei,
3401 3827 3455 3873 et
3480 3819 3677 3887 quietis

2102 3915 2327 3984 publica;
2356 3913 2683 3968 turbatorem
2709 3958 2723 3982 ,
2754 3910 2781 3950 ά
2804 3913 3021 3984 judiciis
3041 3897 3267 3980 {amica
3317 3912 3425 3967 reis
3462 3925 3677 3966 secreta

2098 4008 2487 4064 subduxerunt.
2518 4016 2541 4045 ε
2580 4006 2697 4062 Jam
2729 4008 2874 4077 leges
2902 4016 2956 4063 et
2996 4007 3107 4075 jam
3138 4006 3312 4061 edicta
3343 4020 3675 4076 persequen-

1577 4121 2124 4181 tiASTlGATIONES
2165 4123 2251 4179 ET
2290 4122 2518 4179 NOTAE.

479 4225 504 4253 ³
536 4214 686 4271 Inter
714 4214 1157 4271 subscribendum
1188 4214 1480 4283 imperator
1506 4228 1600 4269 sua
1644 4228 1803 4268 manu
1836 4216 1976 4270 istud

406 4287 636 4354 addidit,
677 4302 782 4353 quo
807 4287 924 4355 plus
948 4287 1167 4345 haberet
1210 4285 1465 4341 momenti
1493 4303 1504 4338 ε
1536 4285 1979 4355 quoniamiVolu-

405 4357 613 4423 siauus,
645 4372 764 4409 cum
796 4354 1028 4410 nondum
1052 4355 1390 4410 ChriStiauus
1416 4355 1584 4421 iuret,
1611 4365 1663 4410 ut
1688 4372 1750 4409 ex
1788 4354 1980 4413 Photio

407 4427 609 4499 dictum
638 4436 738 4499 est,
759 4426 926 4487 videri
958 4436 1137 4495 posset
1173 4442 1277 4479 non
1326 4425 1612 4499 admodum
1645 4441 1833 4481 curare
1859 4443 1980 4497 qu.e

407 4496 726 4563 religionem
760 4510 939 4548 veram
968 4506 1291 4562 Spectarent.
1316 4496 1648 4563 Quamquam
1685 4507 1808 4551 tunc
1840 4496 1977 4551 tem-

408 4568 555 4633 poris
581 4568 721 4619 inter
749 4568 1165 4623 catechumenos
1198 4577 1467 4627 versatum
1500 4567 1687 4629 luisse,
1716 4568 1826 4634 jam
1853 4568 1978 4622 inde

2088 4216 2272 4285 patriae
2294 4225 2570 4284 parentes,
2615 4213 3011 4269 sanctissimum
3043 4213 3317 4271 societatis
3364 4213 3666 4281 vinculum,

2085 4302 2207 4357 qua:
2235 4286 2426 4355 religio
2457 4296 2562 4347 est,
2586 4285 2848 4357 rviolatum
2892 4286 3186 4339 vindicant.

2156 4354 2182 4393 ά
2216 4354 2409 4418 Salui.,
2426 4356 2640 4427 judiciis
2667 4356 2959 4427 amicarreis
2986 4372 3132 4409 sacra
3154 4354 3508 4427 subdiderunt.
3555 4354 3672 4411 Non

2086 4436 2212 4481 sunt
2236 4428 2352 4480 hinc
2384 4426 2695 4479 Bai-unianis
2727 4426 2990 4494 meliora,
3018 4427 3198 4496 qualia
3240 4426 3542 4481 Salinasius
3584 4428 3672 4495 ja-

2087 4507 2197 4552 ctat
2228 4512 2287 4551 se
2315 4496 2531 4556 alTerie.

2164 4577 2187 4605 ο
2229 4568 2580 4622 Communem
2625 4566 2935 4629 lectionem,
2968 4567 3070 4621 etsi
3101 4566 3293 4619 vitiosa
3320 4576 3423 4633 est,
3454 4566 3671 4621 dubita-

407 4638 476 4689 ab
507 4651 630 4706 ann.
657 4634 763 4701 412
792 4652 896 4688 non
930 4641 1160 4693 obscure
1190 4635 1319 4706 mihi
1352 4636 1535 4691 videor
1580 4641 1886 4703 perspicere
1915 4654 1979 4695 ex
2014 4639 2061 4698 D
2092 4638 2141 4695 vi
2172 4638 2285 4701 diu,
2315 4653 2382 4691 an
2416 4646 2699 4703 tuutarem,
2734 4637 2859 4706 quia
2886 4646 3081 4705 prmter
3106 4638 3371 4691 rationem
3403 4638 3536 4690 nihil
3573 4653 3670 4691 oc-

410 4704 623 4771 litteris,
657 4706 767 4760 tum
797 4721 824 4759 a
860 4705 1149 4771 Volusiano
1195 4705 1260 4767 ad
1313 4706 1664 4774 Augustinum
1692 4750 1704 4769 ,
1759 4717 1868 4762 tum
1916 4710 1984 4763 ab

368 4798 375 4803 ~
408 4778 709 4846 Augustino
729 4776 793 4829 ad
826 4775 1196 4841 Volusianum,
1230 4791 1295 4829 eo
1325 4790 1585 4845 tempore,
1619 4778 1687 4831 de
1730 4781 1986 4847 quaeStio-

411 4847 570 4917 nibus
599 4848 663 4900 ad
696 4848 854 4901 fidem
882 4848 1228 4917 christianum
1258 4848 1645 4917 spectantibus,
1678 4864 1783 4902 non
1815 4850 1983 4911 semel

408 4916 545 4988 datis
568 4917 723 4987 (Aug.
748 4917 897 4988 epist.
930 4917 1031 4972 155
1051 4915 1271 4983 £1157).

480 4986 508 5025 δ
546 4986 716 5055 Quam
746 4986 977 5060 divinam
1003 4990 1170 5060 tidem
1196 4986 1517 5045 Volusianus
1537 4987 1715 5043 dixit?
1757 4991 1810 5045 Si
1843 4997 1984 5045 cate:

408 5056 710 5112 cbumenus
756 5056 855 5128 fuit
877 5098 891 5119 ,
916 5056 1058 5113 eum
1089 5059 1354 5119 ediceret,
1407 5073 1523 5111 eam
1553 5074 1673 5128 qua:
1713 5060 1765 5114 in
1797 5076 1986 5116 verum

412 5128 578 5180 Deum
601 5136 720 5193 est;
753 5127 799 5181 si
819 5129 1111 5195 etiamnum
1139 5128 1318 5200 animo
1344 5127 1583 5200 gentilis,
1616 5145 1772 5195 quam
1816 5132 1988 5200 impe—

407 5209 614 5269 ratores
662 5208 1037 5269 sequerentur.
1089 5198 1549 5269 Quidquitldeuim
1601 5198 1986 5269 imperatorum

408 5266 529 5332 fuit,
563 5268 855 5321 vocabatur
883 5268 1032 5329 olim,
1057 5274 1219 5322 etiam
1248 5266 1295 5323 7a
1338 5266 1692 5333 Christianis,
1742 5266 1981 5326 divinum

407 5346 463 5399 et
484 5352 720 5408 sacrum.
755 5336 888 5395 Hinc
913 5338 1079 5405 divini
1107 5339 1340 5401 afﬂatus,
1374 5338 1549 5406 divina
1586 5350 1875 5408 praecepta,
1904 5342 1986 5394 di-

407 5407 549 5479 valia
579 5410 1147 5479 statutahsanctiones
1186 5407 1595 5474 sacratissiuiae,
1640 5426 1734 5477 pro
1777 5412 1984 5479 legibus

406 5477 805 5545 imperialibus;
828 5476 951 5551 hinc
967 5494 1139 5547 sacra:
1168 5480 1499 5549 largitiones,
1520 5476 1689 5549 Sacra:
1715 5476 1980 5551 epistolas,

405 5559 459 5612 et
488 5558 679 5619 caetera
709 5564 828 5617 qua:
859 5548 1058 5617 ubique
1083 5548 1394 5619 occurrunt.

482 5628 503 5655 ε
544 5616 905 5689 Imperatores
948 5616 1302 5689 insequuntur
1331 5621 1645 5686 hmreticos,
1696 5622 1841 5676 velut
1881 5622 1981 5677 lto-

407 5694 520 5761 gtes
547 5687 737 5761 divma;
756 5690 882 5761 fidei
916 5699 973 5745 et
1000 5686 1195 5758 quietis
1225 5692 1449 5757 publica:
1484 5692 1823 5747 turbatores:
1860 5709 1981 5746 nam

409 5759 531 5831 iuni
563 5759 672 5816 siut
710 5759 805 5817 lilii
844 5760 1141 5830 Ecclesiae,
1174 5761 1507 5837 ulciscuntur
1550 5771 1814 5831 matrem;
1860 5780 1982 5835 cuin

2088 4710 2362 4775 currebat,
2392 4708 2545 4776 cujus
2572 4711 2891 4762 auctoritate
2921 4711 3143 4762 niterer.
3195 4707 3389 4760 Vitium
3420 4716 3668 4773 apertum

2088 4788 2189 4840 est.
2222 4793 2381 4848 quem
2412 4781 2555 4833 enim
2578 4793 2796 4833 sensum
2828 4778 3031 4831 iaciunt
3053 4777 3135 4831 ha:
3157 4791 3354 4832 voces:
3381 4776 3503 4829 Jam
3534 4780 3671 4847 leges

2088 4852 2241 4903 etiam
2268 4849 2424 4903 edicti
2456 4858 2818 4915 persequentur
2842 4850 3096 4901 absentem
3122 4849 3144 4900 ἲ
3178 4848 3241 4901 Ει
3267 4863 3370 4917 qua
3399 4848 3666 4901 Latinita-

2089 4923 2157 4976 tis
2207 4921 2322 4989 lege
2363 4926 2788 4989 connectuntur,
2838 4918 2972 4989 leges
3013 4919 3212 4971 edicti?
3261 4922 3377 4987 Quo
3435 4924 3669 4985 pertinet

2088 4987 2417 5057 coniunctio,
2462 4990 2614 5041 etiam
2636 4990 2660 5040 Υ
2686 4987 2766 5043 An
2789 4990 2856 5042 ad
2880 4987 3180 5059 absentem,
3204 4990 3355 5058 quasi
3378 4989 3665 5059 praefectus

2088 5062 2375 5114 amoliatur
2404 5058 2761 5124 calumniam,
2794 5060 2937 5127 quod
2984 5060 3035 5113 in
3068 5058 3212 5114 Urbe
3258 5058 3460 5113 versari
3490 5059 3666 5112 Caele-

2092 5133 2256 5187 stium
2294 5128 2665 5198 permisisset?
2697 5128 2803 5183 Cur
2835 5130 3013 5195 inepte
3064 5130 3409 5183 interseritur
3449 5130 3659 5182 duabus

2092 5202 2211 5255 aliis
2244 5200 2504 5255 vocibus?
2531 5201 2612 5252 An
2642 5200 2705 5251 ad
2741 5200 2985 5263 verbum,
3013 5200 3389 5269 persequendi?
3431 5202 3548 5265 Quo
3583 5210 3664 5251 to-

2093 5271 2303 5325 lerabili
2334 5271 2542 5329 seuqu
2582 5273 2662 5328 An
2706 5269 2772 5323 ad
2810 5271 3045 5325 edictum
3077 5278 3132 5323 et
3172 5268 3341 5337 leges,
3389 5286 3512 5338 qua:
3548 5268 3662 5335 jam

2094 5342 2320 5409 primum
2348 5346 2754 5408 persequantur,
2788 5342 2867 5393 vel
2899 5342 3061 5403 etiam
3089 5355 3210 5409 qua:
3259 5342 3555 5395 iterentur?
3594 5339 3667 5393 At

2092 5426 2267 5479 neque
2311 5410 2641 5479 imperator,
2698 5412 2779 5464 vel
2825 5409 3109 5479 praefectus
3158 5411 3440 5464 lizereticos
3502 5411 3664 5463 aliter

2090 5496 2249 5550 quam
2280 5481 2482 5547 legibus
2512 5490 2566 5534 et
2608 5480 2797 5535 edictis
2846 5489 3275 5548 persequuntur;
3317 5495 3488 5549 neque
3534 5492 3662 5535 tunc

2088 5552 2319 5620 primum
2344 5550 2428 5605 lex
2448 5560 2502 5604 et
2521 5550 2754 5605 edictum
2787 5552 3114 5619 propositum
3136 5561 3218 5604 est
3248 5552 3300 5603 in
3324 5550 3659 5615 Caelestium;

2092 5636 2264 5691 neque
2297 5623 2501 5684 iterari,
2531 5622 2676 5691 quod
2699 5633 2981 5687 utrumque
3004 5621 3324 5688 oportuerit,
3352 5624 3523 5689 potuit
3551 5637 3659 5674 non

2090 5690 2209 5747 esse
2237 5690 2557 5760 probrosum
2600 5690 2905 5745 Volusiano.
2940 5691 3011 5744 Ita
3059 5691 3218 5759 igitur
3248 5693 3527 5760 legendum
3562 5706 3661 5758 pu-

2094 5763 2220 5832 tavi,
2238 5768 2355 5835 jam
2386 5762 2518 5833 leges
2549 5772 2595 5817 et
2614 5765 2729 5834 jam
2762 5763 2926 5825 edicta
2957 5773 3340 5833 persequentur.
3369 5762 3660 5830 Quincom-v.
