3972 6180
170 357 247 418 ιιθ
524 331 820 411 υιδὲειιτ.
862 350 949 406 lll.
993 351 1082 407 ne
1121 349 1773 406 CONS'IITUTIUNIBUS
1815 350 2315 409 IMPERATORUM
2356 350 2423 408 IN
2459 349 2689 411 causa
2728 350 2973 411 PELAG.

3264 355 3371 411 M0

168 489 233 533 tttr
252 474 515 529 absentem
546 488 557 523 :
590 470 714 536 cui,
739 470 879 540 quod
912 469 1139 538 primum
1163 479 1264 533 cst,
1298 478 1511 522 mterna‘
1539 469 1684 521 urbis
1716 477 1761 529 Α
1790 483 1908 537 qua:
1934 468 2133 524 smculo
2158 479 2344 526 nostro
2374 479 2639 542 tyrannus
2685 470 2979 538 inviderat,
3012 486 3180 542 prona
3211 472 3381 528 devo-

166 575 347 637 uegatur
375 563 647 630 habitatio,
679 571 737 616 ut
767 562 811 616 si
839 561 923 615 vel
950 562 1002 614 in
1036 561 1294 630 proximis
1328 558 1487 615 luerit
1511 559 1684 615 diver-

167 671 297 722 satus,
333 666 356 693 ⁸
381 656 616 710 debitum
650 669 755 708 non
780 654 973 709 evadat
1007 654 1249 719 exitium,
1284 652 1311 691 δ
1353 668 1452 723 pto
1496 654 1689 708 merito

166 750 431 807 tenuitatis
454 757 612 817 atque
633 761 796 801 ausus
822 747 926 800 sui.

213 841 425 896 Cunctos
450 839 610 893 etiam
635 838 792 905 hujus
806 837 969 893 edicti
998 838 1245 893 cautione
1269 852 1687 908 prtemonemus,

169 934 340 1002 nequis
360 931 574 999 iniquus
616 929 777 982 noxio
802 928 1061 983 latebram
1096 937 1248 998 putet
1294 943 1418 985 esse
1447 930 1693 998 praeben-

164 1026 291 1085 datu;
325 1032 346 1060 ε
378 1036 467 1087 ne,
497 1036 617 1075 cum
645 1019 953 1090 hujusmodi
974 1021 1043 1073 sit
1073 1021 1245 1089 posita
1278 1033 1455 1087 paena,
1488 1018 1691 1090 suppli-

161 1120 266 1170 cium
292 1128 349 1167 ac
381 1112 577 1183 stylum
609 1125 831 1166 necesse
859 1111 927 1165 sit
957 1109 1367 1179 proscriptionis
1393 1110 1689 1178 incurrere,

161 1201 409 1277 αυίεειυὶεά
447 1204 657 1275 legibus
702 1204 896 1259 divinis
947 1203 1306 1273 humanisque
1352 1218 1503 1258 reum
1552 1202 1691 1273 apud

161 1318 202 1354 se
219 1296 464 1368 putaverit
489 1297 643 1351 occul
653 1296 893 1351 tandum.

609 1428 1059 1485 CONSTITUTIO
1113 1428 1221 1484 VII.

237 1558 596 1597 ηιεῐςτικιηι
640 1558 696 1597 111
742 1559 807 1597 ΑΙ)
843 1558 1075 1597 AIAGIUI
1106 1558 1190 1596 PP.
1244 1556 1582 1607 ελιιιιαυι,

166 1659 217 1715 De
237 1659 575 1714 conveniendis
600 1674 689 1727 per
721 1656 1019 1728 Patroclum
1042 1657 1388 1711 Arelatensem
1442 1658 1692 1728 episc0pis

582 1730 888 1798 quibusdam
913 1727 1232 1799 Pelagianis.

1789 558 1933 612 tione
1961 573 2278 614 revocamus
2304 578 2317 613 :
2345 561 2555 617 scilicet
2595 570 2655 616 ut
2683 561 2942 631 quidquid
2987 577 3017 617 a
3047 562 3186 617 divis
3218 562 3368 630 prin-

1786 650 1998 718 cipibus
2027 651 2377 706 constitutum
2406 662 2514 721 est,
2544 653 2625 709 vel
2653 669 2772 724 quae
2802 654 2995 724 singuli
3020 656 3215 725 quique
3236 656 3381 709 anti-

1787 741 2341 811 stitesimpetrarunt,
2369 744 2480 814 jugi
2522 745 2753 799 solidata
2796 746 3375 801 :eternitateserven-

1790 844 1895 899 tur,
1921 850 2021 890 nec
2050 835 2364 907 cujusquam
2394 836 2591 891 audeat
2635 838 2858 893 titillare
2892 839 3267 908 praesumptio.
3314 837 3375 894 In

1790 940 1897 995 quo
1930 940 2030 981 nos
2062 926 2217 981 nobis
2248 928 2419 996 magis
2447 927 2741 995 praestitum
2768 928 2845 981 ire
2884 928 3222 982 confitemur.
3254 930 3378 984 Cle-

1791 1019 1933 1072 ricos
1961 1017 2147 1085 etiam,
2181 1033 2318 1089 quos
2350 1017 2687 1073 indiscretim
2730 1017 2796 1071 ad
2835 1019 3121 1073 saeculares
3160 1019 3372 1088 judices

1792 1107 1991 1163 debere
2020 1108 2213 1163 deduci
2245 1109 2511 1165 infaustus
2558 1119 2913 1179 praesumptor
2954 1107 3225 1175 edixerat,
3260 1111 3375 1177 epi-

1792 1201 1992 1270 scopali
2023 1200 2314 1256 audientiae
2338 1216 2716 1266 reservamus;
2746 1201 2829 1255 his
2859 1199 3226 1264 manentibus,
3257 1215 3374 1269 qua:

1793 1291 1935 1345 circa
1965 1306 2061 1346 eos
2104 1292 2285 1346 sanxit
2334 1292 2666 1361 antiquitas:
2720 1291 2800 1346 las
2839 1292 2983 1346 enim
3030 1305 3135 1344 non
3195 1296 3277 1343 est
3323 1299 3379 1342 ut

1796 1380 1961 1435 divini
2020 1383 2261 1437 muneris
2334 1383 2570 1437 ministri
2628 1382 3001 1452 temporalium
3051 1389 3378 1451 potestitnm

1795 1475 2096 1529 subdantur
2147 1477 2392 1532 arbitrio.
2449 1475 2682 1531 lllustris
2727 1478 2906 1545 itaque
2938 1477 3227 1529 anetoritas
3260 1486 3377 1539 tua,

1794 1566 1943 1620 omni
1972 1582 2086 1621 aevo
2114 1582 2367 1621 mansura
2413 1582 2532 1637 quae
2557 1566 2855 1636 jussimtts,
2900 1567 2951 1619 in
2984 1564 3378 1635 provinciarum

1797 1659 1959 1712 missa
1993 1660 2260 1728 notitiam,
2290 1659 2587 1729 pratcipiet,
2617 1660 2779 1712 etiam
2819 1657 2919 1711 sub
2966 1672 3122 1726 pinna
3155 1656 3378 1709 sacrile-

1795 1750 1891 1819 gii,
1921 1751 2203 1815 custodiri,
2234 1751 2544 1821 specialiter
2592 1749 2643 1803 id
2678 1749 2978 1803 illustribus
3020 1747 3378 1817 comprehen-

189 1855 206 1883 ο
241 1846 387 1915 lmpp.
429 1844 819 1915 Tnzoposmjs.
846 1852 900 1915 et
930 1841 1362 1915 Yataartatmos
1406 1838 1426 1878 ί
1459 1841 1649 1897 (Lassa
1717 1845 1762 1905 Β
1788 1858 1912 1899 sura
1940 1844 2249 1915 praeceptis,
2283 1853 2340 1899 ut
2375 1846 2426 1898 in
2454 1844 2701 1899 oumibus
2724 1845 2865 1899 circa
2884 1843 3247 1898 ecclesiastica
3272 1842 3380 1911 pri-

400 1925 425 1963 s
454 1914 683 1968 Amacio
716 1913 776 1966 V.
809 1913 906 1966 inl.
948 1913 1049 1967 Ρν.
1074 1910 1375 1967 Galliarum

213 2025 461 2095 l'rivih-gia
496 2026 888 2093 Ecclesiarttm,
926 2025 1009 2080 vel
1041 2024 1364 2081 clericorum
1405 2026 1644 2083 omnium
1670 2070 1687 2095 ,

1798 1938 1986 2009 vilcgia
2015 1950 2254 1994 veterum
2280 1938 2577 2010 principum
2611 1948 2808 1992 statuta
2835 1948 3141 1992 serventur.
3190 1966 3197 1971 ι

1869 2032 2115 2087 Diversus
2149 2047 2278 2087 vero
2304 2032 2583 2103 episcopos
2607 2030 2870 2085 nefarium
2902 2028 3167 2100 Pelagiani
3189 2036 3242 2084 et
3263 2029 3383 2082 ('09-

1278 2158 1816 2241 C.\S’i’lGATlONES
1855 2185 1941 2240 er
1978 2186 2203 2241 sum.

168 2290 291 2351 mods
315 2306 395 2351 est
416 2294 596 2346 oratio
629 2293 863 2348 hominis
889 2291 1366 2361 reprehensionem
1408 2294 1697 2362 impatien-

168 2377 226 2418 ler
249 2366 470 2430 ferentis,
503 2373 566 2417 et
591 2378 821 2432 purgare
860 2378 920 2417 se
961 2363 1212 2427 volentis,
1245 2364 1395 2432 quasi
1444 2364 1693 2420 diceret:

167 2437 341 2489 Dicatur
361 2451 480 2489 sane
502 2433 774 2488 Cteleslius
801 2434 1044 2487 haeteuus
1075 2434 1284 2487 latuisse
1307 2436 1448 2501 apud
1479 2436 1693 2501 amicus,

166 2508 238 2559 etsi
260 2521 357 2558 vere
382 2522 479 2559 non
505 2506 662 2558 latuit
681 2546 697 2571 ,
720 2506 831 2569 jam
874 2505 1007 2575 leges
1039 2505 1204 2573 ipsum
1254 2514 1300 2557 et
1337 2506 1449 2575 'jant
1491 2507 1654 2560 edicta
1680 2548 1694 2572 ,

167 2578 257 2629 licet
279 2575 543 2646 absentem.
579 2585 967 2646 persequentur.

223 2656 243 2682 ι
276 2645 425 2701 Pana
452 2643 651 2714 capitis
686 2647 995 2715 proponitur
1020 2643 1304 2711 C(Biestio,
1338 2645 1383 2699 si
1434 2646 1515 2699 vel
1560 2646 1697 2701 intra

168 2718 473 2770 centesimum
502 2716 740 2785 lapidem
768 2715 1281 2785 tliversatusl'uerit:
1316 2728 1473 2785 atque
1496 2717 1597 2771 hoc
1618 2728 1701 2772 est

168 2785 280 2855 quod
310 2784 635 2855 querebatur
662 2786 924 2848 Julianus,
947 2784 1084 2838 sitiri
1107 2801 1333 2857 suorum
1359 2787 1696 2857 sanguinem,

167 2854 270 2910 etin
297 2854 433 2926 ipsos
460 2858 719 2925 stipulam
757 2856 955 2910 luroris
993 2854 1192 2925 publici
1224 2854 1561 2912 inﬂammari.
1595 2854 1701 2912 [οὲ

168 2942 261 2979 cum
284 2938 425 2981 antea
456 2928 805 2995 protulimus.

220 2994 243 3033 δ
276 2995 416 3053 Ratio
440 2994 609 3066 jussit
634 2998 910 3053 emendari
942 2998 1082 3055 hunc
1112 3001 1309 3062 locum,
1346 3006 1530 3053 contra
1558 2997 1706 3052 codi-

169 3081 264 3119 cum
286 3068 675 3133 testimonium;
707 3071 824 3136 quis
864 3071 1005 3125 enim
1038 3070 1330 3135 probabilis
1374 3085 1566 3124 sensus
1611 3068 1707 3122 ha-

170 3151 260 3190 rum
287 3153 491 3192 vocum:
541 3136 773 3191 Debitunt
794 3156 895 3193 non
918 3141 1099 3194 evadat
1134 3142 1361 3194 exitium.
1397 3138 1502 3192 Pro
1529 3140 1705 3192 merito

170 3208 285 3283 etiam
313 3210 610 3264 temeritatis
639 3218 789 3275 atque
811 3227 989 3283 Aausus
1011 3213 1088 3266 sui
1120 3220 1327 3265 cunctos
1352 3210 1507 3283 ltujus
1553 3210 1706 3265 edicti

172 3280 365 3333 (natione
393 3295 770 3348 prtemanemus
803 3281 827 3333 ?

230 3359 246 3384 '
282 3350 461 3424 Salm.,
488 3352 794 3417 cuicumque
825 3351 1020 3424 [torridi
1047 3352 1110 3424 sit
1144 3352 1308 3417 posita
1333 3368 1481 3423 pana
1508 3354 1709 3424 suppli-

173 3418 239 3493 rii,
261 3436 312 3493 at:
339 3422 539 3493 ειειιιιιηΔ
573 3436 772 3493 necesse
803 3423 867 3473 sit
898 3423 1278 3493 proscriptionis
1314 3418 1617 3477 incurrent:
1644 3425 1707 3478 Et

175 3489 260 3559 iure
286 3490 427 3557 longe
458 3490 646 3559 pejora
678 3490 1015 3546 Batoniattis.
1095 3489 1102 3493 ⁷
1694 3500 1697 3503 ’

228 3555 249 3593 ἀ
285 3555 568 3615 Ηίεςέιίδῖη
615 3562 989 3616 emendatione
1030 3561 1128 3615 fuit
1170 3576 1325 3629 opus,
1373 3563 1559 3623 codice
1600 3580 1701 3617 ms.

176 3630 337 3693 lucent,
362 3632 479 3684 licet
503 3631 753 3695 dubiam,
789 3636 1125 3700 prmlerente.
1177 3632 1343 3691 Leges
1389 3650 1474 3700 pm
1492 3651 1550 3687 ro
1574 3635 1706 3687 ilivi-

176 3714 239 3751 nte
262 3715 345 3772 pro
389 3702 673 3755 sanctione
704 3701 1076 3771 itnperatmis,
1112 3702 1355 3757 humana:
1390 3718 1485 3772 pro
1530 3705 1705 3759 edicto

176 3770 370 3834 prtelecti
400 3772 559 3825 dicta:
589 3780 732 3824 sunt.

231 3848 250 3875 °
284 3840 383 3895 Etsi
409 3844 693 3909 utriuSque
722 3842 1058 3910 imperatoris
1090 3842 1155 3897 de
1184 3858 1331 3896 more
1363 3858 1554 3895 nomen
1583 3858 1710 3897 cnn-

174 3907 344 3980 SIittttio
372 3907 644 3978 prthferat,
680 3923 733 3966 et
766 3907 991 3980 primum
1024 3913 1237 3980 quidetn
1263 3913 1550 3967 Theodosii
1577 3957 1592 3978 ,
1643 3930 1708 3967 ex

176 3979 313 4035 tribus
339 3990 507 4036 tamen
540 3979 853 4037 constatad
886 3985 1246 4038 Theodosium
1281 4000 1384 4036 non
1420 3986 1707 4050 pertinere.

175 4051 287 4114 quod
331 4055 603 4106 nonnullis
633 4054 837 4116 visum;
880 4054 973 4107 sed
1018 4054 1083 4106 ad
1134 4053 1580 4106 Valentinianum.
1633 4055 1710 4107 Ex

176 4119 269 4174 luco
294 4122 487 4177 scilicet
514 4124 659 4177 unde
694 4124 812 4178 data
845 4132 959 4190 est;
991 4139 1055 4177 ex
1085 4124 1278 4177 illustri
1311 4125 1422 4178 viro
1454 4125 1519 4176 ad
1551 4142 1708 4189 quent

174 4190 371 4257 directa;
404 4205 455 4248 et
483 4210 549 4247 ex
579 4207 893 4260 argumento
916 4210 1009 4247 seu
1040 4194 1229 4247 danda:
1259 4208 1439 4247 causa.
1472 4194 1597 4246 llata
1630 4203 1714 4250 est

176 4260 419 4337 Aquileim,
451 4281 573 4337 qua:
597 4267 786 4337 civitas
813 4266 878 4317 ad
894 4264 1251 4337 pcoideutale
1284 4265 1575 4337 imperium
1598 4281 1715 4331 per-

178 4331 380 4401 tinebat;
421 4334 486 4387 ad
544 4334 858 4400 pra-lectum
894 4333 953 4387 P.
983 4334 1311 4398 Galliarum,
1361 4334 1448 4401 qui
1497 4335 1714 4387 suberat

176 4399 445 4473 Occidentis
470 4399 829 4467 moderatori;
855 4406 921 4457 de
942 4405 1230 4473 cpisc0pis,
1246 4402 1337 4472 qui
1365 4399 1714 4458 versabantur

179 4470 219 4521 in
238 4470 506 4528 Gallicanis
538 4476 867 4544 regionibus,
900 4470 995 4541 per
1020 4470 1321 4528 Patroclum
1346 4474 1712 4528 Arelatensem

181 4545 528 4613 conveniendis
555 4562 569 4598 :
600 4562 664 4598 ex
698 4545 780 4599 his
808 4546 949 4599 enim
984 4547 1122 4599 notis
1143 4555 1293 4599 certo
1319 4546 1557 4613 dignosci
1581 4546 1717 4598 solet

183 4611 233 4684 ad
255 4628 397 4684 quem
428 4617 805 4682 imperatorem
841 4629 1172 4684 unaquzeque
1201 4615 1283 4670 lex
1331 4611 1565 4683 spectet,
1615 4615 1716 4669 etsi

186 4682 379 4741 plurium
446 4700 645 4739 nomen
706 4687 756 4738 in
806 4684 978 4739 trante
1024 4682 1207 4753 gerat;
1267 4682 1524 4752 siquidem
1580 4686 1717 4740 alter

184 4767 434 4824 numquam
460 4756 683 4809 alterius
709 4756 938 4824 negotiis
967 4770 1025 4809 se
1054 4756 1377 4809 immisceret
1402 4796 1414 4817 ,
1455 4757 1564 4809 suis
1595 4758 1713 4819 qui-

185 4819 289 4875 libet
304 4819 580 4879 'litnitibus
607 4819 909 4879 contentus.
938 4826 1271 4893 Quamquam
1325 4825 1469 4893 leges
1514 4840 1631 4893 qua:
1664 4827 1715 4879 in

186 4904 265 4965 una
288 4906 426 4961 parte
454 4896 663 4965 imperii
692 4897 1017 4962 ferebantur,
1047 4896 1390 4949 mittebantur
1415 4910 1624 4963 quoque
1650 4896 1715 4948 ad

1801 2312 1895 2363 per
1926 2296 2202 2352 llelionem
2228 2295 2527 2352 officiorum
2560 2298 2871 2366 magistrum
2902 2295 2989 2350 die
3014 2296 3085 2349 25
3106 2296 3375 2360 Oetobris,

1799 2383 1920 2421 cum
1950 2369 2285 2437 septennitnn
2319 2370 2593 2437 ingressus
2622 2377 2767 2423 esset
2790 2368 3215 2436 (Olympiodorus
3243 2369 3384 2433 apud

1802 2436 2047 2492 Pltotiurn
2072 2440 2187 2492 cod.
2214 2439 2324 2506 80).
2358 2436 2429 2493 Ex
2454 2440 2647 2507 quibus
2668 2447 2855 2507 aperte
2876 2436 3160 2491 conficitur
3184 2439 3381 2493 editam

1801 2509 2018 2562 nomine
2066 2510 2422 2563 Valentiniani
2477 2512 2811 2565 sanetiOnem
2845 2549 2859 2573 ,
2918 2507 3170 2561 Placidia:
3222 2510 3378 2563 matri

1798 2578 2051 2646 Augusta:
2092 2579 2251 2633 tribui
2284 2578 2503 2633 debere.

1871 2652 1987 2717 Quo
2017 2652 2066 2703 in
2098 2650 2215 2703 loco
2243 2650 2405 2704 silere
2428 2665 2532 2702 non
2558 2662 2800 2718 possum,
2824 2646 2966 2716 quod
2992 2663 3134 2715 srepe
3159 2649 3384 2703 miratus

1801 2733 1942 2783 sum,
1976 2723 2137 2773 totius
2168 2720 2315 2773 orbis
2346 2719 2571 2773 Romani
2600 2720 2807 2773 clavum
2842 2718 3075 2772 tenuisse
3100 2731 3224 2771 tunc
3253 2730 3385 2772 tein-

1804 2790 1948 2857 poris
1975 2790 2109 2844 duas
2137 2790 2385 2853 feminas,
2422 2790 2758 2844 Pulcltcriam
2793 2788 3084 2843 Theodosii
3116 2805 3381 2853 sororem,

1802 2873 1853 2914 et
1886 2859 2179 2915 Placidiam
2207 2859 2565 2914 Valentiniani
2600 2872 2825 2913 matrem
2855 2899 2871 2924 ,
2905 2860 3254 2926 femineisque
3288 2860 3395 2913 int-‘

1804 2929 1965 2999 periis
1995 2940 2049 2986 et
2078 2931 2212 2985 forte
2233 2932 2421 2985 studiis
2442 2930 2695 2985 serviisse
2717 2929 2989 2999 Orientem
3011 2926 3383 2982 Occidentem-

1805 2998 1945 3068 que,
1993 3016 2113 3057 cum
2162 3002 2287 3056 olim
2330 3003 2417 3054 vix
2468 3001 2689 3056 obedire
2736 3000 2896 3055 vellet
2930 2998 3297 3054 Constantinis
3331 3010 3387 3054 et

1805 3070 2129 3126 Theodosiis
2162 3072 2389 3140 Magnis.

1878 3151 1902 3189 κ
1946 3143 2022 3195 ita
2053 3142 2264 3210 quidem
2293 3142 2633 3204 Sirmondus,
2664 3140 2756 3195 sed
2785 3152 3171 3209 repugnantem
3205 3140 3389 3193 habuit

1807 3210 2135 3274 Cltilletium,
2170 3213 2221 3265 in
2252 3213 2395 3265 notis
2424 3212 2488 3265 ad
2516 3210 2871 3275 Ferrandum,
2904 3213 2988 3264 ubi
3017 3212 3180 3263 frctus
3204 3220 3388 3263 aucto-

1806 3284 1965 3338 ritate
1995 3281 2199 3337 codicis
2238 3283 2572 3337 Divionensis
2598 3322 2612 3345 ,
2654 3281 2889 3335 asseruit
2918 3296 3017 3349 pro
3048 3281 3256 3333 Amucio
3293 3298 3381 3334 re-

1810 3352 2115 3420 ponendum
2170 3352 2457 3406 Almacltio.
2512 3352 2882 3407 Contendebat
2940 3354 2990 3405 in
3053 3352 3380 3405 contrarium

1808 3425 2124 3478 Sirntondus
2148 3463 2164 3487 ,
2218 3422 2361 3477 notis
2386 3423 2451 3475 ad
2480 3420 2710 3476 Chilletii
2762 3423 2934 3476 locum
2970 3422 3344 3489 manuscriptis
3370 3464 3386 3488 ,

1811 3495 2143 3547 Almachium
2173 3509 2292 3548 esse
2320 3508 2505 3547 vocem
2536 3494 2870 3562 peregrinam
2896 3533 2910 3555 ,
2953 3492 3229 3545 Amaciutn
3262 3508 3388 3546 vero

1811 3564 2013 3617 dictum
2048 3580 2143 3633 pro
2173 3562 2450 3633 Amachio,
2481 3564 2597 3616 sive
2627 3562 2888 3633 Amacho,
2932 3562 3386 3633 quemadmodum

1814 3631 2213 3687 Patnmaehium
2247 3649 2342 3701 pro
2370 3632 2716 3687 Patnmacho.
2769 3633 2838 3686 At
2866 3632 2917 3685 id
2949 3632 3231 3699 occupavit
3258 3631 3386 3686 Citi-

1811 3703 2221 3771 ﬂetius,uegans
2247 3704 2706 3757 voceutAlmachii
2733 3703 2801 3754 ita
2832 3703 3164 3769 peregrinam
3194 3702 3386 3769 videri,

1810 3775 1937 3840 quin
1988 3776 2189 3827 mentio
2221 3774 2311 3825 tiat
2342 3774 2392 3824 in
2426 3771 2802 3841 Martyrologio
2850 3773 3092 3824 liomano
3123 3772 3391 3841 ArllltaCllll

1815 3846 2065 3913 martyris
2090 3883 2103 3902 .
2153 3844 2451 3913 imperante
2481 3840 2742 3913 Honorio,
2774 3841 2959 3894 Roma:
2992 3841 3130 3909 passi
3163 3840 3271 3895 kal.
3302 3842 3391 3895 Ja-

1815 3912 2020 3976 nuarii;
2061 3920 2115 3966 et
2142 3912 2405 3967 Altnachii
2440 3912 2682 3978 prmlecti
2711 3953 2724 3976 ,
2759 3912 2858 3964 sub
2889 3928 3025 3976 quo.
3056 3913 3387 3978 temporibus

1814 3982 2099 4037 Alexandri
2128 4025 2141 4043 ,
2188 3983 2397 4038 Cmcilia
2438 3984 2752 4051 martyrium
2799 3981 2922 4034 fecit
2954 3996 2984 4033 x
3030 3979 3135 4033 kal.
3169 3980 3389 4034 Decem-

1813 4052 1948 4107 btis.
1984 4053 2181 4108 Verum
2210 4054 2365 4108 docet
2412 4053 2674 4107 Baronius
2706 4053 2757 4105 itt
2808 4053 2947 4103 notis
2977 4051 3041 4103 ad
3072 4051 3392 4119 Martyrolo-

1815 4125 1981 4190 gium,
2015 4140 2121 4178 non
2145 4123 2503 4183 Alinacbium.
2529 4124 2570 4177 si
2598 4139 2697 4192 qua
2727 4120 2858 4175 ﬁdes
2880 4120 3221 4174 Theodoreto
3248 4120 3387 4192 (Lib.

1814 4209 1847 4264 v
1883 4194 2020 4248 (list.
2051 4212 2167 4264 cap.
2200 4195 2269 4249 26
2292 4196 2310 4263 )
2335 4236 2349 4259 ,
2396 4195 2488 4249 sed
2521 4190 2901 4264 Telemachum
2954 4202 3242 4259 martyrem
3286 4190 3389 4245 dici

1815 4263 2045 4329 debere;
2077 4262 2193 4319 aeta
2220 4262 2348 4320 vero
2379 4264 2627 4327 Caeciliae,
2658 4272 2713 4316 ut
2737 4262 2974 4329 pluribus
3011 4268 3219 4313 scatent
3246 4275 3394 4314 men-

1816 4333 1918 4400 dis,
1936 4335 2084 4389 sicin
2108 4336 2207 4388 hac
2232 4349 2360 4388 voce
2389 4349 2609 4401 peccare
2634 4341 2940 4401 potuerunt.
2962 4329 3088 4385 Utut
3112 4330 3199 4395 sit,
3228 4332 3392 4385 nolim

1816 4419 1917 4474 ego
1949 4416 2121 4459 tantos
2154 4407 2293 4459 inter
2323 4406 2465 4457 viros
2495 4403 2643 4457 litem
2675 4403 2742 4456 de
2774 4416 2880 4455 uno
2920 4402 3137 4455 nomine
3172 4416 3394 4470 compo-

1818 4490 1968 4529 ttere.

1889 4543 2250 4599 Gothofredus
2296 4542 2688 4615 primamlegis
2714 4549 2946 4615 partem
2980 4541 3145 4615 titulo
3163 4540 3230 4615 de
3272 4541 3392 4610 epi-

1819 4617 2001 4682 scopis
2026 4658 2039 4676 ,
2075 4610 2396 4683 postremam
2439 4612 2590 4667 titulo
2616 4610 2691 4683 de
2714 4612 2981 4683 haereticis
3007 4610 3283 4683 exhibuit,
3341 4620 3397 4665 ut

1819 4680 1936 4739 erat
1965 4680 2126 4753 prius,
2160 4684 2337 4739 datam
2367 4684 2531 4738 Basso
2560 4682 2741 4753 comiti
2776 4684 2837 4735 lt.
2869 4680 2954 4743 P.,
2983 4681 3076 4753 sed
3113 4681 3396 4753 simulad-

1821 4749 2027 4809 monuit
2056 4766 2292 4809 erratum
2325 4754 2377 4808 in
2404 4755 2485 4809 his
2515 4752 2734 4806 vocibus
2758 4792 2774 4818 ,
2820 4752 2993 4804 comiti
3040 4751 3105 4805 Β.
3154 4749 3219 4803 Ρ.
3254 4751 3391 4816 Quid

1820 4825 1964 4879 enim
1989 4826 2265 4879 entttinent
2295 4826 2439 4894 leges
2465 4822 2606 4893 quod
2633 4824 2697 4876 ad
2734 4822 2983 4877 comitem
3012 4836 3187 4894 rerum
3220 4823 3394 4894 priva-

1823 4906 1994 4948 tarum
2044 4895 2282 4963 spectet?
2337 4889 2554 4948 Censuit
2600 4894 2762 4961 igitur
2809 4890 3177 4963 reponendum
3230 4889 3394 4943 Basso

188 4956 375 5017 alteram
401 5008 415 5031 ,
450 4978 504 5018 tll
532 4956 575 5020 si
606 4967 819 5034 quando
847 4980 982 5033 Opus
1005 4956 1182 5030 esset,
1215 4964 1411 5034 ubique
1434 4956 1717 5018 'servareii-
1746 4956 1795 5014 D
1825 4964 1967 5028 PP.,
1996 4956 2261 5033 ad'qnetn
2291 4965 2479 5020 eodem
2511 4956 2652 5017 anno
2688 4963 2822 5015 data:
2851 4956 3113 5034 leguntur
3131 4960 3395 5034 Ravenna:

187 5039 276 5107 tur;
303 5044 352 5087 ct
370 5037 545 5089 unitas
568 5037 773 5105 imperii
802 5037 852 5090 in
880 5036 1118 5105 pluribus
1140 5036 1401 5105 capitibus
1424 5036 1722 5089 consisten-

188 5111 237 5153 tts
260 5107 640 5160 ostenderetur.

244 5172 259 5207 ί
284 5174 407 5228 Cum
432 5176 544 5230 hau:
568 5176 1150 5245 ConstitutioAquileizn
1177 5176 1294 5229 data
1321 5174 1389 5228 sit
1418 5190 1486 5228 vtt
1514 5174 1586 5228 id.
1610 5175 1717 5229 Jul.

188 5238 461 5300 Theodosio
491 5261 544 5299 ιι
570 5254 626 5300 et
659 5238 1029 5299 Valentiniano
1057 5247 1270 5299 Caesare
1314 5261 1479 5310 coss.,
1518 5247 1566 5299 id
1594 5258 1677 5299 est
1702 5288 1716 5310 ,

190 5314 457 5379 mutas,
513 5317 687 5370 datam
714 5324 924 5383 oportet
963 5332 992 5369 a
1038 5315 1407 5369 Valentiniano
1452 5315 1537 5369 vix
1582 5317 1719 5371 bene

188 5386 399 5449 sexetmi,
426 5398 570 5440 certe
593 5387 824 5439 nondum
848 5390 1106 5453 Augusto,
1129 5386 1221 5440 sed
1249 5394 1449 5438 tantum
1473 5386 1715 5439 Catsare:

188 5461 316 5504 natus
341 5466 419 5509 est
448 5457 706 5524 siquidem
735 5472 864 5510 ann.
895 5454 998 5510 M9
1025 5496 1038 5517 ,
1089 5458 1174 5510 die
1202 5457 1237 5510 2
1267 5456 1347 5510 vel
1376 5458 1409 5511 5
1437 5456 1584 5509 Julii.
1630 5455 1720 5509 Di-

192 5528 288 5595 gitis
332 5539 360 5595 a
402 5526 707 5583 Theodosio
766 5526 1231 5595 ConstantinOpoli
1310 5526 1671 5580 nobilissimus
1702 5566 1717 5591 ,

196 5587 397 5649 Honorio
426 5596 599 5665 adhuc
622 5597 931 5665 superstite,
967 5596 1016 5650 id
1041 5587 1144 5663 est,
1177 5604 1298 5649 ante
1327 5596 1468 5650 diem
1502 5597 1569 5651 l9
1612 5587 1721 5649 Au;

197 5666 304 5735 Sttsti
331 5679 453 5717 ann.
483 5657 585 5719 425
606 5706 619 5728 ,
651 5657 751 5733 qua
787 5657 1140 5721 lato‘functtts
1171 5676 1253 5735 est
1287 5666 1568 5735 llonoritts.
1616 5673 1726 5735 Ap-

197 5732 391 5806 I'lncllattts
416 5736 590 5790 Caesar
615 5732 756 5791 anno
798 5747 1158 5804 co..scquente
1180 5777 1194 5801 ,
1224 5732 1310 5790 die
1340 5734 1407 5788 ‘24
1435 5732 1679 5789 Detulit-is
1706 5779 1721 5801 ,

209 5796 577 5862 lbessalonicw.
605 5807 870 5879 Augustus
902 5796 1127 5877 denique
1173 5796 1508 5863 rettuntiatus
1537 5796 1720 5862 ltomaé

1827 5049 2054 5103 quatuor
2082 5030 2203 5089 alia:
2232 5036 2375 5105 leges
2400 5075 2416 5101 ,
2452 5048 2658 5105 nempe
2686 5034 2860 5105 prima
2883 5037 2950 5105 de
2979 5030 3395 5105 conductoribus

1827 5100 1879 5159 et
1929 5106 2131 5159 homin.
2188 5100 2731 5172 doniusAugustm]
2783 5101 2964 5172 pridie
3001 5116 3130 5172 non.
3182 5100 3392 5169 Martii,

1827 5175 2009 5229 ultima
2039 5175 2104 5228 de
2136 5175 2341 5229 libertis
2372 5190 2428 5228 ιιι
2458 5170 2565 5227 kal.
2597 5170 2804 5240 Aprih,
2833 5171 3059 5238 septima
3090 5170 3156 5225 de
3184 5180 3397 5239 aposta-

1826 5246 1892 5299 tis
1923 5261 1995 5299 vtt
2024 5246 2097 5300 id.
2126 5246 2320 5315 April.,
2354 5253 2407 5301 et
2438 5245 2692 5314 vigesima
2720 5254 2906 5296 octava
2932 5242 2996 5296 de
3020 5241 3220 5297 ludatis
3240 5256 3289 5296 rt
3319 5243 3393 5298 id.

1824 5315 1997 5369 April.

1876 5332 2047 5452 példod
2080 5385 2125 5439 si
2153 5386 2239 5439 lex
2264 5400 2291 5438 a
2319 5383 2605 5441 Sirmondo
2633 5383 2775 5438 edita
2808 5383 2965 5436 trium
2995 5381 3302 5450 complexio
3327 5382 3397 5435 sit

1818 5471 1847 5509 a
1904 5456 2271 5510 Valentiniano
2319 5457 2531 5511 Gmsare
2574 5452 2837 5523 Aquileia:
2872 5454 3175 5523 datarum,
3224 5452 3395 5521 prima

1822 5527 1988 5580 Basso
2019 5525 2120 5579 PP.
2152 5527 2351 5580 directa
2376 5527 2479 5579 dici
2512 5521 2690 5594 potest
2715 5538 2807 5577 vut
2833 5522 2905 5594 id.
2939 5521 3397 5594 Octobris‘,»tertia

1819 5596 1993 5651 eidem
2025 5611 2114 5649 vm
2144 5594 2217 5650 id.
2244 5595 2488 5665 AuguSti,
2512 5592 2695 5650 “media
2720 5593 2943 5648 Amacio
2974 5593 3075 5647 PP.
3101 5592 3394 5665 Galliarum

1823 5682 1894 5721 vn
1921 5666 1993 5721 id.
2018 5666 2151 5731 .lul.,
2175 5662 2352 5735 eaque
2361 5666 2567 5724 ratione
2589 5665 2712 5723 iniri
2733 5665 2870 5721 forte
2891 5665 3090 5734 poterit
3111 5662 3394 5721 concordia

1825 5738 2171 5808 pugnantium
2211 5736 2543 5807 opinionum.
