3948 6188
510 329 570 385 41
579 332 601 385 l

926 329 1018 397 AD
1056 325 1341 384 PARTEM
1382 324 1641 381 PRIMAM
1678 323 1960 381 OPERUM
2000 324 2072 381 Μ.
2113 322 2557 383 ιιειιολτοιιιε
2594 323 2941 383 APPENDIX
2977 325 3321 386 SECUNDA.

3642 328 3761 387 ιιί

508 445 719 503 leniam
745 441 1006 514 dogmatis
1027 453 1265 495 errorem
1286 446 1591 514 sequentes.
1618 453 1712 511 per
1736 446 1761 474 ⁸
1780 436 2084 494 Patroclum
2116 438 2160 495 A
2191 438 2281 514 bus
2309 437 2494 514 expelli
2518 447 2715 514 ,Aatque
2750 438 2805 514 in
2831 452 3008 493 eorum
3039 436 3151 514 loco
3169 438 3519 514 sacerdotium
3544 442 3758 513 ﬁdelius

509 543 862 593 sacrosancta:
890 531 1021 598 legis
1050 529 1364 593 antistitem,
1398 528 1735 601 prmcipimus
1759 527 2034 583 conveniri
2063 544 2076 579 :

508 642 643 698 quos
663 624 789 694 quia
812 618 1132 677 conﬁdimus
1151 618 1449 682 emendari,
1477 617 1575 677 nisi
1603 618 1736 672 intra
1758 617 1940 687 viginti
1968 617 2083 670 dies

508 733 572 773 es
602 712 971 769 cenventionis
1005 719 1267 779 tempore,
1300 709 1435 765 intra
1463 722 1598 777 quos
1628 706 1959 762 deliberandi
1994 705 2085 760 tri-

510 807 719 860 buimus
748 802 1053 858 facultatem
1082 840 1099 867 ,
1130 810 1305 856 errata
1335 797 1667 854 correxerint
1691 840 1706 864 ,
1738 812 1963 867 seseque
1990 813 2083 852 ca-

509 896 718 951 tholicae
766 894 889 948 ﬁdei
936 892 1306 958 reddiderint,
1356 888 1385 927 δ
1436 887 1725 946 Gallicanis
1776 888 2085 959 regionibus

509 987 752 1056 expelli,
802 996 964 1054 atque
995 985 1048 1039 in
1079 999 1265 1039 eorum
1314 983 1431 1037 loco
1477 984 1834 1040 sacerdotium
1876 982 2084 1037 ﬁdelius

508 1077 811 1146 subrogari,
839 1084 1101 1145 quatenus
1129 1074 1407 1144 praesentis
1434 1073 1635 1129 erroris
1664 1072 1871 1128 macula
1898 1072 1966 1127 de
1991 1087 2087 1142 po—

515 1171 757 1238 pulcrum
780 1169 972 1223 animis
992 1176 1277 1238 tergeatur,
1292 1176 1345 1221 et
1368 1165 1558 1225 futura:
1578 1165 1773 1221 bonum
1789 1165 2084 1236 disciplina:

505 1262 751 1333 jnstioris
779 1260 1108 1317 instituatur.

587 1355 727 1409 Sane
756 1352 878 1421 quia
908 1351 1186 1420 religiosos
1216 1348 1441 1419 papulos
1471 1348 1629 1404 nullis
1651 1348 1805 1403 decet
1825 1346 2087 1417 supersti-

518 1442 750 1497 tionibus
780 1441 1058 1510 depravari
1109 1440 1273 1510 (Cod.
1310 1438 1504 1493 Theod.
1532 1438 1595 1491 de
1619 1437 1744 1492 hwr.
1779 1454 1895 1507 cap.
1926 1436 1992 1492 64
2019 1436 2038 1508 )
2064 1478 2080 1503 ,

520 1531 862 1595 ΜειιιὶυΙιωοε,
897 1545 1188 1599 omnesque
1217 1529 1530 1595 haereticos,
1562 1528 1643 1582 vel
1672 1527 2041 1583 scitismaticos
2066 1568 2081 1593 ,

510 1626 622 1681 sive
648 1623 1074 1686 mathematicos,
1105 1636 1425 1690 omnemque
1450 1632 1650 1675 sectam
1675 1619 1957 1675 catholicis
1984 1620 2085 1674 ini-

510 1722 700 1776 micam
732 1720 800 1774 ab
831 1721 944 1787 ipso
982 1727 1201 1787 aspectu
1228 1718 1437 1771 urbium
1464 1716 1794 1771 diversarum
1824 1714 2081 1770 extermi-

509 1814 625 1868 nari
670 1810 871 1866 debere
911 1810 1248 1881 przecipimus
1272 1851 1286 1874 ,
1318 1817 1377 1861 ut
1406 1821 1507 1864 nec
1538 1806 1837 1875 prtesentize
1864 1804 2078 1875 quidem
2112 1807 2158 1866 B

507 1903 923 1958 criminosorum
952 1900 1269 1969 contagione
1302 1898 1591 1954 ftedentur.
1636 1897 1837 1951 iudicis
1865 1911 2080 1967 quoque

508 1994 592 2049 vel
625 1993 841 2064 paganis
870 2006 1060 2047 causas
1099 1990 1329 2059 agendi,
1381 1990 1461 2046 vel
1504 1988 1767 2043 militandi
1810 1988 2080 2041 licentiam

508 2089 861 2155 denegamus,
882 2082 1075 2151 quibus
1101 2081 1425 2136 Christiana:
1450 2081 1580 2150 legis
1604 2080 1849 2134 nolumus
1874 2081 2079 2135 servire

509 2192 767 2246 personas
790 2217 805 2240 ,
855 2191 923 2230 ne
965 2176 1247 2229 occasione
1274 2173 1495 2227 dominii
1528 2184 1726 2229 sectam
1755 2174 2079 2229 veneranda:

508 2268 784 2336 religionis
814 2267 1117 2322 immutent.
1161 2266 1361 2322 Omnes
1391 2266 1551 2336 igitur
1579 2280 1837 2336 personas
1879 2267 2080 2322 erroris

508 2360 727 2414 infausti
755 2359 1003 2428 jubemus
1028 2357 1262 2423 excludi,
1295 2357 1395 2411 nisi
1427 2357 1509 2412 bis
1537 2358 1841 2413 emendatio
1872 2366 2078 2412 matura

506 2450 839 2505 subvenerit.
884 2450 1013 2505 Data
1044 2465 1119 2503 vu
1148 2449 1218 2503 id.
1250 2449 1352 2504 lui.
1392 2449 1654 2518 Aquileia:
1675 2490 1689 2514 ,
1730 2463 1870 2505 coss.
1901 2449 2078 2504 Theo-

506 2544 660 2599 dosio
684 2547 924 2613 Augusto
953 2559 1003 2597 XI
1033 2554 1084 2596 et
1125 2542 1499 2596 Valentiniano
1524 2540 1757 2596 Caesare.

919 2672 1161 2714 HISTORIA
1196 2671 1655 2711 CONSTITUTIONIS.

576 2751 743 2806 Nemo
775 2758 1012 2805 veterum
1036 2789 1050 2810 .
1096 2747 1236 2817 quod
1270 2746 1433 2801 sciam
1459 2788 1476 2811 ,
1517 2747 1773 2816 scriptum
1814 2748 2070 2818 reliquit,

504 2838 626 2892 qua:
672 2836 841 2892 causa
885 2820 1094 2873 dederit
1139 2818 1492 2892 ocrasionetn
1531 2818 1833 2892 sancienda:
1877 2820 2077 2892 consti-

505 2887 728 2947 tutionis
769 2908 781 2942 ι
832 2890 993 2943 immo
1042 2903 1110 2942 ne
1159 2888 1323 2954 ipsius
1366 2888 1582 2951 quidem
1624 2887 1764 2943 ullus
1808 2891 2073 2957 meminit,

502 2964 696 3016 saltem
744 2976 846 3029 qua
894 2970 1043 3026 parte
1096 2967 1314 3029 spectat
1369 2958 1721 3029 Pelagianos;
1787 2958 1882 3013 sed
1922 2960 2075 3029 hanc

504 3034 710 3102 primus
745 3027 823 3102 ex
869 3030 1052 3084 codice
1090 3028 1346 3083 Ecclesiae
1391 3027 1766 3099 Lugdunensis
1808 3028 1978 3084 edidit
2008 3030 2069 3084 P.

502 3101 844 3158 Sirmondus.

2185 506 2472 580 subrogari.
2520 506 2656 573 Quin
2699 516 2755 562 et
2785 508 2930 580 ipsos
2976 509 3235 580 credibile
3263 521 3347 580 est
3375 506 3755 580 episcopatum

2183 575 2414 649 gessisse
2440 575 2492 630 in
2520 586 2726 653 septem
2756 578 3049 653 provinciis
3070 579 3145 653 in
3175 575 3619 653 quasPa'troclus
3641 587 3758 653 pri-

2186 646 2393 718 matum
2417 646 2650 707 tenebat.
2679 648 2922 718 praecipit
2948 646 3211 718 siquidem
3236 649 3639 709 Valentinianus

2186 671 2386 702 "latum
2417 671 2650 707 tenentis.
2680 671 2922 716 μῐωεψιι
2948 671 3211 718 διᾳωυθηι
3244 671 3639 709 vatenuntanus

2186 717 2480 771 Patroclum
2508 728 2846 771 sacrosancta:
2870 717 3001 787 legis
3027 720 3306 773 antistitem
3334 722 3610 781 conveniri.
3640 671 3760 780 διῖέ

2184 798 2364 863 autem
2413 787 2765 863 conveniendi
2809 787 3028 863 forent,
3054 790 3407 863 __cogendique
3452 793 3517 863 ad
3544 806 3759 863 errata
3800 797 3811 803 ”

2184 855 2519 929 corrigenda,
2548 870 2773 929 seseque
2793 855 3207 929 adeatboliea'm
3239 855 3395 915 ﬁdem
3423 862 3755 929 reddendos,

2184 941 2346 1005 causa
2385 926 2483 1005 fuit
2523 926 2669 995 qttod
2713 926 2978 982 nefarium
3025 930 3330 985 Ctelestiani
3381 940 3439 987 et
3478 926 3757 1005 Pelagiani

2183 997 2448 1068 dogmatis
2476 1011 2714 1068 errorem
2738 1008 3110 1068 sequerentur.
3245 1009 3299 1039 ⁸⁵*

2259 1066 2387 1121 illud
2437 1066 2608 1134 ipsum
2655 1066 2843 1135 dogma
2893 1069 3074 1136 paucis
3115 1079 3239 1125 ante
3275 1069 3430 1125 annis
3460 1071 3513 1126 in
3554 1074 3749 1130 iisdem

2186 1137 2477 1215 provinciis
2506 1148 2721 1215 secutus
2751 1139 2918 1215 fuerat
2946 1137 3528 1215 Lepor_ius_monacbus
3553 1184 3567 1208 ,
3612 1162 3755 1215 pra:-

2184 1223 2385 1261 sttmcns
2406 1206 2469 1259 de
2489 1208 2711 1274 puritate
2726 1209 2857 1270 vitm,
2875 1206 3261 1277 quantm-bitrio
3281 1222 3475 1265 tantum
3495 1224 3540 1266 et
3555 1206 3756 1270 conatu

2187 1279 2435 1350 pt‘Oprio_,
2477 1293 2582 1350 non
2617 1277 2709 1350 Dei
2739 1292 2793 1331 se
2818 1278 3389 1350 adjtttorimobtinnisse
3414 1284 3703 1338 credtderat
3730 1327 3752 1350 ,

2188 1359 2245 1423 ut
2276 1346 2434 1401 tradit
2465 1346 2775 1423 Gennadius
2806 1346 3043 1423 (Lib._de
3072 1348 3273 1423 script.
3299 1349 3443 1406 Eccl.
3472 1369 3586 1420 cap.
3619 1346 3753 1423 59).

2185 1417 2368 1495 N_eque
2391 1431 2517 1495 vero
2542 1416 2687 1495 solus
2716 1416 2805 1495 ille
2831 1433 2895 1495 ea;
2925 1416 3127 1488 Pelagii
3156 1416 3468 1495 institutione
3491 1461 3504 1484 .
3534 1416 3623 1476 aut
3651 1416 3751 1495 po-

2186 1488 2287 1563 tius
2314 1487 2661 1563 pravitate,_in
2699 1487 2945 1563 absurdos
2971 1487 3165 1543 errores
3193 1492 3367 1563 lapsus
3397 1502 3469 1545 est
3490 1534 3504 1554 ,
3532 1495 3620 1546 sed
3649 1487 3751 1563 fuit

2185 1555 2433 1629 htereseos
2456 1558 2594 1629 apud
2615 1555 2815 1611 Gallias
2842 1566 3092 1629 assertor,
3126 1570 3213 1613 aut
3236 1560 3367 1629 inter
3396 1564 3583 1629 primos
3610 1605 3624 1627 ,
3649 1555 3752 1619 'aut

2184 1627 2316 1681 inter
2334 1628 2593 1699 maximos
2613 1670 2645 1699 ,Α
2673 1636 2729 1685 ttt
2747 1630 2835 1699 ait
2874 1627 3160 1683 Cassianus
3205 1632 3222 1699 (
3250 1628 3360 1685 Lib.
3390 1627 3406 1686 ι
3436 1632 3499 1685 de
3527 1631 3754 1691 Incarn.

2186 1714 2297 1767 cap.
2331 1698 2363 1750 5
2390 1708 2435 1750 et
2464 1698 2496 1751 4
2523 1699 2562 1763 ).
2610 1696 2854 1768 Dicebant
2884 1700 3114 1768 veroiqui
3144 1696 3257 1754 cum
3286 1702 3396 1766 ipso
3422 1705 3701 1756 sentiebant
3733 1747 3751 1768 ,

2184 1766 2468 1841 solitarium
2496 1768 2745 1841 hominem
2769 1766 2946 1821 Jesum
2986 1767 3244 1823 Christum
3274 1772 3383 1825 sine
3415 1773 3523 1825 ulla
3550 1766 3755 1841 peccati

2184 1840 2484 1909 contagione
2507 1839 2718 1903 vixisse;
2748 1854 2902 1908 eoque
2931 1841 3182 1909 progressi
3207 1854 3352 1907 sunt,
3383 1853 3436 1895 stt
3460 1839 3749 1898 assererem

2182 1909 2436 1975 homines,
2468 1909 2511 1961 si
2534 1909 2705 1980 velint,
2736 1910 2844 1980 sine
2866 1920 3066 1980 peccato
3094 1926 3202 1963 esse
3230 1928 3408 1978 posse;
3435 1929 3755 1980 consequens

2182 1980 2313 2033 enim
2338 1978 2694 2032 existimabant
2720 1988 2774 2032 ut
2804 1979 2847 2031 si
2873 1978 3025 2032 homo
3052 1981 3312 2034 solitarius
3342 1980 3483 2036 Iesus
3513 1978 3754 2038 Christus

2180 2049 2289 2102 sine
2316 2057 2521 2117 peccato
2552 2050 2764 2118 fuisset,
2808 2065 2980 2102 omnes
3008 2067 3204 2118 quoque
3244 2054 3469 2105 homines
3505 2054 3615 2105 sine
3648 2052 3753 2107 Dei

2180 2118 2439 2190 adjutorio
2464 2136 2569 2190 esse
2599 2120 2791 2187 possint
2813 2120 3060 2188 quidquid
3079 2123 3167 2173 ille
3188 2122 3336 2174 homo
3356 2123 3615 2176 solitarius
3638 2125 3755 2179 sine

2179 2187 2433 2243 consortio
2462 2187 2558 2242 Dei
2580 2205 2688 2243 esse
2715 2187 2989 2256 potuisset;
3020 2207 3081 2242 ac
3106 2192 3150 2243 si
3179 2190 3376 2244 nullam
3406 2196 3632 2259 facerent
3660 2195 3751 2245 in-

2180 2268 2255 2311 ter
2280 2276 2478 2314 onmem
2500 2260 2752 2312 hominem
2774 2275 2833 2314 ac
2854 2260 3129 2313 Dominum
3152 2270 3377 2314 nostrum
3396 2260 3432 2315 J
3436 2280 3575 2317 esum
3596 2262 3755 2316 Chri-

2178 2338 2310 2403 stum
2331 2346 2437 2403 esse
2457 2330 2774 2403 dielanliant,
2805 2346 2925 2403 cum
2941 2331 3072 2382 idem
3097 2332 3266 2403 utique
3289 2330 3437 2384 homo
3460 2334 3574 2384 nisu
3592 2342 3755 2403 atque

2176 2399 2434 2471 industria
2460 2416 2554 2453 sua
2582 2400 2761 2451 mereri
2787 2401 2945 2471 possit
2972 2402 3108 2470 quod
3128 2400 3358 2456 Christus
3383 2404 3550 2456 studio
3577 2419 3639 2456 ac
3664 2399 3755 2456 'la-

2180 2468 2300 2523 bore
2332 2471 2625 2533 meruisset,
2653 2481 2760 2523 etc.

2247 2540 2566 2611 Admonitus
2611 2552 2690 2593 est
2734 2555 2770 2611 a7
2806 2539 3064 2595 Cassiano
3108 2540 3398 2610 Leporius,
3440 2541 3603 2595 immo
3629 2540 3755 2611 jus-

2176 2622 2267 2664 sus
2291 2626 2320 2665 a
2344 2610 2567 2664 Proculo
2598 2610 2935 2678 Massiliensi,
2962 2621 3018 2665 ut
3041 2626 3280 2665 errorem
3308 2613 3602 2667 damnaret.
3630 2613 3748 2667 Sed

2177 2694 2349 2749 neque
2372 2689 2673 2751 monentem
2698 2681 2884 2751 audire
2900 2681 3085 2745 voluit,
3110 2698 3281 2750 neque
3300 2682 3504 2750 jubenti
3528 2697 3749 2751 parere:

2175 2749 2521 2817 quamobrem
2545 2752 2746 2819 ejcctus
2766 2766 2833 2804 ex
2857 2750 3094 2806 Ecclesia
3116 2749 3247 2821 fugit
3274 2749 3323 2806 in
3348 2749 3599 2815 Africam,
3624 2755 3744 2819 ubi,

2175 2822 2242 2873 ab
2266 2821 2563 2890 Augusﬁno
2591 2831 2863 2875 correctus
2888 2861 2904 2885 ,
2946 2821 3182 2875 libellum
3227 2823 3611 2877 emendationis
3673 2825 3748 2876 ad

2175 2891 2476 2945 Gallicanos
2524 2891 2807 2961 episcopos
2853 2892 3038 2956 misit,
3095 2892 3467 2947 Africanorum
3518 2892 3746 2947 Patrum

2175 2961 2657 3031 subscriptionibus
2688 2973 2741 3014 et
2770 2962 2965 3015 litteris
2998 2963 3373 3029 approbatum.

2198 3098 2203 3101 Α
2244 3031 2451 3086 Libelio
2479 3043 2720 3101 accepto,
2744 3033 3136 3101 commotiones
3159 3036 3453 3086 animorum
3473 3032 3751 3089 exstitisse

2178 3100 2229 3154 in
2260 3102 2441 3156 Galliis
2467 3116 2571 3155 non
2610 3100 2921 3155 incredibile
2961 3114 3064 3163 εει,
3096 3102 3325 3170 indeque
3350 3112 3519 3155 ortam
3550 3119 3747 3157 ncces-

577 3174 733 3237 Dixi,
781 3186 883 3241 qua
931 3179 1082 3241 parte
1129 3169 1443 3239 Pelagianos
1488 3176 1730 3239 spectat;
1783 3178 1891 3225 tres
1920 3171 2063 3225 enim
2093 3169 2137 3232 C
2170 3174 2381 3226 sitatem
2429 3171 2752 3228 auctoritate
2792 3173 3130 3238 imperatoria
3177 3169 3559 3225 tumultuantes
3585 3188 3746 3226 coer-

500 3252 684 3325 partes
704 3312 714 3325 _
731 3242 1109 3325 complectitur
1132 3278 1147 3303 ,
1195 3255 1450 3325 quartum"
1468 3241 1664 3325 prima.
1689 3250 2061 3325 postremaque

498 3308 808 3396 jamdudum
843 3308 1005 3365 relata
1036 3308 1288 3391 lucretio
1324 3308 1571 3383 Codicem
1605 3308 2060 3377 Tlteodosianu'm,

499 3385 587 3438 illa
617 3384 718 3438 lea.
742 3383 810 3438 47
841 3383 909 3435 de
932 3382 1215 3438 episcopis.
1252 3388 1349 3434 ista
1380 3378 1485 3438 leg.
1514 3381 1581 3433 68
1608 3379 1674 3434 de
1706 3381 1991 3437 hmreticis.

499 3394 587 3438 illa
617 3394 718 3439 lea.
742 3394 808 3438 Η
841 3394 909 3435 de
932 3394 1215 3439 eDlSCODlS.
1252 3394 1349 3434 Ista
1380 3394 1485 3439 leg.
1514 3394 1581 3433 οδ
1608 3394 1674 3434 ac
1706 3394 1991 3437 nmreucns.

573 3399 587 3435 I
617 3395 718 3451 leg.
742 3395 808 3438 at
841 3395 909 3435 de
932 3395 1215 3450 episcopis.
1252 3395 1349 3434 ista
1380 3395 1485 3447 teg.
1514 3395 1581 3433 οδ
1608 3395 1674 3434 ac
1706 3395 1991 3437 nmreucns.

573 3454 628 3507 id
655 3451 849 3519 conjici
880 3466 983 3504 non
1028 3450 1451 3517 improbabiliter
1482 3459 1655 3517 potest
1680 3451 1747 3503 de
1778 3461 1924 3518 parte
1953 3466 2067 3505 me-

506 3524 609 3578 dia.
650 3523 894 3590 Episcotii
928 3523 993 3574 de
1032 3521 1223 3589 quibus
1253 3521 1425 3587 agitur
1452 3535 1575 3573 suas
1623 3521 1674 3574 in
1704 3520 1889 3574 Galliis
1914 3561 1930 3585 ,
1982 3522 2065 3577 vel

501 3605 649 3648 certe
677 3593 730 3647 in
755 3592 958 3647 ditione
986 3591 1217 3660 praefecti
1262 3590 1320 3645 P.
1363 3590 1678 3660 Galliarum,
1712 3590 1867 3646 sedes
1899 3590 2065 3645 habe-

496 3664 651 3730 bant;
684 3664 832 3732 jubet
860 3658 1002 3716 enim
1032 3662 1177 3731 ipsos
1206 3663 1495 3732 imperator
1525 3658 1813 3715 Gallicanis
1842 3662 2064 3731 regioni-

2169 3242 2345 3296 cendi.
2374 3242 2540 3296 Immo
2583 3256 2680 3295 nec
2723 3242 3013 3295 absurdum
3043 3251 3124 3295 est
3153 3243 3353 3296 sentire
3383 3244 3745 3311 Augustinum

2167 3313 2327 3367 simul
2376 3322 2430 3367 et
2471 3312 2534 3364 ad
2578 3312 2759 3366 Gallos
2787 3312 3069 3379 scripsisse
3092 3354 3106 3375 ,
3155 3324 3208 3366 et
3256 3329 3347 3381 per
3378 3327 3501 3367 suos
3532 3314 3583 3366 in
3616 3315 3747 3368 aula

2166 3383 2357 3451 egisse,
2395 3392 2449 3436 ttt
2479 3382 2677 3436 coactis
2704 3382 2771 3435 ad
2801 3382 3242 3435 subscribendum
3274 3383 3596 3436 damnationi
3632 3384 3751 3436 liae-

2167 3454 2456 3506 reticorum
2486 3453 2784 3520 episcopis,
2827 3452 3046 3518 perinde
3074 3462 3524 3519 componereutur
3552 3454 3746 3507 outnia

2166 3522 2218 3575 in
2250 3522 2435 3577 Galliis
2472 3532 2630 3589 atque
2670 3525 2720 3575 in
2768 3523 2979 3587 Africa;
3022 3531 3078 3575 ut
3120 3538 3252 3590 quas
3302 3525 3441 3577 inter
3485 3525 3747 3591 regiones

2166 3600 2310 3645 tanta
2351 3603 2466 3647 erat
2501 3594 2728 3647 societas
2757 3594 3089 3660 Opinionnm,
3121 3595 3412 3659 deportatis
3441 3609 3561 3647 cum
3589 3610 3745 3647 mer-

2164 3664 2318 3716 cibus
2364 3665 2525 3717 etiam
2577 3664 2889 3730 erroribus,
2946 3663 3307 3717 intercederet
3357 3680 3571 3732 quoque
3629 3680 3744 3719 non

1654 3771 2198 3829 CASTIGATIONES
2239 3775 2323 3828 ET
2360 3774 2579 3829 NOTAE.

572 3876 598 3905 η
637 3868 1006 3923 Arelatensem
1036 3866 1345 3935 epise0pnm
1378 3864 1641 3935 intelligit,
1670 3864 1756 3933 qui
1784 3880 1909 3917 ann.
1933 3863 2063 3930 M2,

492 3954 594 4007 ope
622 3937 919 3995 Constantii
946 3978 960 4001 ,
1006 3949 1135 3993 tunc
1166 3936 1403 4007 magistri
1434 3937 1658 3989 militum
1684 3976 1702 4007 ,
1745 3946 1928 4007 postea
1960 3936 2061 3987 im-

492 4004 758 4078 peratoris
785 4050 801 4075 ,
846 4017 1067 4062 evectus
1105 4015 1188 4078 es_t
1232 4006 1285 4058 in
1330 4006 1745 4078 sedemAErotis.
1798 4004 2063 4059 Pulsusne

492 4074 650 4134 fuerit
673 4074 793 4149 jure
822 4096 886 4129 an
918 4077 1107 4144 injuria
1139 4074 1643 4149 Ero§,_d_issentiun_t
1666 4083 1939 4149 auctores:
1963 4089 2061 4128 nos

490 4143 814 4204 adlttesitttus
846 4143 1054 4199 sumine
1086 4144 1316 4212 pontiﬁci
1340 4143 1575 4207 Zosimo,
1602 4144 1723 4211 jure
1749 4146 2059 4198 damnatum

490 4218 766 4273 scribenti.
804 4216 1077 4270 Patroclus
1105 4230 1265 4283 porro
1293 4216 1657 4283 episcopatum
1691 4215 1861 4267 tenuit
1889 4229 2059 4269 annos

491 4291 660 4341 fet-me
685 4286 1089 4350 quatuordecim
1117 4328 1131 4353 ,
1166 4299 1196 4338 a
1224 4284 1433 4338 Zo~imo
1464 4285 1636 4338 elatus
1663 4327 1675 4349 ,
1710 4284 1997 4350 depressus
2028 4298 2057 4338 a

490 4357 766 4410 Bouifacio
791 4396 807 4418 ,
858 4358 1031 4411 donec
1085 4356 1235 4425 jussu
1282 4354 1476 4410 Felicis
1517 4354 1753 4425 magistri
1786 4353 2011 4425 militum
2038 4394 2052 4417 ,

489 4428 771 4548 occisu‘swa
802 4427 1015 4480 tribuno
1048 4427 1278 4479 barbaro
1307 4426 1487 4480 sedem
1531 4424 1744 4494 reliquit
1784 4424 2056 4479 Honorato

489 4512 618 4548 ano.
761 4535 775 4548 .
1680 4518 1691 4548 ι

488 4512 618 4551 anu.
648 4496 775 4550 Hii.

563 4518 618 4551 ΙΙ.
648 4518 775 4550 θῖυο

560 4564 587 4604 δ
630 4563 958 4620 Dubitavcrit
979 4564 1189 4632 aliquis.
1220 4580 1319 4620 nec
1344 4574 1548 4619 temere
1574 4518 1771 4628 forsitn,
1798 4578 1913 4617 mea
1937 4564 2056 4633 qui-

488 4634 609 4690 dem
631 4634 917 4698 sententia,
948 4651 1015 4689 an
1043 4636 1123 4690 itis
1151 4637 1366 4690 vocibus
1394 4645 1597 4704 septem
1626 4635 1900 4687 dumtaxat
1930 4649 2051 4704 pro:

487 4706 676 4760 vincire
720 4706 1128 4775 signiﬁcentur,
1178 4721 1402 4774 quarum
1441 4702 1667 4773 singulis
1710 4705 1865 4757 annis
1912 4702 2051 4772 apud

488 4777 760 4831 Arelatem
812 4791 1057 4844 magnum
1108 4776 1393 4831 concilium
1447 4776 1778 4842 cingebatur,
1828 4782 2053 4826 vocante

489 4847 741 4916 praefecto
771 4847 829 4902 P.
854 4846 1142 4901 Galliarum
1178 4863 1189 4899 :
1222 4861 1288 4898 an
1319 4846 1438 4899 alia:
1467 4848 1623 4916 etiam
1656 4857 1880 4916 omnes_,
1920 4858 2052 4916 qua:

488 4913 817 4984 praefecturae
849 4917 1107 4971 suberant
1132 4958 1145 4977 ,
1188 4917 1315 4981 ipsa:
1345 4930 1535 4981 nempe
1571 4914 1759 4968 Gallitc
1785 4953 1799 4976 ,
1844 4913 2049 4966 Britan-

486 4988 692 5057 nizrque
722 4998 776 5042 et
804 4986 1068 5057 Hispania:
1103 4989 1119 5054 (
1143 4986 1221 5041 Ex
1251 4988 1448 5057 constit.
1483 4984 1795 5057 llonorii_ad
1823 4984 2049 5057 Agricol.

484 5054 702 5111 I’PIG.
731 5074 852 5109 ann.
880 5054 984 5111 418
1010 5056 1047 5124 ).
1095 5058 1292 5110 Omnes
1317 5055 1527 5124 quidem
1559 5054 1844 5121 signiﬁcari
1879 5065 2005 5121 puto
2032 5096 2047 5121 ,

483 5128 578 5181 sed
630 5126 927 5192 prtesertim
977 5136 1179 5194 septem
1226 5125 1565 5194 provincias;
1618 5124 2049 5194 regiones_enitn

482 5191 793 5259 Gallicanae,
824 5191 1327 5264 quando‘princi'pes
1357 5196 1421 5248 ad
1452 5191 1759 5263 praelectum
1788 5191 1845 5246 Ρ.
1872 5192 1937 5247 G.
1968 5210 2052 5248 re-

482 5266 756 5329 scribunt,
787 5275 932 5319 tanta
960 5266 1365 5333 signiﬁcationis
1409 5265 1757 5333 amplitudine
1786 5264 2052 5330 accipiun-

483 5346 569 5390 tur
592 5376 607 5398 .
658 5344 851 5404 quanta
902 5335 1076 5390 solent
1118 5336 1497 5390 suburbicarizn
1523 5378 1537 5401 ,
1587 5350 1706 5387 cum
1738 5333 1951 5386 decreta
1982 5335 2049 5389 ad

481 5406 790 5474 prazfecmtn
818 5405 883 5461 U.
920 5407 1219 5459 tnittttntur.
1250 5406 1591 5474 Aceipiuntnr
1611 5418 1738 5458 vero
1764 5415 1887 5455 tunc
1916 5411 2051 5457 tem—

482 5477 629 5543 poris
657 5476 904 5545 regiones
930 5476 1317 5530 suburbicariae
1341 5517 1355 5538 ,
1394 5490 1549 5545 quam
1581 5475 1687 5528 late
1718 5481 1876 5545 patet,
1900 5485 2048 5545 pose:

476 5542 588 5600 stas
619 5542 851 5613 praefecti
895 5546 964 5602 U.
998 5545 1064 5603 Ut
1094 5547 1144 5599 in
1176 5554 1283 5599 tota
1318 5542 1477 5615 porro
1504 5544 1792 5615 Galliarum
1829 5542 2047 5615 dimcesi

479 5631 584 5669 non
617 5616 825 5687 vigebat
852 5615 995 5687 forte
1036 5616 1231 5669 malum
1257 5657 1271 5680 ,
1304 5613 1397 5669 sed
1426 5630 1590 5683 prape
1616 5613 1882 5687 Arelatem
1913 5628 1928 5687 ξ
1979 5614 2048 5687 ita

479 5682 775 5742 remedium
798 5686 863 5740 ad
891 5688 1028 5740 hanc
1055 5686 1321 5755 prmcipue
1346 5682 1548 5753 partem
1576 5692 1821 5751 spectare
1841 5682 2045 5755 debuit.

553 5758 743 5813 Verum
773 5752 1179 5827 prazterit'enon
1210 5752 1425 5827 possum
1456 5756 1699 5820 silentio,
1732 5752 1874 5823 quod
1904 5766 2052 5823 είιιιιθ

2083 4674 2131 4732 D

2167 3865 2297 3919 mihi
2328 3865 2604 3920 historiam
2637 3866 2773 3921 hanc
2801 3867 3052 3922 attentius
3082 3866 3462 3935 contemplanti
3501 3867 3651 3920 venit
3684 3868 3744 3921 in

2166 3949 2420 3999 mentem,
2457 3936 2811 3991 Valentiniani
2837 3939 3041 3992 scilicet
3063 3937 3336 3991 decretum
3366 3976 3381 3998 .
3428 3938 3569 4004 ipsas
3598 3952 3749 4006 quo-

2165 4021 2266 4076 que
2291 4007 2370 4060 vel
2398 4007 2449 4060 in
2474 4007 2660 4075 primis
2682 4008 2981 4062 Britannias
3002 4018 3301 4073 spectasse,
3330 4021 3462 4076 quas
3487 4006 3745 4075 Agricola

2164 4075 2438 4146 Severiani
2469 4077 2705 4146 episcopi
2737 4077 3004 4146 Pelagiani
3033 4078 3169 4129 [ilius
3193 4075 3378 4144 sparsa
3404 4077 3592 4129 interest
3621 4086 3748 4131 tur-

2167 4144 2324 4217 babat
2378 4164 2393 4199 :
2438 4144 2767 4217 quarumque
2814 4144 2993 4216 plures
3040 4146 3317 4217 episcopos
3364 4146 3664 4217 abduxerat
3709 4164 3743 4201 ει

2165 4213 2269 4268 ﬁde
2307 4218 2493 4285 gratiae
2534 4213 2731 4272 Christi
2780 4213 2833 4272 in
2874 4218 3163 4272 nefandum
3208 4216 3479 4287 Pelagiani
3527 4217 3747 4271 erroris

2145 4286 2372 4354 idogma.

2232 4355 2427 4421 Quidni
2453 4356 2622 4422 enim,
2654 4356 2989 4425 inquiebam,
3019 4371 3139 4411 cum
3167 4371 3229 4410 ea
3261 4364 3579 4423 tempestate
3608 4355 3739 4408 Bri-

2160 4427 2355 4479 tannia:
2401 4426 2579 4482 forent
2621 4442 2744 4495 pars
2778 4426 3171 4482 Gallicanarum
3220 4428 3527 4494 regionum,
3565 4438 3621 4477 ut
3660 4441 3735 4480 ex

2161 4495 2346 4548 notitia
2378 4496 2585 4562 imperii
2607 4507 2835 4558 constat,
2854 4508 3013 4566 atque
3033 4497 3101 4549 ita
3126 4508 3439 4565 regerentur
3456 4503 3738 4564 porestate

2159 4567 2397 4635 prmfecti
2426 4566 2487 4620 P.
2518 4566 2608 4633 G.,
2642 4568 2708 4623 de
2741 4568 3057 4621 Britannicis
3084 4567 3355 4635 episcopis
3381 4579 3740 4633 compescen-

2157 4634 2239 4706 dis
2278 4637 2353 4706 ad
2403 4637 2712 4706 prmfectum
2760 4637 2824 4693 G.
2876 4638 3054 4690 CaeSar
3100 4634 3382 4704 scripsisse
3426 4636 3741 4706 credatur?

2157 4704 2352 4771 Quidni
2385 4704 2688 4768 Patroclus.
2716 4707 2835 4775 jure
2864 4711 3085 4774 antiquo
3117 4706 3443 4759 Arelatensis
3472 4705 3640 4775 sedis,
3676 4706 3737 4761 in

2154 4790 2248 4829 eos
2259 4774 2439 4843 jussus
2452 4775 2517 4829 sit
2539 4774 2957 4832 ecclesiasticum
2978 4776 3230 4843 judicium
3252 4775 3538 4829 exercere?
3564 4774 3740 4840 Quid-

2156 4845 2210 4897 ni
2243 4849 2341 4898 liac
2376 4846 2661 4901 occasione
2702 4856 2947 4901 coactum
2988 4846 3057 4915 sit
3097 4844 3521 4915 magtturniillud
3561 4845 3739 4898 Galli-

2153 4929 2346 4969 canum
2391 4916 2674 4969 concilium
2700 4957 2714 4981 ,
2762 4931 2825 4969 ex
2873 4931 2978 4985 quo
3015 4914 3312 4969 Germanus
3356 4914 3646 4985 Lupusque
3677 4916 3733 4970 in

2158 4984 2455 5055 Britannias
2485 4984 2644 5054 legati
2689 4998 2812 5040 sunt
2836 5026 2851 5051 ,
2894 4984 3074 5040 Occiso
3110 5000 3305 5055 nempe
3333 4984 3579 5055 Patroclo
3608 5024 3625 5045 ,
3656 4995 3734 5055 et

2156 5054 2426 5108 lionorato
2462 5053 2626 5124 ipsius
2668 5056 2849 5111 sedent
2891 5070 3189 5124 munusque
3230 5053 3473 5124 adepto?
3522 5053 3731 5119 Quidni

2156 5125 2369 5179 tandem
2396 5128 2680 5181 conventio
2716 5125 2837 5189 illa,
2871 5126 3025 5194 cujus
3054 5127 3295 5181 meminit
3338 5124 3519 5178 Caesar
3543 5166 3555 5185 ,
3590 5125 3730 5177 nihil

2154 5194 2297 5248 aliud
2343 5195 2502 5265 fuerit
2537 5210 2695 5264 quam
2730 5195 3023 5265 propositio
3061 5210 3323 5249 canonum
3354 5205 3476 5265 octo
3518 5194 3733 5248 Africa-

2155 5280 2346 5319 norum
2378 5264 2883 5319 subscribendorum
2913 5264 3155 5319 facienda
3186 5264 3450 5333 episcopis
3469 5303 3485 5329 ,
3518 5279 3614 5333 per
3643 5266 3733 5319 le-

2153 5344 2304 5402 gatos
2334 5351 2361 5386 a
2394 5334 2604 5404 synodo
2649 5335 2967 5389 mittendos?
2998 5336 3089 5391 Sic
3115 5335 3256 5395 enim
3286 5335 3534 5404 Nestorio
3558 5333 3739 5388 delati

2151 5415 2273 5457 sunt
2302 5420 2328 5455 a
2359 5403 2586 5473 quatuor
2611 5407 2876 5474 episcopis
2908 5406 3097 5472 legatis
3121 5403 3504 5460 Alexandrinas
3529 5404 3729 5474 synodi

2150 5475 2619 5540 anaxbematismi,
2668 5473 3044 5541 cum’epistoia
3073 5473 3591 5539 sanctiGoeiestini,
3644 5473 3731 5526 in-

2154 5544 2433 5613 terminata
2481 5546 2830 5612 depositionis
2862 5559 3057 5613 pretia,
3109 5545 3213 5599 nisi
3270 5546 3405 5599 intra
3455 5544 3741 5597 decimum»

2153 5612 2314 5677 diem,
2347 5614 2809 5673 anatltematistnis
2837 5612 3185 5673 subscribens
3208 5655 3222 5684 ,
3266 5616 3597 5673 consentiret
3626 5614 3735 5669 Ee-

2152 5684 2326 5741 clesia:
2355 5684 2657 5741 catholicae.
