  <div class='ocr_page' id='page_1' title='image "/cluster/home/n/w/nwhite01/storage/ocr_20150623/48/hvd.32044096580691/213.png"; bbox 0 0 3948 6188; ppageno 0'>
   <div class='ocr_carea' id='block_1_1' title="bbox 546 389 653 447">
    <p class='ocr_par' dir='ltr' id='par_1_1' title="bbox 546 389 653 447">
     <span class='ocr_line' id='line_1_1' title="bbox 546 389 653 447; baseline -0.019 0"><span class='ocrx_word' id='word_1_1' title='bbox 546 389 653 447; x_wconf 76' lang='lat' dir='ltr'><strong><em>M5</em></strong></span> 
     </span>
    </p>
   </div>
   <div class='ocr_carea' id='block_1_2' title="bbox 546 564 2129 638">
    <p class='ocr_par' dir='ltr' id='par_1_2' title="bbox 546 564 2129 638">
     <span class='ocr_line' id='line_1_2' title="bbox 546 564 2129 638; baseline -0.005 -12"><span class='ocrx_word' id='word_1_2' title='bbox 546 590 641 638; x_wconf 78' lang='lat' dir='ltr'><strong><em>pro</em></strong></span> <span class='ocrx_word' id='word_1_3' title='bbox 674 580 890 637; x_wconf 85' lang='lat' dir='ltr'><strong><em>peccato</em></strong></span> <span class='ocrx_word' id='word_1_4' title='bbox 917 564 1443 637; x_wconf 39' lang='lat' dir='ltr'><strong><em>originali&#39;petitum,</em></strong></span> <span class='ocrx_word' id='word_1_5' title='bbox 1473 581 1630 636; x_wconf 88' lang='lat' dir='ltr'><strong><em>quam</em></strong></span> <span class='ocrx_word' id='word_1_6' title='bbox 1662 564 1854 638; x_wconf 77' lang='lat' dir='ltr'><strong><em>quibus</em></strong></span> <span class='ocrx_word' id='word_1_7' title='bbox 1884 564 2129 619; x_wconf 82' lang='lat' dir='ltr'><strong><em>Theodo-</em></strong></span> 
     </span>
    </p>
   </div>
   <div class='ocr_carea' id='block_1_3' title="bbox 544 635 2129 707">
    <p class='ocr_par' dir='ltr' id='par_1_3' title="bbox 544 635 2129 707">
     <span class='ocr_line' id='line_1_3' title="bbox 544 635 2129 707; baseline -0.003 -13"><span class='ocrx_word' id='word_1_8' title='bbox 544 635 635 695; x_wconf 82' lang='lat' dir='ltr'><strong><em>rus</em></strong></span> <span class='ocrx_word' id='word_1_9' title='bbox 663 635 791 694; x_wconf 75' lang='lat' dir='ltr'><strong><em>u~us</em></strong></span> <span class='ocrx_word' id='word_1_10' title='bbox 819 648 983 692; x_wconf 84' lang='lat' dir='ltr'><strong><em>esset.</em></strong></span> <span class='ocrx_word' id='word_1_11' title='bbox 1010 635 1120 692; x_wconf 25' lang='lat' dir='ltr'><strong><em>’Sic</em></strong></span> <span class='ocrx_word' id='word_1_12' title='bbox 1168 635 1312 692; x_wconf 82' lang='lat' dir='ltr'><strong><em>enim</em></strong></span> <span class='ocrx_word' id='word_1_13' title='bbox 1356 635 1592 707; x_wconf 88' lang='lat' dir='ltr'><strong><em>loquitur</em></strong></span> <span class='ocrx_word' id='word_1_14' title='bbox 1621 655 1635 691; x_wconf 89' lang='lat'>:</span> <span class='ocrx_word' id='word_1_15' title='bbox 1668 636 1775 690; x_wconf 87' lang='lat' dir='ltr'><strong><em>Sed</em></strong></span> <span class='ocrx_word' id='word_1_16' title='bbox 1812 635 2029 704; x_wconf 78' lang='lat' dir='ltr'><strong><em>fortasse</em></strong></span> <span class='ocrx_word' id='word_1_17' title='bbox 2066 651 2129 689; x_wconf 88' lang='lat' dir='ltr'><strong><em>ne</em></strong></span> 
     </span>
    </p>
   </div>
   <div class='ocr_carea' id='block_1_4' title="bbox 542 708 2129 779">
    <p class='ocr_par' dir='ltr' id='par_1_4' title="bbox 542 708 2129 779">
     <span class='ocr_line' id='line_1_4' title="bbox 542 708 2129 779; baseline -0.005 -15"><span class='ocrx_word' id='word_1_18' title='bbox 542 713 651 773; x_wconf 81' lang='lat' dir='ltr'><strong><em>ipse</em></strong></span> <span class='ocrx_word' id='word_1_19' title='bbox 695 710 900 779; x_wconf 80' lang='lat' dir='ltr'><strong><em>quidem</em></strong></span> <span class='ocrx_word' id='word_1_20' title='bbox 945 708 1116 762; x_wconf 79' lang='lat' dir='ltr'><strong><em>volens</em></strong></span> <span class='ocrx_word' id='word_1_21' title='bbox 1160 711 1261 762; x_wconf 80' lang='lat' dir='ltr'><strong><em>huc</em></strong></span> <span class='ocrx_word' id='word_1_22' title='bbox 1302 709 1548 762; x_wconf 85' lang='lat' dir='ltr'><strong><em>deductus</em></strong></span> <span class='ocrx_word' id='word_1_23' title='bbox 1578 716 1673 768; x_wconf 89' lang='lat' dir='ltr'><strong><em>est,</em></strong></span> <span class='ocrx_word' id='word_1_24' title='bbox 1708 716 2024 779; x_wconf 67' lang='lat' dir='ltr'><strong><em>tantumque,</em></strong></span> <span class='ocrx_word' id='word_1_25' title='bbox 2074 714 2129 779; x_wconf 80' lang='lat' dir='ltr'><strong><em>ut</em></strong></span> 
     </span>
    </p>
   </div>
   <div class='ocr_carea' id='block_1_5' title="bbox 544 776 2128 847">
    <p class='ocr_par' dir='ltr' id='par_1_5' title="bbox 544 776 2128 847">
     <span class='ocr_line' id='line_1_5' title="bbox 544 776 2128 847; baseline -0.003 -14"><span class='ocrx_word' id='word_1_26' title='bbox 544 776 726 833; x_wconf 79' lang='lat' dir='ltr'><strong><em>dubios</em></strong></span> <span class='ocrx_word' id='word_1_27' title='bbox 751 782 823 832; x_wconf 88' lang='lat' dir='ltr'><strong><em>sic</em></strong></span> <span class='ocrx_word' id='word_1_28' title='bbox 852 780 1185 847; x_wconf 74' lang='lat' dir='ltr'><strong><em>quwrentinm</em></strong></span> <span class='ocrx_word' id='word_1_29' title='bbox 1232 779 1396 832; x_wconf 88' lang='lat' dir='ltr'><strong><em>nodos</em></strong></span> <span class='ocrx_word' id='word_1_30' title='bbox 1435 779 1734 847; x_wconf 84' lang='lat' dir='ltr'><strong><em>dissolvat_:</em></strong></span> <span class='ocrx_word' id='word_1_31' title='bbox 1762 776 1933 843; x_wconf 84' lang='lat' dir='ltr'><strong><em>Quare</em></strong></span> <span class='ocrx_word' id='word_1_32' title='bbox 1956 776 2128 847; x_wconf 86' lang='lat' dir='ltr'><strong><em>pueri</em></strong></span> 
     </span>
    </p>
   </div>
   <div class='ocr_carea' id='block_1_6' title="bbox 541 844 2126 918">
    <p class='ocr_par' dir='ltr' id='par_1_6' title="bbox 541 844 2126 918">
     <span class='ocr_line' id='line_1_6' title="bbox 541 844 2126 918; baseline -0.003 -14"><span class='ocrx_word' id='word_1_33' title='bbox 541 844 875 905; x_wconf 75' lang='lat' dir='ltr'><strong><em>sanctissimis</em></strong></span> <span class='ocrx_word' id='word_1_34' title='bbox 915 851 1164 918; x_wconf 74' lang='lat' dir='ltr'><strong><em>mysteriis</em></strong></span> <span class='ocrx_word' id='word_1_35' title='bbox 1209 849 1625 903; x_wconf 85' lang='lat' dir='ltr'><strong><em>communicant?</em></strong></span> <span class='ocrx_word' id='word_1_36' title='bbox 1672 844 1774 901; x_wconf 89' lang='lat' dir='ltr'><strong><em>Cur</em></strong></span> <span class='ocrx_word' id='word_1_37' title='bbox 1820 844 2126 909; x_wconf 74' lang='lat' dir='ltr'><strong><em>baptismate</em></strong></span> 
     </span>
    </p>
   </div>
   <div class='ocr_carea' id='block_1_7' title="bbox 542 918 2122 992">
    <p class='ocr_par' dir='ltr' id='par_1_7' title="bbox 542 918 2122 992">
     <span class='ocr_line' id='line_1_7' title="bbox 542 918 2122 992; baseline -0.003 -18"><span class='ocrx_word' id='word_1_38' title='bbox 542 922 687 992; x_wconf 78' lang='lat' dir='ltr'><strong><em>digni</em></strong></span> <span class='ocrx_word' id='word_1_39' title='bbox 726 920 1058 992; x_wconf 88' lang='lat' dir='ltr'><strong><em>judicantur,</em></strong></span> <span class='ocrx_word' id='word_1_40' title='bbox 1096 921 1194 974; x_wconf 84' lang='lat' dir='ltr'><strong><em>nisi</em></strong></span> <span class='ocrx_word' id='word_1_41' title='bbox 1238 921 1361 989; x_wconf 90' lang='lat' dir='ltr'><strong><em>quia</em></strong></span> <span class='ocrx_word' id='word_1_42' title='bbox 1386 928 1431 973; x_wconf 89' lang='lat' dir='ltr'><strong><em>et</em></strong></span> <span class='ocrx_word' id='word_1_43' title='bbox 1452 919 1551 989; x_wconf 84' lang='lat' dir='ltr'><strong><em>ipsi</em></strong></span> <span class='ocrx_word' id='word_1_44' title='bbox 1591 918 1809 988; x_wconf 86' lang='lat' dir='ltr'><strong><em>peccatis</em></strong></span> <span class='ocrx_word' id='word_1_45' title='bbox 1837 918 2122 980; x_wconf 82' lang='lat' dir='ltr'><strong><em>abundant,</em></strong></span> 
     </span>
    </p>
   </div>
   <div class='ocr_carea' id='block_1_8' title="bbox 972 352 3389 442">
    <p class='ocr_par' dir='ltr' id='par_1_8' title="bbox 972 352 3389 442">
     <span class='ocr_line' id='line_1_8' title="bbox 972 352 3389 442; baseline -0.004 0"><span class='ocrx_word' id='word_1_46' title='bbox 972 352 1069 442; x_wconf 4' lang='lat' dir='ltr'><strong><em>PAD</em></strong></span> <span class='ocrx_word' id='word_1_47' title='bbox 1107 380 1389 441; x_wconf 76' lang='lat' dir='ltr'><strong><em>PARTEM</em></strong></span> <span class='ocrx_word' id='word_1_48' title='bbox 1427 379 1697 437; x_wconf 77' lang='lat' dir='ltr'><strong><em>PRIMAM</em></strong></span> <span class='ocrx_word' id='word_1_49' title='bbox 1736 378 2019 436; x_wconf 76' lang='lat' dir='ltr'><strong><em>OPERUM</em></strong></span> <span class='ocrx_word' id='word_1_50' title='bbox 2062 378 2129 435; x_wconf 80' lang='grc' dir='ltr'><strong>Μ.</strong></span> <span class='ocrx_word' id='word_1_51' title='bbox 2175 376 2616 435; x_wconf 67' lang='grc' dir='ltr'><strong><em>ΜΕΙὶΟᾹΤΟῐὶΙΞ</em></strong></span> <span class='ocrx_word' id='word_1_52' title='bbox 2655 376 3006 434; x_wconf 73' lang='grc' dir='ltr'><strong><em>ΑΡΡΕΝΙΠΧ</em></strong></span> <span class='ocrx_word' id='word_1_53' title='bbox 3045 374 3389 434; x_wconf 73' lang='lat' dir='ltr'><strong><em>SECUNDA.</em></strong></span> 
     </span>
    </p>
   </div>
   <div class='ocr_carea' id='block_1_9' title="bbox 543 492 2384 567">
    <p class='ocr_par' dir='ltr' id='par_1_9' title="bbox 543 492 2384 567">
     <span class='ocr_line' id='line_1_9' title="bbox 543 492 2384 567; baseline -0.007 -11"><span class='ocrx_word' id='word_1_54' title='bbox 543 504 717 556; x_wconf 95' lang='lat' dir='ltr'><strong><em>tiones</em></strong></span> <span class='ocrx_word' id='word_1_55' title='bbox 743 497 1072 555; x_wconf 86' lang='lat' dir='ltr'><strong><em>dissolvendi</em></strong></span> <span class='ocrx_word' id='word_1_56' title='bbox 1100 504 1473 567; x_wconf 77' lang='lat' dir='ltr'><strong><em>argumentum</em></strong></span> <span class='ocrx_word' id='word_1_57' title='bbox 1502 510 1531 549; x_wconf 90' lang='lat' dir='ltr'><strong><em>a</em></strong></span> <span class='ocrx_word' id='word_1_58' title='bbox 1553 494 1819 567; x_wconf 68' lang='lat' dir='ltr'><strong><em>baptismo</em></strong></span> <span class='ocrx_word' id='word_1_59' title='bbox 1845 492 2124 567; x_wconf 55' lang='lat' dir='ltr'><strong><em>infantium</em></strong></span> <span class='ocrx_word' id='word_1_60' title='bbox 2155 498 2204 560; x_wconf 75' lang='grc' dir='ltr'><strong>Α</strong></span> <span class='ocrx_word' id='word_1_61' title='bbox 2231 493 2384 567; x_wconf 74' lang='lat' dir='ltr'><strong><em>insito</em></strong></span> 
     </span>
    </p>
   </div>
   <div class='ocr_carea' id='block_1_10' title="bbox 3722 382 3830 438">
    <p class='ocr_par' dir='ltr' id='par_1_10' title="bbox 3722 382 3830 438">
     <span class='ocr_line' id='line_1_10' title="bbox 3722 382 3830 438; baseline 0 -1"><span class='ocrx_word' id='word_1_62' title='bbox 3722 382 3830 438; x_wconf 75' lang='grc'><strong><em>416</em></strong></span> 
     </span>
    </p>
   </div>
   <div class='ocr_carea' id='block_1_11' title="bbox 2436 494 3839 564">
    <p class='ocr_par' dir='ltr' id='par_1_11' title="bbox 2436 494 3839 564">
     <span class='ocr_line' id='line_1_11' title="bbox 2436 494 3839 564; baseline 0.005 -19"><span class='ocrx_word' id='word_1_63' title='bbox 2436 510 2519 545; x_wconf 89' lang='lat' dir='ltr'><strong><em>am</em></strong></span> <span class='ocrx_word' id='word_1_64' title='bbox 2560 494 2613 545; x_wconf 82' lang='lat' dir='ltr'><strong><em>in</em></strong></span> <span class='ocrx_word' id='word_1_65' title='bbox 2657 502 2896 547; x_wconf 86' lang='lat' dir='ltr'><strong><em>naturam</em></strong></span> <span class='ocrx_word' id='word_1_66' title='bbox 2926 495 3091 559; x_wconf 85' lang='lat' dir='ltr'><strong><em>ipsum</em></strong></span> <span class='ocrx_word' id='word_1_67' title='bbox 3139 502 3365 563; x_wconf 82' lang='lat' dir='ltr'><strong><em>peccato.</em></strong></span> <span class='ocrx_word' id='word_1_68' title='bbox 3402 495 3457 547; x_wconf 81' lang='lat' dir='ltr'><strong><em>in</em></strong></span> <span class='ocrx_word' id='word_1_69' title='bbox 3500 508 3839 564; x_wconf 73' lang='lat' dir='ltr'><strong><em>peccatorum</em></strong></span> 
     </span>
    </p>
   </div>
   <div class='ocr_carea' id='block_1_12' title="bbox 2236 514 3841 634">
    <p class='ocr_par' dir='ltr' id='par_1_12' title="bbox 2236 514 3841 634">
     <span class='ocr_line' id='line_1_12' title="bbox 2236 514 3839 564; baseline 0.004 -18"><span class='ocrx_word' id='word_1_70' title='bbox 2236 514 2384 546; x_wconf 67' lang='lat'><strong><em>&quot;18110</em></strong></span> <span class='ocrx_word' id='word_1_71' title='bbox 2436 514 2519 545; x_wconf 82' lang='lat' dir='ltr'><strong><em>am</em></strong></span> <span class='ocrx_word' id='word_1_72' title='bbox 2560 514 2613 545; x_wconf 84' lang='grc' dir='ltr'><strong><em>ιη</em></strong></span> <span class='ocrx_word' id='word_1_73' title='bbox 2657 514 2896 547; x_wconf 84' lang='lat' dir='ltr'><strong><em>naturam</em></strong></span> <span class='ocrx_word' id='word_1_74' title='bbox 2926 514 3091 559; x_wconf 75' lang='lat' dir='ltr'><strong><em>ipsum</em></strong></span> <span class='ocrx_word' id='word_1_75' title='bbox 3139 514 3365 563; x_wconf 81' lang='lat' dir='ltr'><strong><em>peccato.</em></strong></span> <span class='ocrx_word' id='word_1_76' title='bbox 3402 514 3457 547; x_wconf 75' lang='grc' dir='ltr'><strong><em>ιη</em></strong></span> <span class='ocrx_word' id='word_1_77' title='bbox 3500 514 3839 564; x_wconf 82' lang='lat' dir='ltr'><strong><em>peccatorum</em></strong></span> 
     </span>
     <span class='ocr_line' id='line_1_13' title="bbox 2236 514 3841 634; baseline 0.004 -17"><span class='ocrx_word' id='word_1_78' title='bbox 2236 564 2372 617; x_wconf 87' lang='lat' dir='ltr'><strong><em>enim</em></strong></span> <span class='ocrx_word' id='word_1_79' title='bbox 2396 514 2507 616; x_wconf 56' lang='lat' dir='ltr'><strong><em>lt,th</em></strong></span> <span class='ocrx_word' id='word_1_80' title='bbox 2531 564 2882 634; x_wconf 82' lang='lat' dir='ltr'><strong><em>remissionem</em></strong></span> <span class='ocrx_word' id='word_1_81' title='bbox 2912 568 3248 634; x_wconf 78' lang='lat' dir='ltr'><strong><em>conferuntur</em></strong></span> <span class='ocrx_word' id='word_1_82' title='bbox 3269 565 3294 617; x_wconf 70' lang='lat'><strong><em>1’</em></strong></span> <span class='ocrx_word' id='word_1_83' title='bbox 3340 564 3530 617; x_wconf 85' lang='lat' dir='ltr'><strong><em>Verum</em></strong></span> <span class='ocrx_word' id='word_1_84' title='bbox 3564 569 3841 634; x_wconf 70' lang='lat' dir='ltr'><strong><em>oportebat</em></strong></span> 
     </span>
    </p>
   </div>
   <div class='ocr_carea' id='block_1_13' title="bbox 2235 633 3843 700">
    <p class='ocr_par' dir='ltr' id='par_1_13' title="bbox 2235 633 3843 700">
     <span class='ocr_line' id='line_1_14' title="bbox 2235 633 3843 700; baseline 0.004 -12"><span class='ocrx_word' id='word_1_85' title='bbox 2235 645 2283 688; x_wconf 87' lang='lat' dir='ltr'><strong><em>et</em></strong></span> <span class='ocrx_word' id='word_1_86' title='bbox 2312 634 2457 687; x_wconf 85' lang='lat' dir='ltr'><strong><em>illum</em></strong></span> <span class='ocrx_word' id='word_1_87' title='bbox 2485 633 2873 697; x_wconf 82' lang='lat' dir='ltr'><strong><em>dubitationem,</em></strong></span> <span class='ocrx_word' id='word_1_88' title='bbox 2918 637 3104 688; x_wconf 82' lang='lat' dir='ltr'><strong><em>multas</em></strong></span> <span class='ocrx_word' id='word_1_89' title='bbox 3126 633 3321 700; x_wconf 77' lang='lat' dir='ltr'><strong><em>alioqui</em></strong></span> <span class='ocrx_word' id='word_1_90' title='bbox 3345 633 3611 690; x_wconf 80' lang='lat' dir='ltr'><strong><em>habentem</em></strong></span> <span class='ocrx_word' id='word_1_91' title='bbox 3640 640 3843 695; x_wconf 83' lang='lat' dir='ltr'><strong><em>dissol-</em></strong></span> 
     </span>
    </p>
   </div>
   <div class='ocr_carea' id='block_1_14' title="bbox 2236 704 3847 780">
    <p class='ocr_par' dir='ltr' id='par_1_14' title="bbox 2236 704 3847 780">
     <span class='ocr_line' id='line_1_15' title="bbox 2236 704 3847 780; baseline 0.004 -22"><span class='ocrx_word' id='word_1_92' title='bbox 2236 706 2384 780; x_wconf 80' lang='lat' dir='ltr'><strong><em>vendi</em></strong></span> <span class='ocrx_word' id='word_1_93' title='bbox 2411 706 2539 780; x_wconf 68' lang='lat' dir='ltr'><strong><em>pias,</em></strong></span> <span class='ocrx_word' id='word_1_94' title='bbox 2572 704 2676 757; x_wconf 89' lang='lat' dir='ltr'><strong><em>alio</em></strong></span> <span class='ocrx_word' id='word_1_95' title='bbox 2707 707 2857 758; x_wconf 87' lang='lat' dir='ltr'><strong><em>modo</em></strong></span> <span class='ocrx_word' id='word_1_96' title='bbox 2890 706 3186 780; x_wconf 70' lang='lat' dir='ltr'><strong><em>dissolvere,</em></strong></span> <span class='ocrx_word' id='word_1_97' title='bbox 3218 706 3555 773; x_wconf 84' lang='lat' dir='ltr'><strong><em>absurdisque</em></strong></span> <span class='ocrx_word' id='word_1_98' title='bbox 3585 708 3694 763; x_wconf 89' lang='lat' dir='ltr'><strong><em>illis</em></strong></span> <span class='ocrx_word' id='word_1_99' title='bbox 3722 727 3847 780; x_wconf 67' lang='lat' dir='ltr'><strong><em>qua</em></strong></span> 
     </span>
    </p>
   </div>
   <div class='ocr_carea' id='block_1_15' title="bbox 2233 776 3845 846">
    <p class='ocr_par' dir='ltr' id='par_1_15' title="bbox 2233 776 3845 846">
     <span class='ocr_line' id='line_1_16' title="bbox 2233 776 3845 846; baseline 0.004 -19"><span class='ocrx_word' id='word_1_100' title='bbox 2233 778 2302 846; x_wconf 83' lang='lat' dir='ltr'><strong><em>ad</em></strong></span> <span class='ocrx_word' id='word_1_101' title='bbox 2324 776 2482 844; x_wconf 87' lang='lat' dir='ltr'><strong><em>ipsius</em></strong></span> <span class='ocrx_word' id='word_1_102' title='bbox 2514 784 2837 846; x_wconf 74' lang='lat' dir='ltr'><strong><em>peccatorum</em></strong></span> <span class='ocrx_word' id='word_1_103' title='bbox 2862 776 3214 830; x_wconf 83' lang='lat' dir='ltr'><strong><em>remissionem</em></strong></span> <span class='ocrx_word' id='word_1_104' title='bbox 3241 788 3624 846; x_wconf 86' lang='lat' dir='ltr'><strong><em>consequuntur</em></strong></span> <span class='ocrx_word' id='word_1_105' title='bbox 3653 776 3845 836; x_wconf 71' lang='lat' dir='ltr'><strong><em>corui-</em></strong></span> 
     </span>
    </p>
   </div>
   <div class='ocr_carea' id='block_1_16' title="bbox 2233 844 3686 918">
    <p class='ocr_par' dir='ltr' id='par_1_16' title="bbox 2233 844 3686 918">
     <span class='ocr_line' id='line_1_17' title="bbox 2233 844 3686 918; baseline 0.008 -21"><span class='ocrx_word' id='word_1_106' title='bbox 2233 844 2443 911; x_wconf 83' lang='lat' dir='ltr'><strong><em>deratis,</em></strong></span> <span class='ocrx_word' id='word_1_107' title='bbox 2479 844 2607 899; x_wconf 84' lang='lat' dir='ltr'><strong><em>nihil</em></strong></span> <span class='ocrx_word' id='word_1_108' title='bbox 2632 846 2884 916; x_wconf 84' lang='lat' dir='ltr'><strong><em>ejusmodi</em></strong></span> <span class='ocrx_word' id='word_1_109' title='bbox 2915 848 3211 918; x_wconf 77' lang='lat' dir='ltr'><strong><em>prodigiose</em></strong></span> <span class='ocrx_word' id='word_1_110' title='bbox 3232 844 3543 916; x_wconf 72' lang='lat' dir='ltr'><strong><em>conﬁngere,</em></strong></span> <span class='ocrx_word' id='word_1_111' title='bbox 3575 860 3686 908; x_wconf 90' lang='lat' dir='ltr'><strong><em>etc.</em></strong></span> 
     </span>
    </p>
   </div>
   <div class='ocr_carea' id='block_1_17' title="bbox 1688 1134 2689 1223">
    <p class='ocr_par' dir='ltr' id='par_1_17' title="bbox 1688 1134 2689 1223">
     <span class='ocr_line' id='line_1_18' title="bbox 1688 1134 2689 1223; baseline -0.006 0"><span class='ocrx_word' id='word_1_112' title='bbox 1688 1134 2461 1223; x_wconf 82' lang='lat' dir='ltr'><strong><em>DISSERTATIO</em></strong></span> <span class='ocrx_word' id='word_1_113' title='bbox 2538 1137 2689 1219; x_wconf 91' lang='lat' dir='ltr'><strong><em>IV.</em></strong></span> 
     </span>
    </p>
   </div>
   <div class='ocr_carea' id='block_1_18' title="bbox 1238 1293 3146 1353">
    <p class='ocr_par' dir='ltr' id='par_1_18' title="bbox 1238 1293 3146 1353">
     <span class='ocr_line' id='line_1_19' title="bbox 1238 1293 3146 1353; baseline -0.004 1"><span class='ocrx_word' id='word_1_114' title='bbox 1238 1303 1321 1353; x_wconf 80' lang='lat' dir='ltr'><strong>DE</strong></span> <span class='ocrx_word' id='word_1_115' title='bbox 1353 1297 1957 1353; x_wconf 72' lang='lat' dir='ltr'><strong><em>SUBSCRH’TIONIBUS</em></strong></span> <span class='ocrx_word' id='word_1_116' title='bbox 1993 1294 2257 1346; x_wconf 71' lang='lat' dir='ltr'><strong><em>EXACTIS</em></strong></span> <span class='ocrx_word' id='word_1_117' title='bbox 2291 1293 2355 1343; x_wconf 82' lang='lat' dir='ltr'><strong><em>1N</em></strong></span> <span class='ocrx_word' id='word_1_118' title='bbox 2390 1293 2597 1344; x_wconf 65' lang='lat' dir='ltr'><strong><em>causa</em></strong></span> <span class='ocrx_word' id='word_1_119' title='bbox 2629 1293 3146 1346; x_wconf 75' lang='lat' dir='ltr'><strong><em>PELAGIANORUM.</em></strong></span> 
     </span>
    </p>
   </div>
   <div class='ocr_carea' id='block_1_19' title="bbox 550 1416 3835 1499">
    <p class='ocr_par' dir='ltr' id='par_1_19' title="bbox 550 1416 3835 1499">
     <span class='ocr_line' id='line_1_20' title="bbox 550 1416 3835 1499; baseline -0.002 -8"><span class='ocrx_word' id='word_1_120' title='bbox 550 1429 620 1491; x_wconf 90' lang='lat' dir='ltr'><strong><em>In</em></strong></span> <span class='ocrx_word' id='word_1_121' title='bbox 661 1429 793 1490; x_wconf 69' lang='lat' dir='ltr'><strong><em>hinc</em></strong></span> <span class='ocrx_word' id='word_1_122' title='bbox 826 1429 1022 1489; x_wconf 85' lang='lat' dir='ltr'><strong><em>verba</em></strong></span> <span class='ocrx_word' id='word_1_123' title='bbox 1057 1428 1240 1489; x_wconf 77' lang='lat' dir='ltr'><strong><em>Marii</em></strong></span> <span class='ocrx_word' id='word_1_124' title='bbox 1277 1428 1650 1489; x_wconf 79' lang='lat' dir='ltr'><strong><em>Mercatoris</em></strong></span> <span class='ocrx_word' id='word_1_125' title='bbox 1685 1445 1700 1484; x_wconf 91' lang='lat'><strong>:</strong></span> <span class='ocrx_word' id='word_1_126' title='bbox 1737 1422 2040 1485; x_wconf 81' lang='lat' dir='ltr'><strong><em>Julianus</em></strong></span> <span class='ocrx_word' id='word_1_127' title='bbox 2079 1428 2138 1479; x_wconf 85' lang='lat' dir='ltr'><strong><em>et</em></strong></span> <span class='ocrx_word' id='word_1_128' title='bbox 2170 1418 2397 1499; x_wconf 75' lang='lat' dir='ltr'><strong><em>reliqui</em></strong></span> <span class='ocrx_word' id='word_1_129' title='bbox 2441 1416 2769 1499; x_wconf 73' lang='lat' dir='ltr'><strong><em>complicati</em></strong></span> <span class='ocrx_word' id='word_1_130' title='bbox 2802 1418 3184 1499; x_wconf 82' lang='lat' dir='ltr'><strong><em>subscribere</em></strong></span> <span class='ocrx_word' id='word_1_131' title='bbox 3218 1419 3661 1499; x_wconf 73' lang='lat' dir='ltr'><strong><em>detrectantes,</em></strong></span> <span class='ocrx_word' id='word_1_132' title='bbox 3699 1444 3835 1487; x_wconf 77' lang='lat' dir='ltr'><strong><em>non</em></strong></span> 
     </span>
    </p>
   </div>
   <div class='ocr_carea' id='block_1_20' title="bbox 630 1496 3844 1585">
    <p class='ocr_par' dir='ltr' id='par_1_20' title="bbox 630 1496 3844 1585">
     <span class='ocr_line' id='line_1_21' title="bbox 630 1496 3844 1585; baseline 0 -19"><span class='ocrx_word' id='word_1_133' title='bbox 630 1510 832 1568; x_wconf 85' lang='lat' dir='ltr'><strong><em>solum</em></strong></span> <span class='ocrx_word' id='word_1_134' title='bbox 852 1506 1281 1585; x_wconf 82' lang='lat' dir='ltr'><strong><em>imperialibus</em></strong></span> <span class='ocrx_word' id='word_1_135' title='bbox 1302 1505 1561 1584; x_wconf 83' lang='lat' dir='ltr'><strong><em>legibus,</em></strong></span> <span class='ocrx_word' id='word_1_136' title='bbox 1588 1504 1693 1565; x_wconf 86' lang='lat' dir='ltr'><strong><em>sed</em></strong></span> <span class='ocrx_word' id='word_1_137' title='bbox 1715 1514 1767 1563; x_wconf 89' lang='lat' dir='ltr'><strong><em>et</em></strong></span> <span class='ocrx_word' id='word_1_138' title='bbox 1796 1496 2289 1585; x_wconf 66' lang='lat' dir='ltr'><strong><em>sacerdotalibus</em></strong></span> <span class='ocrx_word' id='word_1_139' title='bbox 2312 1498 2595 1571; x_wconf 83' lang='lat' dir='ltr'><strong><em>statutis,</em></strong></span> <span class='ocrx_word' id='word_1_140' title='bbox 2626 1496 2899 1576; x_wconf 83' lang='lat' dir='ltr'><strong><em>depositi</em></strong></span> <span class='ocrx_word' id='word_1_141' title='bbox 2919 1506 3100 1578; x_wconf 79' lang='lat' dir='ltr'><strong><em>atque</em></strong></span> <span class='ocrx_word' id='word_1_142' title='bbox 3123 1505 3547 1574; x_wconf 75' lang='lat' dir='ltr'><strong><em>exauctorati,</em></strong></span> <span class='ocrx_word' id='word_1_143' title='bbox 3573 1515 3627 1564; x_wconf 88' lang='lat' dir='ltr'><strong><em>et</em></strong></span> <span class='ocrx_word' id='word_1_144' title='bbox 3648 1496 3844 1567; x_wconf 80' lang='lat' dir='ltr'><strong><em>omni</em></strong></span> 
     </span>
    </p>
   </div>
   <div class='ocr_carea' id='block_1_21' title="bbox 630 1576 2118 1668">
    <p class='ocr_par' dir='ltr' id='par_1_21' title="bbox 630 1576 2118 1668">
     <span class='ocr_line' id='line_1_22' title="bbox 630 1576 2118 1668; baseline -0.007 -19"><span class='ocrx_word' id='word_1_145' title='bbox 630 1587 825 1649; x_wconf 86' lang='lat' dir='ltr'><strong><em>Italia</em></strong></span> <span class='ocrx_word' id='word_1_146' title='bbox 857 1576 1177 1647; x_wconf 79' lang='lat' dir='ltr'><strong><em>deturbati</em></strong></span> <span class='ocrx_word' id='word_1_147' title='bbox 1203 1576 1382 1647; x_wconf 62' lang='lat' dir='ltr'><strong><em>sunt:</em></strong></span> <span class='ocrx_word' id='word_1_148' title='bbox 1408 1576 1812 1668; x_wconf 79' lang='lat' dir='ltr'><strong><em>(Commonil.</em></strong></span> <span class='ocrx_word' id='word_1_149' title='bbox 1850 1599 1990 1659; x_wconf 86' lang='lat' dir='ltr'><strong><em>cap.</em></strong></span> <span class='ocrx_word' id='word_1_150' title='bbox 2028 1576 2118 1659; x_wconf 89' lang='lat'><strong><em>3.)</em></strong></span> 
     </span>
    </p>
   </div>
   <div class='ocr_carea' id='block_1_22' title="bbox 626 1701 2131 1775">
    <p class='ocr_par' dir='ltr' id='par_1_22' title="bbox 626 1701 2131 1775">
     <span class='ocr_line' id='line_1_23' title="bbox 626 1701 2131 1775; baseline -0.005 -14"><span class='ocrx_word' id='word_1_151' title='bbox 626 1707 892 1763; x_wconf 84' lang='lat' dir='ltr'><strong><em>Hactenus</em></strong></span> <span class='ocrx_word' id='word_1_152' title='bbox 930 1721 1211 1775; x_wconf 88' lang='lat' dir='ltr'><strong><em>supremas</em></strong></span> <span class='ocrx_word' id='word_1_153' title='bbox 1253 1716 1549 1775; x_wconf 85' lang='lat' dir='ltr'><strong><em>petestates</em></strong></span> <span class='ocrx_word' id='word_1_154' title='bbox 1592 1705 1755 1770; x_wconf 89' lang='lat' dir='ltr'><strong><em>duas,</em></strong></span> <span class='ocrx_word' id='word_1_155' title='bbox 1795 1701 2131 1775; x_wconf 85' lang='lat' dir='ltr'><strong><em>ecclesiasti-</em></strong></span> 
     </span>
    </p>
   </div>
   <div class='ocr_carea' id='block_1_23' title="bbox 2236 1698 3842 1767">
    <p class='ocr_par' dir='ltr' id='par_1_23' title="bbox 2236 1698 3842 1767">
     <span class='ocr_line' id='line_1_24' title="bbox 2236 1698 3842 1767; baseline 0.006 -16"><span class='ocrx_word' id='word_1_156' title='bbox 2236 1698 2581 1754; x_wconf 76' lang='lat' dir='ltr'><strong><em>adversarios</em></strong></span> <span class='ocrx_word' id='word_1_157' title='bbox 2632 1698 2895 1761; x_wconf 87' lang='lat' dir='ltr'><strong><em>crimine,</em></strong></span> <span class='ocrx_word' id='word_1_158' title='bbox 2943 1698 3282 1767; x_wconf 82' lang='lat' dir='ltr'><strong><em>dicerentur;</em></strong></span> <span class='ocrx_word' id='word_1_159' title='bbox 3349 1700 3536 1759; x_wconf 81' lang='lat' dir='ltr'><strong><em>Patres</em></strong></span> <span class='ocrx_word' id='word_1_160' title='bbox 3586 1704 3842 1763; x_wconf 80' lang='lat' dir='ltr'><strong><em>Africr-ni</em></strong></span> 
     </span>
    </p>
   </div>
   <div class='ocr_carea' id='block_1_24' title="bbox 550 1770 3837 1862">
    <p class='ocr_par' dir='ltr' id='par_1_24' title="bbox 550 1770 3837 1862">
     <span class='ocr_line' id='line_1_25' title="bbox 550 1770 3837 1862; baseline 0 -29"><span class='ocrx_word' id='word_1_161' title='bbox 550 1794 668 1833; x_wconf 88' lang='lat' dir='ltr'><strong><em>cam</em></strong></span> <span class='ocrx_word' id='word_1_162' title='bbox 711 1790 765 1833; x_wconf 90' lang='lat' dir='ltr'><strong><em>et</em></strong></span> <span class='ocrx_word' id='word_1_163' title='bbox 805 1770 1243 1862; x_wconf 61' lang='lat' dir='ltr'><strong><em>imperatoriam,</em></strong></span> <span class='ocrx_word' id='word_1_164' title='bbox 1256 1770 1849 1862; x_wconf 46' lang='lat' dir='ltr'><strong><em>&#39;conjuttctasvidimus</em></strong></span> <span class='ocrx_word' id='word_1_165' title='bbox 1900 1776 1953 1856; x_wconf 76' lang='lat' dir='ltr'><strong><em>in</em></strong></span> <span class='ocrx_word' id='word_1_166' title='bbox 1982 1773 2130 1826; x_wconf 86' lang='lat' dir='ltr'><strong><em>exci-</em></strong></span> <span class='ocrx_word' id='word_1_167' title='bbox 2166 1803 2211 1862; x_wconf 78' lang='grc' dir='ltr'><strong>Β</strong></span> <span class='ocrx_word' id='word_1_168' title='bbox 2240 1770 2753 1862; x_wconf 55' lang='lat' dir='ltr'><strong><em>retu&#39;lleruntiteruqt</em></strong></span> <span class='ocrx_word' id='word_1_169' title='bbox 2781 1770 2846 1824; x_wconf 90' lang='lat' dir='ltr'><strong><em>ad</em></strong></span> <span class='ocrx_word' id='word_1_170' title='bbox 2873 1785 3143 1862; x_wconf 49' lang='lat' dir='ltr'><strong><em>sutsimutn</em></strong></span> <span class='ocrx_word' id='word_1_171' title='bbox 3172 1772 3481 1855; x_wconf 80' lang='lat' dir='ltr'><strong><em>pontiﬁcem</em></strong></span> <span class='ocrx_word' id='word_1_172' title='bbox 3505 1777 3571 1829; x_wconf 89' lang='lat' dir='ltr'><strong><em>de</em></strong></span> <span class='ocrx_word' id='word_1_173' title='bbox 3589 1793 3647 1831; x_wconf 91' lang='lat' dir='ltr'><strong><em>re</em></strong></span> <span class='ocrx_word' id='word_1_174' title='bbox 3680 1786 3837 1862; x_wconf 65' lang='lat' dir='ltr'><strong><em>tota;</em></strong></span> 
     </span>
    </p>
   </div>
   <div class='ocr_carea' id='block_1_25' title="bbox 551 1843 2135 1917">
    <p class='ocr_par' dir='ltr' id='par_1_25' title="bbox 551 1843 2135 1917">
     <span class='ocr_line' id='line_1_26' title="bbox 551 1843 2135 1917; baseline -0.004 -14"><span class='ocrx_word' id='word_1_175' title='bbox 551 1851 699 1904; x_wconf 89' lang='lat' dir='ltr'><strong><em>dium</em></strong></span> <span class='ocrx_word' id='word_1_176' title='bbox 728 1843 901 1903; x_wconf 76' lang='lat' dir='ltr'><strong><em>unius</em></strong></span> <span class='ocrx_word' id='word_1_177' title='bbox 924 1850 1145 1915; x_wconf 87' lang='lat' dir='ltr'><strong><em>erroris,</em></strong></span> <span class='ocrx_word' id='word_1_178' title='bbox 1174 1848 1319 1902; x_wconf 82' lang='lat' dir='ltr'><strong><em>illam</em></strong></span> <span class='ocrx_word' id='word_1_179' title='bbox 1361 1843 1414 1900; x_wconf 81' lang='lat' dir='ltr'><strong><em>in</em></strong></span> <span class='ocrx_word' id='word_1_180' title='bbox 1453 1847 1701 1917; x_wconf 84' lang='lat' dir='ltr'><strong><em>synodis,</em></strong></span> <span class='ocrx_word' id='word_1_181' title='bbox 1741 1846 1894 1898; x_wconf 77' lang='lat' dir='ltr'><strong><em>iSIam</em></strong></span> <span class='ocrx_word' id='word_1_182' title='bbox 1926 1843 1979 1897; x_wconf 89' lang='lat' dir='ltr'><strong><em>in</em></strong></span> <span class='ocrx_word' id='word_1_183' title='bbox 2005 1859 2135 1917; x_wconf 14' lang='lat' dir='ltr'><strong><em>Asan-</em></strong></span> 
     </span>
    </p>
   </div>
   <div class='ocr_carea' id='block_1_26' title="bbox 552 1915 2136 1988">
    <p class='ocr_par' dir='ltr' id='par_1_26' title="bbox 552 1915 2136 1988">
     <span class='ocr_line' id='line_1_27' title="bbox 552 1915 2136 1988; baseline -0.006 -13"><span class='ocrx_word' id='word_1_184' title='bbox 552 1920 824 1975; x_wconf 84' lang='lat' dir='ltr'><strong><em>ctionibus</em></strong></span> <span class='ocrx_word' id='word_1_185' title='bbox 868 1918 1124 1973; x_wconf 69' lang='lat' dir='ltr'><strong><em>Ecdcsim</em></strong></span> <span class='ocrx_word' id='word_1_186' title='bbox 1156 1918 1422 1988; x_wconf 80' lang='lat' dir='ltr'><strong><em>judicium</em></strong></span> <span class='ocrx_word' id='word_1_187' title='bbox 1460 1915 1666 1972; x_wconf 63' lang='lat' dir='ltr'><strong><em>aecutis</em></strong></span> <span class='ocrx_word' id='word_1_188' title='bbox 1701 1934 1713 1970; x_wconf 87' lang='lat'><strong>:</strong></span> <span class='ocrx_word' id='word_1_189' title='bbox 1746 1924 1959 1988; x_wconf 76' lang='lat' dir='ltr'><strong><em>oportet</em></strong></span> <span class='ocrx_word' id='word_1_190' title='bbox 1984 1915 2136 1968; x_wconf 87' lang='lat' dir='ltr'><strong><em>dein-</em></strong></span> 
     </span>
    </p>
   </div>
   <div class='ocr_carea' id='block_1_27' title="bbox 553 1986 2133 2059">
    <p class='ocr_par' dir='ltr' id='par_1_27' title="bbox 553 1986 2133 2059">
     <span class='ocr_line' id='line_1_28' title="bbox 553 1986 2133 2059; baseline -0.005 -14"><span class='ocrx_word' id='word_1_191' title='bbox 553 2006 683 2056; x_wconf 83' lang='lat' dir='ltr'><strong><em>ceps</em></strong></span> <span class='ocrx_word' id='word_1_192' title='bbox 725 1989 1011 2044; x_wconf 82' lang='lat' dir='ltr'><strong><em>ostendere</em></strong></span> <span class='ocrx_word' id='word_1_193' title='bbox 1054 1986 1175 2059; x_wconf 82' lang='lat' dir='ltr'><strong><em>quis</em></strong></span> <span class='ocrx_word' id='word_1_194' title='bbox 1222 1989 1384 2044; x_wconf 66' lang='lat' dir='ltr'><strong><em>[inerit</em></strong></span> <span class='ocrx_word' id='word_1_195' title='bbox 1421 1989 1724 2059; x_wconf 78' lang='lat' dir='ltr'><strong><em>communis</em></strong></span> <span class='ocrx_word' id='word_1_196' title='bbox 1763 1986 1855 2041; x_wconf 92' lang='lat' dir='ltr'><strong><em>ille</em></strong></span> <span class='ocrx_word' id='word_1_197' title='bbox 1883 1994 2133 2059; x_wconf 77' lang='lat' dir='ltr'><strong><em>conatus,</em></strong></span> 
     </span>
    </p>
   </div>
   <div class='ocr_carea' id='block_1_28' title="bbox 551 2056 2133 2130">
    <p class='ocr_par' dir='ltr' id='par_1_28' title="bbox 551 2056 2133 2130">
     <span class='ocr_line' id='line_1_29' title="bbox 551 2056 2133 2130; baseline -0.004 -15"><span class='ocrx_word' id='word_1_198' title='bbox 551 2059 961 2130; x_wconf 85' lang='lat' dir='ltr'><strong><em>communisque</em></strong></span> <span class='ocrx_word' id='word_1_199' title='bbox 1017 2056 1206 2114; x_wconf 77' lang='lat' dir='ltr'><strong><em>modus</em></strong></span> <span class='ocrx_word' id='word_1_200' title='bbox 1270 2060 1582 2121; x_wconf 85' lang='lat' dir='ltr'><strong><em>adhibitus,</em></strong></span> <span class='ocrx_word' id='word_1_201' title='bbox 1643 2058 1712 2130; x_wconf 85' lang='lat' dir='ltr'><strong><em>ad</em></strong></span> <span class='ocrx_word' id='word_1_202' title='bbox 1770 2056 2133 2130; x_wconf 67' lang='lat' dir='ltr'><strong><em>prmstandum</em></strong></span> 
     </span>
    </p>
   </div>
   <div class='ocr_carea' id='block_1_29' title="bbox 551 2126 2138 2200">
    <p class='ocr_par' dir='ltr' id='par_1_29' title="bbox 551 2126 2138 2200">
     <span class='ocr_line' id='line_1_30' title="bbox 551 2126 2138 2200; baseline -0.002 -15"><span class='ocrx_word' id='word_1_203' title='bbox 551 2132 849 2186; x_wconf 68' lang='lat' dir='ltr'><strong><em>efficaciter</em></strong></span> <span class='ocrx_word' id='word_1_204' title='bbox 874 2126 1016 2200; x_wconf 81' lang='lat' dir='ltr'><strong><em>quod</em></strong></span> <span class='ocrx_word' id='word_1_205' title='bbox 1049 2131 1335 2198; x_wconf 81' lang='lat' dir='ltr'><strong><em>prudenter</em></strong></span> <span class='ocrx_word' id='word_1_206' title='bbox 1366 2130 1419 2184; x_wconf 93' lang='lat' dir='ltr'><strong><em>in</em></strong></span> <span class='ocrx_word' id='word_1_207' title='bbox 1449 2128 1690 2184; x_wconf 82' lang='lat' dir='ltr'><strong><em>Ecclesia</em></strong></span> <span class='ocrx_word' id='word_1_208' title='bbox 1719 2138 1775 2183; x_wconf 88' lang='lat' dir='ltr'><strong><em>et</em></strong></span> <span class='ocrx_word' id='word_1_209' title='bbox 1801 2128 2010 2200; x_wconf 83' lang='lat' dir='ltr'><strong><em>inania</em></strong></span> <span class='ocrx_word' id='word_1_210' title='bbox 2040 2126 2138 2200; x_wconf 49' lang='lat' dir='ltr'><strong><em>de:</em></strong></span> 
     </span>
    </p>
   </div>
   <div class='ocr_carea' id='block_1_30' title="bbox 550 2196 2136 2264">
    <p class='ocr_par' dir='ltr' id='par_1_30' title="bbox 550 2196 2136 2264">
     <span class='ocr_line' id='line_1_31' title="bbox 550 2196 2136 2264; baseline -0.003 -8"><span class='ocrx_word' id='word_1_211' title='bbox 550 2203 834 2256; x_wconf 79' lang='lat' dir='ltr'><strong><em>liberatum</em></strong></span> <span class='ocrx_word' id='word_1_212' title='bbox 863 2196 1058 2256; x_wconf 74' lang='lat' dir='ltr'><strong><em>fuerat.</em></strong></span> <span class='ocrx_word' id='word_1_213' title='bbox 1086 2201 1276 2256; x_wconf 85' lang='lat' dir='ltr'><strong><em>Nullus</em></strong></span> <span class='ocrx_word' id='word_1_214' title='bbox 1301 2215 1429 2256; x_wconf 82' lang='lat' dir='ltr'><strong><em>vero</em></strong></span> <span class='ocrx_word' id='word_1_215' title='bbox 1465 2201 1563 2254; x_wconf 90' lang='lat' dir='ltr'><strong><em>fuit</em></strong></span> <span class='ocrx_word' id='word_1_216' title='bbox 1586 2200 1741 2264; x_wconf 89' lang='lat' dir='ltr'><strong><em>alius,</em></strong></span> <span class='ocrx_word' id='word_1_217' title='bbox 1772 2200 1817 2253; x_wconf 87' lang='lat' dir='ltr'><strong><em>si</em></strong></span> <span class='ocrx_word' id='word_1_218' title='bbox 1851 2196 2136 2253; x_wconf 80' lang='lat' dir='ltr'><strong><em>Mercatori</em></strong></span> 
     </span>
    </p>
   </div>
   <div class='ocr_carea' id='block_1_31' title="bbox 549 2270 2134 2341">
    <p class='ocr_par' dir='ltr' id='par_1_31' title="bbox 549 2270 2134 2341">
     <span class='ocr_line' id='line_1_32' title="bbox 549 2270 2134 2341; baseline -0.002 -15"><span class='ocrx_word' id='word_1_219' title='bbox 549 2272 851 2336; x_wconf 74' lang='lat' dir='ltr'><strong><em>credimus,</em></strong></span> <span class='ocrx_word' id='word_1_220' title='bbox 892 2273 977 2326; x_wconf 90' lang='lat' dir='ltr'><strong><em>cui</em></strong></span> <span class='ocrx_word' id='word_1_221' title='bbox 1022 2272 1351 2341; x_wconf 78' lang='lat' dir='ltr'><strong><em>Augustinus</em></strong></span> <span class='ocrx_word' id='word_1_222' title='bbox 1380 2270 1765 2339; x_wconf 89' lang='lat' dir='ltr'><strong><em>Possidiusque</em></strong></span> <span class='ocrx_word' id='word_1_223' title='bbox 1794 2284 1858 2324; x_wconf 89' lang='lat' dir='ltr'><strong><em>ac</em></strong></span> <span class='ocrx_word' id='word_1_224' title='bbox 1880 2270 2134 2341; x_wconf 79' lang='lat' dir='ltr'><strong><em>Prosper</em></strong></span> 
     </span>
    </p>
   </div>
   <div class='ocr_carea' id='block_1_32' title="bbox 549 2340 2137 2412">
    <p class='ocr_par' dir='ltr' id='par_1_32' title="bbox 549 2340 2137 2412">
     <span class='ocr_line' id='line_1_33' title="bbox 549 2340 2137 2412; baseline -0.002 -17"><span class='ocrx_word' id='word_1_225' title='bbox 549 2342 928 2412; x_wconf 76' lang='lat' dir='ltr'><strong><em>astipulantur,</em></strong></span> <span class='ocrx_word' id='word_1_226' title='bbox 972 2340 1134 2411; x_wconf 85' lang='lat' dir='ltr'><strong><em>quam</em></strong></span> <span class='ocrx_word' id='word_1_227' title='bbox 1181 2342 1325 2408; x_wconf 89' lang='lat' dir='ltr'><strong><em>quod</em></strong></span> <span class='ocrx_word' id='word_1_228' title='bbox 1366 2342 1625 2409; x_wconf 86' lang='lat' dir='ltr'><strong><em>imperata</em></strong></span> <span class='ocrx_word' id='word_1_229' title='bbox 1676 2350 1758 2412; x_wconf 84' lang='lat' dir='ltr'><strong><em>est</em></strong></span> <span class='ocrx_word' id='word_1_230' title='bbox 1808 2340 2137 2412; x_wconf 78' lang='lat' dir='ltr'><strong><em>subscriptio</em></strong></span> 
     </span>
    </p>
   </div>
   <div class='ocr_carea' id='block_1_33' title="bbox 550 2410 2136 2481">
    <p class='ocr_par' dir='ltr' id='par_1_33' title="bbox 550 2410 2136 2481">
     <span class='ocr_line' id='line_1_34' title="bbox 550 2410 2136 2481; baseline -0.003 -14"><span class='ocrx_word' id='word_1_231' title='bbox 550 2410 793 2468; x_wconf 79' lang='lat' dir='ltr'><strong><em>facienda</em></strong></span> <span class='ocrx_word' id='word_1_232' title='bbox 839 2410 1071 2469; x_wconf 79' lang='lat' dir='ltr'><strong><em>decretis</em></strong></span> <span class='ocrx_word' id='word_1_233' title='bbox 1109 2414 1365 2469; x_wconf 66' lang='lat' dir='ltr'><strong><em>Ecclesia:</em></strong></span> <span class='ocrx_word' id='word_1_234' title='bbox 1404 2413 1674 2481; x_wconf 78' lang='lat' dir='ltr'><strong><em>Pelagium</em></strong></span> <span class='ocrx_word' id='word_1_235' title='bbox 1712 2410 2136 2478; x_wconf 70' lang='lat' dir='ltr'><strong><em>C(elesdumque</em></strong></span> 
     </span>
    </p>
   </div>
   <div class='ocr_carea' id='block_1_34' title="bbox 550 2481 2138 2553">
    <p class='ocr_par' dir='ltr' id='par_1_34' title="bbox 550 2481 2138 2553">
     <span class='ocr_line' id='line_1_35' title="bbox 550 2481 2138 2553; baseline -0.004 -14"><span class='ocrx_word' id='word_1_236' title='bbox 550 2494 606 2539; x_wconf 89' lang='lat' dir='ltr'><strong><em>et</em></strong></span> <span class='ocrx_word' id='word_1_237' title='bbox 635 2486 873 2551; x_wconf 88' lang='lat' dir='ltr'><strong><em>reliquos</em></strong></span> <span class='ocrx_word' id='word_1_238' title='bbox 912 2484 1159 2553; x_wconf 77' lang='lat' dir='ltr'><strong><em>ejusdem</em></strong></span> <span class='ocrx_word' id='word_1_239' title='bbox 1188 2485 1479 2553; x_wconf 72' lang='lat' dir='ltr'><strong><em>impietatis</em></strong></span> <span class='ocrx_word' id='word_1_240' title='bbox 1518 2484 1833 2538; x_wconf 80' lang='lat' dir='ltr'><strong><em>defensores</em></strong></span> <span class='ocrx_word' id='word_1_241' title='bbox 1872 2481 2138 2553; x_wconf 84' lang='lat' dir='ltr'><strong><em>damnan-</em></strong></span> 
     </span>
    </p>
   </div>
   <div class='ocr_carea' id='block_1_35' title="bbox 550 2551 2137 2621">
    <p class='ocr_par' dir='ltr' id='par_1_35' title="bbox 550 2551 2137 2621">
     <span class='ocr_line' id='line_1_36' title="bbox 550 2551 2137 2621; baseline -0.003 -12"><span class='ocrx_word' id='word_1_242' title='bbox 550 2556 638 2609; x_wconf 90' lang='lat' dir='ltr'><strong><em>tis.</em></strong></span> <span class='ocrx_word' id='word_1_243' title='bbox 671 2556 747 2610; x_wconf 92' lang='lat' dir='ltr'><strong><em>De</em></strong></span> <span class='ocrx_word' id='word_1_244' title='bbox 776 2551 1173 2621; x_wconf 78' lang='lat' dir='ltr'><strong><em>subscriptione</em></strong></span> <span class='ocrx_word' id='word_1_245' title='bbox 1203 2551 1574 2620; x_wconf 62' lang='lat' dir='ltr'><strong><em>hujuscemodi</em></strong></span> <span class='ocrx_word' id='word_1_246' title='bbox 1606 2555 1658 2607; x_wconf 91' lang='lat' dir='ltr'><strong><em>in</em></strong></span> <span class='ocrx_word' id='word_1_247' title='bbox 1701 2567 1861 2607; x_wconf 87' lang='lat' dir='ltr'><strong><em>causa</em></strong></span> <span class='ocrx_word' id='word_1_248' title='bbox 1893 2551 2137 2619; x_wconf 80' lang='lat' dir='ltr'><strong><em>Pelagia-</em></strong></span> 
     </span>
    </p>
   </div>
   <div class='ocr_carea' id='block_1_36' title="bbox 552 2622 2134 2695">
    <p class='ocr_par' dir='ltr' id='par_1_36' title="bbox 552 2622 2134 2695">
     <span class='ocr_line' id='line_1_37' title="bbox 552 2622 2134 2695; baseline -0.003 -16"><span class='ocrx_word' id='word_1_249' title='bbox 552 2642 743 2680; x_wconf 89' lang='lat' dir='ltr'><strong><em>norum</em></strong></span> <span class='ocrx_word' id='word_1_250' title='bbox 773 2635 960 2695; x_wconf 67' lang='lat' dir='ltr'><strong><em>exacta</em></strong></span> <span class='ocrx_word' id='word_1_251' title='bbox 996 2631 1167 2679; x_wconf 75' lang='lat' dir='ltr'><strong><em>l‘utura</em></strong></span> <span class='ocrx_word' id='word_1_252' title='bbox 1200 2635 1287 2680; x_wconf 91' lang='lat' dir='ltr'><strong><em>est</em></strong></span> <span class='ocrx_word' id='word_1_253' title='bbox 1310 2637 1500 2693; x_wconf 87' lang='lat' dir='ltr'><strong><em>quarta</em></strong></span> <span class='ocrx_word' id='word_1_254' title='bbox 1528 2622 1996 2695; x_wconf 13' lang='lat' dir='ltr'><strong><em>hmcidissertatio,</em></strong></span> <span class='ocrx_word' id='word_1_255' title='bbox 2030 2636 2134 2695; x_wconf 88' lang='lat' dir='ltr'><strong><em>qua</em></strong></span> 
     </span>
    </p>
   </div>
   <div class='ocr_carea' id='block_1_37' title="bbox 548 2692 2137 2764">
    <p class='ocr_par' dir='ltr' id='par_1_37' title="bbox 548 2692 2137 2764">
     <span class='ocr_line' id='line_1_38' title="bbox 548 2692 2137 2764; baseline -0.003 -14"><span class='ocrx_word' id='word_1_256' title='bbox 548 2698 804 2750; x_wconf 83' lang='lat' dir='ltr'><strong><em>illustrari</em></strong></span> <span class='ocrx_word' id='word_1_257' title='bbox 832 2692 1104 2764; x_wconf 68' lang='lat' dir='ltr'><strong><em>pomtlant</em></strong></span> <span class='ocrx_word' id='word_1_258' title='bbox 1125 2712 1229 2748; x_wconf 87' lang='lat' dir='ltr'><strong><em>non</em></strong></span> <span class='ocrx_word' id='word_1_259' title='bbox 1254 2692 1411 2749; x_wconf 81' lang='lat' dir='ltr'><strong><em>allata</em></strong></span> <span class='ocrx_word' id='word_1_260' title='bbox 1440 2696 1614 2748; x_wconf 86' lang='lat' dir='ltr'><strong><em>solum</em></strong></span> <span class='ocrx_word' id='word_1_261' title='bbox 1643 2692 1953 2764; x_wconf 76' lang='lat' dir='ltr'><strong><em>Mercatoris</em></strong></span> <span class='ocrx_word' id='word_1_262' title='bbox 1976 2694 2137 2764; x_wconf 85' lang='lat' dir='ltr'><strong><em>verba</em></strong></span> 
     </span>
    </p>
   </div>
   <div class='ocr_carea' id='block_1_38' title="bbox 550 2763 2134 2835">
    <p class='ocr_par' dir='ltr' id='par_1_38' title="bbox 550 2763 2134 2835">
     <span class='ocr_line' id='line_1_39' title="bbox 550 2763 2134 2835; baseline -0.003 -15"><span class='ocrx_word' id='word_1_263' title='bbox 550 2784 617 2820; x_wconf 79' lang='lat' dir='ltr'><strong><em>rx</em></strong></span> <span class='ocrx_word' id='word_1_264' title='bbox 663 2763 1116 2833; x_wconf 77' lang='lat' dir='ltr'><strong><em>Commonitorio,</em></strong></span> <span class='ocrx_word' id='word_1_265' title='bbox 1150 2765 1245 2820; x_wconf 79' lang='lat' dir='ltr'><strong><em>sed</em></strong></span> <span class='ocrx_word' id='word_1_266' title='bbox 1274 2766 1374 2818; x_wconf 89' lang='lat' dir='ltr'><strong><em>alia</em></strong></span> <span class='ocrx_word' id='word_1_267' title='bbox 1407 2765 1605 2835; x_wconf 88' lang='lat' dir='ltr'><strong><em>passim</em></strong></span> <span class='ocrx_word' id='word_1_268' title='bbox 1654 2765 1704 2818; x_wconf 93' lang='lat' dir='ltr'><strong><em>in</em></strong></span> <span class='ocrx_word' id='word_1_269' title='bbox 1749 2763 1886 2819; x_wconf 90' lang='lat' dir='ltr'><strong><em>libro</em></strong></span> <span class='ocrx_word' id='word_1_270' title='bbox 1917 2763 2134 2817; x_wconf 82' lang='lat' dir='ltr'><strong><em>Subito-</em></strong></span> 
     </span>
    </p>
   </div>
   <div class='ocr_carea' id='block_1_39' title="bbox 553 2837 1026 2891">
    <p class='ocr_par' dir='ltr' id='par_1_39' title="bbox 553 2837 1026 2891">
     <span class='ocr_line' id='line_1_40' title="bbox 553 2837 1026 2891; baseline -0.002 0"><span class='ocrx_word' id='word_1_271' title='bbox 553 2840 815 2891; x_wconf 89' lang='lat' dir='ltr'><strong><em>tationum</em></strong></span> <span class='ocrx_word' id='word_1_272' title='bbox 845 2837 1026 2891; x_wconf 87' lang='lat' dir='ltr'><strong><em>obvia.</em></strong></span> 
     </span>
    </p>
   </div>
   <div class='ocr_carea' id='block_1_40' title="bbox 1067 2925 1627 2983">
    <p class='ocr_par' dir='ltr' id='par_1_40' title="bbox 1067 2925 1627 2983">
     <span class='ocr_line' id='line_1_41' title="bbox 1067 2925 1627 2983; baseline -0.007 0"><span class='ocrx_word' id='word_1_273' title='bbox 1067 2926 1297 2983; x_wconf 80' lang='lat' dir='ltr'><strong>CAPUT</strong></span> <span class='ocrx_word' id='word_1_274' title='bbox 1337 2925 1627 2983; x_wconf 75' lang='lat' dir='ltr'><strong><em>PRIMUM.</em></strong></span> 
     </span>
    </p>
   </div>
   <div class='ocr_carea' id='block_1_41' title="bbox 553 3040 2137 3113">
    <p class='ocr_par' dir='ltr' id='par_1_41' title="bbox 553 3040 2137 3113">
     <span class='ocr_line' id='line_1_42' title="bbox 553 3040 2137 3113; baseline -0.002 -15"><span class='ocrx_word' id='word_1_275' title='bbox 553 3044 683 3112; x_wconf 71' lang='lat' dir='ltr'><strong><em>Quae</em></strong></span> <span class='ocrx_word' id='word_1_276' title='bbox 726 3060 883 3100; x_wconf 82' lang='lat' dir='ltr'><strong><em>causa</em></strong></span> <span class='ocrx_word' id='word_1_277' title='bbox 929 3055 976 3100; x_wconf 90' lang='lat' dir='ltr'><strong><em>et</em></strong></span> <span class='ocrx_word' id='word_1_278' title='bbox 1022 3046 1152 3099; x_wconf 86' lang='lat' dir='ltr'><strong><em>ratio</em></strong></span> <span class='ocrx_word' id='word_1_279' title='bbox 1182 3044 1551 3099; x_wconf 85' lang='lat' dir='ltr'><strong><em>dissertationis</em></strong></span> <span class='ocrx_word' id='word_1_280' title='bbox 1579 3043 1645 3096; x_wconf 89' lang='lat' dir='ltr'><strong><em>de</em></strong></span> <span class='ocrx_word' id='word_1_281' title='bbox 1681 3040 2137 3113; x_wconf 83' lang='lat' dir='ltr'><strong><em>subscriptionibus</em></strong></span> 
     </span>
    </p>
   </div>
   <div class='ocr_carea' id='block_1_42' title="bbox 881 3116 1792 3187">
    <p class='ocr_par' dir='ltr' id='par_1_42' title="bbox 881 3116 1792 3187">
     <span class='ocr_line' id='line_1_43' title="bbox 881 3116 1792 3187; baseline -0.005 -16"><span class='ocrx_word' id='word_1_282' title='bbox 881 3119 1074 3172; x_wconf 75' lang='lat' dir='ltr'><strong><em>exactis</em></strong></span> <span class='ocrx_word' id='word_1_283' title='bbox 1104 3118 1158 3170; x_wconf 87' lang='lat' dir='ltr'><strong><em>in</em></strong></span> <span class='ocrx_word' id='word_1_284' title='bbox 1185 3133 1339 3170; x_wconf 87' lang='lat' dir='ltr'><strong><em>causa</em></strong></span> <span class='ocrx_word' id='word_1_285' title='bbox 1369 3116 1792 3187; x_wconf 78' lang='lat' dir='ltr'><strong><em>Pelagianorum.</em></strong></span> 
     </span>
    </p>
   </div>
   <div class='ocr_carea' id='block_1_43' title="bbox 620 3251 2132 3321">
    <p class='ocr_par' dir='ltr' id='par_1_43' title="bbox 620 3251 2132 3321">
     <span class='ocr_line' id='line_1_44' title="bbox 620 3251 2132 3321; baseline -0.003 -12"><span class='ocrx_word' id='word_1_286' title='bbox 620 3253 775 3309; x_wconf 83' lang='lat' dir='ltr'><strong><em>Nulla</em></strong></span> <span class='ocrx_word' id='word_1_287' title='bbox 812 3255 909 3308; x_wconf 91' lang='lat' dir='ltr'><strong><em>fuit</em></strong></span> <span class='ocrx_word' id='word_1_288' title='bbox 947 3254 1192 3319; x_wconf 74' lang='lat' dir='ltr'><strong><em>bzeresis,</em></strong></span> <span class='ocrx_word' id='word_1_289' title='bbox 1221 3252 1365 3321; x_wconf 88' lang='lat' dir='ltr'><strong><em>quod</em></strong></span> <span class='ocrx_word' id='word_1_290' title='bbox 1398 3252 1507 3320; x_wconf 87' lang='lat' dir='ltr'><strong><em>jam</em></strong></span> <span class='ocrx_word' id='word_1_291' title='bbox 1548 3251 1747 3306; x_wconf 80' lang='lat' dir='ltr'><strong><em>dictum</em></strong></span> <span class='ocrx_word' id='word_1_292' title='bbox 1781 3252 1898 3321; x_wconf 88' lang='lat' dir='ltr'><strong><em>plus</em></strong></span> <span class='ocrx_word' id='word_1_293' title='bbox 1939 3251 2132 3315; x_wconf 87' lang='lat' dir='ltr'><strong><em>semel,</em></strong></span> 
     </span>
    </p>
   </div>
   <div class='ocr_carea' id='block_1_44' title="bbox 550 3322 2139 3393">
    <p class='ocr_par' dir='ltr' id='par_1_44' title="bbox 550 3322 2139 3393">
     <span class='ocr_line' id='line_1_45' title="bbox 550 3322 2139 3393; baseline -0.001 -15"><span class='ocrx_word' id='word_1_294' title='bbox 550 3334 645 3379; x_wconf 89' lang='lat' dir='ltr'><strong><em>aut</em></strong></span> <span class='ocrx_word' id='word_1_295' title='bbox 672 3326 1001 3393; x_wconf 75' lang='lat' dir='ltr'><strong><em>pertinacior</em></strong></span> <span class='ocrx_word' id='word_1_296' title='bbox 1032 3340 1193 3393; x_wconf 83' lang='lat' dir='ltr'><strong><em>quam</em></strong></span> <span class='ocrx_word' id='word_1_297' title='bbox 1227 3324 1533 3391; x_wconf 77' lang='lat' dir='ltr'><strong><em>Pelagiana,</em></strong></span> <span class='ocrx_word' id='word_1_298' title='bbox 1559 3331 1653 3393; x_wconf 87' lang='lat' dir='ltr'><strong><em>aut</em></strong></span> <span class='ocrx_word' id='word_1_299' title='bbox 1678 3338 1797 3390; x_wconf 75' lang='lat' dir='ltr'><strong><em>qua:</em></strong></span> <span class='ocrx_word' id='word_1_300' title='bbox 1818 3322 2139 3377; x_wconf 88' lang='lat' dir='ltr'><strong><em>obstinatius</em></strong></span> 
     </span>
    </p>
   </div>
   <div class='ocr_carea' id='block_1_45' title="bbox 549 3392 2137 3451">
    <p class='ocr_par' dir='ltr' id='par_1_45' title="bbox 549 3392 2137 3451">
     <span class='ocr_line' id='line_1_46' title="bbox 549 3392 2137 3451; baseline -0.002 -1"><span class='ocrx_word' id='word_1_301' title='bbox 549 3405 607 3450; x_wconf 91' lang='lat' dir='ltr'><strong><em>et</em></strong></span> <span class='ocrx_word' id='word_1_302' title='bbox 635 3392 977 3451; x_wconf 82' lang='lat' dir='ltr'><strong><em>artiﬁciosius</em></strong></span> <span class='ocrx_word' id='word_1_303' title='bbox 1018 3392 1278 3449; x_wconf 72' lang='lat' dir='ltr'><strong><em>restiterit</em></strong></span> <span class='ocrx_word' id='word_1_304' title='bbox 1313 3396 1576 3447; x_wconf 83' lang='lat' dir='ltr'><strong><em>adversus</em></strong></span> <span class='ocrx_word' id='word_1_305' title='bbox 1617 3392 1876 3447; x_wconf 66' lang='lat' dir='ltr'><strong><em>Ecclesiae</em></strong></span> <span class='ocrx_word' id='word_1_306' title='bbox 1922 3395 2137 3447; x_wconf 85' lang='lat' dir='ltr'><strong><em>decreta</em></strong></span> 
     </span>
    </p>
   </div>
   <div class='ocr_carea' id='block_1_46' title="bbox 550 3464 2138 3535">
    <p class='ocr_par' dir='ltr' id='par_1_46' title="bbox 550 3464 2138 3535">
     <span class='ocr_line' id='line_1_47' title="bbox 550 3464 2138 3535; baseline -0.001 -15"><span class='ocrx_word' id='word_1_307' title='bbox 550 3476 715 3535; x_wconf 88' lang='lat' dir='ltr'><strong><em>atque</em></strong></span> <span class='ocrx_word' id='word_1_308' title='bbox 747 3468 1132 3533; x_wconf 73' lang='lat' dir='ltr'><strong><em>imperatorum</em></strong></span> <span class='ocrx_word' id='word_1_309' title='bbox 1155 3466 1483 3519; x_wconf 88' lang='lat' dir='ltr'><strong><em>sanctiones.</em></strong></span> <span class='ocrx_word' id='word_1_310' title='bbox 1515 3464 1691 3518; x_wconf 83' lang='lat' dir='ltr'><strong><em>Videri</em></strong></span> <span class='ocrx_word' id='word_1_311' title='bbox 1719 3466 1892 3532; x_wconf 84' lang='lat' dir='ltr'><strong><em>pomit</em></strong></span> <span class='ocrx_word' id='word_1_312' title='bbox 1912 3475 2138 3533; x_wconf 82' lang='lat' dir='ltr'><strong><em>Cognata</em></strong></span> 
     </span>
    </p>
   </div>
   <div class='ocr_carea' id='block_1_47' title="bbox 551 3535 2134 3606">
    <p class='ocr_par' dir='ltr' id='par_1_47' title="bbox 551 3535 2134 3606">
     <span class='ocr_line' id='line_1_48' title="bbox 551 3535 2134 3606; baseline -0.002 -16"><span class='ocrx_word' id='word_1_313' title='bbox 551 3537 754 3590; x_wconf 77' lang='lat' dir='ltr'><strong><em>morbis</em></strong></span> <span class='ocrx_word' id='word_1_314' title='bbox 777 3538 866 3606; x_wconf 91' lang='lat' dir='ltr'><strong><em>qui</em></strong></span> <span class='ocrx_word' id='word_1_315' title='bbox 891 3536 1143 3590; x_wconf 86' lang='lat' dir='ltr'><strong><em>remediis</em></strong></span> <span class='ocrx_word' id='word_1_316' title='bbox 1164 3545 1423 3603; x_wconf 80' lang='lat' dir='ltr'><strong><em>augentur</em></strong></span> <span class='ocrx_word' id='word_1_317' title='bbox 1447 3551 1462 3600; x_wconf 91' lang='lat'><strong><em>;</em></strong></span> <span class='ocrx_word' id='word_1_318' title='bbox 1489 3535 1571 3588; x_wconf 86' lang='lat' dir='ltr'><strong><em>vel</em></strong></span> <span class='ocrx_word' id='word_1_319' title='bbox 1598 3535 1900 3603; x_wconf 80' lang='lat' dir='ltr'><strong><em>graminum</em></strong></span> <span class='ocrx_word' id='word_1_320' title='bbox 1924 3536 2134 3602; x_wconf 86' lang='lat' dir='ltr'><strong><em>similis,</em></strong></span> 
     </span>
    </p>
   </div>
   <div class='ocr_carea' id='block_1_48' title="bbox 550 3606 2137 3675">
    <p class='ocr_par' dir='ltr' id='par_1_48' title="bbox 550 3606 2137 3675">
     <span class='ocr_line' id='line_1_49' title="bbox 550 3606 2137 3675; baseline -0.001 -15"><span class='ocrx_word' id='word_1_321' title='bbox 550 3624 669 3675; x_wconf 74' lang='lat' dir='ltr'><strong><em>qua:</em></strong></span> <span class='ocrx_word' id='word_1_322' title='bbox 724 3609 906 3662; x_wconf 83' lang='lat' dir='ltr'><strong><em>excisa</em></strong></span> <span class='ocrx_word' id='word_1_323' title='bbox 958 3607 1327 3672; x_wconf 85' lang='lat' dir='ltr'><strong><em>sobolescunt,</em></strong></span> <span class='ocrx_word' id='word_1_324' title='bbox 1377 3618 1431 3661; x_wconf 90' lang='lat' dir='ltr'><strong><em>et</em></strong></span> <span class='ocrx_word' id='word_1_325' title='bbox 1481 3616 1671 3662; x_wconf 82' lang='lat' dir='ltr'><strong><em>exusta</em></strong></span> <span class='ocrx_word' id='word_1_326' title='bbox 1711 3606 1823 3660; x_wconf 91' lang='lat' dir='ltr'><strong><em>suis</em></strong></span> <span class='ocrx_word' id='word_1_327' title='bbox 1864 3606 2137 3661; x_wconf 77' lang='lat' dir='ltr'><strong><em>cineribus</em></strong></span> 
     </span>
    </p>
   </div>
   <div class='ocr_carea' id='block_1_49' title="bbox 550 3692 828 3733">
    <p class='ocr_par' dir='ltr' id='par_1_49' title="bbox 550 3692 828 3733">
     <span class='ocr_line' id='line_1_50' title="bbox 550 3692 828 3733; baseline 0.004 -1"><span class='ocrx_word' id='word_1_328' title='bbox 550 3692 828 3733; x_wconf 82' lang='lat' dir='ltr'><strong><em>seruntur.</em></strong></span> 
     </span>
    </p>
   </div>
   <div class='ocr_carea' id='block_1_50' title="bbox 624 3746 2138 3821">
    <p class='ocr_par' dir='ltr' id='par_1_50' title="bbox 624 3746 2138 3821">
     <span class='ocr_line' id='line_1_51' title="bbox 624 3746 2138 3821; baseline 0 -19"><span class='ocrx_word' id='word_1_329' title='bbox 624 3748 929 3821; x_wconf 88' lang='lat' dir='ltr'><strong><em>Pertractus</em></strong></span> <span class='ocrx_word' id='word_1_330' title='bbox 952 3750 1122 3804; x_wconf 78' lang='lat' dir='ltr'><strong><em>fuerat</em></strong></span> <span class='ocrx_word' id='word_1_331' title='bbox 1147 3747 1436 3821; x_wconf 74' lang='lat' dir='ltr'><strong><em>Ctelestius</em></strong></span> <span class='ocrx_word' id='word_1_332' title='bbox 1458 3748 1523 3803; x_wconf 84' lang='lat' dir='ltr'><strong><em>ad</em></strong></span> <span class='ocrx_word' id='word_1_333' title='bbox 1548 3747 1856 3821; x_wconf 81' lang='lat' dir='ltr'><strong><em>episcopale</em></strong></span> <span class='ocrx_word' id='word_1_334' title='bbox 1878 3746 2138 3821; x_wconf 82' lang='lat' dir='ltr'><strong><em>judicium</em></strong></span> 
     </span>
    </p>
   </div>
   <div class='ocr_carea' id='block_1_51' title="bbox 551 3816 2140 3892">
    <p class='ocr_par' dir='ltr' id='par_1_51' title="bbox 551 3816 2140 3892">
     <span class='ocr_line' id='line_1_52' title="bbox 551 3816 2140 3892; baseline -0.001 -20"><span class='ocrx_word' id='word_1_335' title='bbox 551 3816 761 3892; x_wconf 81' lang='lat' dir='ltr'><strong><em>Aurelii</em></strong></span> <span class='ocrx_word' id='word_1_336' title='bbox 789 3822 1254 3892; x_wconf 86' lang='lat' dir='ltr'><strong><em>Carthaginensis,</em></strong></span> <span class='ocrx_word' id='word_1_337' title='bbox 1289 3820 1341 3873; x_wconf 91' lang='lat' dir='ltr'><strong><em>in</em></strong></span> <span class='ocrx_word' id='word_1_338' title='bbox 1368 3834 1540 3892; x_wconf 72' lang='lat' dir='ltr'><strong><em>coque</em></strong></span> <span class='ocrx_word' id='word_1_339' title='bbox 1559 3818 1941 3892; x_wconf 77' lang='lat' dir='ltr'><strong><em>communione</em></strong></span> <span class='ocrx_word' id='word_1_340' title='bbox 1965 3816 2140 3892; x_wconf 82' lang='lat' dir='ltr'><strong><em>priva-</em></strong></span> 
     </span>
    </p>
   </div>
   <div class='ocr_carea' id='block_1_52' title="bbox 551 3888 2138 3953">
    <p class='ocr_par' dir='ltr' id='par_1_52' title="bbox 551 3888 2138 3953">
     <span class='ocr_line' id='line_1_53' title="bbox 551 3888 2138 3953; baseline 0.002 -12"><span class='ocrx_word' id='word_1_341' title='bbox 551 3898 662 3953; x_wconf 89' lang='lat' dir='ltr'><strong><em>tus,</em></strong></span> <span class='ocrx_word' id='word_1_342' title='bbox 701 3891 874 3946; x_wconf 86' lang='lat' dir='ltr'><strong><em>donec</em></strong></span> <span class='ocrx_word' id='word_1_343' title='bbox 909 3888 1124 3947; x_wconf 77' lang='lat' dir='ltr'><strong><em>errores</em></strong></span> <span class='ocrx_word' id='word_1_344' title='bbox 1176 3905 1303 3945; x_wconf 90' lang='lat' dir='ltr'><strong><em>suos</em></strong></span> <span class='ocrx_word' id='word_1_345' title='bbox 1350 3890 1668 3953; x_wconf 83' lang='lat' dir='ltr'><strong><em>damnaret;</em></strong></span> <span class='ocrx_word' id='word_1_346' title='bbox 1706 3891 1802 3944; x_wconf 90' lang='lat' dir='ltr'><strong><em>sed</em></strong></span> <span class='ocrx_word' id='word_1_347' title='bbox 1854 3888 2138 3945; x_wconf 62' lang='lat' dir='ltr'><strong><em>haereticus</em></strong></span> 
     </span>
    </p>
   </div>
   <div class='ocr_carea' id='block_1_53' title="bbox 550 3960 2134 4029">
    <p class='ocr_par' dir='ltr' id='par_1_53' title="bbox 550 3960 2134 4029">
     <span class='ocr_line' id='line_1_54' title="bbox 550 3960 2134 4029; baseline 0.001 -18"><span class='ocrx_word' id='word_1_348' title='bbox 550 3961 796 4028; x_wconf 82' lang='lat' dir='ltr'><strong><em>apprime</em></strong></span> <span class='ocrx_word' id='word_1_349' title='bbox 826 3963 1069 4017; x_wconf 83' lang='lat' dir='ltr'><strong><em>eruditus</em></strong></span> <span class='ocrx_word' id='word_1_350' title='bbox 1116 3962 1220 4015; x_wconf 89' lang='lat' dir='ltr'><strong><em>l&#39;ori</em></strong></span> <span class='ocrx_word' id='word_1_351' title='bbox 1249 3961 1475 4023; x_wconf 86' lang='lat' dir='ltr'><strong><em>artibus,</em></strong></span> <span class='ocrx_word' id='word_1_352' title='bbox 1511 3962 1833 4015; x_wconf 85' lang='lat' dir='ltr'><strong><em>sententiam</em></strong></span> <span class='ocrx_word' id='word_1_353' title='bbox 1871 3960 2134 4029; x_wconf 83' lang='lat' dir='ltr'><strong><em>episcOpi,</em></strong></span> 
     </span>
    </p>
   </div>
   <div class='ocr_carea' id='block_1_54' title="bbox 549 4031 2139 4102">
    <p class='ocr_par' dir='ltr' id='par_1_54' title="bbox 549 4031 2139 4102">
     <span class='ocr_line' id='line_1_55' title="bbox 549 4031 2139 4102; baseline 0.003 -22"><span class='ocrx_word' id='word_1_354' title='bbox 549 4031 770 4086; x_wconf 87' lang='lat' dir='ltr'><strong><em>obtenta</em></strong></span> <span class='ocrx_word' id='word_1_355' title='bbox 812 4033 955 4086; x_wconf 88' lang='lat' dir='ltr'><strong><em>sedis</em></strong></span> <span class='ocrx_word' id='word_1_356' title='bbox 986 4033 1293 4102; x_wconf 84' lang='lat' dir='ltr'><strong><em>apostolicae</em></strong></span> <span class='ocrx_word' id='word_1_357' title='bbox 1334 4032 1720 4100; x_wconf 83' lang='lat' dir='ltr'><strong><em>appellatione,</em></strong></span> <span class='ocrx_word' id='word_1_358' title='bbox 1753 4046 1913 4100; x_wconf 85' lang='lat' dir='ltr'><strong><em>quam</em></strong></span> <span class='ocrx_word' id='word_1_359' title='bbox 1955 4045 2139 4098; x_wconf 86' lang='lat' dir='ltr'><strong><em>prose-</em></strong></span> 
     </span>
    </p>
   </div>
   <div class='ocr_carea' id='block_1_55' title="bbox 549 4101 2139 4169">
    <p class='ocr_par' dir='ltr' id='par_1_55' title="bbox 549 4101 2139 4169">
     <span class='ocr_line' id='line_1_56' title="bbox 549 4101 2139 4169; baseline 0.003 -18"><span class='ocrx_word' id='word_1_360' title='bbox 549 4104 640 4169; x_wconf 86' lang='lat' dir='ltr'><strong><em>qui</em></strong></span> <span class='ocrx_word' id='word_1_361' title='bbox 691 4120 798 4156; x_wconf 90' lang='lat' dir='ltr'><strong><em>non</em></strong></span> <span class='ocrx_word' id='word_1_362' title='bbox 845 4101 1076 4158; x_wconf 86' lang='lat' dir='ltr'><strong><em>habebat</em></strong></span> <span class='ocrx_word' id='word_1_363' title='bbox 1128 4104 1180 4157; x_wconf 91' lang='lat' dir='ltr'><strong><em>in</em></strong></span> <span class='ocrx_word' id='word_1_364' title='bbox 1221 4104 1421 4164; x_wconf 87' lang='lat' dir='ltr'><strong><em>animo,</em></strong></span> <span class='ocrx_word' id='word_1_365' title='bbox 1461 4102 1771 4166; x_wconf 79' lang='lat' dir='ltr'><strong><em>declinavit,</em></strong></span> <span class='ocrx_word' id='word_1_366' title='bbox 1815 4101 2139 4169; x_wconf 85' lang='lat' dir='ltr'><strong><em>interimque</em></strong></span> 
     </span>
    </p>
   </div>
   <div class='ocr_carea' id='block_1_56' title="bbox 550 4171 2135 4241">
    <p class='ocr_par' dir='ltr' id='par_1_56' title="bbox 550 4171 2135 4241">
     <span class='ocr_line' id='line_1_57' title="bbox 550 4171 2135 4241; baseline 0.001 -17"><span class='ocrx_word' id='word_1_367' title='bbox 550 4172 711 4227; x_wconf 85' lang='lat' dir='ltr'><strong><em>latius</em></strong></span> <span class='ocrx_word' id='word_1_368' title='bbox 733 4174 1105 4229; x_wconf 89' lang='lat' dir='ltr'><strong><em>dissctninavit</em></strong></span> <span class='ocrx_word' id='word_1_369' title='bbox 1135 4174 1407 4234; x_wconf 82' lang='lat' dir='ltr'><strong><em>haeresim,</em></strong></span> <span class='ocrx_word' id='word_1_370' title='bbox 1434 4171 1751 4241; x_wconf 79' lang='lat' dir='ltr'><strong><em>profugiens</em></strong></span> <span class='ocrx_word' id='word_1_371' title='bbox 1779 4174 1895 4240; x_wconf 88' lang='lat' dir='ltr'><strong><em>ipse</em></strong></span> <span class='ocrx_word' id='word_1_372' title='bbox 1919 4172 2135 4237; x_wconf 85' lang='lat' dir='ltr'><strong><em>quidem</em></strong></span> 
     </span>
    </p>
   </div>
   <div class='ocr_carea' id='block_1_57' title="bbox 548 4242 2134 4315">
    <p class='ocr_par' dir='ltr' id='par_1_57' title="bbox 548 4242 2134 4315">
     <span class='ocr_line' id='line_1_58' title="bbox 548 4242 2134 4315; baseline 0.002 -21"><span class='ocrx_word' id='word_1_373' title='bbox 548 4242 601 4315; x_wconf 83' lang='lat' dir='ltr'><strong><em>in</em></strong></span> <span class='ocrx_word' id='word_1_374' title='bbox 628 4243 833 4310; x_wconf 84' lang='lat' dir='ltr'><strong><em>Asiam,</em></strong></span> <span class='ocrx_word' id='word_1_375' title='bbox 860 4247 953 4299; x_wconf 88' lang='lat' dir='ltr'><strong><em>sed</em></strong></span> <span class='ocrx_word' id='word_1_376' title='bbox 980 4261 1075 4315; x_wconf 84' lang='lat' dir='ltr'><strong><em>per</em></strong></span> <span class='ocrx_word' id='word_1_377' title='bbox 1097 4260 1226 4301; x_wconf 91' lang='lat' dir='ltr'><strong><em>suos</em></strong></span> <span class='ocrx_word' id='word_1_378' title='bbox 1251 4243 1576 4313; x_wconf 81' lang='lat' dir='ltr'><strong><em>Carthagine</em></strong></span> <span class='ocrx_word' id='word_1_379' title='bbox 1608 4243 1849 4309; x_wconf 82' lang='lat' dir='ltr'><strong><em>relictos,</em></strong></span> <span class='ocrx_word' id='word_1_380' title='bbox 1875 4242 2134 4309; x_wconf 74' lang='lat' dir='ltr'><strong><em>Africam,</em></strong></span> 
     </span>
    </p>
   </div>
   <div class='ocr_carea' id='block_1_58' title="bbox 548 4313 1969 4383">
    <p class='ocr_par' dir='ltr' id='par_1_58' title="bbox 548 4313 1969 4383">
     <span class='ocr_line' id='line_1_59' title="bbox 548 4313 1969 4383; baseline 0 -18"><span class='ocrx_word' id='word_1_381' title='bbox 548 4313 826 4370; x_wconf 84' lang='lat' dir='ltr'><strong><em>obnitente</em></strong></span> <span class='ocrx_word' id='word_1_382' title='bbox 856 4313 990 4370; x_wconf 74' lang='lat' dir='ltr'><strong><em>licet</em></strong></span> <span class='ocrx_word' id='word_1_383' title='bbox 1011 4317 1330 4383; x_wconf 82' lang='lat' dir='ltr'><strong><em>Augustino,</em></strong></span> <span class='ocrx_word' id='word_1_384' title='bbox 1366 4316 1456 4369; x_wconf 90' lang='lat' dir='ltr'><strong><em>vix</em></strong></span> <span class='ocrx_word' id='word_1_385' title='bbox 1489 4330 1593 4367; x_wconf 92' lang='lat' dir='ltr'><strong><em>non</em></strong></span> <span class='ocrx_word' id='word_1_386' title='bbox 1626 4324 1969 4381; x_wconf 83' lang='lat' dir='ltr'><strong><em>pervertens.</em></strong></span> 
     </span>
    </p>
   </div>
   <div class='ocr_carea' id='block_1_59' title="bbox 624 4385 2137 4456">
    <p class='ocr_par' dir='ltr' id='par_1_59' title="bbox 624 4385 2137 4456">
     <span class='ocr_line' id='line_1_60' title="bbox 624 4385 2137 4456; baseline 0 -18"><span class='ocrx_word' id='word_1_387' title='bbox 624 4385 870 4455; x_wconf 82' lang='lat' dir='ltr'><strong><em>Pelagius</em></strong></span> <span class='ocrx_word' id='word_1_388' title='bbox 906 4388 1196 4456; x_wconf 86' lang='lat' dir='ltr'><strong><em>Diospolitn</em></strong></span> <span class='ocrx_word' id='word_1_389' title='bbox 1232 4396 1457 4440; x_wconf 88' lang='lat' dir='ltr'><strong><em>vocatus</em></strong></span> <span class='ocrx_word' id='word_1_390' title='bbox 1493 4385 1559 4438; x_wconf 90' lang='lat' dir='ltr'><strong><em>ad</em></strong></span> <span class='ocrx_word' id='word_1_391' title='bbox 1590 4386 1963 4452; x_wconf 84' lang='lat' dir='ltr'><strong><em>episcoporum</em></strong></span> <span class='ocrx_word' id='word_1_392' title='bbox 2005 4399 2137 4438; x_wconf 82' lang='lat' dir='ltr'><strong><em>eon-</em></strong></span> 
     </span>
    </p>
   </div>
   <div class='ocr_carea' id='block_1_60' title="bbox 549 4455 2134 4524">
    <p class='ocr_par' dir='ltr' id='par_1_60' title="bbox 549 4455 2134 4524">
     <span class='ocr_line' id='line_1_61' title="bbox 549 4455 2134 4524; baseline 0.003 -17"><span class='ocrx_word' id='word_1_393' title='bbox 549 4455 759 4521; x_wconf 87' lang='lat' dir='ltr'><strong><em>cilium,</em></strong></span> <span class='ocrx_word' id='word_1_394' title='bbox 798 4459 944 4511; x_wconf 84' lang='lat' dir='ltr'><strong><em>venit</em></strong></span> <span class='ocrx_word' id='word_1_395' title='bbox 975 4455 1156 4512; x_wconf 85' lang='lat' dir='ltr'><strong><em>certus</em></strong></span> <span class='ocrx_word' id='word_1_396' title='bbox 1190 4456 1408 4511; x_wconf 89' lang='lat' dir='ltr'><strong><em>fallendi</em></strong></span> <span class='ocrx_word' id='word_1_397' title='bbox 1454 4456 1666 4519; x_wconf 84' lang='lat' dir='ltr'><strong><em>Patres,</em></strong></span> <span class='ocrx_word' id='word_1_398' title='bbox 1708 4455 2134 4524; x_wconf 84' lang='lat' dir='ltr'><strong><em>quibuscumque</em></strong></span> 
     </span>
    </p>
   </div>
   <div class='ocr_carea' id='block_1_61' title="bbox 2238 1840 3841 1905">
    <p class='ocr_par' dir='ltr' id='par_1_61' title="bbox 2238 1840 3841 1905">
     <span class='ocr_line' id='line_1_62' title="bbox 2238 1840 3841 1905; baseline 0.007 -11"><span class='ocrx_word' id='word_1_399' title='bbox 2238 1851 2293 1894; x_wconf 90' lang='lat' dir='ltr'><strong><em>et</em></strong></span> <span class='ocrx_word' id='word_1_400' title='bbox 2333 1841 2424 1894; x_wconf 87' lang='lat' dir='ltr'><strong><em>ille</em></strong></span> <span class='ocrx_word' id='word_1_401' title='bbox 2467 1840 2668 1895; x_wconf 88' lang='lat' dir='ltr'><strong><em>certior</em></strong></span> <span class='ocrx_word' id='word_1_402' title='bbox 2710 1841 2914 1900; x_wconf 86' lang='lat' dir='ltr'><strong><em>factus.</em></strong></span> <span class='ocrx_word' id='word_1_403' title='bbox 2958 1840 3206 1895; x_wconf 83' lang='lat' dir='ltr'><strong><em>homines</em></strong></span> <span class='ocrx_word' id='word_1_404' title='bbox 3236 1858 3355 1896; x_wconf 89' lang='lat' dir='ltr'><strong><em>cum</em></strong></span> <span class='ocrx_word' id='word_1_405' title='bbox 3397 1846 3510 1898; x_wconf 92' lang='lat' dir='ltr'><strong><em>suis</em></strong></span> <span class='ocrx_word' id='word_1_406' title='bbox 3546 1840 3841 1905; x_wconf 82' lang='lat' dir='ltr'><strong><em>erroribus</em></strong></span> 
     </span>
    </p>
   </div>
   <div class='ocr_carea' id='block_1_62' title="bbox 2238 1911 3836 1989">
    <p class='ocr_par' dir='ltr' id='par_1_62' title="bbox 2238 1911 3836 1989">
     <span class='ocr_line' id='line_1_63' title="bbox 2238 1911 3836 1989; baseline 0.006 -25"><span class='ocrx_word' id='word_1_407' title='bbox 2238 1919 2350 1989; x_wconf 67' lang='lat' dir='ltr'><strong><em>toto</em></strong></span> <span class='ocrx_word' id='word_1_408' title='bbox 2371 1911 2501 1989; x_wconf 81' lang='lat' dir='ltr'><strong><em>orbe</em></strong></span> <span class='ocrx_word' id='word_1_409' title='bbox 2523 1911 3017 1989; x_wconf 68' lang='lat' dir='ltr'><strong><em>proscripsit_(Aug_.</em></strong></span> <span class='ocrx_word' id='word_1_410' title='bbox 3042 1912 3128 1965; x_wconf 86' lang='lat' dir='ltr'><strong><em>tib.</em></strong></span> <span class='ocrx_word' id='word_1_411' title='bbox 3155 1927 3193 1965; x_wconf 85' lang='lat' dir='ltr'><strong><em>ll</em></strong></span> <span class='ocrx_word' id='word_1_412' title='bbox 3212 1914 3279 1965; x_wconf 87' lang='lat' dir='ltr'><strong><em>ad</em></strong></span> <span class='ocrx_word' id='word_1_413' title='bbox 3298 1912 3645 1985; x_wconf 78' lang='lat' dir='ltr'><strong><em>Bonifacium,</em></strong></span> <span class='ocrx_word' id='word_1_414' title='bbox 3670 1929 3757 1973; x_wconf 86' lang='lat' dir='ltr'><strong><em>etc</em></strong></span> <span class='ocrx_word' id='word_1_415' title='bbox 3794 1924 3836 1989; x_wconf 92' lang='lat'><strong><em>).</em></strong></span> 
     </span>
    </p>
   </div>
   <div class='ocr_carea' id='block_1_63' title="bbox 2310 1981 3836 2052">
    <p class='ocr_par' dir='ltr' id='par_1_63' title="bbox 2310 1981 3836 2052">
     <span class='ocr_line' id='line_1_64' title="bbox 2310 1981 3836 2052; baseline 0.007 -17"><span class='ocrx_word' id='word_1_416' title='bbox 2310 1981 2491 2035; x_wconf 81' lang='lat' dir='ltr'><strong><em>Pctuit</em></strong></span> <span class='ocrx_word' id='word_1_417' title='bbox 2525 1990 2655 2035; x_wconf 90' lang='lat' dir='ltr'><strong><em>tunc</em></strong></span> <span class='ocrx_word' id='word_1_418' title='bbox 2686 1982 2857 2036; x_wconf 86' lang='lat' dir='ltr'><strong><em>videri</em></strong></span> <span class='ocrx_word' id='word_1_419' title='bbox 2889 1983 3103 2049; x_wconf 88' lang='lat' dir='ltr'><strong><em>penitus</em></strong></span> <span class='ocrx_word' id='word_1_420' title='bbox 3131 1994 3400 2051; x_wconf 89' lang='lat' dir='ltr'><strong><em>prostrata</em></strong></span> <span class='ocrx_word' id='word_1_421' title='bbox 3434 1981 3695 2052; x_wconf 64' lang='lat' dir='ltr'><strong><em>haeresis.</em></strong></span> <span class='ocrx_word' id='word_1_422' title='bbox 3729 1981 3836 2045; x_wconf 72' lang='lat' dir='ltr'><strong><em>sed</em></strong></span> 
     </span>
    </p>
   </div>
   <div class='ocr_carea' id='block_1_64' title="bbox 2237 2052 3837 2124">
    <p class='ocr_par' dir='ltr' id='par_1_64' title="bbox 2237 2052 3837 2124">
     <span class='ocr_line' id='line_1_65' title="bbox 2237 2052 3837 2124; baseline 0.006 -20"><span class='ocrx_word' id='word_1_423' title='bbox 2237 2052 2365 2124; x_wconf 82' lang='lat' dir='ltr'><strong><em>inde</em></strong></span> <span class='ocrx_word' id='word_1_424' title='bbox 2411 2062 2587 2108; x_wconf 85' lang='lat' dir='ltr'><strong><em>tamen</em></strong></span> <span class='ocrx_word' id='word_1_425' title='bbox 2623 2052 2799 2124; x_wconf 79' lang='lat' dir='ltr'><strong><em>altius</em></strong></span> <span class='ocrx_word' id='word_1_426' title='bbox 2848 2052 3045 2124; x_wconf 77' lang='lat' dir='ltr'><strong><em>extulit</em></strong></span> <span class='ocrx_word' id='word_1_427' title='bbox 3087 2063 3279 2121; x_wconf 89' lang='lat' dir='ltr'><strong><em>caput;</em></strong></span> <span class='ocrx_word' id='word_1_428' title='bbox 3326 2055 3461 2111; x_wconf 88' lang='lat' dir='ltr'><strong><em>adeo</em></strong></span> <span class='ocrx_word' id='word_1_429' title='bbox 3507 2067 3565 2111; x_wconf 90' lang='lat' dir='ltr'><strong><em>ut</em></strong></span> <span class='ocrx_word' id='word_1_430' title='bbox 3607 2076 3731 2124; x_wconf 77' lang='lat' dir='ltr'><strong><em>qua:</em></strong></span> <span class='ocrx_word' id='word_1_431' title='bbox 3783 2063 3837 2115; x_wconf 90' lang='lat' dir='ltr'><strong><em>in</em></strong></span> 
     </span>
    </p>
   </div>
   <div class='ocr_carea' id='block_1_65' title="bbox 2237 2121 3841 2197">
    <p class='ocr_par' dir='ltr' id='par_1_65' title="bbox 2237 2121 3841 2197">
     <span class='ocr_line' id='line_1_66' title="bbox 2237 2121 3841 2197; baseline 0.006 -22"><span class='ocrx_word' id='word_1_432' title='bbox 2237 2121 2380 2176; x_wconf 91' lang='lat' dir='ltr'><strong><em>hunc</em></strong></span> <span class='ocrx_word' id='word_1_433' title='bbox 2408 2138 2578 2197; x_wconf 84' lang='lat' dir='ltr'><strong><em>usque</em></strong></span> <span class='ocrx_word' id='word_1_434' title='bbox 2603 2122 2744 2197; x_wconf 81' lang='lat' dir='ltr'><strong><em>diem</em></strong></span> <span class='ocrx_word' id='word_1_435' title='bbox 2772 2138 2871 2192; x_wconf 89' lang='lat' dir='ltr'><strong><em>per</em></strong></span> <span class='ocrx_word' id='word_1_436' title='bbox 2897 2122 3031 2197; x_wconf 80' lang='lat' dir='ltr'><strong><em>duos</em></strong></span> <span class='ocrx_word' id='word_1_437' title='bbox 3059 2123 3325 2197; x_wconf 81' lang='lat' dir='ltr'><strong><em>homines,</em></strong></span> <span class='ocrx_word' id='word_1_438' title='bbox 3354 2137 3504 2182; x_wconf 87' lang='lat' dir='ltr'><strong><em>certe</em></strong></span> <span class='ocrx_word' id='word_1_439' title='bbox 3534 2121 3841 2197; x_wconf 74' lang='lat' dir='ltr'><strong><em>perobscu-</em></strong></span> 
     </span>
    </p>
   </div>
   <div class='ocr_carea' id='block_1_66' title="bbox 2238 2193 3838 2269">
    <p class='ocr_par' dir='ltr' id='par_1_66' title="bbox 2238 2193 3838 2269">
     <span class='ocr_line' id='line_1_67' title="bbox 2238 2193 3838 2269; baseline 0.005 -22"><span class='ocrx_word' id='word_1_440' title='bbox 2238 2208 2330 2247; x_wconf 88' lang='lat' dir='ltr'><strong><em>ros</em></strong></span> <span class='ocrx_word' id='word_1_441' title='bbox 2347 2234 2376 2269; x_wconf 86' lang='lat'><strong><em>,_</em></strong></span> <span class='ocrx_word' id='word_1_442' title='bbox 2416 2193 2760 2269; x_wconf 70' lang='lat' dir='ltr'><strong><em>mussitabat,</em></strong></span> <span class='ocrx_word' id='word_1_443' title='bbox 2808 2208 2933 2247; x_wconf 89' lang='lat' dir='ltr'><strong><em>ausa</em></strong></span> <span class='ocrx_word' id='word_1_444' title='bbox 2977 2194 3051 2248; x_wconf 91' lang='lat' dir='ltr'><strong><em>sit</em></strong></span> <span class='ocrx_word' id='word_1_445' title='bbox 3093 2196 3397 2269; x_wconf 83' lang='lat' dir='ltr'><strong><em>octodecim</em></strong></span> <span class='ocrx_word' id='word_1_446' title='bbox 3446 2193 3838 2269; x_wconf 76' lang='lat' dir='ltr'><strong><em>episcoporum</em></strong></span> 
     </span>
    </p>
   </div>
   <div class='ocr_carea' id='block_1_67' title="bbox 2237 2264 3837 2334">
    <p class='ocr_par' dir='ltr' id='par_1_67' title="bbox 2237 2264 3837 2334">
     <span class='ocr_line' id='line_1_68' title="bbox 2237 2264 3837 2334; baseline 0.002 -15"><span class='ocrx_word' id='word_1_447' title='bbox 2237 2277 2333 2319; x_wconf 88' lang='lat' dir='ltr'><strong><em>ore</em></strong></span> <span class='ocrx_word' id='word_1_448' title='bbox 2365 2264 2509 2331; x_wconf 90' lang='lat' dir='ltr'><strong><em>loqui</em></strong></span> <span class='ocrx_word' id='word_1_449' title='bbox 2540 2264 2592 2318; x_wconf 88' lang='lat' dir='ltr'><strong><em>itt</em></strong></span> <span class='ocrx_word' id='word_1_450' title='bbox 2621 2264 2793 2327; x_wconf 84' lang='lat' dir='ltr'><strong><em>Italia,</em></strong></span> <span class='ocrx_word' id='word_1_451' title='bbox 2825 2279 3121 2334; x_wconf 88' lang='lat' dir='ltr'><strong><em>omnesque</em></strong></span> <span class='ocrx_word' id='word_1_452' title='bbox 3152 2266 3449 2321; x_wconf 86' lang='lat' dir='ltr'><strong><em>catholicos</em></strong></span> <span class='ocrx_word' id='word_1_453' title='bbox 3479 2264 3702 2324; x_wconf 84' lang='lat' dir='ltr'><strong><em>infando</em></strong></span> <span class='ocrx_word' id='word_1_454' title='bbox 3734 2289 3837 2323; x_wconf 83' lang='lat' dir='ltr'><strong><em>uo-</em></strong></span> 
     </span>
    </p>
   </div>
   <div class='ocr_carea' id='block_1_68' title="bbox 2239 2334 3841 2410">
    <p class='ocr_par' dir='ltr' id='par_1_68' title="bbox 2239 2334 3841 2410">
     <span class='ocr_line' id='line_1_69' title="bbox 2239 2334 3841 2410; baseline 0.006 -23"><span class='ocrx_word' id='word_1_455' title='bbox 2239 2334 2380 2388; x_wconf 89' lang='lat' dir='ltr'><strong><em>mine</em></strong></span> <span class='ocrx_word' id='word_1_456' title='bbox 2412 2335 2740 2410; x_wconf 68' lang='lat' dir='ltr'><strong><em>Manichteos</em></strong></span> <span class='ocrx_word' id='word_1_457' title='bbox 2770 2335 2992 2410; x_wconf 82' lang='lat' dir='ltr'><strong><em>liberius</em></strong></span> <span class='ocrx_word' id='word_1_458' title='bbox 3022 2336 3327 2410; x_wconf 63' lang='lat' dir='ltr'><strong><em>appellare,</em></strong></span> <span class='ocrx_word' id='word_1_459' title='bbox 3372 2338 3599 2410; x_wconf 83' lang='lat' dir='ltr'><strong><em>ﬁdeique</em></strong></span> <span class='ocrx_word' id='word_1_460' title='bbox 3640 2342 3841 2397; x_wconf 80' lang='lat' dir='ltr'><strong><em>defen-</em></strong></span> 
     </span>
    </p>
   </div>
   <div class='ocr_carea' id='block_1_69' title="bbox 2237 2406 3493 2465">
    <p class='ocr_par' dir='ltr' id='par_1_69' title="bbox 2237 2406 3493 2465">
     <span class='ocr_line' id='line_1_70' title="bbox 2237 2406 3493 2465; baseline 0.003 -6"><span class='ocrx_word' id='word_1_461' title='bbox 2237 2420 2391 2459; x_wconf 85' lang='lat' dir='ltr'><strong><em>sores</em></strong></span> <span class='ocrx_word' id='word_1_462' title='bbox 2421 2406 2614 2459; x_wconf 85' lang='lat' dir='ltr'><strong><em>laxatae</em></strong></span> <span class='ocrx_word' id='word_1_463' title='bbox 2646 2420 2855 2460; x_wconf 91' lang='lat' dir='ltr'><strong><em>morum</em></strong></span> <span class='ocrx_word' id='word_1_464' title='bbox 2887 2406 3117 2460; x_wconf 74' lang='lat' dir='ltr'><strong><em>licentize</em></strong></span> <span class='ocrx_word' id='word_1_465' title='bbox 3144 2422 3265 2462; x_wconf 90' lang='lat' dir='ltr'><strong><em>reos</em></strong></span> <span class='ocrx_word' id='word_1_466' title='bbox 3294 2408 3493 2465; x_wconf 87' lang='lat' dir='ltr'><strong><em>facere.</em></strong></span> 
     </span>
    </p>
   </div>
   <div class='ocr_carea' id='block_1_70' title="bbox 2308 2476 3839 2546">
    <p class='ocr_par' dir='ltr' id='par_1_70' title="bbox 2308 2476 3839 2546">
     <span class='ocr_line' id='line_1_71' title="bbox 2308 2476 3839 2546; baseline 0.007 -18"><span class='ocrx_word' id='word_1_467' title='bbox 2308 2476 2605 2542; x_wconf 66' lang='lat' dir='ltr'><strong><em>Quaesitum</em></strong></span> <span class='ocrx_word' id='word_1_468' title='bbox 2633 2488 2717 2532; x_wconf 90' lang='lat' dir='ltr'><strong><em>est</em></strong></span> <span class='ocrx_word' id='word_1_469' title='bbox 2745 2476 3039 2531; x_wconf 90' lang='lat' dir='ltr'><strong><em>remedium</em></strong></span> <span class='ocrx_word' id='word_1_470' title='bbox 3067 2493 3160 2546; x_wconf 88' lang='lat' dir='ltr'><strong><em>par</em></strong></span> <span class='ocrx_word' id='word_1_471' title='bbox 3184 2488 3331 2532; x_wconf 88' lang='lat' dir='ltr'><strong><em>tanto</em></strong></span> <span class='ocrx_word' id='word_1_472' title='bbox 3362 2482 3525 2545; x_wconf 88' lang='lat' dir='ltr'><strong><em>malo,</em></strong></span> <span class='ocrx_word' id='word_1_473' title='bbox 3550 2497 3653 2536; x_wconf 88' lang='lat' dir='ltr'><strong><em>nec</em></strong></span> <span class='ocrx_word' id='word_1_474' title='bbox 3681 2484 3839 2538; x_wconf 85' lang='lat' dir='ltr'><strong><em>aliud</em></strong></span> 
     </span>
    </p>
   </div>
   <div class='ocr_carea' id='block_1_71' title="bbox 2238 2545 3841 2617">
    <p class='ocr_par' dir='ltr' id='par_1_71' title="bbox 2238 2545 3841 2617">
     <span class='ocr_line' id='line_1_72' title="bbox 2238 2545 3841 2617; baseline 0.007 -19"><span class='ocrx_word' id='word_1_475' title='bbox 2238 2545 2307 2599; x_wconf 88' lang='lat' dir='ltr'><strong><em>ab</em></strong></span> <span class='ocrx_word' id='word_1_476' title='bbox 2334 2546 2657 2617; x_wconf 80' lang='lat' dir='ltr'><strong><em>Augustino,</em></strong></span> <span class='ocrx_word' id='word_1_477' title='bbox 2689 2548 2913 2615; x_wconf 82' lang='lat' dir='ltr'><strong><em>aliisque</em></strong></span> <span class='ocrx_word' id='word_1_478' title='bbox 2953 2545 3078 2602; x_wconf 82' lang='lat' dir='ltr'><strong><em>zelo</em></strong></span> <span class='ocrx_word' id='word_1_479' title='bbox 3105 2548 3194 2604; x_wconf 88' lang='lat' dir='ltr'><strong><em>Dei</em></strong></span> <span class='ocrx_word' id='word_1_480' title='bbox 3227 2550 3542 2606; x_wconf 87' lang='lat' dir='ltr'><strong><em>ardentibus</em></strong></span> <span class='ocrx_word' id='word_1_481' title='bbox 3584 2554 3841 2609; x_wconf 81' lang='lat' dir='ltr'><strong><em>inveniri</em></strong></span> 
     </span>
    </p>
   </div>
   <div class='ocr_carea' id='block_1_72' title="bbox 2239 2619 3843 2693">
    <p class='ocr_par' dir='ltr' id='par_1_72' title="bbox 2239 2619 3843 2693">
     <span class='ocr_line' id='line_1_73' title="bbox 2239 2619 3843 2693; baseline 0.008 -26"><span class='ocrx_word' id='word_1_482' title='bbox 2239 2620 2435 2693; x_wconf 81' lang='lat' dir='ltr'><strong><em>potuit,</em></strong></span> <span class='ocrx_word' id='word_1_483' title='bbox 2466 2633 2623 2687; x_wconf 89' lang='lat' dir='ltr'><strong><em>quam</em></strong></span> <span class='ocrx_word' id='word_1_484' title='bbox 2655 2619 2701 2671; x_wconf 89' lang='lat' dir='ltr'><strong><em>si</em></strong></span> <span class='ocrx_word' id='word_1_485' title='bbox 2732 2619 3035 2693; x_wconf 84' lang='lat' dir='ltr'><strong><em>ex_igere_tur</em></strong></span> <span class='ocrx_word' id='word_1_486' title='bbox 3066 2619 3136 2693; x_wconf 82' lang='lat' dir='ltr'><strong><em>ab</em></strong></span> <span class='ocrx_word' id='word_1_487' title='bbox 3169 2620 3451 2693; x_wconf 86' lang='lat' dir='ltr'><strong><em>omnibus,</em></strong></span> <span class='ocrx_word' id='word_1_488' title='bbox 3482 2639 3585 2676; x_wconf 88' lang='lat' dir='ltr'><strong><em>non</em></strong></span> <span class='ocrx_word' id='word_1_489' title='bbox 3612 2626 3843 2693; x_wconf 85' lang='lat' dir='ltr'><strong><em>episco-</em></strong></span> 
     </span>
    </p>
   </div>
   <div class='ocr_carea' id='block_1_73' title="bbox 2242 2687 3842 2760">
    <p class='ocr_par' dir='ltr' id='par_1_73' title="bbox 2242 2687 3842 2760">
     <span class='ocr_line' id='line_1_74' title="bbox 2242 2687 3842 2760; baseline 0.006 -19"><span class='ocrx_word' id='word_1_490' title='bbox 2242 2687 2321 2760; x_wconf 84' lang='lat' dir='ltr'><strong><em>pis</em></strong></span> <span class='ocrx_word' id='word_1_491' title='bbox 2348 2698 2549 2743; x_wconf 89' lang='lat' dir='ltr'><strong><em>tantum</em></strong></span> <span class='ocrx_word' id='word_1_492' title='bbox 2581 2697 2635 2743; x_wconf 88' lang='lat' dir='ltr'><strong><em>et</em></strong></span> <span class='ocrx_word' id='word_1_493' title='bbox 2659 2689 3007 2760; x_wconf 86' lang='lat' dir='ltr'><strong><em>presbyteris,</em></strong></span> <span class='ocrx_word' id='word_1_494' title='bbox 3035 2688 3128 2743; x_wconf 88' lang='lat' dir='ltr'><strong><em>sed</em></strong></span> <span class='ocrx_word' id='word_1_495' title='bbox 3153 2690 3313 2744; x_wconf 87' lang='lat' dir='ltr'><strong><em>etiam</em></strong></span> <span class='ocrx_word' id='word_1_496' title='bbox 3338 2687 3842 2749; x_wconf 55' lang='lat' dir='ltr'><strong><em>minoribus&#39;cleri-</em></strong></span> 
     </span>
    </p>
   </div>
   <div class='ocr_carea' id='block_1_74' title="bbox 2237 2758 3841 2830">
    <p class='ocr_par' dir='ltr' id='par_1_74' title="bbox 2237 2758 3841 2830">
     <span class='ocr_line' id='line_1_75' title="bbox 2237 2758 3841 2830; baseline 0.006 -19"><span class='ocrx_word' id='word_1_497' title='bbox 2237 2758 2358 2830; x_wconf 81' lang='lat' dir='ltr'><strong><em>eis,</em></strong></span> <span class='ocrx_word' id='word_1_498' title='bbox 2390 2760 2554 2813; x_wconf 85' lang='lat' dir='ltr'><strong><em>immo</em></strong></span> <span class='ocrx_word' id='word_1_499' title='bbox 2600 2768 2655 2813; x_wconf 88' lang='lat' dir='ltr'><strong><em>et</em></strong></span> <span class='ocrx_word' id='word_1_500' title='bbox 2702 2758 2875 2825; x_wconf 64' lang='lat' dir='ltr'><strong><em>laticis,</em></strong></span> <span class='ocrx_word' id='word_1_501' title='bbox 2911 2774 3136 2828; x_wconf 79' lang='lat' dir='ltr'><strong><em>quarunt</em></strong></span> <span class='ocrx_word' id='word_1_502' title='bbox 3184 2761 3317 2816; x_wconf 85' lang='lat' dir='ltr'><strong><em>fides</em></strong></span> <span class='ocrx_word' id='word_1_503' title='bbox 3360 2765 3413 2816; x_wconf 90' lang='lat' dir='ltr'><strong><em>in</em></strong></span> <span class='ocrx_word' id='word_1_504' title='bbox 3461 2766 3841 2830; x_wconf 83' lang='lat' dir='ltr'><strong><em>suspicionem</em></strong></span> 
     </span>
    </p>
   </div>
   <div class='ocr_carea' id='block_1_75' title="bbox 2239 2829 3843 2899">
    <p class='ocr_par' dir='ltr' id='par_1_75' title="bbox 2239 2829 3843 2899">
     <span class='ocr_line' id='line_1_76' title="bbox 2239 2829 3843 2899; baseline 0.004 -16"><span class='ocrx_word' id='word_1_505' title='bbox 2239 2829 2503 2895; x_wconf 76' lang='lat' dir='ltr'><strong><em>venisset,</em></strong></span> <span class='ocrx_word' id='word_1_506' title='bbox 2537 2842 2593 2883; x_wconf 92' lang='lat' dir='ltr'><strong><em>ut</em></strong></span> <span class='ocrx_word' id='word_1_507' title='bbox 2623 2830 2781 2898; x_wconf 89' lang='lat' dir='ltr'><strong><em>plane</em></strong></span> <span class='ocrx_word' id='word_1_508' title='bbox 2810 2843 3104 2899; x_wconf 87' lang='lat' dir='ltr'><strong><em>aperteque</em></strong></span> <span class='ocrx_word' id='word_1_509' title='bbox 3136 2829 3735 2890; x_wconf 65' lang='lat' dir='ltr'><strong><em>subscriberenttactte</em></strong></span> <span class='ocrx_word' id='word_1_510' title='bbox 3766 2839 3843 2891; x_wconf 87' lang='lat' dir='ltr'><strong><em>ab</em></strong></span> 
     </span>
    </p>
   </div>
   <div class='ocr_carea' id='block_1_76' title="bbox 2244 2900 3836 2974">
    <p class='ocr_par' dir='ltr' id='par_1_76' title="bbox 2244 2900 3836 2974">
     <span class='ocr_line' id='line_1_77' title="bbox 2244 2900 3836 2974; baseline 0.004 -21"><span class='ocrx_word' id='word_1_511' title='bbox 2244 2900 2484 2974; x_wconf 83' lang='lat' dir='ltr'><strong><em>Ecclesia</em></strong></span> <span class='ocrx_word' id='word_1_512' title='bbox 2531 2900 2860 2974; x_wconf 82' lang='lat' dir='ltr'><strong><em>damnationi</em></strong></span> <span class='ocrx_word' id='word_1_513' title='bbox 2906 2900 3155 2966; x_wconf 65' lang='lat' dir='ltr'><strong><em>haeresis,</em></strong></span> <span class='ocrx_word' id='word_1_514' title='bbox 3202 2911 3592 2974; x_wconf 88' lang='lat' dir='ltr'><strong><em>auctorumque</em></strong></span> <span class='ocrx_word' id='word_1_515' title='bbox 3661 2909 3836 2961; x_wconf 89' lang='lat' dir='ltr'><strong><em>simul</em></strong></span> 
     </span>
    </p>
   </div>
   <div class='ocr_carea' id='block_1_77' title="bbox 2241 2972 3840 3039">
    <p class='ocr_par' dir='ltr' id='par_1_77' title="bbox 2241 2972 3840 3039">
     <span class='ocr_line' id='line_1_78' title="bbox 2241 2972 3840 3039; baseline 0.006 -16"><span class='ocrx_word' id='word_1_516' title='bbox 2241 2972 2329 3039; x_wconf 91' lang='lat' dir='ltr'><strong><em>qui</em></strong></span> <span class='ocrx_word' id='word_1_517' title='bbox 2365 2972 2501 3025; x_wconf 89' lang='lat' dir='ltr'><strong><em>hanc</em></strong></span> <span class='ocrx_word' id='word_1_518' title='bbox 2532 2972 2582 3025; x_wconf 88' lang='lat' dir='ltr'><strong><em>in</em></strong></span> <span class='ocrx_word' id='word_1_519' title='bbox 2615 2972 2809 3039; x_wconf 74' lang='lat' dir='ltr'><strong><em>vulgus</em></strong></span> <span class='ocrx_word' id='word_1_520' title='bbox 2838 2974 3196 3039; x_wconf 88' lang='lat' dir='ltr'><strong><em>sparsissent;</em></strong></span> <span class='ocrx_word' id='word_1_521' title='bbox 3230 2973 3310 3027; x_wconf 89' lang='lat' dir='ltr'><strong><em>sic</em></strong></span> <span class='ocrx_word' id='word_1_522' title='bbox 3347 2972 3705 3031; x_wconf 70' lang='lat' dir='ltr'><strong><em>ettitttvisunt</em></strong></span> <span class='ocrx_word' id='word_1_523' title='bbox 3746 2991 3840 3032; x_wconf 83' lang='lat' dir='ltr'><strong><em>est</em></strong></span> 
     </span>
    </p>
   </div>
   <div class='ocr_carea' id='block_1_78' title="bbox 2241 3042 3840 3116">
    <p class='ocr_par' dir='ltr' id='par_1_78' title="bbox 2241 3042 3840 3116">
     <span class='ocr_line' id='line_1_79' title="bbox 2241 3042 3840 3116; baseline 0.004 -21"><span class='ocrx_word' id='word_1_524' title='bbox 2241 3043 2457 3116; x_wconf 83' lang='lat' dir='ltr'><strong><em>occurri</em></strong></span> <span class='ocrx_word' id='word_1_525' title='bbox 2498 3042 2941 3116; x_wconf 81' lang='lat' dir='ltr'><strong><em>possemalignis</em></strong></span> <span class='ocrx_word' id='word_1_526' title='bbox 2976 3042 3513 3116; x_wconf 71' lang='lat' dir='ltr'><strong><em>artibushominum,</em></strong></span> <span class='ocrx_word' id='word_1_527' title='bbox 3546 3047 3637 3116; x_wconf 88' lang='lat' dir='ltr'><strong><em>qui</em></strong></span> <span class='ocrx_word' id='word_1_528' title='bbox 3668 3051 3840 3102; x_wconf 80' lang='lat' dir='ltr'><strong><em>modo</em></strong></span> 
     </span>
    </p>
   </div>
   <div class='ocr_carea' id='block_1_79' title="bbox 2243 3113 3840 3182">
    <p class='ocr_par' dir='ltr' id='par_1_79' title="bbox 2243 3113 3840 3182">
     <span class='ocr_line' id='line_1_80' title="bbox 2243 3113 3840 3182; baseline 0.005 -17"><span class='ocrx_word' id='word_1_529' title='bbox 2243 3114 2421 3166; x_wconf 88' lang='lat' dir='ltr'><strong><em>verbis</em></strong></span> <span class='ocrx_word' id='word_1_530' title='bbox 2454 3114 2718 3179; x_wconf 72' lang='lat' dir='ltr'><strong><em>ambiguis</em></strong></span> <span class='ocrx_word' id='word_1_531' title='bbox 2740 3128 2852 3166; x_wconf 76' lang='lat' dir='ltr'><strong><em>sua</em></strong></span> <span class='ocrx_word' id='word_1_532' title='bbox 2882 3113 3136 3182; x_wconf 77' lang='lat' dir='ltr'><strong><em>dogmata</em></strong></span> <span class='ocrx_word' id='word_1_533' title='bbox 3176 3113 3619 3181; x_wconf 77' lang='lat' dir='ltr'><strong><em>dissimulabant,</em></strong></span> <span class='ocrx_word' id='word_1_534' title='bbox 3669 3121 3840 3173; x_wconf 85' lang='lat' dir='ltr'><strong><em>modo</em></strong></span> 
     </span>
    </p>
   </div>
   <div class='ocr_carea' id='block_1_80' title="bbox 2164 3184 3839 3256">
    <p class='ocr_par' dir='ltr' id='par_1_80' title="bbox 2164 3184 3839 3256">
     <span class='ocr_line' id='line_1_81' title="bbox 2164 3184 3839 3256; baseline 0.005 -20"><span class='ocrx_word' id='word_1_535' title='bbox 2164 3189 2208 3249; x_wconf 71' lang='grc' dir='ltr'><strong>Ο</strong></span> <span class='ocrx_word' id='word_1_536' title='bbox 2242 3185 2546 3253; x_wconf 76' lang='lat' dir='ltr'><strong><em>dogmatum</em></strong></span> <span class='ocrx_word' id='word_1_537' title='bbox 2577 3194 2824 3256; x_wconf 84' lang='lat' dir='ltr'><strong><em>auctores</em></strong></span> <span class='ocrx_word' id='word_1_538' title='bbox 2842 3199 2951 3256; x_wconf 72' lang='lat' dir='ltr'><strong><em>per</em></strong></span> <span class='ocrx_word' id='word_1_539' title='bbox 2974 3184 3145 3237; x_wconf 76' lang='lat' dir='ltr'><strong><em>solam</em></strong></span> <span class='ocrx_word' id='word_1_540' title='bbox 3167 3186 3572 3256; x_wconf 72' lang='lat' dir='ltr'><strong><em>subreptioncm</em></strong></span> <span class='ocrx_word' id='word_1_541' title='bbox 3598 3189 3839 3244; x_wconf 67' lang='lat' dir='ltr'><strong><em>damna-</em></strong></span> 
     </span>
    </p>
   </div>
   <div class='ocr_carea' id='block_1_81' title="bbox 2242 3254 3836 3330">
    <p class='ocr_par' dir='ltr' id='par_1_81' title="bbox 2242 3254 3836 3330">
     <span class='ocr_line' id='line_1_82' title="bbox 2242 3254 3836 3330; baseline 0.004 -22"><span class='ocrx_word' id='word_1_542' title='bbox 2242 3262 2476 3330; x_wconf 83' lang='lat' dir='ltr'><strong><em>tos_esse</em></strong></span> <span class='ocrx_word' id='word_1_543' title='bbox 2500 3256 2774 3330; x_wconf 81' lang='lat' dir='ltr'><strong><em>jactabaut</em></strong></span> <span class='ocrx_word' id='word_1_544' title='bbox 2806 3254 3045 3330; x_wconf 57' lang='lat' dir='ltr'><strong><em>(Nestor.</em></strong></span> <span class='ocrx_word' id='word_1_545' title='bbox 3076 3257 3237 3330; x_wconf 70' lang='lat' dir='ltr'><strong><em>cpisl._</em></strong></span> <span class='ocrx_word' id='word_1_546' title='bbox 3263 3256 3298 3308; x_wconf 71' lang='grc'>2</span> <span class='ocrx_word' id='word_1_547' title='bbox 3327 3254 3394 3309; x_wconf 84' lang='lat' dir='ltr'><strong><em>ad</em></strong></span> <span class='ocrx_word' id='word_1_548' title='bbox 3422 3257 3485 3313; x_wconf 89' lang='lat' dir='ltr'><strong><em>S.</em></strong></span> <span class='ocrx_word' id='word_1_549' title='bbox 3513 3258 3836 3330; x_wconf 72' lang='lat' dir='ltr'><strong><em>leestin.).</em></strong></span> 
     </span>
    </p>
   </div>
   <div class='ocr_carea' id='block_1_82' title="bbox 2313 3325 3840 3397">
    <p class='ocr_par' dir='ltr' id='par_1_82' title="bbox 2313 3325 3840 3397">
     <span class='ocr_line' id='line_1_83' title="bbox 2313 3325 3840 3397; baseline 0.006 -19"><span class='ocrx_word' id='word_1_550' title='bbox 2313 3325 2463 3381; x_wconf 87' lang='lat' dir='ltr'><strong><em>Tunc</em></strong></span> <span class='ocrx_word' id='word_1_551' title='bbox 2492 3326 2753 3394; x_wconf 83' lang='lat' dir='ltr'><strong><em>primum,</em></strong></span> <span class='ocrx_word' id='word_1_552' title='bbox 2784 3325 2978 3392; x_wconf 90' lang='lat' dir='ltr'><strong><em>opinor</em></strong></span> <span class='ocrx_word' id='word_1_553' title='bbox 2998 3366 3012 3390; x_wconf 96' lang='lat'><strong><em>,</em></strong></span> <span class='ocrx_word' id='word_1_554' title='bbox 3040 3327 3263 3395; x_wconf 83' lang='lat' dir='ltr'><strong><em>contigit</em></strong></span> <span class='ocrx_word' id='word_1_555' title='bbox 3287 3368 3300 3390; x_wconf 96' lang='lat'><strong><em>,</em></strong></span> <span class='ocrx_word' id='word_1_556' title='bbox 3330 3336 3386 3382; x_wconf 82' lang='grc' dir='ltr'><strong><em>ιιι</em></strong></span> <span class='ocrx_word' id='word_1_557' title='bbox 3411 3329 3699 3397; x_wconf 85' lang='lat' dir='ltr'><strong><em>conjuncta</em></strong></span> <span class='ocrx_word' id='word_1_558' title='bbox 3732 3325 3840 3386; x_wconf 81' lang='lat' dir='ltr'><strong><em>Ec-</em></strong></span> 
     </span>
    </p>
   </div>
   <div class='ocr_carea' id='block_1_83' title="bbox 2241 3395 3840 3465">
    <p class='ocr_par' dir='ltr' id='par_1_83' title="bbox 2241 3395 3840 3465">
     <span class='ocr_line' id='line_1_84' title="bbox 2241 3395 3840 3465; baseline 0.003 -16"><span class='ocrx_word' id='word_1_559' title='bbox 2241 3395 2422 3449; x_wconf 72' lang='lat' dir='ltr'><strong><em>clesize</em></strong></span> <span class='ocrx_word' id='word_1_560' title='bbox 2477 3399 2969 3464; x_wconf 83' lang='lat' dir='ltr'><strong><em>imperatorumque</em></strong></span> <span class='ocrx_word' id='word_1_561' title='bbox 3037 3400 3398 3465; x_wconf 85' lang='lat' dir='ltr'><strong><em>auctoritate,</em></strong></span> <span class='ocrx_word' id='word_1_562' title='bbox 3478 3395 3840 3456; x_wconf 81' lang='lat' dir='ltr'><strong><em>mandaretur</em></strong></span> 
     </span>
    </p>
   </div>
   <div class='ocr_carea' id='block_1_84' title="bbox 2241 3467 3839 3536">
    <p class='ocr_par' dir='ltr' id='par_1_84' title="bbox 2241 3467 3839 3536">
     <span class='ocr_line' id='line_1_85' title="bbox 2241 3467 3839 3536; baseline 0.004 -16"><span class='ocrx_word' id='word_1_563' title='bbox 2241 3468 2489 3521; x_wconf 88' lang='lat' dir='ltr'><strong><em>onmibus</em></strong></span> <span class='ocrx_word' id='word_1_564' title='bbox 2513 3467 2902 3536; x_wconf 90' lang='lat' dir='ltr'><strong><em>cujuscumque</em></strong></span> <span class='ocrx_word' id='word_1_565' title='bbox 2926 3468 3134 3521; x_wconf 89' lang='lat' dir='ltr'><strong><em>ordinis</em></strong></span> <span class='ocrx_word' id='word_1_566' title='bbox 3162 3468 3430 3529; x_wconf 79' lang='lat' dir='ltr'><strong><em>ﬁdelibus,</em></strong></span> <span class='ocrx_word' id='word_1_567' title='bbox 3455 3479 3514 3523; x_wconf 90' lang='lat' dir='ltr'><strong><em>ut</em></strong></span> <span class='ocrx_word' id='word_1_568' title='bbox 3533 3471 3839 3527; x_wconf 86' lang='lat' dir='ltr'><strong><em>delinitiooi</em></strong></span> 
     </span>
    </p>
   </div>
   <div class='ocr_carea' id='block_1_85' title="bbox 2241 3537 3840 3608">
    <p class='ocr_par' dir='ltr' id='par_1_85' title="bbox 2241 3537 3840 3608">
     <span class='ocr_line' id='line_1_86' title="bbox 2241 3537 3840 3608; baseline 0.004 -17"><span class='ocrx_word' id='word_1_569' title='bbox 2241 3538 2384 3608; x_wconf 70' lang='lat' dir='ltr'><strong><em>sedis</em></strong></span> <span class='ocrx_word' id='word_1_570' title='bbox 2431 3537 2772 3608; x_wconf 66' lang='lat' dir='ltr'><strong><em>apostolicae,</em></strong></span> <span class='ocrx_word' id='word_1_571' title='bbox 2815 3538 2894 3590; x_wconf 78' lang='lat' dir='ltr'><strong><em>sic</em></strong></span> <span class='ocrx_word' id='word_1_572' title='bbox 2940 3548 3208 3606; x_wconf 89' lang='lat' dir='ltr'><strong><em>tamquam</em></strong></span> <span class='ocrx_word' id='word_1_573' title='bbox 3247 3541 3521 3594; x_wconf 86' lang='lat' dir='ltr'><strong><em>communi</em></strong></span> <span class='ocrx_word' id='word_1_574' title='bbox 3570 3541 3840 3597; x_wconf 70' lang='lat' dir='ltr'><strong><em>Ecclesia:</em></strong></span> 
     </span>
    </p>
   </div>
   <div class='ocr_carea' id='block_1_86' title="bbox 2240 3607 3841 3682">
    <p class='ocr_par' dir='ltr' id='par_1_86' title="bbox 2240 3607 3841 3682">
     <span class='ocr_line' id='line_1_87' title="bbox 2240 3607 3841 3682; baseline 0.004 -20"><span class='ocrx_word' id='word_1_575' title='bbox 2240 3607 2523 3682; x_wconf 64' lang='lat' dir='ltr'><strong><em>doctrinm,</em></strong></span> <span class='ocrx_word' id='word_1_576' title='bbox 2549 3618 2817 3682; x_wconf 48' lang='lat' dir='ltr'><strong><em>certatque</em></strong></span> <span class='ocrx_word' id='word_1_577' title='bbox 2850 3608 2973 3663; x_wconf 84' lang='lat' dir='ltr'><strong><em>tidei</em></strong></span> <span class='ocrx_word' id='word_1_578' title='bbox 3002 3610 3224 3682; x_wconf 65' lang='lat' dir='ltr'><strong><em>regula),</em></strong></span> <span class='ocrx_word' id='word_1_579' title='bbox 3258 3620 3332 3682; x_wconf 72' lang='lat' dir='ltr'><strong><em>et,</em></strong></span> <span class='ocrx_word' id='word_1_580' title='bbox 3361 3622 3427 3682; x_wconf 88' lang='lat' dir='ltr'><strong><em>ut</em></strong></span> <span class='ocrx_word' id='word_1_581' title='bbox 3468 3611 3707 3681; x_wconf 83' lang='lat' dir='ltr'><strong><em>[cquitur</em></strong></span> <span class='ocrx_word' id='word_1_582' title='bbox 3738 3630 3841 3682; x_wconf 62' lang='lat' dir='ltr'><strong><em>puo</em></strong></span> 
     </span>
    </p>
   </div>
   <div class='ocr_carea' id='block_1_87' title="bbox 2243 3678 3836 3754">
    <p class='ocr_par' dir='ltr' id='par_1_87' title="bbox 2243 3678 3836 3754">
     <span class='ocr_line' id='line_1_88' title="bbox 2243 3678 3836 3754; baseline 0.004 -24"><span class='ocrx_word' id='word_1_583' title='bbox 2243 3688 2398 3754; x_wconf 62' lang='lat' dir='ltr'><strong><em>Latus</em></strong></span> <span class='ocrx_word' id='word_1_584' title='bbox 2426 3679 2658 3741; x_wconf 73' lang='lat' dir='ltr'><strong><em>Prosttcr</em></strong></span> <span class='ocrx_word' id='word_1_585' title='bbox 2684 3678 2772 3747; x_wconf 88' lang='lat' dir='ltr'><strong><em>(In</em></strong></span> <span class='ocrx_word' id='word_1_586' title='bbox 2812 3680 3035 3749; x_wconf 84' lang='lat' dir='ltr'><strong><em>append.</em></strong></span> <span class='ocrx_word' id='word_1_587' title='bbox 3067 3681 3213 3748; x_wconf 76' lang='lat' dir='ltr'><strong><em>epist.</em></strong></span> <span class='ocrx_word' id='word_1_588' title='bbox 3260 3678 3625 3754; x_wconf 46' lang='lat' dir='ltr'><strong><em>Caelestini&#39;ad</em></strong></span> <span class='ocrx_word' id='word_1_589' title='bbox 3669 3678 3836 3754; x_wconf 78' lang='lat' dir='ltr'><strong><em>episc.</em></strong></span> 
     </span>
    </p>
   </div>
   <div class='ocr_carea' id='block_1_88' title="bbox 2240 3747 3843 3824">
    <p class='ocr_par' dir='ltr' id='par_1_88' title="bbox 2240 3747 3843 3824">
     <span class='ocr_line' id='line_1_89' title="bbox 2240 3747 3843 3824; baseline 0.004 -21"><span class='ocrx_word' id='word_1_590' title='bbox 2240 3747 2431 3824; x_wconf 70' lang='lat' dir='ltr'><strong><em>Call),</em></strong></span> <span class='ocrx_word' id='word_1_591' title='bbox 2462 3762 2831 3824; x_wconf 71' lang='lat' dir='ltr'><strong><em>Ancrontnrt</em></strong></span> <span class='ocrx_word' id='word_1_592' title='bbox 2867 3747 3158 3824; x_wconf 54' lang='lat' dir='ltr'><strong><em>recount</em></strong></span> <span class='ocrx_word' id='word_1_593' title='bbox 3194 3752 3624 3824; x_wconf 81' lang='lat' dir='ltr'><strong><em>subscriberent;</em></strong></span> <span class='ocrx_word' id='word_1_594' title='bbox 3661 3747 3843 3824; x_wconf 76' lang='lat' dir='ltr'><strong><em>eaque</em></strong></span> 
     </span>
    </p>
   </div>
   <div class='ocr_carea' id='block_1_89' title="bbox 2243 3818 3836 3893">
    <p class='ocr_par' dir='ltr' id='par_1_89' title="bbox 2243 3818 3836 3893">
     <span class='ocr_line' id='line_1_90' title="bbox 2243 3818 3836 3893; baseline 0.004 -20"><span class='ocrx_word' id='word_1_595' title='bbox 2243 3818 2455 3893; x_wconf 79' lang='lat' dir='ltr'><strong><em>ratione</em></strong></span> <span class='ocrx_word' id='word_1_596' title='bbox 2482 3836 2632 3874; x_wconf 75' lang='lat' dir='ltr'><strong><em>suam</em></strong></span> <span class='ocrx_word' id='word_1_597' title='bbox 2661 3821 2731 3874; x_wconf 88' lang='lat' dir='ltr'><strong><em>ita</em></strong></span> <span class='ocrx_word' id='word_1_598' title='bbox 2763 3818 3060 3893; x_wconf 78' lang='lat' dir='ltr'><strong><em>probarent</em></strong></span> <span class='ocrx_word' id='word_1_599' title='bbox 3092 3821 3273 3887; x_wconf 86' lang='lat' dir='ltr'><strong><em>tidem,</em></strong></span> <span class='ocrx_word' id='word_1_600' title='bbox 3303 3832 3362 3877; x_wconf 93' lang='lat' dir='ltr'><strong><em>ut</em></strong></span> <span class='ocrx_word' id='word_1_601' title='bbox 3390 3823 3609 3893; x_wconf 73' lang='lat' dir='ltr'><strong><em>legitimi</em></strong></span> <span class='ocrx_word' id='word_1_602' title='bbox 3643 3818 3836 3879; x_wconf 67' lang='lat' dir='ltr'><strong><em>Eccle-</em></strong></span> 
     </span>
    </p>
   </div>
   <div class='ocr_carea' id='block_1_90' title="bbox 2241 3890 3839 3963">
    <p class='ocr_par' dir='ltr' id='par_1_90' title="bbox 2241 3890 3839 3963">
     <span class='ocr_line' id='line_1_91' title="bbox 2241 3890 3839 3963; baseline 0.004 -18"><span class='ocrx_word' id='word_1_603' title='bbox 2241 3890 2339 3963; x_wconf 75' lang='lat' dir='ltr'><strong><em>site</em></strong></span> <span class='ocrx_word' id='word_1_604' title='bbox 2386 3892 2480 3963; x_wconf 81' lang='lat' dir='ltr'><strong><em>lilii</em></strong></span> <span class='ocrx_word' id='word_1_605' title='bbox 2514 3907 2539 3963; x_wconf 82' lang='lat' dir='ltr'><strong><em>a</em></strong></span> <span class='ocrx_word' id='word_1_606' title='bbox 2574 3890 2948 3963; x_wconf 78' lang='lat' dir='ltr'><strong><em>supposititiis</em></strong></span> <span class='ocrx_word' id='word_1_607' title='bbox 2995 3894 3162 3946; x_wconf 87' lang='lat' dir='ltr'><strong><em>latere</em></strong></span> <span class='ocrx_word' id='word_1_608' title='bbox 3194 3890 3500 3947; x_wconf 81' lang='lat' dir='ltr'><strong><em>volentibus</em></strong></span> <span class='ocrx_word' id='word_1_609' title='bbox 3546 3895 3597 3947; x_wconf 91' lang='lat' dir='ltr'><strong><em>in</em></strong></span> <span class='ocrx_word' id='word_1_610' title='bbox 3652 3897 3839 3963; x_wconf 84' lang='lat' dir='ltr'><strong><em>turba,</em></strong></span> 
     </span>
    </p>
   </div>
   <div class='ocr_carea' id='block_1_91' title="bbox 2240 3960 3766 4025">
    <p class='ocr_par' dir='ltr' id='par_1_91' title="bbox 2240 3960 3766 4025">
     <span class='ocr_line' id='line_1_92' title="bbox 2240 3960 3766 4025; baseline 0.004 -10"><span class='ocrx_word' id='word_1_611' title='bbox 2240 3961 2291 4015; x_wconf 88' lang='lat' dir='ltr'><strong><em>id</em></strong></span> <span class='ocrx_word' id='word_1_612' title='bbox 2324 3972 2429 4025; x_wconf 89' lang='lat' dir='ltr'><strong><em>est,</em></strong></span> <span class='ocrx_word' id='word_1_613' title='bbox 2454 3960 2547 4016; x_wconf 87' lang='lat' dir='ltr'><strong><em>lilii</em></strong></span> <span class='ocrx_word' id='word_1_614' title='bbox 2570 3962 2704 4015; x_wconf 86' lang='lat' dir='ltr'><strong><em>lucis</em></strong></span> <span class='ocrx_word' id='word_1_615' title='bbox 2727 3977 2754 4014; x_wconf 90' lang='lat' dir='ltr'><strong><em>a</em></strong></span> <span class='ocrx_word' id='word_1_616' title='bbox 2781 3961 2902 4014; x_wconf 80' lang='lat' dir='ltr'><strong><em>[iliis</em></strong></span> <span class='ocrx_word' id='word_1_617' title='bbox 2920 3964 3265 4017; x_wconf 83' lang='lat' dir='ltr'><strong><em>tenebrarum</em></strong></span> <span class='ocrx_word' id='word_1_618' title='bbox 3295 3964 3766 4021; x_wconf 84' lang='lat' dir='ltr'><strong><em>discernerentur.</em></strong></span> 
     </span>
    </p>
   </div>
   <div class='ocr_carea' id='block_1_92' title="bbox 2311 4031 3839 4107">
    <p class='ocr_par' dir='ltr' id='par_1_92' title="bbox 2311 4031 3839 4107">
     <span class='ocr_line' id='line_1_93' title="bbox 2311 4031 3839 4107; baseline 0 -22"><span class='ocrx_word' id='word_1_619' title='bbox 2311 4031 2504 4107; x_wconf 79' lang='lat' dir='ltr'><strong><em>Totum</em></strong></span> <span class='ocrx_word' id='word_1_620' title='bbox 2537 4033 2639 4107; x_wconf 80' lang='lat' dir='ltr'><strong><em>hoc</em></strong></span> <span class='ocrx_word' id='word_1_621' title='bbox 2667 4032 2938 4107; x_wconf 77' lang='lat' dir='ltr'><strong><em>negetium</em></strong></span> <span class='ocrx_word' id='word_1_622' title='bbox 2971 4043 3267 4107; x_wconf 78' lang='lat' dir='ltr'><strong><em>peractum</em></strong></span> <span class='ocrx_word' id='word_1_623' title='bbox 3279 4045 3367 4107; x_wconf 81' lang='lat' dir='ltr'><strong><em>est</em></strong></span> <span class='ocrx_word' id='word_1_624' title='bbox 3385 4034 3575 4103; x_wconf 90' lang='lat' dir='ltr'><strong><em>quinto</em></strong></span> <span class='ocrx_word' id='word_1_625' title='bbox 3604 4040 3839 4107; x_wconf 61' lang='lat' dir='ltr'><strong><em>smculo,</em></strong></span> 
     </span>
    </p>
   </div>
   <div class='ocr_carea' id='block_1_93' title="bbox 2240 4102 3840 4173">
    <p class='ocr_par' dir='ltr' id='par_1_93' title="bbox 2240 4102 3840 4173">
     <span class='ocr_line' id='line_1_94' title="bbox 2240 4102 3840 4173; baseline 0.005 -20"><span class='ocrx_word' id='word_1_626' title='bbox 2240 4116 2347 4170; x_wconf 90' lang='lat' dir='ltr'><strong><em>quo</em></strong></span> <span class='ocrx_word' id='word_1_627' title='bbox 2378 4103 2584 4157; x_wconf 90' lang='lat' dir='ltr'><strong><em>nullum</em></strong></span> <span class='ocrx_word' id='word_1_628' title='bbox 2615 4102 2710 4156; x_wconf 87' lang='lat' dir='ltr'><strong><em>fuit</em></strong></span> <span class='ocrx_word' id='word_1_629' title='bbox 2738 4103 2971 4167; x_wconf 87' lang='lat' dir='ltr'><strong><em>doctius,</em></strong></span> <span class='ocrx_word' id='word_1_630' title='bbox 3001 4104 3208 4157; x_wconf 91' lang='lat' dir='ltr'><strong><em>nullum</em></strong></span> <span class='ocrx_word' id='word_1_631' title='bbox 3238 4102 3535 4173; x_wconf 68' lang='lat' dir='ltr'><strong><em>disciplina:</em></strong></span> <span class='ocrx_word' id='word_1_632' title='bbox 3566 4102 3840 4163; x_wconf 53' lang='lat' dir='ltr'><strong><em>ecclesia;</em></strong></span> 
     </span>
    </p>
   </div>
   <div class='ocr_carea' id='block_1_94' title="bbox 2240 4173 3841 4245">
    <p class='ocr_par' dir='ltr' id='par_1_94' title="bbox 2240 4173 3841 4245">
     <span class='ocr_line' id='line_1_95' title="bbox 2240 4173 3841 4245; baseline 0.006 -20"><span class='ocrx_word' id='word_1_633' title='bbox 2240 4175 2388 4245; x_wconf 64' lang='lat' dir='ltr'><strong><em>stiete</em></strong></span> <span class='ocrx_word' id='word_1_634' title='bbox 2428 4175 2838 4245; x_wconf 84' lang='lat' dir='ltr'><strong><em>observantius,</em></strong></span> <span class='ocrx_word' id='word_1_635' title='bbox 2870 4173 3097 4243; x_wconf 86' lang='lat' dir='ltr'><strong><em>ideoque</em></strong></span> <span class='ocrx_word' id='word_1_636' title='bbox 3143 4176 3197 4229; x_wconf 90' lang='lat' dir='ltr'><strong><em>in</em></strong></span> <span class='ocrx_word' id='word_1_637' title='bbox 3228 4176 3359 4229; x_wconf 89' lang='lat' dir='ltr'><strong><em>illud</em></strong></span> <span class='ocrx_word' id='word_1_638' title='bbox 3389 4192 3489 4245; x_wconf 82' lang='lat' dir='ltr'><strong><em>ego</em></strong></span> <span class='ocrx_word' id='word_1_639' title='bbox 3518 4178 3841 4234; x_wconf 77' lang='lat' dir='ltr'><strong><em>existimavi</em></strong></span> 
     </span>
    </p>
   </div>
   <div class='ocr_carea' id='block_1_95' title="bbox 2239 4242 3841 4313">
    <p class='ocr_par' dir='ltr' id='par_1_95' title="bbox 2239 4242 3841 4313">
     <span class='ocr_line' id='line_1_96' title="bbox 2239 4242 3841 4313; baseline 0.004 -17"><span class='ocrx_word' id='word_1_640' title='bbox 2239 4242 2582 4312; x_wconf 78' lang='lat' dir='ltr'><strong><em>diligentiore</em></strong></span> <span class='ocrx_word' id='word_1_641' title='bbox 2610 4259 2738 4298; x_wconf 90' lang='lat' dir='ltr'><strong><em>cura</em></strong></span> <span class='ocrx_word' id='word_1_642' title='bbox 2780 4242 3191 4313; x_wconf 86' lang='lat' dir='ltr'><strong><em>inquirendum;</em></strong></span> <span class='ocrx_word' id='word_1_643' title='bbox 3220 4261 3326 4300; x_wconf 77' lang='lat' dir='ltr'><strong><em>non</em></strong></span> <span class='ocrx_word' id='word_1_644' title='bbox 3372 4242 3574 4301; x_wconf 81' lang='lat' dir='ltr'><strong><em>tantum</em></strong></span> <span class='ocrx_word' id='word_1_645' title='bbox 3607 4260 3666 4301; x_wconf 89' lang='lat' dir='ltr'><strong><em>ut</em></strong></span> <span class='ocrx_word' id='word_1_646' title='bbox 3714 4251 3841 4303; x_wconf 80' lang='lat' dir='ltr'><strong><em>illit-</em></strong></span> 
     </span>
    </p>
   </div>
   <div class='ocr_carea' id='block_1_96' title="bbox 2239 4314 3841 4385">
    <p class='ocr_par' dir='ltr' id='par_1_96' title="bbox 2239 4314 3841 4385">
     <span class='ocr_line' id='line_1_97' title="bbox 2239 4314 3841 4385; baseline 0.006 -19"><span class='ocrx_word' id='word_1_647' title='bbox 2239 4324 2540 4368; x_wconf 73' lang='lat' dir='ltr'><strong><em>su&#39;arentur</em></strong></span> <span class='ocrx_word' id='word_1_648' title='bbox 2569 4317 2732 4369; x_wconf 88' lang='lat' dir='ltr'><strong><em>verba</em></strong></span> <span class='ocrx_word' id='word_1_649' title='bbox 2761 4314 3096 4383; x_wconf 80' lang='lat' dir='ltr'><strong><em>Mercatoris,</em></strong></span> <span class='ocrx_word' id='word_1_650' title='bbox 3129 4333 3248 4385; x_wconf 61' lang='lat' dir='ltr'><strong><em>quae</em></strong></span> <span class='ocrx_word' id='word_1_651' title='bbox 3279 4317 3512 4383; x_wconf 77' lang='lat' dir='ltr'><strong><em>adduxi;</em></strong></span> <span class='ocrx_word' id='word_1_652' title='bbox 3545 4319 3639 4372; x_wconf 90' lang='lat' dir='ltr'><strong><em>sed</em></strong></span> <span class='ocrx_word' id='word_1_653' title='bbox 3670 4323 3841 4376; x_wconf 87' lang='lat' dir='ltr'><strong><em>etiam</em></strong></span> 
     </span>
    </p>
   </div>
   <div class='ocr_carea' id='block_1_97' title="bbox 2240 4385 3839 4455">
    <p class='ocr_par' dir='ltr' id='par_1_97' title="bbox 2240 4385 3839 4455">
     <span class='ocr_line' id='line_1_98' title="bbox 2240 4385 3839 4455; baseline 0.003 -18"><span class='ocrx_word' id='word_1_654' title='bbox 2240 4394 2316 4448; x_wconf 90' lang='lat' dir='ltr'><strong><em>ut,</em></strong></span> <span class='ocrx_word' id='word_1_655' title='bbox 2348 4385 2628 4454; x_wconf 84' lang='lat' dir='ltr'><strong><em>patefactis</em></strong></span> <span class='ocrx_word' id='word_1_656' title='bbox 2654 4386 2719 4439; x_wconf 89' lang='lat' dir='ltr'><strong><em>iis</em></strong></span> <span class='ocrx_word' id='word_1_657' title='bbox 2745 4400 2865 4455; x_wconf 79' lang='lat' dir='ltr'><strong><em>quae</em></strong></span> <span class='ocrx_word' id='word_1_658' title='bbox 2895 4396 3022 4440; x_wconf 91' lang='lat' dir='ltr'><strong><em>tunc</em></strong></span> <span class='ocrx_word' id='word_1_659' title='bbox 3051 4398 3198 4451; x_wconf 78' lang='lat' dir='ltr'><strong><em>gesta</em></strong></span> <span class='ocrx_word' id='word_1_660' title='bbox 3222 4395 3351 4442; x_wconf 89' lang='lat' dir='ltr'><strong><em>sunt</em></strong></span> <span class='ocrx_word' id='word_1_661' title='bbox 3378 4403 3407 4440; x_wconf 88' lang='lat' dir='ltr'><strong><em>a</em></strong></span> <span class='ocrx_word' id='word_1_662' title='bbox 3429 4389 3562 4443; x_wconf 83' lang='lat' dir='ltr'><strong><em>vitis</em></strong></span> <span class='ocrx_word' id='word_1_663' title='bbox 3592 4391 3839 4443; x_wconf 83' lang='lat' dir='ltr'><strong><em>omnium</em></strong></span> 
     </span>
    </p>
   </div>
   <div class='ocr_carea' id='block_1_98' title="bbox 2239 4456 3841 4525">
    <p class='ocr_par' dir='ltr' id='par_1_98' title="bbox 2239 4456 3841 4525">
     <span class='ocr_line' id='line_1_99' title="bbox 2239 4456 3841 4525; baseline 0.003 -17"><span class='ocrx_word' id='word_1_664' title='bbox 2239 4456 2330 4522; x_wconf 92' lang='lat' dir='ltr'><strong><em>qui</em></strong></span> <span class='ocrx_word' id='word_1_665' title='bbox 2361 4471 2613 4524; x_wconf 89' lang='lat' dir='ltr'><strong><em>umquam</em></strong></span> <span class='ocrx_word' id='word_1_666' title='bbox 2642 4456 2793 4509; x_wconf 78' lang='lat' dir='ltr'><strong><em>luere</em></strong></span> <span class='ocrx_word' id='word_1_667' title='bbox 2821 4456 3176 4511; x_wconf 88' lang='lat' dir='ltr'><strong><em>sanctissimis</em></strong></span> <span class='ocrx_word' id='word_1_668' title='bbox 3196 4458 3341 4525; x_wconf 87' lang='lat' dir='ltr'><strong><em>jttxta</em></strong></span> <span class='ocrx_word' id='word_1_669' title='bbox 3364 4464 3425 4511; x_wconf 77' lang='lat' dir='ltr'><strong><em>‘ct</em></strong></span> <span class='ocrx_word' id='word_1_670' title='bbox 3448 4475 3627 4513; x_wconf 87' lang='lat' dir='ltr'><strong><em>rerum</em></strong></span> <span class='ocrx_word' id='word_1_671' title='bbox 3658 4462 3841 4515; x_wconf 68' lang='lat' dir='ltr'><strong><em>cccle—</em></strong></span> 
     </span>
    </p>
   </div>
   <div class='ocr_carea' id='block_1_99' title="bbox 548 4526 3840 4620">
    <p class='ocr_par' dir='ltr' id='par_1_99' title="bbox 548 4526 3840 4620">
     <span class='ocr_line' id='line_1_100' title="bbox 548 4526 3840 4620; baseline 0.002 -42"><span class='ocrx_word' id='word_1_672' title='bbox 548 4538 731 4620; x_wconf 76' lang='lat' dir='ltr'><strong><em>posset</em></strong></span> <span class='ocrx_word' id='word_1_673' title='bbox 760 4528 930 4593; x_wconf 89' lang='lat' dir='ltr'><strong><em>dolis;</em></strong></span> <span class='ocrx_word' id='word_1_674' title='bbox 965 4529 1190 4620; x_wconf 79' lang='lat' dir='ltr'><strong><em>ideoque</em></strong></span> <span class='ocrx_word' id='word_1_675' title='bbox 1216 4528 1493 4620; x_wconf 48' lang='lat' dir='ltr'><strong><em>dillllllait&#39;il</em></strong></span> <span class='ocrx_word' id='word_1_676' title='bbox 1521 4527 1722 4620; x_wconf 69' lang='lat' dir='ltr'><strong><em>omnia,</em></strong></span> <span class='ocrx_word' id='word_1_677' title='bbox 1905 4526 2131 4620; x_wconf 50' lang='lat' dir='ltr'><strong><em>Ol&#39;lj‘i-Cis-</em></strong></span> <span class='ocrx_word' id='word_1_678' title='bbox 2164 4561 2211 4620; x_wconf 67' lang='grc' dir='ltr'>υ</span> <span class='ocrx_word' id='word_1_679' title='bbox 2239 4527 2578 4620; x_wconf 72' lang='lat' dir='ltr'><strong><em>sinstiearum</em></strong></span> <span class='ocrx_word' id='word_1_680' title='bbox 2626 4526 2988 4620; x_wconf 63' lang='lat' dir='ltr'><strong><em>pet&#39;itissimis,</em></strong></span> <span class='ocrx_word' id='word_1_681' title='bbox 3037 4530 3349 4620; x_wconf 72' lang='lat' dir='ltr'><strong><em>obstruatur</em></strong></span> <span class='ocrx_word' id='word_1_682' title='bbox 3391 4544 3453 4583; x_wconf 89' lang='lat' dir='ltr'><strong><em>os</em></strong></span> <span class='ocrx_word' id='word_1_683' title='bbox 3487 4531 3840 4612; x_wconf 76' lang='lat' dir='ltr'><strong><em>loquentium</em></strong></span> 
     </span>
    </p>
   </div>
   <div class='ocr_carea' id='block_1_100' title="bbox 548 4596 2133 4667">
    <p class='ocr_par' dir='ltr' id='par_1_100' title="bbox 548 4596 2133 4667">
     <span class='ocr_line' id='line_1_101' title="bbox 548 4596 2133 4667; baseline -0.001 -17"><span class='ocrx_word' id='word_1_684' title='bbox 548 4597 765 4667; x_wconf 84' lang='lat' dir='ltr'><strong><em>bantur,</em></strong></span> <span class='ocrx_word' id='word_1_685' title='bbox 793 4609 1041 4653; x_wconf 87' lang='lat' dir='ltr'><strong><em>metuens</em></strong></span> <span class='ocrx_word' id='word_1_686' title='bbox 1069 4598 1308 4666; x_wconf 89' lang='lat' dir='ltr'><strong><em>alioquin</em></strong></span> <span class='ocrx_word' id='word_1_687' title='bbox 1354 4598 1715 4651; x_wconf 86' lang='lat' dir='ltr'><strong><em>damnationis</em></strong></span> <span class='ocrx_word' id='word_1_688' title='bbox 1748 4598 1902 4667; x_wconf 83' lang='lat' dir='ltr'><strong><em>(Aug.</em></strong></span> <span class='ocrx_word' id='word_1_689' title='bbox 1947 4596 2035 4650; x_wconf 86' lang='lat' dir='ltr'><strong><em>tib.</em></strong></span> <span class='ocrx_word' id='word_1_690' title='bbox 2071 4598 2133 4649; x_wconf 86' lang='lat' dir='ltr'><strong><em>de</em></strong></span> 
     </span>
    </p>
   </div>
   <div class='ocr_carea' id='block_1_101' title="bbox 553 4666 2129 4737">
    <p class='ocr_par' dir='ltr' id='par_1_101' title="bbox 553 4666 2129 4737">
     <span class='ocr_line' id='line_1_102' title="bbox 553 4666 2129 4737; baseline 0.001 -16"><span class='ocrx_word' id='word_1_691' title='bbox 553 4666 699 4727; x_wconf 75' lang='lat' dir='ltr'><strong><em>Crat.</em></strong></span> <span class='ocrx_word' id='word_1_692' title='bbox 734 4669 971 4737; x_wconf 79' lang='lat' dir='ltr'><strong><em>Christi).</em></strong></span> <span class='ocrx_word' id='word_1_693' title='bbox 1002 4669 1247 4735; x_wconf 83' lang='lat' dir='ltr'><strong><em>Cumque</em></strong></span> <span class='ocrx_word' id='word_1_694' title='bbox 1275 4668 1452 4723; x_wconf 82' lang='lat' dir='ltr'><strong><em>verbis</em></strong></span> <span class='ocrx_word' id='word_1_695' title='bbox 1489 4666 1761 4736; x_wconf 72' lang='lat' dir='ltr'><strong><em>ambiguis</em></strong></span> <span class='ocrx_word' id='word_1_696' title='bbox 1784 4677 1945 4735; x_wconf 84' lang='lat' dir='ltr'><strong><em>caput</em></strong></span> <span class='ocrx_word' id='word_1_697' title='bbox 1974 4683 2129 4723; x_wconf 85' lang='lat' dir='ltr'><strong><em>suum</em></strong></span> 
     </span>
    </p>
   </div>
   <div class='ocr_carea' id='block_1_102' title="bbox 546 4738 2132 4806">
    <p class='ocr_par' dir='ltr' id='par_1_102' title="bbox 546 4738 2132 4806">
     <span class='ocr_line' id='line_1_103' title="bbox 546 4738 2132 4806; baseline 0.002 -17"><span class='ocrx_word' id='word_1_698' title='bbox 546 4741 879 4796; x_wconf 87' lang='lat' dir='ltr'><strong><em>anathemati</em></strong></span> <span class='ocrx_word' id='word_1_699' title='bbox 922 4740 1288 4803; x_wconf 75' lang='lat' dir='ltr'><strong><em>Subduxisset,</em></strong></span> <span class='ocrx_word' id='word_1_700' title='bbox 1323 4739 1423 4793; x_wconf 88' lang='lat' dir='ltr'><strong><em>sub</em></strong></span> <span class='ocrx_word' id='word_1_701' title='bbox 1448 4742 1706 4794; x_wconf 88' lang='lat' dir='ltr'><strong><em>ementita</em></strong></span> <span class='ocrx_word' id='word_1_702' title='bbox 1734 4740 1916 4806; x_wconf 88' lang='lat' dir='ltr'><strong><em>specie</em></strong></span> <span class='ocrx_word' id='word_1_703' title='bbox 1942 4738 2132 4793; x_wconf 80' lang='lat' dir='ltr'><strong><em>catho-</em></strong></span> 
     </span>
    </p>
   </div>
   <div class='ocr_carea' id='block_1_103' title="bbox 547 4808 2128 4879">
    <p class='ocr_par' dir='ltr' id='par_1_103' title="bbox 547 4808 2128 4879">
     <span class='ocr_line' id='line_1_104' title="bbox 547 4808 2128 4879; baseline 0 -16"><span class='ocrx_word' id='word_1_704' title='bbox 547 4810 659 4877; x_wconf 80' lang='lat' dir='ltr'><strong><em>lici,</em></strong></span> <span class='ocrx_word' id='word_1_705' title='bbox 689 4812 935 4867; x_wconf 87' lang='lat' dir='ltr'><strong><em>securius</em></strong></span> <span class='ocrx_word' id='word_1_706' title='bbox 973 4820 1158 4879; x_wconf 78' lang='lat' dir='ltr'><strong><em>postea</em></strong></span> <span class='ocrx_word' id='word_1_707' title='bbox 1195 4811 1657 4878; x_wconf 85' lang='lat' dir='ltr'><strong><em>perniciosiusque</em></strong></span> <span class='ocrx_word' id='word_1_708' title='bbox 1692 4808 1985 4868; x_wconf 79' lang='lat' dir='ltr'><strong><em>docuiSSet.</em></strong></span> <span class='ocrx_word' id='word_1_709' title='bbox 2028 4808 2128 4864; x_wconf 87' lang='lat' dir='ltr'><strong><em>nisi</em></strong></span> 
     </span>
    </p>
   </div>
   <div class='ocr_carea' id='block_1_104' title="bbox 547 4879 2131 4949">
    <p class='ocr_par' dir='ltr' id='par_1_104' title="bbox 547 4879 2131 4949">
     <span class='ocr_line' id='line_1_105' title="bbox 547 4879 2131 4949; baseline 0.001 -16"><span class='ocrx_word' id='word_1_710' title='bbox 547 4880 861 4937; x_wconf 85' lang='lat' dir='ltr'><strong><em>Theodotus</em></strong></span> <span class='ocrx_word' id='word_1_711' title='bbox 885 4885 936 4937; x_wconf 92' lang='lat' dir='ltr'><strong><em>in</em></strong></span> <span class='ocrx_word' id='word_1_712' title='bbox 966 4882 1209 4945; x_wconf 80' lang='lat' dir='ltr'><strong><em>Oriente,</em></strong></span> <span class='ocrx_word' id='word_1_713' title='bbox 1239 4887 1423 4934; x_wconf 85' lang='lat' dir='ltr'><strong><em>coacta</em></strong></span> <span class='ocrx_word' id='word_1_714' title='bbox 1456 4880 1683 4949; x_wconf 83' lang='lat' dir='ltr'><strong><em>synodo,</em></strong></span> <span class='ocrx_word' id='word_1_715' title='bbox 1712 4879 2043 4949; x_wconf 82' lang='lat' dir='ltr'><strong><em>Augustinus</em></strong></span> <span class='ocrx_word' id='word_1_716' title='bbox 2063 4895 2131 4935; x_wconf 77' lang='lat' dir='ltr'><strong><em>ex</em></strong></span> 
     </span>
    </p>
   </div>
   <div class='ocr_carea' id='block_1_105' title="bbox 543 4950 1595 5017">
    <p class='ocr_par' dir='ltr' id='par_1_105' title="bbox 543 4950 1595 5017">
     <span class='ocr_line' id='line_1_106' title="bbox 543 4950 1595 5017; baseline -0.005 -11"><span class='ocrx_word' id='word_1_717' title='bbox 543 4950 851 5017; x_wconf 81' lang='lat' dir='ltr'><strong><em>Occidente,</em></strong></span> <span class='ocrx_word' id='word_1_718' title='bbox 888 4953 1066 5006; x_wconf 83' lang='lat' dir='ltr'><strong><em>missis</em></strong></span> <span class='ocrx_word' id='word_1_719' title='bbox 1096 4951 1250 5005; x_wconf 88' lang='lat' dir='ltr'><strong><em>libris</em></strong></span> <span class='ocrx_word' id='word_1_720' title='bbox 1275 4950 1595 5005; x_wconf 75' lang='lat' dir='ltr'><strong><em>obstitisset.</em></strong></span> 
     </span>
    </p>
   </div>
   <div class='ocr_carea' id='block_1_106' title="bbox 621 5020 2129 5091">
    <p class='ocr_par' dir='ltr' id='par_1_106' title="bbox 621 5020 2129 5091">
     <span class='ocr_line' id='line_1_107' title="bbox 621 5020 2129 5091; baseline -0.001 -14"><span class='ocrx_word' id='word_1_721' title='bbox 621 5022 857 5091; x_wconf 85' lang='lat' dir='ltr'><strong><em>Uterque</em></strong></span> <span class='ocrx_word' id='word_1_722' title='bbox 884 5040 913 5077; x_wconf 92' lang='lat' dir='ltr'><strong><em>a</em></strong></span> <span class='ocrx_word' id='word_1_723' title='bbox 952 5022 1079 5077; x_wconf 86' lang='lat' dir='ltr'><strong><em>sede</em></strong></span> <span class='ocrx_word' id='word_1_724' title='bbox 1119 5020 1446 5089; x_wconf 87' lang='lat' dir='ltr'><strong><em>apostolica,</em></strong></span> <span class='ocrx_word' id='word_1_725' title='bbox 1474 5023 1557 5075; x_wconf 90' lang='lat' dir='ltr'><strong><em>cui</em></strong></span> <span class='ocrx_word' id='word_1_726' title='bbox 1592 5029 1814 5087; x_wconf 77' lang='lat' dir='ltr'><strong><em>przeerat</em></strong></span> <span class='ocrx_word' id='word_1_727' title='bbox 1864 5020 2129 5076; x_wconf 83' lang='lat' dir='ltr'><strong><em>Innocen-</em></strong></span> 
     </span>
    </p>
   </div>
   <div class='ocr_carea' id='block_1_107' title="bbox 547 5091 2128 5159">
    <p class='ocr_par' dir='ltr' id='par_1_107' title="bbox 547 5091 2128 5159">
     <span class='ocr_line' id='line_1_108' title="bbox 547 5091 2128 5159; baseline 0.002 -17"><span class='ocrx_word' id='word_1_728' title='bbox 547 5092 651 5145; x_wconf 88' lang='lat' dir='ltr'><strong><em>tius</em></strong></span> <span class='ocrx_word' id='word_1_729' title='bbox 674 5092 713 5159; x_wconf 87' lang='grc' dir='ltr'><strong><em>Ι,</em></strong></span> <span class='ocrx_word' id='word_1_730' title='bbox 743 5095 953 5147; x_wconf 87' lang='lat' dir='ltr'><strong><em>duobus</em></strong></span> <span class='ocrx_word' id='word_1_731' title='bbox 984 5091 1182 5146; x_wconf 70' lang='lat' dir='ltr'><strong><em>Africae</em></strong></span> <span class='ocrx_word' id='word_1_732' title='bbox 1214 5092 1458 5147; x_wconf 86' lang='lat' dir='ltr'><strong><em>conciliis</em></strong></span> <span class='ocrx_word' id='word_1_733' title='bbox 1489 5091 1871 5156; x_wconf 82' lang='lat' dir='ltr'><strong><em>referentibus,</em></strong></span> <span class='ocrx_word' id='word_1_734' title='bbox 1902 5092 2128 5145; x_wconf 85' lang='lat' dir='ltr'><strong><em>damna-</em></strong></span> 
     </span>
    </p>
   </div>
   <div class='ocr_carea' id='block_1_108' title="bbox 548 5160 2130 5235">
    <p class='ocr_par' dir='ltr' id='par_1_108' title="bbox 548 5160 2130 5235">
     <span class='ocr_line' id='line_1_109' title="bbox 548 5160 2130 5235; baseline 0.002 -22"><span class='ocrx_word' id='word_1_735' title='bbox 548 5170 777 5235; x_wconf 89' lang='lat' dir='ltr'><strong><em>tus_erat</em></strong></span> <span class='ocrx_word' id='word_1_736' title='bbox 807 5163 967 5235; x_wconf 85' lang='lat' dir='ltr'><strong><em>(Aug.</em></strong></span> <span class='ocrx_word' id='word_1_737' title='bbox 1001 5179 1151 5235; x_wconf 79' lang='lat' dir='ltr'><strong><em>ser_m.</em></strong></span> <span class='ocrx_word' id='word_1_738' title='bbox 1183 5160 1218 5213; x_wconf 72' lang='grc'>2</span> <span class='ocrx_word' id='word_1_739' title='bbox 1255 5162 1319 5235; x_wconf 86' lang='lat' dir='ltr'><strong><em>de</em></strong></span> <span class='ocrx_word' id='word_1_740' title='bbox 1354 5162 1514 5235; x_wconf 80' lang='lat' dir='ltr'><strong><em>verbis</em></strong></span> <span class='ocrx_word' id='word_1_741' title='bbox 1556 5163 1807 5233; x_wconf 74' lang='lat' dir='ltr'><strong><em>Apostoli,</em></strong></span> <span class='ocrx_word' id='word_1_742' title='bbox 1848 5162 2010 5229; x_wconf 85' lang='lat' dir='ltr'><strong><em>etc.);</em></strong></span> <span class='ocrx_word' id='word_1_743' title='bbox 2043 5179 2130 5235; x_wconf 88' lang='lat' dir='ltr'><strong><em>re-</em></strong></span> 
     </span>
    </p>
   </div>
   <div class='ocr_carea' id='block_1_109' title="bbox 546 5232 2126 5302">
    <p class='ocr_par' dir='ltr' id='par_1_109' title="bbox 546 5232 2126 5302">
     <span class='ocr_line' id='line_1_110' title="bbox 546 5232 2126 5302; baseline 0.003 -18"><span class='ocrx_word' id='word_1_744' title='bbox 546 5232 747 5300; x_wconf 89' lang='lat' dir='ltr'><strong><em>scripta</em></strong></span> <span class='ocrx_word' id='word_1_745' title='bbox 778 5232 1034 5288; x_wconf 79' lang='lat' dir='ltr'><strong><em>venerant</em></strong></span> <span class='ocrx_word' id='word_1_746' title='bbox 1072 5233 1240 5289; x_wconf 82' lang='lat' dir='ltr'><strong><em>Roma</em></strong></span> <span class='ocrx_word' id='word_1_747' title='bbox 1274 5234 1325 5287; x_wconf 93' lang='lat' dir='ltr'><strong><em>in</em></strong></span> <span class='ocrx_word' id='word_1_748' title='bbox 1364 5232 1629 5298; x_wconf 82' lang='lat' dir='ltr'><strong><em>Africam;</em></strong></span> <span class='ocrx_word' id='word_1_749' title='bbox 1661 5248 1933 5302; x_wconf 87' lang='lat' dir='ltr'><strong><em>causaque</em></strong></span> <span class='ocrx_word' id='word_1_750' title='bbox 1976 5234 2126 5288; x_wconf 86' lang='lat' dir='ltr'><strong><em>linita</em></strong></span> 
     </span>
    </p>
   </div>
   <div class='ocr_carea' id='block_1_110' title="bbox 544 5304 2125 5375">
    <p class='ocr_par' dir='ltr' id='par_1_110' title="bbox 544 5304 2125 5375">
     <span class='ocr_line' id='line_1_111' title="bbox 544 5304 2125 5375; baseline 0.001 -20"><span class='ocrx_word' id='word_1_751' title='bbox 544 5311 682 5375; x_wconf 80' lang='lat' dir='ltr'><strong><em>erat,</em></strong></span> <span class='ocrx_word' id='word_1_752' title='bbox 710 5305 752 5357; x_wconf 87' lang='lat' dir='ltr'><strong><em>si</em></strong></span> <span class='ocrx_word' id='word_1_753' title='bbox 781 5306 902 5373; x_wconf 89' lang='lat' dir='ltr'><strong><em>jure</em></strong></span> <span class='ocrx_word' id='word_1_754' title='bbox 934 5315 1184 5375; x_wconf 84' lang='lat' dir='ltr'><strong><em>ageretur</em></strong></span> <span class='ocrx_word' id='word_1_755' title='bbox 1216 5322 1229 5358; x_wconf 87' lang='lat'><strong>:</strong></span> <span class='ocrx_word' id='word_1_756' title='bbox 1267 5320 1373 5360; x_wconf 89' lang='lat' dir='ltr'><strong><em>non</em></strong></span> <span class='ocrx_word' id='word_1_757' title='bbox 1407 5316 1490 5359; x_wconf 90' lang='lat' dir='ltr'><strong><em>est</em></strong></span> <span class='ocrx_word' id='word_1_758' title='bbox 1522 5313 1699 5357; x_wconf 87' lang='lat' dir='ltr'><strong><em>tamen</em></strong></span> <span class='ocrx_word' id='word_1_759' title='bbox 1745 5304 1927 5356; x_wconf 82' lang='lat' dir='ltr'><strong><em>finitus</em></strong></span> <span class='ocrx_word' id='word_1_760' title='bbox 1950 5318 2125 5367; x_wconf 88' lang='lat' dir='ltr'><strong><em>error,</em></strong></span> 
     </span>
    </p>
   </div>
   <div class='ocr_carea' id='block_1_111' title="bbox 544 5372 2128 5443">
    <p class='ocr_par' dir='ltr' id='par_1_111' title="bbox 544 5372 2128 5443">
     <span class='ocr_line' id='line_1_112' title="bbox 544 5372 2128 5443; baseline 0.001 -17"><span class='ocrx_word' id='word_1_761' title='bbox 544 5372 638 5426; x_wconf 81' lang='lat' dir='ltr'><strong><em>sed</em></strong></span> <span class='ocrx_word' id='word_1_762' title='bbox 680 5372 1025 5443; x_wconf 80' lang='lat' dir='ltr'><strong><em>compressus</em></strong></span> <span class='ocrx_word' id='word_1_763' title='bbox 1071 5386 1308 5440; x_wconf 87' lang='lat' dir='ltr'><strong><em>tantum;</em></strong></span> <span class='ocrx_word' id='word_1_764' title='bbox 1352 5385 1406 5429; x_wconf 89' lang='lat' dir='ltr'><strong><em>et</em></strong></span> <span class='ocrx_word' id='word_1_765' title='bbox 1449 5375 1519 5428; x_wconf 89' lang='lat' dir='ltr'><strong><em>ita</em></strong></span> <span class='ocrx_word' id='word_1_766' title='bbox 1563 5374 1777 5443; x_wconf 86' lang='lat' dir='ltr'><strong><em>quidem</em></strong></span> <span class='ocrx_word' id='word_1_767' title='bbox 1826 5375 2034 5438; x_wconf 89' lang='lat' dir='ltr'><strong><em>leviter,</em></strong></span> <span class='ocrx_word' id='word_1_768' title='bbox 2070 5384 2128 5428; x_wconf 91' lang='lat' dir='ltr'><strong><em>ut</em></strong></span> 
     </span>
    </p>
   </div>
   <div class='ocr_carea' id='block_1_112' title="bbox 544 5445 2123 5515">
    <p class='ocr_par' dir='ltr' id='par_1_112' title="bbox 544 5445 2123 5515">
     <span class='ocr_line' id='line_1_113' title="bbox 544 5445 2123 5515; baseline 0.002 -21"><span class='ocrx_word' id='word_1_769' title='bbox 544 5453 826 5512; x_wconf 85' lang='lat' dir='ltr'><strong><em>postquam</em></strong></span> <span class='ocrx_word' id='word_1_770' title='bbox 860 5447 1013 5502; x_wconf 90' lang='lat' dir='ltr'><strong><em>latuit</em></strong></span> <span class='ocrx_word' id='word_1_771' title='bbox 1038 5447 1317 5515; x_wconf 88' lang='lat' dir='ltr'><strong><em>tantisper,</em></strong></span> <span class='ocrx_word' id='word_1_772' title='bbox 1343 5449 1494 5515; x_wconf 85' lang='lat' dir='ltr'><strong><em>quasi</em></strong></span> <span class='ocrx_word' id='word_1_773' title='bbox 1520 5448 1586 5499; x_wconf 84' lang='lat' dir='ltr'><strong><em>ad</em></strong></span> <span class='ocrx_word' id='word_1_774' title='bbox 1614 5445 1931 5499; x_wconf 79' lang='lat' dir='ltr'><strong><em>reﬁciendas</em></strong></span> <span class='ocrx_word' id='word_1_775' title='bbox 1958 5445 2123 5509; x_wconf 88' lang='lat' dir='ltr'><strong><em>vires,</em></strong></span> 
     </span>
    </p>
   </div>
   <div class='ocr_carea' id='block_1_113' title="bbox 544 5516 2120 5587">
    <p class='ocr_par' dir='ltr' id='par_1_113' title="bbox 544 5516 2120 5587">
     <span class='ocr_line' id='line_1_114' title="bbox 544 5516 2120 5587; baseline 0 -20"><span class='ocrx_word' id='word_1_776' title='bbox 544 5522 696 5569; x_wconf 79' lang='lat' dir='ltr'><strong><em>tanm</em></strong></span> <span class='ocrx_word' id='word_1_777' title='bbox 745 5517 1006 5587; x_wconf 86' lang='lat' dir='ltr'><strong><em>pluribus,</em></strong></span> <span class='ocrx_word' id='word_1_778' title='bbox 1059 5516 1186 5571; x_wconf 90' lang='lat' dir='ltr'><strong><em>dum</em></strong></span> <span class='ocrx_word' id='word_1_779' title='bbox 1231 5517 1459 5587; x_wconf 83' lang='lat' dir='ltr'><strong><em>obscure</em></strong></span> <span class='ocrx_word' id='word_1_780' title='bbox 1503 5520 1695 5587; x_wconf 84' lang='lat' dir='ltr'><strong><em>serpit,</em></strong></span> <span class='ocrx_word' id='word_1_781' title='bbox 1729 5516 1984 5587; x_wconf 81' lang='lat' dir='ltr'><strong><em>probatus</em></strong></span> <span class='ocrx_word' id='word_1_782' title='bbox 2029 5516 2120 5587; x_wconf 88' lang='lat' dir='ltr'><strong><em>sit,</em></strong></span> 
     </span>
    </p>
   </div>
   <div class='ocr_carea' id='block_1_114' title="bbox 464 5586 2127 5656">
    <p class='ocr_par' dir='ltr' id='par_1_114' title="bbox 464 5586 2127 5656">
     <span class='ocr_line' id='line_1_115' title="bbox 464 5586 2127 5656; baseline 0.004 -21"><span class='ocrx_word' id='word_1_783' title='bbox 464 5616 469 5621; x_wconf 65' lang='grc' dir='ltr'><em>η</em></span> <span class='ocrx_word' id='word_1_784' title='bbox 540 5600 742 5656; x_wconf 86' lang='lat' dir='ltr'><strong><em>quanto</em></strong></span> <span class='ocrx_word' id='word_1_785' title='bbox 770 5589 1025 5644; x_wconf 87' lang='lat' dir='ltr'><strong><em>audacius</em></strong></span> <span class='ocrx_word' id='word_1_786' title='bbox 1052 5598 1303 5643; x_wconf 88' lang='lat' dir='ltr'><strong><em>auctores</em></strong></span> <span class='ocrx_word' id='word_1_787' title='bbox 1334 5586 1502 5656; x_wconf 88' lang='lat' dir='ltr'><strong><em>ipsius</em></strong></span> <span class='ocrx_word' id='word_1_788' title='bbox 1527 5586 1851 5655; x_wconf 88' lang='lat' dir='ltr'><strong><em>jurarentse</em></strong></span> <span class='ocrx_word' id='word_1_789' title='bbox 1881 5586 1997 5640; x_wconf 91' lang='lat' dir='ltr'><strong><em>solo</em></strong></span> <span class='ocrx_word' id='word_1_790' title='bbox 2026 5586 2127 5641; x_wconf 85' lang='lat' dir='ltr'><strong><em>iui-</em></strong></span> 
     </span>
    </p>
   </div>
   <div class='ocr_carea' id='block_1_115' title="bbox 542 5655 1613 5729">
    <p class='ocr_par' dir='ltr' id='par_1_115' title="bbox 542 5655 1613 5729">
     <span class='ocr_line' id='line_1_116' title="bbox 542 5655 1613 5729; baseline -0.002 -18"><span class='ocrx_word' id='word_1_791' title='bbox 542 5655 804 5729; x_wconf 62' lang='lat' dir='ltr'><strong><em>micorum</em></strong></span> <span class='ocrx_word' id='word_1_792' title='bbox 833 5660 958 5714; x_wconf 91' lang='lat' dir='ltr'><strong><em>odio</em></strong></span> <span class='ocrx_word' id='word_1_793' title='bbox 988 5660 1338 5729; x_wconf 89' lang='lat' dir='ltr'><strong><em>potentiaque</em></strong></span> <span class='ocrx_word' id='word_1_794' title='bbox 1361 5656 1613 5727; x_wconf 89' lang='lat' dir='ltr'><strong><em>opprimi.</em></strong></span> 
     </span>
    </p>
   </div>
   <div class='ocr_carea' id='block_1_116' title="bbox 612 5726 2125 5798">
    <p class='ocr_par' dir='ltr' id='par_1_116' title="bbox 612 5726 2125 5798">
     <span class='ocr_line' id='line_1_117' title="bbox 612 5726 2125 5798; baseline 0.001 -19"><span class='ocrx_word' id='word_1_795' title='bbox 612 5726 744 5782; x_wconf 89' lang='lat' dir='ltr'><strong><em>Cum</em></strong></span> <span class='ocrx_word' id='word_1_796' title='bbox 775 5732 934 5785; x_wconf 89' lang='lat' dir='ltr'><strong><em>ambo</em></strong></span> <span class='ocrx_word' id='word_1_797' title='bbox 966 5726 1183 5794; x_wconf 79' lang='lat' dir='ltr'><strong><em>rursus,</em></strong></span> <span class='ocrx_word' id='word_1_798' title='bbox 1226 5726 1344 5798; x_wconf 79' lang='lat' dir='ltr'><strong><em>post</em></strong></span> <span class='ocrx_word' id='word_1_799' title='bbox 1374 5730 1577 5784; x_wconf 88' lang='lat' dir='ltr'><strong><em>obitum</em></strong></span> <span class='ocrx_word' id='word_1_800' title='bbox 1610 5726 1905 5798; x_wconf 77' lang='lat' dir='ltr'><strong><em>lun0ccnlii</em></strong></span> <span class='ocrx_word' id='word_1_801' title='bbox 1926 5768 1938 5789; x_wconf 88' lang='lat'><strong><em>,</em></strong></span> <span class='ocrx_word' id='word_1_802' title='bbox 1973 5742 2125 5781; x_wconf 84' lang='lat' dir='ltr'><strong><em>meu-</em></strong></span> 
     </span>
    </p>
   </div>
   <div class='ocr_carea' id='block_1_117' title="bbox 542 5796 2122 5869">
    <p class='ocr_par' dir='ltr' id='par_1_117' title="bbox 542 5796 2122 5869">
     <span class='ocr_line' id='line_1_118' title="bbox 542 5796 2122 5869; baseline -0.003 -14"><span class='ocrx_word' id='word_1_803' title='bbox 542 5796 765 5855; x_wconf 73' lang='lat' dir='ltr'><strong><em>ducibus</em></strong></span> <span class='ocrx_word' id='word_1_804' title='bbox 807 5801 1002 5857; x_wconf 85' lang='lat' dir='ltr'><strong><em>libellis</em></strong></span> <span class='ocrx_word' id='word_1_805' title='bbox 1034 5815 1170 5869; x_wconf 87' lang='lat' dir='ltr'><strong><em>pene</em></strong></span> <span class='ocrx_word' id='word_1_806' title='bbox 1202 5796 1557 5855; x_wconf 86' lang='lat' dir='ltr'><strong><em>obtinuissent</em></strong></span> <span class='ocrx_word' id='word_1_807' title='bbox 1600 5814 1626 5850; x_wconf 90' lang='lat' dir='ltr'><strong><em>a</em></strong></span> <span class='ocrx_word' id='word_1_808' title='bbox 1662 5797 1980 5869; x_wconf 28' lang='lat' dir='ltr'><strong><em>Z&#39;tsintout</em></strong></span> <span class='ocrx_word' id='word_1_809' title='bbox 2025 5814 2122 5851; x_wconf 83' lang='lat' dir='ltr'><strong><em>sua</em></strong></span> 
     </span>
    </p>
   </div>
   <div class='ocr_carea' id='block_1_118' title="bbox 542 5868 2119 5941">
    <p class='ocr_par' dir='ltr' id='par_1_118' title="bbox 542 5868 2119 5941">
     <span class='ocr_line' id='line_1_119' title="bbox 542 5868 2119 5941; baseline 0.001 -16"><span class='ocrx_word' id='word_1_810' title='bbox 542 5880 702 5926; x_wconf 80' lang='lat' dir='ltr'><strong><em>causa</em></strong></span> <span class='ocrx_word' id='word_1_811' title='bbox 751 5868 1170 5941; x_wconf 75' lang='lat' dir='ltr'><strong><em>retractarCtur,</em></strong></span> <span class='ocrx_word' id='word_1_812' title='bbox 1215 5872 1381 5929; x_wconf 87' lang='lat' dir='ltr'><strong><em>immo</em></strong></span> <span class='ocrx_word' id='word_1_813' title='bbox 1418 5880 1471 5926; x_wconf 91' lang='lat' dir='ltr'><strong><em>ut</em></strong></span> <span class='ocrx_word' id='word_1_814' title='bbox 1510 5870 1792 5937; x_wconf 84' lang='lat' dir='ltr'><strong><em>catholici,</em></strong></span> <span class='ocrx_word' id='word_1_815' title='bbox 1835 5868 2035 5939; x_wconf 74' lang='lat' dir='ltr'><strong><em>rt&#39;jcclo</em></strong></span> <span class='ocrx_word' id='word_1_816' title='bbox 2067 5870 2119 5927; x_wconf 87' lang='lat' dir='ltr'><strong><em>in</em></strong></span> 
     </span>
    </p>
   </div>
   <div class='ocr_carea' id='block_1_119' title="bbox 2240 4597 3842 4671">
    <p class='ocr_par' dir='ltr' id='par_1_119' title="bbox 2240 4597 3842 4671">
     <span class='ocr_line' id='line_1_120' title="bbox 2240 4597 3842 4671; baseline 0.006 -23"><span class='ocrx_word' id='word_1_817' title='bbox 2240 4597 2445 4671; x_wconf 85' lang='lat' dir='ltr'><strong><em>iniqua,</em></strong></span> <span class='ocrx_word' id='word_1_818' title='bbox 2473 4605 2791 4671; x_wconf 88' lang='lat' dir='ltr'><strong><em>etnostram</em></strong></span> <span class='ocrx_word' id='word_1_819' title='bbox 2819 4602 2869 4650; x_wconf 90' lang='lat' dir='ltr'><strong><em>in</em></strong></span> <span class='ocrx_word' id='word_1_820' title='bbox 2896 4612 2962 4651; x_wconf 89' lang='lat' dir='ltr'><strong><em>eo</em></strong></span> <span class='ocrx_word' id='word_1_821' title='bbox 2982 4608 3198 4671; x_wconf 58' lang='lat' dir='ltr'><strong><em>atatem</em></strong></span> <span class='ocrx_word' id='word_1_822' title='bbox 3226 4597 3617 4667; x_wconf 84' lang='lat' dir='ltr'><strong><em>accusantium,</em></strong></span> <span class='ocrx_word' id='word_1_823' title='bbox 3650 4603 3703 4655; x_wconf 91' lang='lat' dir='ltr'><strong><em>iu</em></strong></span> <span class='ocrx_word' id='word_1_824' title='bbox 3725 4619 3842 4671; x_wconf 86' lang='lat' dir='ltr'><strong><em>quo</em></strong></span> 
     </span>
    </p>
   </div>
   <div class='ocr_carea' id='block_1_120' title="bbox 2238 4667 3635 4737">
    <p class='ocr_par' dir='ltr' id='par_1_120' title="bbox 2238 4667 3635 4737">
     <span class='ocr_line' id='line_1_121' title="bbox 2238 4667 3635 4737; baseline -0.001 -17"><span class='ocrx_word' id='word_1_825' title='bbox 2238 4667 2505 4734; x_wconf 85' lang='lat' dir='ltr'><strong><em>majorum</em></strong></span> <span class='ocrx_word' id='word_1_826' title='bbox 2537 4670 2682 4737; x_wconf 80' lang='lat' dir='ltr'><strong><em>leges</em></strong></span> <span class='ocrx_word' id='word_1_827' title='bbox 2704 4677 2758 4722; x_wconf 89' lang='lat' dir='ltr'><strong><em>et</em></strong></span> <span class='ocrx_word' id='word_1_828' title='bbox 2786 4668 3030 4735; x_wconf 68' lang='lat' dir='ltr'><strong><em>extempla</em></strong></span> <span class='ocrx_word' id='word_1_829' title='bbox 3060 4678 3321 4723; x_wconf 85' lang='lat' dir='ltr'><strong><em>sectatur.</em></strong></span> <span class='ocrx_word' id='word_1_830' title='bbox 3410 4689 3443 4718; x_wconf 61' lang='grc' dir='ltr'><strong><em>ιη</em></strong></span> <span class='ocrx_word' id='word_1_831' title='bbox 3632 4714 3635 4715; x_wconf 34' lang='grc' dir='ltr'><em>ν</em></span> 
     </span>
    </p>
   </div>
   <div class='ocr_carea' id='block_1_121' title="bbox 2307 4737 3841 4807">
    <p class='ocr_par' dir='ltr' id='par_1_121' title="bbox 2307 4737 3841 4807">
     <span class='ocr_line' id='line_1_122' title="bbox 2307 4737 3841 4807; baseline 0.005 -16"><span class='ocrx_word' id='word_1_832' title='bbox 2307 4737 2536 4793; x_wconf 78' lang='lat' dir='ltr'><strong><em>idoneus</em></strong></span> <span class='ocrx_word' id='word_1_833' title='bbox 2567 4747 2769 4800; x_wconf 85' lang='lat' dir='ltr'><strong><em>autem,</em></strong></span> <span class='ocrx_word' id='word_1_834' title='bbox 2816 4753 2938 4791; x_wconf 88' lang='lat' dir='ltr'><strong><em>meo</em></strong></span> <span class='ocrx_word' id='word_1_835' title='bbox 2965 4740 3183 4807; x_wconf 84' lang='lat' dir='ltr'><strong><em>quidem</em></strong></span> <span class='ocrx_word' id='word_1_836' title='bbox 3225 4740 3457 4807; x_wconf 90' lang='lat' dir='ltr'><strong><em>judicio,</em></strong></span> <span class='ocrx_word' id='word_1_837' title='bbox 3499 4742 3714 4795; x_wconf 86' lang='lat' dir='ltr'><strong><em>futurus</em></strong></span> <span class='ocrx_word' id='word_1_838' title='bbox 3752 4754 3841 4798; x_wconf 87' lang='lat' dir='ltr'><strong><em>est</em></strong></span> 
     </span>
    </p>
   </div>
   <div class='ocr_carea' id='block_1_122' title="bbox 2238 4808 3843 4879">
    <p class='ocr_par' dir='ltr' id='par_1_122' title="bbox 2238 4808 3843 4879">
     <span class='ocr_line' id='line_1_123' title="bbox 2238 4808 3843 4879; baseline 0.003 -17"><span class='ocrx_word' id='word_1_839' title='bbox 2238 4808 2545 4878; x_wconf 87' lang='lat' dir='ltr'><strong><em>inquirendi</em></strong></span> <span class='ocrx_word' id='word_1_840' title='bbox 2579 4810 2792 4875; x_wconf 89' lang='lat' dir='ltr'><strong><em>modus,</em></strong></span> <span class='ocrx_word' id='word_1_841' title='bbox 2829 4811 2872 4861; x_wconf 90' lang='lat' dir='ltr'><strong><em>si</em></strong></span> <span class='ocrx_word' id='word_1_842' title='bbox 2901 4813 3139 4863; x_wconf 86' lang='lat' dir='ltr'><strong><em>secundo</em></strong></span> <span class='ocrx_word' id='word_1_843' title='bbox 3168 4810 3423 4875; x_wconf 76' lang='lat' dir='ltr'><strong><em>deinceps</em></strong></span> <span class='ocrx_word' id='word_1_844' title='bbox 3453 4813 3629 4879; x_wconf 79' lang='lat' dir='ltr'><strong><em>capite</em></strong></span> <span class='ocrx_word' id='word_1_845' title='bbox 3655 4815 3843 4877; x_wconf 82' lang='lat' dir='ltr'><strong><em>expli-</em></strong></span> 
     </span>
    </p>
   </div>
   <div class='ocr_carea' id='block_1_123' title="bbox 2234 4879 3841 4951">
    <p class='ocr_par' dir='ltr' id='par_1_123' title="bbox 2234 4879 3841 4951">
     <span class='ocr_line' id='line_1_124' title="bbox 2234 4879 3841 4951; baseline 0.001 -19"><span class='ocrx_word' id='word_1_846' title='bbox 2234 4890 2387 4934; x_wconf 85' lang='lat' dir='ltr'><strong><em>cetur</em></strong></span> <span class='ocrx_word' id='word_1_847' title='bbox 2416 4879 2543 4951; x_wconf 87' lang='lat' dir='ltr'><strong><em>quid</em></strong></span> <span class='ocrx_word' id='word_1_848' title='bbox 2577 4884 2793 4933; x_wconf 88' lang='lat' dir='ltr'><strong><em>nomine</em></strong></span> <span class='ocrx_word' id='word_1_849' title='bbox 2820 4880 3239 4946; x_wconf 85' lang='lat' dir='ltr'><strong><em>subscriptionis</em></strong></span> <span class='ocrx_word' id='word_1_850' title='bbox 3264 4881 3315 4935; x_wconf 92' lang='lat' dir='ltr'><strong><em>in</em></strong></span> <span class='ocrx_word' id='word_1_851' title='bbox 3349 4880 3451 4936; x_wconf 88' lang='lat' dir='ltr'><strong><em>hac</em></strong></span> <span class='ocrx_word' id='word_1_852' title='bbox 3471 4898 3527 4936; x_wconf 88' lang='lat' dir='ltr'><strong><em>re</em></strong></span> <span class='ocrx_word' id='word_1_853' title='bbox 3553 4882 3841 4951; x_wconf 81' lang='lat' dir='ltr'><strong><em>intelliga-</em></strong></span> 
     </span>
    </p>
   </div>
   <div class='ocr_carea' id='block_1_124' title="bbox 2234 4950 3841 5019">
    <p class='ocr_par' dir='ltr' id='par_1_124' title="bbox 2234 4950 3841 5019">
     <span class='ocr_line' id='line_1_125' title="bbox 2234 4950 3841 5019; baseline 0.004 -16"><span class='ocrx_word' id='word_1_854' title='bbox 2234 4957 2342 5012; x_wconf 89' lang='lat' dir='ltr'><strong><em>tur,</em></strong></span> <span class='ocrx_word' id='word_1_855' title='bbox 2375 4965 2494 5019; x_wconf 68' lang='grc' dir='ltr'><strong><em>(ιιιίθ</em></strong></span> <span class='ocrx_word' id='word_1_856' title='bbox 2523 4950 2691 5017; x_wconf 90' lang='lat' dir='ltr'><strong><em>ipsius</em></strong></span> <span class='ocrx_word' id='word_1_857' title='bbox 2715 4965 2913 5014; x_wconf 78' lang='lat' dir='ltr'><strong><em>Causae,</em></strong></span> <span class='ocrx_word' id='word_1_858' title='bbox 2938 4966 3057 5017; x_wconf 84' lang='lat' dir='ltr'><strong><em>quae</em></strong></span> <span class='ocrx_word' id='word_1_859' title='bbox 3083 4952 3306 5013; x_wconf 84' lang='lat' dir='ltr'><strong><em>utilitas,</em></strong></span> <span class='ocrx_word' id='word_1_860' title='bbox 3332 4965 3475 5016; x_wconf 89' lang='lat' dir='ltr'><strong><em>etc.;</em></strong></span> <span class='ocrx_word' id='word_1_861' title='bbox 3501 4956 3684 5018; x_wconf 83' lang='lat' dir='ltr'><strong><em>tertio,</em></strong></span> <span class='ocrx_word' id='word_1_862' title='bbox 3711 4969 3841 5018; x_wconf 67' lang='grc' dir='ltr'><strong><em>«μιεε</em></strong></span> 
     </span>
    </p>
   </div>
   <div class='ocr_carea' id='block_1_125' title="bbox 2235 5020 3834 5089">
    <p class='ocr_par' dir='ltr' id='par_1_125' title="bbox 2235 5020 3834 5089">
     <span class='ocr_line' id='line_1_126' title="bbox 2235 5020 3834 5089; baseline 0.003 -17"><span class='ocrx_word' id='word_1_863' title='bbox 2235 5029 2376 5073; x_wconf 90' lang='lat' dir='ltr'><strong><em>tanta</em></strong></span> <span class='ocrx_word' id='word_1_864' title='bbox 2427 5020 2585 5089; x_wconf 88' lang='lat' dir='ltr'><strong><em>hujus</em></strong></span> <span class='ocrx_word' id='word_1_865' title='bbox 2632 5020 2854 5075; x_wconf 88' lang='lat' dir='ltr'><strong><em>remedii</em></strong></span> <span class='ocrx_word' id='word_1_866' title='bbox 2906 5023 3196 5076; x_wconf 68' lang='lat' dir='ltr'><strong><em>necessitas</em></strong></span> <span class='ocrx_word' id='word_1_867' title='bbox 3246 5024 3510 5077; x_wconf 85' lang='lat' dir='ltr'><strong><em>adversus</em></strong></span> <span class='ocrx_word' id='word_1_868' title='bbox 3568 5023 3834 5077; x_wconf 64' lang='lat' dir='ltr'><strong><em>haeresim</em></strong></span> 
     </span>
    </p>
   </div>
   <div class='ocr_carea' id='block_1_126' title="bbox 2233 5089 3835 5159">
    <p class='ocr_par' dir='ltr' id='par_1_126' title="bbox 2233 5089 3835 5159">
     <span class='ocr_line' id='line_1_127' title="bbox 2233 5089 3835 5159; baseline 0.004 -16"><span class='ocrx_word' id='word_1_869' title='bbox 2233 5089 2610 5158; x_wconf 84' lang='lat' dir='ltr'><strong><em>Pelagianam;</em></strong></span> <span class='ocrx_word' id='word_1_870' title='bbox 2658 5102 2850 5159; x_wconf 87' lang='lat' dir='ltr'><strong><em>quarto</em></strong></span> <span class='ocrx_word' id='word_1_871' title='bbox 2899 5106 3126 5159; x_wconf 90' lang='lat' dir='ltr'><strong><em>quorum</em></strong></span> <span class='ocrx_word' id='word_1_872' title='bbox 3175 5092 3510 5148; x_wconf 88' lang='lat' dir='ltr'><strong><em>damnationi</em></strong></span> <span class='ocrx_word' id='word_1_873' title='bbox 3550 5094 3835 5149; x_wconf 82' lang='lat' dir='ltr'><strong><em>subscribi</em></strong></span> 
     </span>
    </p>
   </div>
   <div class='ocr_carea' id='block_1_127' title="bbox 2233 5162 3836 5231">
    <p class='ocr_par' dir='ltr' id='par_1_127' title="bbox 2233 5162 3836 5231">
     <span class='ocr_line' id='line_1_128' title="bbox 2233 5162 3836 5231; baseline 0 -17"><span class='ocrx_word' id='word_1_874' title='bbox 2233 5162 2657 5227; x_wconf 75' lang='lat' dir='ltr'><strong><em>mandatutnsit,</em></strong></span> <span class='ocrx_word' id='word_1_875' title='bbox 2680 5178 2745 5213; x_wconf 83' lang='lat' dir='ltr'><strong><em>an</em></strong></span> <span class='ocrx_word' id='word_1_876' title='bbox 2765 5162 3078 5231; x_wconf 87' lang='lat' dir='ltr'><strong><em>dogtnatum</em></strong></span> <span class='ocrx_word' id='word_1_877' title='bbox 3104 5173 3329 5228; x_wconf 85' lang='lat' dir='ltr'><strong><em>tantum,</em></strong></span> <span class='ocrx_word' id='word_1_878' title='bbox 3355 5178 3423 5217; x_wconf 86' lang='lat' dir='ltr'><strong><em>an</em></strong></span> <span class='ocrx_word' id='word_1_879' title='bbox 3448 5167 3609 5217; x_wconf 84' lang='lat' dir='ltr'><strong><em>etiam</em></strong></span> <span class='ocrx_word' id='word_1_880' title='bbox 3634 5180 3836 5219; x_wconf 79' lang='lat' dir='ltr'><strong><em>auem-</em></strong></span> 
     </span>
    </p>
   </div>
   <div class='ocr_carea' id='block_1_128' title="bbox 2233 5232 3843 5302">
    <p class='ocr_par' dir='ltr' id='par_1_128' title="bbox 2233 5232 3843 5302">
     <span class='ocr_line' id='line_1_129' title="bbox 2233 5232 3843 5302; baseline 0.002 -17"><span class='ocrx_word' id='word_1_881' title='bbox 2233 5247 2383 5295; x_wconf 91' lang='lat' dir='ltr'><strong><em>rum;</em></strong></span> <span class='ocrx_word' id='word_1_882' title='bbox 2409 5233 2617 5299; x_wconf 90' lang='lat' dir='ltr'><strong><em>quinto,</em></strong></span> <span class='ocrx_word' id='word_1_883' title='bbox 2650 5247 2717 5285; x_wconf 90' lang='lat' dir='ltr'><strong><em>an</em></strong></span> <span class='ocrx_word' id='word_1_884' title='bbox 2748 5232 2992 5289; x_wconf 90' lang='lat' dir='ltr'><strong><em>homines</em></strong></span> <span class='ocrx_word' id='word_1_885' title='bbox 3015 5234 3113 5299; x_wconf 91' lang='lat' dir='ltr'><strong><em>illi,</em></strong></span> <span class='ocrx_word' id='word_1_886' title='bbox 3135 5249 3363 5302; x_wconf 89' lang='lat' dir='ltr'><strong><em>quorum</em></strong></span> <span class='ocrx_word' id='word_1_887' title='bbox 3392 5234 3678 5288; x_wconf 88' lang='lat' dir='ltr'><strong><em>damnatio</em></strong></span> <span class='ocrx_word' id='word_1_888' title='bbox 3700 5238 3843 5289; x_wconf 84' lang='lat' dir='ltr'><strong><em>sub-</em></strong></span> 
     </span>
    </p>
   </div>
   <div class='ocr_carea' id='block_1_129' title="bbox 2229 5301 3843 5375">
    <p class='ocr_par' dir='ltr' id='par_1_129' title="bbox 2229 5301 3843 5375">
     <span class='ocr_line' id='line_1_130' title="bbox 2229 5301 3843 5375; baseline 0.002 -20"><span class='ocrx_word' id='word_1_889' title='bbox 2229 5301 2594 5369; x_wconf 88' lang='lat' dir='ltr'><strong><em>scribebatur,</em></strong></span> <span class='ocrx_word' id='word_1_890' title='bbox 2623 5302 2924 5358; x_wconf 80' lang='lat' dir='ltr'><strong><em>faterentur</em></strong></span> <span class='ocrx_word' id='word_1_891' title='bbox 2951 5321 3011 5359; x_wconf 90' lang='lat' dir='ltr'><strong><em>se</em></strong></span> <span class='ocrx_word' id='word_1_892' title='bbox 3038 5321 3098 5360; x_wconf 89' lang='lat' dir='ltr'><strong><em>ea</em></strong></span> <span class='ocrx_word' id='word_1_893' title='bbox 3128 5301 3327 5359; x_wconf 84' lang='lat' dir='ltr'><strong><em>sentire</em></strong></span> <span class='ocrx_word' id='word_1_894' title='bbox 3347 5320 3469 5375; x_wconf 76' lang='lat' dir='ltr'><strong><em>quae</em></strong></span> <span class='ocrx_word' id='word_1_895' title='bbox 3491 5306 3843 5373; x_wconf 63' lang='lat' dir='ltr'><strong><em>objicieban-</em></strong></span> 
     </span>
    </p>
   </div>
   <div class='ocr_carea' id='block_1_130' title="bbox 2232 5375 3842 5444">
    <p class='ocr_par' dir='ltr' id='par_1_130' title="bbox 2232 5375 3842 5444">
     <span class='ocr_line' id='line_1_131' title="bbox 2232 5375 3842 5444; baseline 0.004 -20"><span class='ocrx_word' id='word_1_896' title='bbox 2232 5381 2349 5444; x_wconf 85' lang='lat' dir='ltr'><strong><em>tur;</em></strong></span> <span class='ocrx_word' id='word_1_897' title='bbox 2389 5381 2567 5436; x_wconf 78' lang='lat' dir='ltr'><strong><em>sexto,</em></strong></span> <span class='ocrx_word' id='word_1_898' title='bbox 2608 5389 2726 5442; x_wconf 69' lang='lat' dir='ltr'><strong><em>qute</em></strong></span> <span class='ocrx_word' id='word_1_899' title='bbox 2756 5375 2939 5437; x_wconf 79' lang='lat' dir='ltr'><strong><em>fuerit,</em></strong></span> <span class='ocrx_word' id='word_1_900' title='bbox 2967 5384 3022 5429; x_wconf 86' lang='lat' dir='ltr'><strong><em>et</em></strong></span> <span class='ocrx_word' id='word_1_901' title='bbox 3045 5391 3075 5429; x_wconf 86' lang='lat' dir='ltr'><strong><em>a</em></strong></span> <span class='ocrx_word' id='word_1_902' title='bbox 3102 5390 3207 5443; x_wconf 88' lang='lat' dir='ltr'><strong><em>quo</em></strong></span> <span class='ocrx_word' id='word_1_903' title='bbox 3241 5377 3555 5444; x_wconf 71' lang='lat' dir='ltr'><strong><em>praescripta</em></strong></span> <span class='ocrx_word' id='word_1_904' title='bbox 3596 5376 3842 5431; x_wconf 83' lang='lat' dir='ltr'><strong><em>formula</em></strong></span> 
     </span>
    </p>
   </div>
   <div class='ocr_carea' id='block_1_131' title="bbox 2230 5443 3841 5513">
    <p class='ocr_par' dir='ltr' id='par_1_131' title="bbox 2230 5443 3841 5513">
     <span class='ocr_line' id='line_1_132' title="bbox 2230 5443 3841 5513; baseline 0.002 -18"><span class='ocrx_word' id='word_1_905' title='bbox 2230 5443 2352 5496; x_wconf 75' lang='lat' dir='ltr'><strong><em>fidei</em></strong></span> <span class='ocrx_word' id='word_1_906' title='bbox 2384 5444 2771 5498; x_wconf 85' lang='lat' dir='ltr'><strong><em>subscribenda</em></strong></span> <span class='ocrx_word' id='word_1_907' title='bbox 2792 5460 2806 5508; x_wconf 95' lang='lat'><strong><em>;</em></strong></span> <span class='ocrx_word' id='word_1_908' title='bbox 2828 5447 3079 5513; x_wconf 86' lang='lat' dir='ltr'><strong><em>septimo,</em></strong></span> <span class='ocrx_word' id='word_1_909' title='bbox 3103 5460 3203 5513; x_wconf 91' lang='lat' dir='ltr'><strong><em>qua</em></strong></span> <span class='ocrx_word' id='word_1_910' title='bbox 3224 5443 3551 5501; x_wconf 82' lang='lat' dir='ltr'><strong><em>auctoritate</em></strong></span> <span class='ocrx_word' id='word_1_911' title='bbox 3582 5446 3671 5500; x_wconf 87' lang='lat' dir='ltr'><strong><em>lex</em></strong></span> <span class='ocrx_word' id='word_1_912' title='bbox 3697 5450 3841 5499; x_wconf 69' lang='lat' dir='ltr'><strong><em>sul)-</em></strong></span> 
     </span>
    </p>
   </div>
   <div class='ocr_carea' id='block_1_132' title="bbox 2229 5514 3843 5584">
    <p class='ocr_par' dir='ltr' id='par_1_132' title="bbox 2229 5514 3843 5584">
     <span class='ocr_line' id='line_1_133' title="bbox 2229 5514 3843 5584; baseline 0.004 -18"><span class='ocrx_word' id='word_1_913' title='bbox 2229 5514 2498 5567; x_wconf 88' lang='lat' dir='ltr'><strong><em>scribendi</em></strong></span> <span class='ocrx_word' id='word_1_914' title='bbox 2536 5514 2639 5567; x_wconf 86' lang='lat' dir='ltr'><strong><em>lata</em></strong></span> <span class='ocrx_word' id='word_1_915' title='bbox 2677 5516 2767 5577; x_wconf 88' lang='lat' dir='ltr'><strong><em>sit,</em></strong></span> <span class='ocrx_word' id='word_1_916' title='bbox 2805 5530 2871 5568; x_wconf 90' lang='lat' dir='ltr'><strong><em>an</em></strong></span> <span class='ocrx_word' id='word_1_917' title='bbox 2913 5515 3031 5568; x_wconf 91' lang='lat' dir='ltr'><strong><em>sola</em></strong></span> <span class='ocrx_word' id='word_1_918' title='bbox 3059 5516 3406 5581; x_wconf 89' lang='lat' dir='ltr'><strong><em>sacerdotali,</em></strong></span> <span class='ocrx_word' id='word_1_919' title='bbox 3452 5533 3519 5571; x_wconf 91' lang='lat' dir='ltr'><strong><em>an</em></strong></span> <span class='ocrx_word' id='word_1_920' title='bbox 3559 5517 3843 5584; x_wconf 86' lang='lat' dir='ltr'><strong><em>imperiali</em></strong></span> 
     </span>
    </p>
   </div>
   <div class='ocr_carea' id='block_1_133' title="bbox 2227 5585 3841 5655">
    <p class='ocr_par' dir='ltr' id='par_1_133' title="bbox 2227 5585 3841 5655">
     <span class='ocr_line' id='line_1_134' title="bbox 2227 5585 3841 5655; baseline 0.004 -19"><span class='ocrx_word' id='word_1_921' title='bbox 2227 5599 2472 5655; x_wconf 80' lang='lat' dir='ltr'><strong><em>quoque;</em></strong></span> <span class='ocrx_word' id='word_1_922' title='bbox 2502 5593 2713 5650; x_wconf 88' lang='lat' dir='ltr'><strong><em>octavo,</em></strong></span> <span class='ocrx_word' id='word_1_923' title='bbox 2737 5585 2931 5655; x_wconf 88' lang='lat' dir='ltr'><strong><em>quibus</em></strong></span> <span class='ocrx_word' id='word_1_924' title='bbox 2970 5587 3232 5653; x_wconf 85' lang='lat' dir='ltr'><strong><em>imperata</em></strong></span> <span class='ocrx_word' id='word_1_925' title='bbox 3262 5588 3333 5641; x_wconf 92' lang='lat' dir='ltr'><strong><em>sit</em></strong></span> <span class='ocrx_word' id='word_1_926' title='bbox 3368 5588 3721 5655; x_wconf 88' lang='lat' dir='ltr'><strong><em>subscriptio,</em></strong></span> <span class='ocrx_word' id='word_1_927' title='bbox 3756 5604 3841 5643; x_wconf 85' lang='lat' dir='ltr'><strong><em>an</em></strong></span> 
     </span>
    </p>
   </div>
   <div class='ocr_carea' id='block_1_134' title="bbox 2227 5654 3841 5724">
    <p class='ocr_par' dir='ltr' id='par_1_134' title="bbox 2227 5654 3841 5724">
     <span class='ocr_line' id='line_1_135' title="bbox 2227 5654 3841 5724; baseline 0.004 -16"><span class='ocrx_word' id='word_1_928' title='bbox 2227 5654 2355 5708; x_wconf 79' lang='lat' dir='ltr'><strong><em>Solis</em></strong></span> <span class='ocrx_word' id='word_1_929' title='bbox 2388 5655 2680 5724; x_wconf 88' lang='lat' dir='ltr'><strong><em>episcopis,</em></strong></span> <span class='ocrx_word' id='word_1_930' title='bbox 2715 5654 2783 5708; x_wconf 89' lang='lat' dir='ltr'><strong><em>au</em></strong></span> <span class='ocrx_word' id='word_1_931' title='bbox 2824 5656 2943 5709; x_wconf 90' lang='lat' dir='ltr'><strong><em>aliis</em></strong></span> <span class='ocrx_word' id='word_1_932' title='bbox 2974 5657 3135 5709; x_wconf 90' lang='lat' dir='ltr'><strong><em>etiam</em></strong></span> <span class='ocrx_word' id='word_1_933' title='bbox 3167 5657 3234 5710; x_wconf 88' lang='lat' dir='ltr'><strong><em>de</em></strong></span> <span class='ocrx_word' id='word_1_934' title='bbox 3277 5659 3448 5720; x_wconf 87' lang='lat' dir='ltr'><strong><em>clero,</em></strong></span> <span class='ocrx_word' id='word_1_935' title='bbox 3481 5659 3647 5711; x_wconf 89' lang='lat' dir='ltr'><strong><em>immo</em></strong></span> <span class='ocrx_word' id='word_1_936' title='bbox 3673 5670 3726 5710; x_wconf 90' lang='lat' dir='ltr'><strong><em>et</em></strong></span> <span class='ocrx_word' id='word_1_937' title='bbox 3757 5660 3841 5715; x_wconf 86' lang='lat' dir='ltr'><strong><em>dc</em></strong></span> 
     </span>
    </p>
   </div>
   <div class='ocr_carea' id='block_1_135' title="bbox 2229 5724 3837 5795">
    <p class='ocr_par' dir='ltr' id='par_1_135' title="bbox 2229 5724 3837 5795">
     <span class='ocr_line' id='line_1_136' title="bbox 2229 5724 3837 5795; baseline 0.003 -18"><span class='ocrx_word' id='word_1_938' title='bbox 2229 5724 2408 5793; x_wconf 87' lang='lat' dir='ltr'><strong><em>plebe,</em></strong></span> <span class='ocrx_word' id='word_1_939' title='bbox 2439 5736 2489 5779; x_wconf 91' lang='lat' dir='ltr'><strong><em>ct</em></strong></span> <span class='ocrx_word' id='word_1_940' title='bbox 2513 5741 2634 5793; x_wconf 74' lang='lat' dir='ltr'><strong><em>qua:</em></strong></span> <span class='ocrx_word' id='word_1_941' title='bbox 2659 5739 2814 5793; x_wconf 58' lang='lat' dir='ltr'><strong><em>poena</em></strong></span> <span class='ocrx_word' id='word_1_942' title='bbox 2838 5726 3181 5782; x_wconf 88' lang='lat' dir='ltr'><strong><em>subscribere</em></strong></span> <span class='ocrx_word' id='word_1_943' title='bbox 3211 5728 3574 5783; x_wconf 88' lang='lat' dir='ltr'><strong><em>abnuentibus</em></strong></span> <span class='ocrx_word' id='word_1_944' title='bbox 3600 5738 3837 5795; x_wconf 82' lang='lat' dir='ltr'><strong><em>statuta;</em></strong></span> 
     </span>
    </p>
   </div>
   <div class='ocr_carea' id='block_1_136' title="bbox 2231 5796 3837 5867">
    <p class='ocr_par' dir='ltr' id='par_1_136' title="bbox 2231 5796 3837 5867">
     <span class='ocr_line' id='line_1_137' title="bbox 2231 5796 3837 5867; baseline 0.004 -19"><span class='ocrx_word' id='word_1_945' title='bbox 2231 5810 2398 5860; x_wconf 88' lang='lat' dir='ltr'><strong><em>tt0u0,</em></strong></span> <span class='ocrx_word' id='word_1_946' title='bbox 2429 5796 2556 5865; x_wconf 89' lang='lat' dir='ltr'><strong><em>quid</em></strong></span> <span class='ocrx_word' id='word_1_947' title='bbox 2590 5806 2901 5851; x_wconf 86' lang='lat' dir='ltr'><strong><em>recusantes</em></strong></span> <span class='ocrx_word' id='word_1_948' title='bbox 2931 5809 3302 5863; x_wconf 84' lang='lat' dir='ltr'><strong><em>causarentur,</em></strong></span> <span class='ocrx_word' id='word_1_949' title='bbox 3334 5806 3390 5853; x_wconf 87' lang='lat' dir='ltr'><strong><em>et</em></strong></span> <span class='ocrx_word' id='word_1_950' title='bbox 3426 5814 3585 5865; x_wconf 88' lang='lat' dir='ltr'><strong><em>quam</em></strong></span> <span class='ocrx_word' id='word_1_951' title='bbox 3619 5800 3671 5852; x_wconf 91' lang='lat' dir='ltr'><strong><em>in</em></strong></span> <span class='ocrx_word' id='word_1_952' title='bbox 3700 5814 3837 5867; x_wconf 78' lang='lat' dir='ltr'><strong><em>part-</em></strong></span> 
     </span>
    </p>
   </div>
   <div class='ocr_carea' id='block_1_137' title="bbox 2229 5867 3832 5939">
    <p class='ocr_par' dir='ltr' id='par_1_137' title="bbox 2229 5867 3832 5939">
     <span class='ocr_line' id='line_1_138' title="bbox 2229 5867 3832 5939; baseline 0.004 -18"><span class='ocrx_word' id='word_1_953' title='bbox 2229 5875 2334 5924; x_wconf 87' lang='lat' dir='ltr'><strong><em>tctn</em></strong></span> <span class='ocrx_word' id='word_1_954' title='bbox 2356 5876 2580 5937; x_wconf 78' lang='lat' dir='ltr'><strong><em>accepta</em></strong></span> <span class='ocrx_word' id='word_1_955' title='bbox 2623 5867 2692 5923; x_wconf 85' lang='lat' dir='ltr'><strong><em>sit</em></strong></span> <span class='ocrx_word' id='word_1_956' title='bbox 2724 5877 3066 5926; x_wconf 87' lang='lat' dir='ltr'><strong><em>recusantum</em></strong></span> <span class='ocrx_word' id='word_1_957' title='bbox 3104 5870 3385 5939; x_wconf 79' lang='lat' dir='ltr'><strong><em>exceptio;</em></strong></span> <span class='ocrx_word' id='word_1_958' title='bbox 3418 5870 3659 5935; x_wconf 75' lang='lat' dir='ltr'><strong><em>decimo,</em></strong></span> <span class='ocrx_word' id='word_1_959' title='bbox 3692 5868 3832 5934; x_wconf 84' lang='lat' dir='ltr'><strong><em>qui-</em></strong></span> 
     </span>
    </p>
   </div>
  </div>
