3972 6180
542 331 648 389 419

542 445 747 513 Crevit,
776 443 987 513 inquam
1007 478 1022 501 ,
1053 443 1245 513 partim
1277 443 1390 513 suis
1412 445 1623 513 quast

547 521 636 578 tis,
672 505 864 579 partqu
895 509 969 579 rei
1015 506 1294 579 catbolica':
1320 505 1659 579 detrimentis
1699 519 1712 551 :
1744 509 1953 579 nam'et
1974 505 2119 548 artes

558 573 818 641 adhibuit,
844 577 1037 649 quibus
1059 578 1416 649 invalesceret
1437 573 1549 649 ipsa
1574 585 1777 649 per_se,
1803 577 1859 623 et
1880 573 2119 647 iniquam

550 658 602 710 in
630 641 923 707 catholicos
964 647 1212 701 doctores
1242 644 1437 698 struxit
1459 641 1815 701 calumniam,
1847 652 1950 710 qua
1977 641 2121 690 veri-

549 708 710 778 tatem
741 721 918 775 aliena
957 717 1163 771 invidia
1194 722 1467 769 oneraret.
1495 710 1613 765 Jam
1662 724 1789 766 vero
1815 708 2025 762 duobus
2062 718 2123 759 se

551 793 723 847 modis
746 832 761 854 ,
818 788 1049 858 maligne
1078 786 1324 856 quidem,
1371 782 1466 837 sed
1496 782 1818 845 efﬁcaciter,
1849 780 2124 858 imperans

553 847 813 917 Ecclesia:
859 847 1258 913 damnationem
1307 861 1478 907 tutata
1502 862 1587 906 est
1634 866 1802 904 :nam
1849 847 2123 915 Pelagiani

551 932 940 988 discessionem
986 937 1176 995 sponte
1216 938 1505 991 numquam
1550 922 1830 995 fecerunt,
1860 918 1956 995 sed
2005 932 2127 995 per-

555 1002 711 1057 misti
733 1000 983 1055 fidelibus
1004 987 1172 1051 latere
1192 987 1536 1049 conatisnnt.
1560 992 1618 1046 Si
1641 998 1818 1044 autem
1840 987 2128 1056 aliquando

555 1066 886 1142 deprehensi
906 1068 1033 1130 sint,
1064 1067 1335 1142 domoque
1360 1064 1505 1142 pacis
1551 1072 1817 1142 tamquam
1851 1058 2130 1142 perturbnf

558 1126 705 1197 tt)ch
732 1126 914 1210 eiecti,
948 1126 1073 1192 tunc
1097 1126 1463 1210 plenilunium
1493 1126 1759 1210 ementiti,
1785 1126 2130 1196 subrepeudo

558 1214 623 1267 ad
650 1203 1395 1267 communionemredierunt
1422 1219 1436 1256 :
1465 1210 1624 1272 atque
1655 1203 1725 1255 ita
1767 1210 1994 1272 quatuor
2014 1213 2132 1272 oni-

559 1286 688 1337 nino
726 1293 919 1335 causas
949 1278 1239 1346 pertinacia
1275 1284 1422 1346 tanta
1471 1267 1725 1346 habuisse
1754 1267 2133 1346 nierito__vide-

561 1363 672 1416 tur,
702 1360 845 1407 artes
872 1338 1080 1420 scilicet
1124 1344 1410 1420 spargendi
1437 1357 1558 1396 sese
1584 1383 1597 1405 ,
1639 1338 2020 1420 calumniandi
2044 1352 2133 1418 ea-

563 1414 774 1477 tbolicis
796 1463 809 1485 ,
835 1418 1133 1475 retinendae
1158 1414 1225 1470 in
1251 1415 1486 1486 speciem
1510 1414 1904 1467 communionis
1924 1450 1939 1474 ,
1973 1416 2028 1463 et
2052 1414 2133 1461 si-

563 1493 830 1547 mul-undae
859 1488 1211 1557 paenitentiae.
1591 1553 1601 1558 _
1972 1548 2003 1558 _,

639 1564 743 1616 llas
790 1548 970 1615 autem
1014 1572 1204 1614 causas
1250 1571 1428 1618 onera:
1466 1553 1695 1624 pretium
1742 1548 2137 1624 est_ex_plicare

562 1633 725 1688 simul
765 1642 819 1695 et
864 1634 1218 1700 comprobare
1250 1621 1490 1700 singulas
1531 1623 1715 1677 verbis
1736 1622 1874 1700 ipsis
1915 1621 2137 1700 Patrum

562 1704 731 1774 quinti
761 1692 962 1757 satctili.
988 1692 1103 1774 Nec
1125 1698 1265 1751 enim
1290 1692 1383 1774 alii
1406 1696 1656 1774 videntur
1684 1692 2006 1774 adducendi,
2034 1692 2137 1774 nisi

564 1765 710 1851 tum.
748 1787 885 1851 υιιιεε
915 1781 1006 1851 ιω
1038 1771 1205 1851 alter:
1247 1768 1344 1849 se.“
1368 1782 1455 1851 ,εει
1482 1765 2141 1851 οςειείρ,ηεξῆῑιξξιξῐι,ν,ςξ
2174 1785 2217 1851 s

563 1845 654 1914 qui
681 1845 746 1898 de
769 1841 940 1908 quinti
966 1840 1149 1895 saeculi
1180 1838 1487 1914 hominibus
1510 1832 2026 1914 aliquidretulerit‘:
2049 1832 2142 1914 qui

564 1903 695 1969 vero
719 1903 1083 1975 adducentur,
1128 1925 1236 1963 non
1263 1910 1427 1963 aliter
1457 1920 1617 1975 quam
1652 1903 1769 1975 suis
1788 1903 2149 1975 verbisrtesti-

568 1985 807 2039 monium
835 1985 1014 2037 dicere
1048 1974 1323 2039 sinentur,
1359 1988 1416 2031 ut
1445 1974 1551 2052 tota
1581 1977 1693 2029 haec
1720 1974 2031 2052 dissertatio
2078 1976 2150 2052 sit

569 2058 747 2122 potius
772 2057 1005 2124 quaestio
1038 2052 1165 2105 facti
1196 2064 1355 2120 quam
1380 2050 1648 2102 rationum
1673 2044 2007 2099 contentiosa
2038 2044 2150 2111 agi-

568 2136 723 2179 talio.

566 2236 591 2300 §
617 2236 653 2286 l.
674 2236 834 2287 Prima
857 2249 999 2285 causa
1022 2248 1106 2284 cur
1131 2242 1226 2283 tam
1241 2234 1457 2300 pertinax
1475 2230 1840 2300 fuerithaercsis
1864 2227 2145 2289 Pelagiana,

932 2309 1008 2346 ars
1028 2293 1285 2359 spargendi
1305 2308 1360 2343 se
1380 2304 1527 2355 atque
1545 2293 1792 2341 dilatandi.

640 2394 935 2462 Numquam
970 2390 1195 2462 limresis
1225 2388 1447 2462 altiores
1487 2388 1599 2462 agit
1624 2386 1865 2462 radices,
1899 2383 2146 2462 obstina-

572 2456 981 2533 tiusque'baeret
1007 2460 1300 2534 mentibus,
1326 2468 1381 2512 et
1412 2458 1570 2534 latius
1597 2456 1764 2534 serpit
1794 2458 1849 2534 in
1890 2458 2146 2534 populos,

571 2527 869 2604 quamcum
893 2532 1101 2586 occulte
1124 2530 1371 2604 traditur.
1396 2528 1577 2604 verbis
1605 2527 1888 2604 ambiguis,
1915 2539 2015 2604 per.
2031 2527 2148 2604 pios

570 2595 622 2659 in
657 2606 892 2673 speciem
925 2603 1194 2673 homines,
1220 2600 1441 2673 disertis
1467 2598 1841 2673 sermonibus,
1869 2595 2049 2673 missis
2095 2596 2144 2646 in

572 2665 875 2744 provincias
895 2672 959 2744 ad
990 2672 1123 2724 lidos
1148 2669 1416 2737 epistolis,
1441 2667 1913 2744 ct_itnque_nomine
1938 2665 2149 2744 episco-

572 2733 761 2814 porum
787 2743 1043 2814 plurium,
1069 2733 1342 2814 potentum
1363 2741 1557 2813 gratia,
1573 2733 1887 2814 feminarum
1910 2733 2144 2798 artibus,

572 2805 877 2885 praesertim
897 2805 1179 2885 nobilium,
1204 2805 1667 2885 eleetnosynarum
1694 2805 1972 2885 largitione
1993 2819 2146 2885 spar-

571 2876 733 2953 gitur.
788 2883 959 2936 Habet
987 2881 1128 2953 enim
1168 2889 1295 2953 tunc
1336 2878 1402 2931 ab
1425 2876 1633 2953 occulta
1663 2877 1954 2953 traditione
1983 2886 2039 2928 ut
2072 2876 2145 2929 la-

573 2950 680 3008 teat
711 2954 836 3005 dum
862 2952 1071 3006 occulte
1092 2950 1263 3019 serpit
1287 2989 1300 3009 ,
1333 2964 1363 3001 a
1393 2950 1590 3015 pietate
1616 2956 1671 3019 ct
1698 2950 1833 3000 fama
1862 2956 2141 3019 auctorum

574 3034 631 3077 tit
674 3024 867 3078 animis
903 3016 1483 3088 ineruditis—potentius
1519 3018 1747 3082 illudut,
1797 3032 1825 3068 a
1877 3016 2144 3088 sermonis

571 3096 834 3163 elegantia
876 3102 933 3147 et
962 3092 1200 3146 novitate
1217 3086 1487 3163 doctrinm
1522 3099 1571 3142 ut
1618 3086 2143 3163 illecebrosiuspla-

967 325 1057 382 AD
1095 318 1374 379 PARTEM
1413 309 1676 374 PRlMAM
1715 304 2017 370 OPERUI
2040 308 2114 365 Μ.
2153 304 2595 364 MERCATORIS
2631 302 2976 362 APPERDIX
3011 299 3351 360 SECUNDA.

1090 436 1245 488 artim
1277 435 1390 487 suis
1412 445 1562 499 quast
1584 428 1824 499 propriis
1856 439 2116 494 augmen-
2143 425 2195 483 Α
2222 421 2405 474 discite
2426 419 2578 499 ﬁdem
2604 433 2795 499 verum,
2828 431 2982 499 quam
3007 423 3189 499 prater
3215 428 3309 466 nos
3334 410 3801 499 nullusrnttfll‘igit,

3686 295 3803 354 420

2221 506 2334 561 qua:
2372 480 2547 543 multis
2571 497 2689 561 ante
2708 480 2912 561 sarculis
2948 480 3098 561 latuit
3118 523 3134 547 ,
3163 499 3325 551 nuper
3350 498 3466 561 vero
3497 480 3718 561 revelata
3738 492 3805 561 _e_t

2224 552 2425 615 ostensa
2447 569 2520 613 est
2537 576 2556 625 ;
2573 558 2660 612 sed
2682 558 2860 612 discite
2881 555 3059 624 furtim
3079 563 3229 619 atque
3253 554 3503 620 secretim,
3528 552 3807 625 delectabit

2225 632 2356 685 enim
2380 645 2486 683 vos.
2537 623 2605 682 Et
2642 632 2761 682 item
2784 623 2899 680 cum
2921 624 3232 687 didiceritis,
3261 625 3474 676 latenter
3502 623 3704 687 docete,
3742 639 3808 675 ne

2224 700 2448 754 mundus
2489 700 2702 763 audiat,
2750 714 2812 751 ne
2863 696 3092 749 Ecclesia
3148 695 3311 757 sciat;
3359 694 3536 761 paucis
3582 709 3811 762 namque

2225 786 2516 824 concessum
2545 776 2619 822 est
2651 768 2778 821 tanti
2803 766 3030 836 mysterii
3058 776 3238 835 capere
3268 773 3537 836 secretum,
3563 776 3671 817 etc.

2301 841 2494 895 Vassis
2521 851 2782 893 AIIBIGUIS.
2805 834 2935 903 Quae
2966 834 3159 901 nempe
3184 834 3360 887 varios
3401 834 3451 903 in
3483 848 3678 889 sensus
3707 847 3814 900 pro

2229 919 2472 976 tempore
2494 918 2550 962 et
2580 911 2696 964 loco
2721 902 3121 961 commutabilis
3152 905 3346 976 iugem,
3373 917 3421 956 et
3445 902 3494 956 in
3518 918 3816 976 utramque

2232 971 2434 1049 partem
2461 978 2744 1049 versanda.
2780 978 3151 1049 Hieronymus
3176 971 3367 1049 (Epist.
3416 976 3483 1026 ad
3504 971 3817 1049 Ctesiphon-

2230 1044 2331 1103 tem
2359 1051 2421 1103 de
2466 1048 2819 1119 Pelagianis):
2847 1044 3000 1100 Nosti
3030 1046 3151 1115 quid
3194 1044 3815 1119 intrinsecusdiscipnlos

2231 1132 2345 1174 tuos
2371 1121 2553 1173 doceas
2580 1115 2615 1183 ,⁷
2643 1118 2787 1171 aliud
2817 1132 2902 1169 ore
2930 1131 3329 1168 commemorans
3349 1155 3364 1176 ,
3394 1124 3439 1167 et
3461 1115 3603 1167 aliud
3630 1115 3819 1168 celans

2231 1190 2540 1244 conscientia
2562 1229 2577 1254 ,
2608 1189 2852 1257 nobisque
2886 1186 3069 1240 alienis
3105 1195 3153 1238 et
3182 1184 3399 1257 indoctis
3450 1185 3671 1257 loqueris
3721 1202 3821 1252 per

2232 1260 2541 1330 parabolas;
2592 1261 2693 1312 tuis
2750 1267 2920 1330 autem
2962 1257 3202 1330 mysteria
3249 1256 3547 1330 confiteris,
3604 1266 3654 1309 et
3712 1258 3821 1308 hoc

2245 1335 2385 1390 iuxta
2440 1330 2761 1396 Scripturam
2790 1337 2837 1381 te
2867 1329 3031 1393 facere
3066 1328 3269 1396 jactas,
3305 1326 3423 1396 quia
3464 1326 3655 1378 dictum
3684 1336 3763 1379 est
3798 1342 3822 1379 :

2267 1400 2421 1453 'urbis
2438 1393 2593 1453 Jesus
2614 1400 2665 1451 in
2689 1396 2947 1469 parabolis
2969 1393 3501 1469 loquebatur_(blattlt.
3525 1413 3668 1459 utv,
3693 1399 3818 1469 54);

2234 1479 2281 1524 et
2304 1470 2371 1521 ad
2412 1465 2698 1540 discipulos
2724 1471 2779 1521 in
2808 1468 2957 1521 domo
2982 1467 3114 1540 dicit
3138 1482 3154 1521 :
3190 1465 3342 1519 Vobis
3373 1465 3547 1519 datum
3571 1468 3823 1540 estbscire

2236 1543 2476 1611 mysteria
2524 1536 2667 1611 regni
2710 1540 2947 1611 caelorum
2973 1576 2989 1602 ,
3034 1536 3142 1611 illis
3190 1546 3359 1611 autem
3386 1552 3490 1611 non
3527 1546 3599 1611 esl
3626 1538 3822 1611 datum

2238 1606 2403 1679 (Ibid.
2433 1624 2548 1676 xui,
2581 1606 2693 1679 Η).
2726 1610 2791 1662 Et
2819 1616 3002 1676 postea
3036 1624 3049 1661 :
3083 1606 3424 1679 Eunomiani,
3458 1606 3658 1674 Ariani,
3692 1609 3823 1661 lla-

2240 1678 2532 1744 cedoniani,
2581 1678 2868 1733 nominibus
2909 1678 3171 1746 separati,
3203 1678 3461 1747 impietate
3491 1680 3775 1731 concordes
3804 1724 3820 1748 ,

2244 1750 2444 1804 nullum
2487 1750 2631 1803 nobis
2661 1750 2888 1803 laborem
2917 1748 3152 1816 faciunt;
3200 1748 3477 1816 loquuntur
3515 1752 3646 1800 enim
3674 1765 3824 1811 QUUD

2248 1837 2521 1875 summas.
2556 1820 2681 1875 Sola
2707 1824 2813 1873 lucc
2843 1820 3050 1871 lttzresis
3074 1828 3146 1871 est
3163 1860 3177 1881 ,
3203 1834 3317 1885 qua:
3343 1817 3541 1887 publice
3568 1820 3827 1873 erubest

2250 1893 2386 1961 loqui
2402 1892 2537 1959 quod
2554 1900 2741 1943 secreto
2759 1891 2938 1961 docere
2960 1905 3061 1941 non
3079 1890 3273 1950 metuit;
3291 1889 3648 1961 magistrorum
3659 1891 3825 1943 silete-

2249 1958 2321 2015 tia
2353 1958 2545 2032 ποίει-ι
2575 1961 2739 2013 rabies
2762 1960 3149 2032 discipulorum
3170 1998 3187 2024 ,
3235 1966 3343 2012 etc.
3390 1958 3517 2011 Ideo
3554 1962 3708 2012 crevit
3736 1977 3826 2032 re:

2249 2028 2575 2086 stra'lttercsis
2592 2071 2607 2093 ,
2631 2042 2678 2083 et
2706 2031 2970 2099 decepistis
2992 2028 3259 2099 plurimos,
3290 2032 3604 2099 maximeque
3624 2048 3710 2083 eos
3730 2031 3825 2099 qui

2250 2104 2513 2157 adltwrent
2567 2103 2892 2165 mulieribus,
2925 2111 2971 2152 et
3001 2102 3164 2153 sciunt
3192 2117 3246 2154 se
3274 2116 3483 2169 peccare
3510 2117 3612 2153 non
3637 2117 3824 2170 posse,

2249 2175 2371 2243 quia
2405 2189 2598 2243 semper
2626 2173 2836 2243 docetis,
2865 2180 2912 2224 et
2940 2186 3135 2243 semper
3160 2172 3373 2243 negatis.

2323 2239 2648 2312 Augusiinus
2670 2242 2808 2306 (Lib.
2840 2239 3120 2296 tadversus
3153 2239 3354 2294 Julian.
3393 2257 3508 2310 cap.
3552 2241 3649 2307 5):
3685 2239 3829 2305 Quid

2250 2316 2385 2367 enim
2411 2314 2547 2367 vobis
2569 2314 2771 2383 prodest
2800 2312 2933 2383 quod
2963 2316 3128 2364 nescio
3156 2328 3284 2380 quas
3305 2327 3456 2364 ansas
3494 2320 3642 2379 atque
3667 2328 3832 2383 uncos

2248 2396 2359 2437 arte
2384 2386 2551 2437 nescio
2570 2381 2743 2454 cujus
2770 2381 3117 2454 perplexitatis
3162 2382 3413 2454 ittncctttt's
3434 2421 3451 2454 .
3492 2398 3554 2454 ne
3572 2381 3833 2454 simplicia

2250 2464 2454 2522 pateant
2497 2464 2546 2506 et
2584 2450 2726 2506 clnra
2756 2450 2993 2506 luceant?
3042 2450 3141 2504 llis
3166 2452 3363 2522 nebulis
3392 2452 3523 2505 illud
3557 2452 3835 2522 judicium

2249 2522 2663 2591 Diospolitanum
2689 2538 2744 2577 se
2777 2534 2922 2590 putat
2952 2521 3177 2577 illusisse
3215 2521 3494 2592 Pelagius,
3525 2521 3713 2592 vosque
3758 2523 3834 2574 ad

2249 2595 2343 2647 hoc
2373 2597 2516 2661 nefas
2554 2604 2659 2646 toto
2688 2595 2851 2664 capite
2883 2592 3132 2659 annuitis,
3163 2602 3208 2646 et
3238 2603 3307 2646 tot
3336 2593 3401 2645 ab
3439 2592 3529 2647 illo
3553 2594 3837 2663 episcopos

2248 2664 2426 2717 irrisas
2451 2680 2556 2717 esse
2577 2664 2779 2718 ridetis.

2317 2735 2549 2789 Sanctus
2594 2735 2936 2789 innocentius
2977 2732 3170 2803 (Epist.
3228 2734 3467 2788 decretal.
3518 2736 3586 2787 ad
3638 2732 3835 2787 Patres

2247 2802 2494 2875 Cartltag.
2523 2807 2743 2873 concilii)
2772 2822 2785 2858 :
2822 2802 3087 2867 Ontnibus,
3122 2806 3256 2872 quod
3287 2808 3476 2872 prosit,
3518 2822 3621 2857 una
3652 2808 3836 2856 decer-

2246 2874 2469 2927 nendum
2497 2891 2604 2927 esse
2630 2874 2840 2941 ducitis,
2868 2886 2922 2927 ut
2950 2876 3057 2929 suis
3086 2876 3408 2928 constabilita
3434 2877 3621 2945 regulis
3650 2875 3834 2928 Eccle-

2244 2945 2345 3007 sia,
2378 2956 2425 2997 et
2445 2947 2588 3014 justo
2617 2948 2821 3012 firmata
2850 2947 3074 3007 decreto,
3100 2946 3287 2999 talibus
3307 2957 3479 3015 patere
3501 2963 3598 2999 non
3626 2948 3832 3013 possit,

2242 3016 2331 3083 qui
2360 3017 2605 3086 perversis
2628 3017 2879 3081 instructi,
2914 3017 3068 3068 immo
3089 3016 3355 3081 destructi,
3381 3017 3643 3069 verborum
3667 3034 3829 3084 argn-

2243 3088 2349 3148 tiis,
2374 3086 2465 3139 sub
2489 3087 2708 3157 imagine
2720 3087 2982 3140 catholica:
3006 3086 3126 3158 ﬁdei
3154 3087 3486 3158 disputantes,
3511 3087 3641 3139 velut
3670 3088 3831 3156 pesti-

570 3156 719 3225 ceai,
763 3164 829 3217 ab
852 3163 1222 3234 episcoporum
1265 3161 1481 3234 nomine
1504 3171 1557 3234 et
1580 3170 1855 3226 p0tentum
1883 3156 2052 3234 gratia
2085 3167 2141 3209 ut
2168 3158 2214 3219 C
2247 3158 2412 3234 [erum
2441 3156 2682 3210 exhalant
2711 3157 2843 3211 virus
2864 3195 2880 3222 ,
2932 3166 2984 3208 ut
3033 3156 3294 3210 hominum
3316 3168 3457 3234 recte
3498 3158 3833 3234 sentientium

570 3236 838 3305 religiosis
883 3228 1273 3305 rever—entiam,
1324 3231 1653 3305 meticulosis
1681 3240 1945 3305 terrorem
1993 3228 2145 3305 incu-

573 3299 700 3367 tiat:
730 3320 758 3358 a
792 3304 1114 3359 feminarum
1139 3303 1351 3355 artibus
1385 3313 1438 3354 ut
1460 3300 1783 3353 blandiendo
1824 3301 2040 3365 irrepat,
2074 3299 2143 3353 ab

570 3378 1042 3444 cleemnsynarum
1075 3371 1444 3444 largitionibus
1473 3379 1530 3444 ut
1551 3368 1904 3444 accipientuin
1934 3369 2142 3444 animos

572 3460 706 3513 pene
726 3440 868 3513 jusia
900 3440 1169 3497 servitute
1190 3441 1290 3495 sibi
1319 3441 1616 3513 tnaneipet);
1644 3441 1759 3513 istis
1786 3453 1916 3513 vero
1935 3440 2143 3513 artibus

575 3509 763 3568 natura
813 3513 948 3567 nihil
992 3513 1263 3583 potentius
1318 3511 1441 3565 fecit
1482 3514 1548 3583 ad
1591 3511 1835 3583 homines
1878 3509 2142 3564 fallendos

573 3579 1023 3649 illiciendosque’,
1053 3582 1182 3635 nihil
1217 3584 1457 3637 tenacius
1485 3581 1551 3635 ad
1576 3579 1891 3634 vinciendos
1919 3589 1973 3633 et
2014 3586 2141 3633 retio

573 3654 780 3708 nendos
804 3654 907 3708 sub
938 3662 1233 3720 spontaneo
1265 3650 1493 3718 quodam
1526 3650 1884 3720 ineluCtabilis
1911 3652 2145 3703 servitu-

573 3727 640 3779 tis
668 3726 792 3793 iugo
822 3742 834 3775 :
866 3719 1062 3777 mirum
1098 3724 1258 3789 igitur
1282 3722 1449 3776 videri
1480 3738 1583 3775 non
1607 3723 1767 3775 debet
1787 3720 1833 3774 si
1857 3719 2141 3793 Pelagiana

574 3791 796 3849 lia-resis
835 3804 940 3848 tam
973 3793 1321 3861 pertinaciter
1345 3794 1610 3846 obstinata
1644 3793 1800 3845 luerit
1826 3832 1841 3857 ,
1875 3791 2141 3859 siquidem

575 3867 855 3918 modorum
885 3879 1077 3918 novem
1107 3865 1313 3917 nullum
1345 3879 1451 3916 non
1482 3862 1755 3926 adhibuit,
1791 3871 1937 3914 tanto
1963 3862 2143 3930 perni-

568 3937 769 3990 ciOsius
796 3936 846 3988 in
879 3950 993 3988 rem
1037 3933 1320 3994 Ecclesia,
1354 3942 1555 4001 quanto
1581 3933 1855 3986 efﬁcacius
1887 3934 1938 3984 in
1966 3947 2139 3986 suam.

641 4005 770 4058 Nam
823 4019 1061 4059 OCCULTE
1092 4018 1291 4071 ratium
1339 4020 1568 4057 TRADITA
1617 4018 1733 4056 E51”.
1785 4001 2143 4071 Hieronymus

569 4073 815 4143 (Prtefat.
853 4074 942 4128 lib.
970 4090 1019 4126 tv
1042 4074 1095 4125 in
1137 4070 1440 4143 Jeremiam)
1471 4091 1484 4125 :
1524 4073 1751 4143 [heresis
1777 4072 1924 4136 cmpit
1948 4070 2143 4143 revivi-

567 4142 727 4209 scere,
748 4157 793 4199 et
813 4162 912 4198 non
930 4145 1095 4198 solum
1120 4144 1171 4196 in
1197 4143 1508 4205 Occidentis,
1542 4142 1630 4197 sed
1660 4144 1809 4195 etiam
1836 4143 1886 4194 in
1916 4142 2142 4196 Orientis

567 4217 795 4284 partibus
825 4217 1052 4279 sibilare,
1084 4223 1131 4267 et
1155 4214 1205 4265 in
1226 4214 1528 4280 quibusdam
1554 4213 1756 4272 insulis,
1786 4213 2142 4281 pt'trcipueque

570 4283 765 4339 Sicilia
794 4297 838 4337 et
870 4284 1065 4349 Rhodi,
1099 4283 1354 4337 maculare
1398 4289 1689 4353 plerasque,
1723 4293 1769 4334 et
1803 4298 2021 4335 crescere
2048 4298 2135 4349 per

568 4355 942 4425 diessingulos,
964 4357 1080 4407 dum
1103 4364 1289 4425 secreto
1302 4355 1502 4415 docent,
1523 4364 1568 4406 et
1583 4353 1779 4425 publice
1797 4364 2002 4422 negant,
2022 4368 2128 4407 etc.

640 4424 839 4476 Marius
881 4424 1144 4476 Mercator
1184 4423 1437 4494 (Prtcfat.
1481 4423 1590 4478 lib.
1626 4424 2131 4487 Subnotatiouum):

571 4492 800 4557 Qutvstio
823 4503 997 4544 contra
1025 4492 1329 4562 catholicam
1358 4496 1530 4561 ﬁdem,
1565 4495 1706 4560 apud
1728 4495 2005 4546 nonnullos
2033 4494 2105 4562 Sy
2124 4521 2137 4531 -

566 4578 739 4614 rorum
760 4570 805 4615 et
828 4563 1081 4633 prwcipne
1116 4564 1167 4614 in
1190 4561 1370 4616 Cilicia
1392 4584 1421 4616 a
1444 4563 1711 4618 Theodoro
1744 4565 2003 4631 quondam
2031 4561 2139 4633 epi-

568 4649 723 4701 scopo
744 4630 917 4703 oppidi
934 4630 1275 4702 Mopsuesteni
1293 4634 1404 4701 jam
1430 4635 1625 4687 dudum
1642 4630 1799 4693 mota,
1826 4651 1959 4686 nunc
1986 4630 2142 4702 usque

569 4720 717 4770 penes
744 4721 929 4771 paucos
969 4719 1143 4755 corum
1173 4705 1447 4757 admodum
1474 4709 1668 4758 occulte
1692 4704 1935 4768 traditur,
1968 4720 2056 4758 nec
2082 4722 2141 4758 ea

566 4774 739 4845 palam
769 4777 1064 4845 profertur,
1081 4785 1185 4826 etc.

635 4842 962 4913 Augustinus
992 4842 1186 4913 (Epist.
1226 4843 1343 4915 l9l,
1374 4844 1443 4896 ad
1474 4845 1735 4914 Sixtum):
1764 4843 2029 4898 Occullius
2052 4861 2141 4915 pe-

567 4924 770 4967 netrant
798 4915 995 4975 domos,
1029 4924 1075 4966 et
1102 4914 1238 4983 quod
1268 4916 1321 4966 in
1346 4926 1522 4980 aperta
1552 4916 1776 4968 clamare
1806 4914 2060 4977 metuunt,
2089 4918 2141 4968 in

566 4997 762 5038 secreto
786 4986 1036 5037 seminare
1062 4998 1161 5037 non
1174 4984 1467 5055 quiescunt.
1495 4986 1557 5039 Et
1584 4986 1689 5039 alio
1712 4987 1763 5039 in
1792 4987 1910 5038 loco
1941 4984 2137 5055 (Epist.

567 5057 657 5118 89,
694 5056 763 5106 ad
796 5054 1080 5123 Hilarium)
1115 5068 1128 5102 :
1163 5052 1391 5126 Fuerunt
1421 5060 1559 5126 apud
1597 5073 1690 5109 nos
1730 5058 1812 5124 qui
1842 5052 2142 5125 ubicumque

562 5133 795 5196 poterant
826 5126 932 5197 Ittec
952 5126 1032 5177 sui
1051 5125 1242 5197 erroris
1271 5140 1399 5178 nova
1425 5125 1619 5180 semina
1649 5135 2019 5197 spargerent...
2052 5130 2141 5180 sed

557 5194 671 5264 jam
711 5194 906 5249 occulte
953 5195 1309 5267 mussitant....
1363 5198 1534 5262 plures
1576 5194 1693 5251 sunt
1733 5194 1886 5267 quam
1938 5214 2143 5264 sperare

564 5280 855 5331 possumus:
878 5274 924 5317 et
946 5265 1030 5317 ubi
1050 5282 1149 5318 non
1172 5264 1567 5334 redarguuntur,
1593 5264 1894 5322 etiam'alios
1916 5268 1983 5317 ad
1996 5285 2142 5321 suam

560 5344 744 5388 sectam
774 5336 1038 5414 seducunt,
1070 5344 1117 5389 et
1141 5336 1214 5388 sic
1243 5336 1581 5403 crebrescunt,
1609 5350 1664 5391 ut
1683 5338 1904 5394 nesciam
1924 5354 2021 5405 quo
2041 5339 2145 5394 sint

559 5413 812 5459 erupturi.

632 5423 649 5455 Ι
690 5422 705 5455 ι
799 5445 812 5458 .

632 5422 879 5545 fatim
903 5474 1198 5545 pertinent,
1224 5492 1343 5545 quae
1370 5476 1532 5533 habet
1557 5477 1879 5533 Vincentius
1897 5480 2145 5535 Lirinen-

562 5544 642 5617 sis
670 5542 760 5616 (In
784 5542 1207 5615 Commonitorio)
1226 5542 1253 5599 ι*
1271 5547 1411 5613 Quid
1442 5550 1788 5617 promittentes
1810 5552 2141 5616 exciderunt,

564 5616 661 5671 nisi
694 5629 876 5668 novam
903 5619 1068 5669 nescio
1094 5634 1248 5686 quant
1271 5616 1656 5687 ignoratamque
1684 5621 2010 5678 doctrinam?
2028 5622 2140 5674 Au-

562 5688 674 5739 dias
696 5688 877 5741 etenim
914 5688 1161 5754 quosdam
1194 5689 1422 5753 ipsorum
1462 5689 1631 5742 dicere
1659 5706 1677 5744 :
1718 5689 1922 5756 Venite,
1953 5709 1982 5745 ο
2010 5694 2137 5746 insi-

558 5765 755 5820 pientes
780 5795 797 5819 .
828 5766 874 5810 et
916 5758 1108 5825 miseri,
1138 5759 1225 5826 qui
1269 5764 1420 5827 vulgo
1449 5759 1685 5815 catholici
1719 5763 2046 5830 vocitamiui,
2092 5772 2139 5816 et

2245 3227 2402 3279 corda
2450 3239 2816 3297 perrumpant,
2859 3238 3112 3296 totamque
3153 3232 3253 3280 vcri
3293 3228 3543 3299 dagmatis
3593 3240 3833 3297 quierant

2204 3354 2209 3359 ,
2242 3307 2460 3351 evertere
2486 3299 2832 3364 disciplinam.

2318 3372 2381 3420 lit
2405 3380 2555 3423 certe
2576 3384 2695 3437 qua:
2719 3380 2893 3437 potest
2917 3384 3037 3424 esse
3066 3368 3338 3423 confessio
3358 3368 3545 3436 gratim
3569 3368 3746 3436 magis
3773 3368 3830 3422 in

2243 3441 2480 3506 speciem
2512 3440 2775 3493 catholica
2806 3456 2963 3503 quam
2998 3441 3096 3493 ista
3130 3456 3142 3490 :
3195 3439 3287 3493 Dei
3321 3453 3441 3493 esse
3466 3438 3606 3505 quod
3636 3455 3831 3504 ιουεςιιο

2244 3523 2365 3561 mus
2398 3524 2559 3563 omne
2589 3511 2785 3563 bonum
2817 3511 2994 3565 facere
3017 3550 3032 3573 ,
3074 3508 3277 3572 dicere,
3309 3509 3544 3577 cogitare
3578 3509 3716 3577 (Lib.
3765 3511 3833 3562 de

2244 3578 2431 3632 Gratia
2458 3577 2648 3633 Citriin
2671 3597 2789 3647 cap.
2819 3582 2898 3649 6);
2930 3580 3065 3633 hanc
3095 3579 3500 3646 possibilitatem
3523 3595 3551 3631 a
3579 3577 3691 3632 Deo
3713 3584 3831 3633 col-

2244 3650 2406 3703 latam
2467 3652 2707 3718 indigere
2758 3666 2972 3718 semper
3007 3649 3212 3703 auxilio
3241 3649 3365 3714 Dei,
3397 3651 3483 3715 qui
3513 3665 3609 3703 nos
3640 3652 3831 3704 multi-

2244 3718 2402 3773 formi
2433 3732 2485 3775 et
2528 3720 2782 3775 ineliabili
2826 3722 2970 3774 dono
3007 3722 3194 3789 gratia:
3234 3722 3474 3789 caelestis
3518 3720 3787 3773 illuminet
3813 3763 3830 3784 ,

2244 3802 2406 3858 atque
2454 3792 2641 3845 oculos
2670 3792 2847 3845 cortlis
2879 3788 3047 3845 nostri
3085 3790 3295 3859 aperiat
3336 3788 3525 3858 (Ib.d.,
3571 3807 3690 3859 cap.
3742 3792 3829 3860 5),

2246 3860 2552 3929 huiusmodi
2590 3862 2820 3928 gratiam
2862 3861 2977 3915 dari
3018 3862 3082 3914 ad
3108 3860 3353 3930 singulos
3373 3872 3559 3924 actus,
3594 3878 3701 3914 non
3747 3873 3831 3914 ta-

2245 3946 2366 4001 inen
2394 3934 2689 3985 secundum
2714 3934 2901 3987 merita
2926 3930 3116 4001 (lbid.,
3145 3948 3261 4000 cap.
3282 3932 3408 4001 755);
3447 3932 3564 3985 sine
3588 3932 3701 3999 ipsa
3740 3933 3826 3985 nio

2244 3999 2317 4071 hil
2346 4004 2467 4055 boni
2511 4002 2627 4056 ﬁeri
2670 4017 2857 4071 posse;
2910 3999 3007 4071 per
3054 3999 3223 4070 ipsam
3269 4000 3526 4069 Spiritum
3576 4014 3826 4057 sanctum

2246 4070 2389 4124 illabi
2443 4073 2492 4125 in
2522 4070 2684 4125 corda
2734 4082 2950 4135 nostra,
2980 4082 3034 4126 et
3080 4072 3292 4141 Operari
3341 4072 3394 4125 in
3446 4072 3602 4125 nobis
3646 4072 3827 4140 ipsum

2244 4141 2385 4195 velle
2412 4142 2552 4209 quod
2584 4143 2785 4195 bonum
2814 4152 2917 4207 est,
2943 4143 3117 4213 ipsum
3140 4143 3279 4197 velle
3304 4142 3445 4212 quod
3474 4154 3716 4197 sanctum
3740 4155 3829 4198 est

2244 4209 2434 4281 (Ibid.,
2464 4228 2575 4280 cap.
2614 4212 2729 4282 10)?
3093 4281 3102 4282 ί

2339 4228 2434 4275 ta.,
2464 4228 2575 4280 cap.
2614 4228 2723 4280 IU)!

2316 4282 2441 4336 Haec
2471 4284 2647 4335 omnia
2673 4282 2949 4337 confessus
2976 4291 3061 4338 est.
3090 4281 3360 4352 Pelagius,
3388 4298 3491 4337 non
3522 4296 3700 4337 tamen
3733 4300 3825 4336 ca-

2246 4352 2446 4425 tholico
2495 4367 2679 4425 sensu,
2724 4354 2813 4406 scd
2864 4353 3073 4408 subdole
3093 4394 3108 4417 .
3139 4372 3250 4406 cum
3280 4356 3409 4406 hanc
3436 4355 3826 4425 ambiguitatem

2245 4424 2505 4497 verborum
2554 4424 2923 4497 discipulissic
2964 4426 3181 4497 potuerit
3232 4442 3490 4497 exponere
3525 4424 3587 4497 ut
3620 4425 3825 4477 nullum

2246 4493 2493 4546 auxilium
2516 4496 2695 4563 gratia:
2722 4493 2973 4561 crederet,
2990 4512 3091 4563 qua
3118 4505 3313 4548 naturae
3334 4494 3641 4564 possibilitas
3669 4498 3827 4565 adju-

2245 4574 2404 4685 vant},
2453 4566 2549 4616 nisi
2591 4565 2775 4686 izibege
2812 4575 2963 4635 atque
3000 4567 3265 4633 doctrina,
3301 4574 3358 4618 ut
3393 4565 3469 4620 ait
3492 4568 3830 4635 Augustinus

2245 4645 2255 4686 ί
2334 4652 2367 4685 ιι
2395 4675 2431 4686 ..
2458 4651 2572 4686 COD.
2703 4674 2713 4685 .

2244 4636 2431 4703 (lbid.,
2458 4651 2572 4700 cap.
2602 4636 2713 4704 4i).

2314 4708 2443 4771 Quae
2474 4706 2597 4759 item
2634 4703 2833 4773 peccati
2875 4705 3151 4774 originalis
3200 4703 3465 4775 professio
3512 4706 3829 4771 expressior

2242 4776 2411 4829 videri
2457 4776 2625 4843 possit
2653 4788 2811 4844 quam
2843 4775 2941 4828 ista
2986 4794 2997 4827 :
3034 4776 3162 4830 Δάαι
3188 4785 3460 4843 peccatqu
3503 4789 3607 4827 non
3646 4778 3829 4829 solum

2244 4847 2415 4913 ipsum
2468 4846 2712 4914 lafsisse.
2765 4846 2857 4899 scd
2896 4848 3056 4900 etiam
3096 4856 3261 4900 totum
3311 4861 3482 4914 genus
3530 4845 3829 4900 humanum

2244 4915 2381 4985 (Lib.
2410 4915 2471 4969 de
2498 4913 2618 4985 Pec.
2652 4914 2797 4985 Orig.
2832 4932 2945 4985 cap.
2974 4914 3084 4985 12);
3116 4913 3346 4970 infantes
3377 4932 3480 4969 non
3506 4917 3557 4970 in
3589 4932 3654 4969 eo
3672 4924 3831 4985 statu

2245 4983 2391 5041 nasci
2419 5000 2525 5056 quo
2555 4983 2651 5040 fuit
2680 4983 2915 5041 Adamus
2948 4983 3073 5041 ante
3106 4987 3597 5054 pra-varicatiunem
3629 4984 3828 5055 (lbid.,

2243 5074 2358 5128 cap.
2392 5056 2504 5121 17);
2528 5057 2775 5111 omnibus
2804 5058 3050 5111 aetatibus
3080 5059 3439 5112 necessarium
3469 5072 3589 5111 esse
3622 5058 3834 5126 baptis-

2247 5144 2415 5189 mum,
2459 5128 2689 5194 ideoque
2713 5128 2921 5181 veniam
2946 5137 3282 5196 peceatoruni
3313 5142 3375 5180 ac
3406 5142 3626 5196 regnum
3655 5129 3835 5182 caelo-

2245 5213 2362 5253 rum
2382 5201 2649 5253 neminem
2673 5197 2916 5252 invenire
2930 5214 3111 5267 posse,
3135 5198 3233 5252 nisi
3256 5197 3343 5267 qui
3363 5198 3683 5263 baptismum
3707 5201 3835 5254 fue-

2248 5271 2319 5324 rit
2345 5276 2671 5339 consecutus
2688 5268 2899 5336 (Contra
2919 5264 3035 5339 Jul.
3056 5268 3094 5323 l.
3118 5270 3199 5339 tt);
3231 5264 3464 5323 infantes
3486 5272 3631 5337 ipsos
3658 5283 3836 5339 egere

2247 5340 2620 5404 redemptione
2643 5337 2842 5410 Christi
2874 5338 3049 5409 (Apud
3072 5337 3287 5410 August.
3307 5341 3458 5408 epist.
3490 5339 3605 5410 86);
3632 5337 3833 5395 iisdem

2245 5411 2566 5480 sacramenti
2616 5409 2796 5464 verbis
2827 5409 3025 5464 debere
3046 5409 3335 5480 baptizari,
3365 5409 3567 5480 quibus
3587 5410 3837 5479 majores

2249 5479 2387 5549 (Lib.
2412 5479 2476 5533 de
2498 5479 2620 5533 Pec.
2657 5481 2803 5550 Orig.
2828 5496 2943 5551 cap.
2976 5481 3048 5549 l);
3074 5481 3237 5533 immo
3262 5478 3523 5549 baptizari
3553 5482 3605 5534 in
3630 5483 3835 5535 remis-

2244 5553 2451 5624 sionem
2486 5560 2848 5624 peccatorum,
2874 5552 3170 5624 secundum
3208 5553 3449 5621 regulam
3500 5551 3835 5609 universalis

2246 5621 2504 5677 Ecclesia:
2526 5620 2713 5691 (lbid.,
2742 5636 2857 5691 cap.
2889 5621 2967 5689 5).

2316 5692 2425 5746 Hac
2451 5689 2786 5747 confessione
2812 5689 3055 5761 Pelagius
3098 5690 3392 5748 sull‘uratus
3417 5702 3501 5748 est
3525 5692 3833 5747 absolutio-

2243 5778 2388 5830 nem,
2432 5772 2478 5818 et
2505 5775 2669 5817 tamen
2697 5761 2900 5816 latebris
2938 5763 3286 5831 ambiguitatis
3313 5765 3528 5833 falsitati
3552 5780 3825 5833 prepara-
