3972 6180
421 361 529 435 μ’]

410 770 588 813 ltelur.

481 829 865 912 Restat-igitur
922 853 1144 895 monere
1185 844 1511 902 mentionem
1562 850 1715 905 istius
1757 856 1986 912 svmholi

403 914 549 979 hunc
584 900 718 981 ﬁeri,
753 906 914 981 imm_u
940 916 1104 981 totum
1140 912 1391 979 describi,
1420 900 1487 971 ex
1507 922 1752 976 vorsioue
1784 900 1983 981 Merca-

405 970 536 1021 toris
569 973 679 1055 (qui
713 982 766 1026 et
800 976 1171 1055 refutationem
1204 970 1479 1055 scripsit),
1504 970 1651 1045 nteit
1695 996 1983 1053 eollatione

399 1042 690 1121 cunpaliis
740 1046 1169 1133 conleSsipuihus
1219 1042 1515 1133 intelligere
1565 1062 1752 1116 lectori
1794 1065 1978 1133 liceat,

397 1125 505 1173 quo
530 1111 654 1190 jure
683 1125 929 1194 suspecta
957 1118 1087 1197 diti,
1120 1137 1238 1197 qu_:_e
1273 1125 1340 1197 de
1369 1111 1711 1194 processioue
1748 1111 1978 1197 Spiritus,

396 1181 566 1232 sancti
588 1192 758 1266 atque
782 1181 1335 1266 incarnationeVerbi
1363 1181 1390 1248 ξι
1418 1181 1715 1266 Pelagianis
1746 1181 1978 1261 ali'ei-ttn-

397 1256 524 1347 tur':
558 1250 817 1347 siquidem
851 1271 970 1310 cum
998 1260 1407 1333 Theudor-lanis,
1432 1250 1741 1327 sinominus
1775 1276 1972 1347 reipsa,

395 1319 565 1373 verbo
595 1325 781 1376 saltem
813 1339 1132 1387 consonent.

537 1444 668 1484 PARS
689 1449 1016 1492 'I'IIKOUIGICA
1033 1480 1046 1501 ,
1080 1456 1148 1495 DE
1177 1458 1512 1505 εΑΝει-ιεειιιι
1535 1466 1844 1510 τιυηιτλτε.
1882 1478 1883 1481 “

462 1520 512 1575 1.
554 1522 674 1587 Qui,
702 1534 794 1578 aut
820 1544 959 1579 nunc
984 1531 1210 1597 primum
1243 1535 1294 1588 in
1314 1539 1686 1597 eccle~iasticis
1714 1545 1969 1602 erudiun-

388 1617 474 1663 tur
499 1611 836 1681 dogmatibus
882 1619 1081 1689 liquido
1112 1631 1515 1694 Cognoscendis,
1560 1643 1652 1688 attt
1682 1635 1750 1689 ab
1794 1637 1963 1714 hatre-

384 1703 489 1757 tico
518 1721 702 1759 errore
731 1714 972 1766 converti
1000 1713 1337 1773 decreverint
1367 1721 1434 1775 ad
1450 1725 1751 1793 veritatem,
1781 1728 1969 1787 doceri

381 1809 475 1848 eos
507 1809 742 1862 oportet.
772 1804 1024 1868 quoniam

856 370 947 423 AD
984 370 1264 430 PARTEM
1306 376 1568 434 PRIMA)!
1607 382 1889 441 OPERUM

2046 391 2486 453 memnonis
2524 399 2873 459 APPENDIX
2915 392 3249 468 saeuam

416 480 473 535 in
504 482 644 551 loco,
672 498 791 539 cum
824 494 880 541 et
908 489 1049 562 prius
1071 491 1135 544 ad
1175 494 1541 560 przrl'ationem
1580 511 1733 556 antea
1773 508 1993 562 relatam

419 566 526 604 non
569 569 733 637 pauca
763 560 1170 645 exposuerimus
1219 562 1558 645 Pelagianam
1604 587 1822 628 causam
1872 560 1993 645 spe-

415 622 639 683 ctantia,
671 625 902 715 e‘tnplura
934 635 1281 715 prosecuturi
1304 622 1471 715 simus
1503 622 1556 693 in
1585 622 1816 698 secunda
1843 622 1993 715 pa'rte

412 704 634 756 cperunt
692 692 1039 765 Mercatoris,
1091 716 1194 770 qua
1242 692 1558 764 Nestoriana
1587 692 1765 768 causa
1818 692 1991 773 c'onti:

3572 420 3677 477 ης

2026 514 2074 571 Α
2174 513 2226 568 7.
2270 513 2495 573 Mortem
2530 520 2745 589 quidem
2777 536 2899 576 eum
2940 527 3233 582 secundum
3278 527 3551 589 hominum
3604 537 3675 591 le-

2092 592 2211 671 gem
2257 620 2560 673 praeparans
2590 613 2864 681 experiri;
2893 618 3145 671 suscitans
3186 634 3300 674 vero
3348 640 3380 674 a
3425 636 3671 690 mortuis,

2089 703 2136 746 et
2161 695 2213 748 in
2251 700 2432 750 calum
2459 701 2749 767 sublevans,
2779 706 2953 761 sedere
2984 707 3101 776 fecit
3140 710 3208 762 ad
3236 712 3499 767 dexteram
3548 714 3670 785 Dei»,

2086 792 2296 852 propter
2318 789 2455 853 quod
2481 805 2635 859 super
2661 807 2861 847 omnem
2888 797 3252 868 principatum,
3277 812 3326 856 ct
3348 815 3669 871 potestatem,

2084 884 2131 925 et
2181 875 2602 945 dominationem,
2632 893 2679 937 et
2722 887 2978 952 virtutem,
3020 899 3067 942 et
3110 909 3258 947 omne
3307 912 3488 949 nomen
3527 900 3670 967 quod

2082 966 2394 1038 nominatur,
2429 988 2530 1025 non
2558 975 2726 1028 solum
2757 978 2809 1031 in
2839 979 2935 1033 hoc
2964 984 3178 1047 seculo,
3206 987 3295 1039 sed
3325 989 3477 1041 etiam
3505 992 3557 1043 in
3580 996 3663 1060 [u—

2082 1063 2197 1108 turo
2221 1057 2437 1128 (Ephes.
2474 1077 2526 1126 t,
2552 1063 2671 1133 21),
2694 1067 2762 1122 ab
2787 1071 2934 1123 omni
2957 1084 3200 1127 creatura
3228 1077 3514 1134 adorabilis
3542 1057 3663 1135 sus-

2077 1149 2222 1217 ct-pit
2272 1153 2689 1221 venerationem,
2750 1168 3015 1230 tamquam
3074 1166 3481 1235 inseparabilem
3534 1187 3661 1229 cum

2075 1236 2253 1291 divina
2287 1255 2474 1297 natura
2510 1245 2715 1301 habens
2759 1252 3220 1320 coniunctionem,
3270 1269 3323 1312 et
3371 1259 3469 1326 ἱιιὶ,
3522 1274 3659 1317 tam-

2072 1342 2231 1397 quam
2281 1334 2407 1399 Deo,
2454 1349 2616 1403 supra
2662 1355 2873 1394 omnem
2917 1346 3297 1413 cogitationem
3342 1359 3399 1404 et
3442 1353 3656 1409 intelle-

2073 1435 2237 1487 etum,
2268 1426 2518 1481 universa
2546 1442 2791 1485 creatura
2820 1440 3173 1491 reverentiam
3204 1441 3513 1498 exhibente.

2140 1516 2193 1569 8.
2237 1516 2301 1569 Et
2333 1535 2505 1589 neque
2533 1520 2669 1576 duos
2700 1525 2927 1583 dicimus
2955 1528 3142 1595 Filios,
3175 1547 3272 1584 nec
3298 1533 3431 1587 duos
3460 1536 3649 1590 Domi-

2069 1620 2188 1672 tios,
2220 1610 2470 1677 quoniam
2501 1628 2637 1667 unus
2660 1615 2825 1669 Filius
2856 1620 3149 1675 secundum
3176 1624 3489 1689 essentiam,
3510 1626 3646 1682 Ver.

2065 1696 2190 1753 bum
2226 1701 2384 1767 Deus,
2418 1705 2722 1774 unigenitus
2754 1708 2920 1765 Filius
2954 1711 3142 1777 Patris,
3178 1716 3260 1769 cui
3287 1715 3388 1771 iste
3417 1720 3646 1787 cetijun~

2063 1799 2218 1858 ctus,
2272 1794 2646 1865 particepsque
2696 1799 3030 1867 divinitatis,
3084 1819 3421 1860 communem
3480 1807 3644 1864 habet

452 1883 506 1937 2.
567 1886 847 1946 σκώψῃς
894 1894 946 1948 in
1000 1912 1161 1953 unum
1214 1900 1374 1956 Deum
1428 1902 1638 1962 panem
1686 1911 1957 1979 58mph”.
1990 1886 2031 1947 Β
2064 1878 2181 1936 Ftlii
2208 1886 2656 1951 nuncupationem
2690 1903 2743 1943 et
2774 1889 3076 1947 honorem:
3118 1895 3464 1951 nihilominus
3491 1916 3641 1955 unus

378 1988 502 2028 mtm
532 1993 543 2029 :
577 1993 681 2032 non
723 1985 811 2048 qui
841 1989 1178 2052 postmodum
1208 1994 1433 2061 coeperit
1461 2007 1516 2051 ut
1541 2009 1705 2060 essu.
1738 2003 1830 2056 sed
1861 2006 1950 2072 qui

374 2066 445 2118 ab
475 2077 677 2121 :eterno
700 2073 788 2137 sit,
822 2078 1188 2146 sempiternus
1220 2082 1392 2151 Detts;
1423 2082 1520 2141 nec
1547 2091 1635 2158 qui
1665 2103 1843 2159 postea
1874 2096 1950 2149 fa-

371 2167 489 2211 ctus
514 2158 583 2213 sit
612 2161 787 2228 Pater,
820 2169 1069 2235 quoniam
1117 2188 1331 2245 semper
1371 2186 1489 2232 erat
1530 2180 1689 2248 Deus,
1736 2200 1949 2256 semper

369 2259 485 2302 erat
518 2251 654 2305 Deus
686 2253 825 2310 Deus
858 2258 1035 2317 Pater.

438 2342 489 2396 '5.
532 2342 811 2403 Credimus
834 2361 887 2403 et
920 2352 970 2405 in
1004 2369 1165 2410 unum
1209 2354 1402 2414 Filium
1455 2362 1549 2417 Dei
1583 2368 1941 2441 unigenitum,

366 2431 452 2493 qui
492 2444 572 2485 est
612 2435 680 2490 de
720 2438 1020 2497 substantia
1054 2447 1137 2499 vel
1181 2452 1415 2505 essentia
1446 2453 1636 2520 Patris,
1674 2469 1941 2525 tamquam

365 2534 490 2577 vere
518 2524 708 2592 Filius,
738 2542 787 2583 et
816 2533 1055 2597 ejusdem
1092 2542 1343 2595 essentia:
1382 2557 1503 2599 cum
1534 2560 1617 2611 eo,
1667 2550 1816 2619 cujus
1861 2562 1942 2608 est

362 2624 411 2666 ct
443 2616 681 2671 creditur
701 2635 819 2674 e~se
844 2622 1028 2678 Filius.

430 2707 484 2761 Δ.
529 2710 589 2762 Et
619 2712 668 2763 in
692 2711 951 2779 Spiritum
980 2727 1243 2788 sanctum,
1268 2724 1357 2792 qui
1381 2725 1444 2779 sit
1470 2727 1536 2781 de
1570 2726 1662 2783 Dei
1690 2731 1938 2789 substan-

360 2798 431 2851 tia
464 2803 543 2853 vel
583 2803 842 2872 essentia,
872 2820 979 2861 non
1007 2810 1096 2876 qui
1135 2811 1299 2869 Filius
1328 2817 1398 2869 sit
1428 2834 1441 2870 :
1477 2819 1612 2874 Dens
1646 2834 1823 2878 autem
1853 2841 1937 2880 cs-

358 2893 553 2957 scntia,
591 2903 856 2964 tamquam
910 2900 999 2967 qui
1047 2901 1115 2956 sit
1163 2904 1308 2959 illius
1361 2912 1631 2978 essentitn,
1664 2914 1815 2982 cujus
1853 2927 1934 2972 est

358 2981 500 3036 Deus
531 2985 710 3048 Pater,
760 3003 824 3043 ex
865 3007 971 3059 quo
1000 2998 1292 3052 secundum
1339 3005 1626 3058 essentiam
1672 3020 1773 3062 est.
1821 3010 1932 3065 Nos

355 3075 513 3138 enim,
548 3076 717 3147 inquit
748 3079 1043 3152 Scriptura,
1078 3104 1177 3139 non
1198 3090 1435 3157 spiritum
1469 3097 1644 3149 mutuli
1664 3098 1820 3171 hujus
1845 3118 1931 3154 ac-

355 3167 597 3233 cepimus,
628 3170 717 3222 sed
744 3173 981 3239 spiritum
1024 3178 1112 3246 qui
1150 3196 1213 3233 ex
1240 3180 1343 3235 Deo
1373 3194 1447 3237 est
1476 3186 1514 3255 (l
1546 3186 1667 3243 Cor.
1702 3206 1767 3252 ll,
1804 3190 1926 3260 Β),

2056 1970 2313 2028 Dominus
2342 1978 2634 2033 secundum
2661 1984 2952 2039 essentiam
2985 1985 3125 2041 Deus
3151 1987 3383 2044 Verbum
3411 2002 3514 2057 est,
3547 1994 3637 2047 cui

2052 2064 2176 2132 quia
2213 2065 2531 2135 coniunctus
2562 2071 2661 2127 iste
2696 2084 2751 2128 et
2781 2076 3015 2131 sociatus
3057 2090 3161 2146 eet,
3193 2084 3633 2139 communionem

2053 2155 2214 2210 habet
2242 2156 2460 2214 honoris
2485 2175 2605 2216 cum
2636 2163 2763 2231 illo;
2787 2177 2838 2220 et
2872 2178 3150 2238 propterea
3183 2188 3356 2242 neque
3386 2176 3519 2229 duos
3550 2166 3635 2231 di;

2048 2247 2219 2302 cimus
2247 2248 2433 2317 Filios,
2467 2268 2639 2324 neque
2669 2256 2925 2313 Dominos
2951 2261 3109 2329 duos,
3141 2267 3413 2333 quoniam,
3438 2252 3549 2322 h‘oc
3572 2270 3627 2323 in

2048 2340 2334 2397 manifesto
2359 2346 2650 2417 existente,
2685 2351 2775 2420 qui
2802 2355 3094 2410 secundum
3124 2360 3410 2414 essentiam
3443 2362 3629 2416 Domi-

2046 2447 2147 2486 nus
2176 2442 2233 2488 et
2274 2435 2440 2493 Filius
2481 2449 2589 2507 est,
2617 2444 3028 2513 inseparabilem
3061 2449 3219 2505 habet
3245 2452 3313 2505 ad
3344 2471 3463 2508 eum
3494 2444 3626 2511 con;

2040 2524 2368 2592 junctionem
2393 2540 2446 2585 et
2476 2532 2783 2590 societatem
2817 2554 2829 2588 :
2864 2537 2983 2593 ideo
3005 2541 3095 2609 qui
3133 2558 3229 2610 pro
3261 2557 3444 2599 nostra
3476 2550 3625 2602 saluo

2044 2625 2094 2671 te
2127 2631 2433 2690 assumptus
2446 2632 2544 2689 est,
2560 2627 2897 2684 conrefertur
2920 2639 3025 2685 tam
3048 2638 3427 2703 nuncupatioui
3452 2656 3613 2709 quam

2040 2709 2230 2765 honori
2259 2725 2309 2766 et
2340 2713 2461 2768 Filii
2512 2726 2568 2771 et
2618 2719 2862 2787 Domini;
2914 2738 3018 2778 non
3062 2724 3200 2780 sicut
3253 2733 3620 2803 unusquisque

2039 2810 2280 2857 nostrum
2305 2821 2366 2859 es
2400 2821 2458 2861 se
2485 2810 2721 2865 existens
2743 2814 3044 2882 appellatur
3072 2819 3209 2872 libus
3241 2819 3355 2885 Dei,
3394 2826 3533 2879 unde
3560 2836 3619 2881 et

2038 2894 2217 2961 pl.:res
2261 2897 2354 2951 ﬁlii
2405 2899 2495 2955 Dei
2543 2902 2792 2967 dicimur.
2826 2908 3116 2963 secundum
3154 2910 3367 2967 beatum
3399 2930 3616 2984 aposto—

2037 2984 2141 3037 ltuu
2170 2986 2385 3041 l'aulum
2416 2989 2562 3060 (Gal.
2596 3009 2682 3060 ιιι,
2713 2996 2827 3066 26),
2858 2999 2953 3053 sed
2997 3000 3347 3070 singulariter
3389 3006 3488 3063 hoc
3519 3009 3611 3062 ha-

2032 3073 2165 3128 bens
2194 3093 2209 3126 :
2240 3078 2360 3134 ideo
2383 3083 2523 3150 quod
2552 3084 2662 3139 Deo
2696 3086 2873 3142 Verbo
2902 3091 3244 3160 coniunctus,
3274 3106 3355 3151 est
3380 3098 3612 3168 dignun-

2032 3168 2097 3221 lis
2128 3169 2243 3223 Filii
2283 3182 2332 3226 et
2383 3175 2762 3233 dominttiouis
2813 3184 3107 3250 particeps;
3165 3188 3336 3240 aufert
3392 3193 3604 3256 quidem

354 3254 422 3306 ab
468 3257 611 3309 omni
659 3274 779 3312 eum
821 3274 1065 3317 creatum
1106 3268 1367 3335 alienam,
1401 3251 1512 3328 Dei,
1540 3291 1666 3331 vero
1695 3251 1925 3348 conj-"6;
1955 3251 1998 3311 C
2033 3261 2251 3314 omnino
2280 3264 2505 3319 duorum
2545 3269 2890 3327 Domitiorum
2921 3284 2976 3329 et
3012 3264 3267 3332 Filiorum
3309 3282 3609 3353 intelligen-

350 3360 482 3412 gens
510 3355 565 3400 et
596 3351 876 3418 copulatis,
914 3370 977 3407 ex
1014 3369 1119 3423 quo
1150 3358 1232 3412 vel
1259 3360 1323 3414 de
1354 3379 1459 3432 quo
1509 3375 1590 3419 est
1629 3370 1923 3427 secundum

349 3440 665 3507 eSseutiam,
713 3447 929 3511 speciali
962 3448 1209 3505 videlicet
1250 3456 1456 3511 ratione
1503 3474 1661 3527 supra
1705 3477 1921 3521 omnem

348 3530 658 3586 onmimodo
682 3545 1008 3605 creaturam,
1035 3556 1153 3611 quae
1186 3561 1288 3599 non
1316 3550 1608 3607 secundum
1632 3557 1922 3614 essentiam

353 3617 465 3688 Dei,
495 3625 587 3675 sed
641 3629 937 3680 secundmu
979 3632 1118 3700 quod
1162 3633 1366 3691 lat-tura
1416 3651 1515 3707 est,
1567 3658 1779 3700 causam
1825 3649 1921 3702 ha-

345 3706 500 3777 bens,
549 3728 615 3767 ex
659 3716 769 3771 Deo
808 3734 929 3775 esse
959 3733 1219 3791 putatur:
1272 3744 1430 3797 quem
1490 3749 1661 3804 neque
1708 3737 1918 3808 Filium,

347 3817 521 3869 neque
550 3822 642 3872 per
671 3807 862 3864 Fi’imn
890 3818 1229 3872 existentiam
1258 3825 1531 3894 accepisse
1574 3840 1838 3897 putamus.

415 3894 466 3948 5.
513 3897 838 3955 Conlitemur
866 3913 1043 3960 autem
1075 3906 1285 3964 Patrem
1329 3916 1622 3981 perfectum
1657 3922 1706 3974 in
1737 3938 1920 3991 perso-

344 3999 431 4049 na,
464 3995 519 4039 et
555 3985 745 4044 Flium
790 3994 1057 4063 similiter,
1099 3999 1358 4069 Spiritum
1413 4024 1628 4078 quoque
1676 4027 1917 4070 sanctum

345 4077 459 4142 pari
486 4081 663 4144 modo,
694 4085 840 4139 salva
882 4090 1037 4144 nobis
1064 4094 1270 4150 ratione
1305 4098 1540 4166 pictatis,
1573 4104 1623 4157 iu
1664 4122 1766 4175 qua
1818 4108 1920 4162 l‘a-

343 4176 510 4232 trem,
541 4181 595 4225 et
618 4172 832 4241 Filium,
858 4191 909 4233 et
944 4180 1207 4249 Spiritum
1250 4200 1495 4244 sanetum
1547 4208 1651 4248 non
1683 4207 1789 4250 tres
1817 4199 1916 4252 ali-

339 4275 475 4329 quas
504 4262 746 4321 diversas
793 4280 1038 4337 putemus
1090 4292 1211 4331 csse
1259 4284 1539 4351 essentias,
1590 4288 1685 4341 sed
1735 4304 1913 4356 uuam,

340 4366 497 4420 quam
519 4354 572 4408 in
604 4356 828 4412 Deitatis
852 4365 1052 4420 unitate
1083 4377 1137 4423 et
1161 4371 1424 4439 parilitate
1448 4379 1841 4442 tognost-imus.

407 4458 537 4498 PARS
573 4462 925 4518 ωοοκοιιιοι,
958 4471 1023 4511 DE
1054 4474 1439 4521 INCARNATIONI
1466 4484 1617 4525 Vlltll
1649 4486 1835 4527 DIVINI.

406 4540 462 4591 6.
501 4539 724 4606 Oportet
747 4554 924 4599 autem
958 4560 1012 4603 et
1044 4550 1112 4605 de
1137 4554 1558 4625 dispensatione.
1608 4579 1768 4631 quam
1821 4581 1908 4621 se-

2031 3350 2187 3416 tiam;
2223 3369 2626 3421 pratsmtautem
2653 3365 2825 3431 nobis,
2848 3366 2899 3420 in
2922 3368 3299 3436 conjuucuone
3329 3375 3421 3429 Dei
3444 3377 3604 3433 Verbi

2027 3457 2239 3499 onmem
2273 3448 2466 3506 habere
2496 3454 2675 3521 iidem,
2699 3474 3019 3526 omnemque
3046 3464 3372 3521 intellecutm
3399 3479 3453 3525 et
3476 3488 3605 3533 eun-

2028 3540 2452 3611 templationem.
2486 3546 2566 3603 Ob
2610 3550 2727 3604 bam
2746 3562 2800 3608 et
2832 3557 3230 3614 veneratimiem
3270 3578 3335 3616 ex
3373 3562 3465 3620 Dei
3513 3576 3602 3620 so‘-

2025 3626 2220 3685 cictate
2254 3633 2321 3685 ab
2348 3637 2490 3690 omni
2520 3641 2744 3710 percipit
2767 3657 3033 3701 creatura.

2093 3716 2145 3772 9.
2181 3719 2352 3776 Unum
2378 3725 2537 3795 igitur
2571 3729 2735 3787 Deum
2762 3734 2985 3792 dicimus
3010 3751 3061 3795 et
3091 3741 3375 3798 Dominum
3405 3745 3593 3802 Jesutn

2023 3805 2318 3878 Christum,
2364 3834 2453 3885 per
2479 3834 2625 3887 quem
2657 3827 2827 3878 omnia
2857 3829 2993 3897 facta
3044 3843 3163 3886 sunt
3195 3834 3395 3906 (Joan.
3422 3854 3459 3905 t,
3490 3838 3524 3891 5
3556 3842 3595 3907 ),

2024 3901 2388 3973 principaliter
2429 3912 2645 3979 quidem
2696 3916 2866 3974 Deum
2923 3922 3159 3979 Verbum
3204 3901 3596 4000 intelligeutcs,

2021 3996 2109 4062 qui
2134 4000 2427 4055 secundum
2457 4008 2747 4063 essentiam
2779 4010 2946 4067 Filius
2982 4016 3075 4071 Dei
3112 4028 3194 4072 est
3220 4029 3276 4073 et
3306 4021 3594 4080 Dominus:

2021 4087 2223 4153 pariter
2244 4090 2403 4145 etiam
2432 4097 2730 4164 cogitantes
2778 4119 2926 4168 eum,
2976 4109 3065 4177 qui
3096 4124 3375 4179 susceptus
3413 4124 3496 4170 est
3542 4118 3593 4171 in

2023 4175 2250 4232 humana
2274 4194 2458 4248 carne,
2484 4184 2670 4243 Jesum
2708 4205 2738 4243 a
2779 4191 3067 4263 Nazarcth,
3093 4214 3250 4268 quem
3282 4205 3426 4256 unxit
3457 4204 3594 4259 Deus

2020 4266 2228 4333 Spiritu
2258 4284 2435 4330 sancto
2486 4288 2534 4333 et
2579 4282 2768 4339 virtute
2795 4287 2929 4356 (Act.
2960 4266 3155 4362 1,38),
3199 4304 3465 4364 tamquam
3522 4300 3591 4354 ad

2018 4358 2298 4419 Dominum
2321 4365 2554 4425 Verbum
2585 4372 2870 4432 habentem
2901 4358 3357 4456 coniunctionem,
3385 4400 3438 4445 et
3460 4404 3589 4459 par-

2019 4451 2329 4520 ticipantem
2354 4458 2566 4515 Domini
2598 4474 2651 4518 et
2674 4464 2795 4520 Filii
2822 4468 3091 4538 dignitati.

2088 4545 2173 4599 10.
2204 4548 2304 4612 Qui
2328 4558 2385 4604 et
2403 4555 2657 4610 secandus
2680 4558 2845 4613 Adam
2871 4565 3205 4632 appellatur,
3240 4568 3374 4623 sicut
3400 4571 3589 4629 beatus

335 4628 567 4682 eundum
622 4631 902 4689 Dominum
935 4638 1115 4696 Jesutn
1146 4642 1415 4702 Christum
1453 4667 1551 4721 pro
1594 4656 1765 4711 salute
1809 4672 1908 4712 no-

2050 4639 2291 4705 postolus
2320 4643 2471 4697 testis
2502 4656 2590 4701 est
2615 4648 2811 4707 Paulus
2834 4653 2875 4723 (l
2898 4627 3016 4711 Cor.
3048 4672 3137 4723 xv,
3166 4627 3284 4729 i5),
3309 4661 3396 4729 qui
3448 4627 3587 4717 tam;

336 4730 446 4775 stra
473 4733 864 4784 consummavit
893 4732 1149 4789 Dominus
1194 4738 1353 4804 Deus,
1394 4758 1554 4799 nosse
1598 4762 1719 4812 nos,
1769 4766 1907 4819 quo.

333 4816 476 4869 niam
520 4818 609 4872 Dei
660 4820 887 4877 Verbmn
928 4825 1199 4883 hominem
1231 4834 1464 4899 suscepit
1505 4838 1795 4905 perfectum
1840 4858 1905 4897 ex

331 4907 541 4962 semine
582 4911 845 4968 Abraham
878 4927 932 4972 et
959 4919 1144 4987 David,
1180 4926 1471 4979 secundum
1500 4928 1903 4999 Scripturarum

331 4996 629 5055 divinarum
661 5006 869 5075 eloquia
900 5027 914 5064 :
959 5011 1059 5067 hoc
1087 5023 1385 5071 exst:mtem
1427 5024 1720 5078 secundum
1751 5039 1905 5082 natu-

329 5101 468 5151 ram,
499 5093 637 5158 qttod
674 5107 829 5150 erant
873 5110 927 5153 et
972 5103 1068 5166 illi,
1102 5121 1327 5172 quorum
1376 5121 1495 5165 erat
1539 5129 1601 5167 ex
1651 5119 1898 5174 semine:

328 5179 597 5235 hominem
632 5200 819 5240 natura
865 5194 1182 5263 perfectum,
1234 5216 1298 5254 ex
1330 5201 1504 5256 anima
1556 5207 1800 5264 rationali
1848 5221 1902 5267 ct

326 5283 489 5325 carne
521 5273 751 5331 humana
782 5286 1152 5353 constitutum,
1192 5308 1458 5363 quemque
1504 5296 1775 5355 hominem
1815 5319 1900 5359 se-

326 5362 560 5416 cundum
590 5382 686 5422 nos
730 5376 1057 5444 naturaliter,
1093 5382 1289 5438 virtute
1312 5362 1633 5455 etpotentia
1668 5393 1898 5461 Spiritus

326 5457 493 5507 sant-ti
542 5457 592 5510 iu
623 5459 857 5529 Virginis
890 5478 1044 5523 tttero
1092 5474 1374 5542 ﬁguratum
1402 5496 1415 5531 :
1446 5477 1663 5537 Factum
1689 5502 1753 5538 ex
1779 5505 1893 5541 mu-

322 5543 467 5605 liere.
500 5550 692 5618 factum
715 5557 805 5608 sub
827 5560 953 5628 lege,
985 5576 1037 5614 ttt
1059 5580 1233 5619 omnes
1264 5584 1354 5621 nos
1377 5587 1437 5623 ex
1471 5575 1743 5627 maleglirto
1773 5576 1900 5648 legis

323 5648 370 5688 ct
394 5643 635 5698 servitute
667 5650 954 5716 redimeret,
997 5657 1321 5725 adoptionem
1353 5662 1578 5730 ﬁliorum
1605 5670 1726 5720 oliui
1759 5688 1894 5735 pra:-

322 5728 624 5786 dcstiuatum
674 5742 968 5808 recipientes
1012 5747 1152 5813 (Gul.
1201 5767 1278 5816 tv,
1328 5752 1406 5824 6),
1465 5756 1897 5818 inenarrabiliter

321 5827 588 5889 copulavit
617 5833 718 5888 sibi
747 5847 902 5908 atque
925 5842 1217 5910 (cujuuxtt.

2011 4742 2168 4795 quam
2199 4729 2442 4799 ejusdem
2480 4735 2549 4791 sit
2578 4749 2808 4809 natura,
2847 4745 3002 4814 cujus
3030 4756 3118 4803 est
3145 4750 3337 4817 Adam,
3362 4753 3621 4854 manife-(

2011 4824 2167 4854 ΩΙὶνῖΙ
2215 4825 2368 4854 πηλξη
2403 4831 2613 4854 -..:.I-_..
2661 4833 2785 4854 A..,,
2828 4853 2831 4854 ,
2981 4851 2989 4854 _
3035 4848 3048 4854 -
3258 4852 3265 4854 ξ
3560 4847 3574 4854 -

2010 4824 2171 4877 starit
2215 4825 2372 4881 nobis
2400 4831 2617 4898 quidem
2660 4833 2894 4893 futurum
2948 4848 3145 4897 statum
3188 4860 3201 4895 :
3251 4852 3455 4899 tantam
3507 4847 3581 4902 ad

2010 4912 2159 4969 illum
2196 4925 2372 4973 tamen
2421 4923 2590 4977 Adam
2634 4924 2838 4983 habens
2888 4930 3267 4998 differentiam,
3322 4948 3580 5006 quantam

2007 5022 2129 5071 esse
2157 5012 2396 5077 oportuit
2421 5013 2561 5068 inter
2589 5032 2733 5087 eum,
2753 5021 2845 5089 qui
2878 5022 3098 5093 largitor
3126 5037 3183 5081 et
3208 5029 3460 5084 minister
3479 5030 3582 5085 erit

2012 5104 2278 5153 lautorum
2308 5101 2571 5159 bonorum
2603 5116 2777 5162 status
2804 5113 2990 5177 futuri,
3017 5126 3213 5172 etcum
3239 5120 3332 5189 qui
3351 5136 3601 5190 pra-sett-

2009 5192 2140 5243 tium
2172 5194 2400 5249 tristium
2434 5199 2586 5253 nobis
2614 5200 2823 5257 initium
2855 5204 3055 5262 intulit.

2029 5262 2049 5285 ’
2078 5279 2164 5334 Η.
2199 5283 2334 5339 Hine
2364 5287 2523 5344 simili
2555 5292 2718 5345 modo
2747 5303 2800 5349 et
2840 5300 3114 5354 secundus
3145 5302 3309 5358 Adam
3338 5309 3575 5376 appella-

2008 5381 2111 5435 tur.
2143 5383 2410 5446 tamquam
2452 5383 2541 5450 qui
2581 5386 2878 5443 secundum
2933 5396 3300 5453 enuntiaverit
3327 5410 3526 5458 statum
3564 5425 3579 5462 :

2006 5472 2060 5516 et
2080 5469 2332 5533 quoniam
2348 5469 2514 5525 Adam
2535 5472 2729 5542 prioris
2746 5478 2890 5535 illius
2904 5486 3179 5551 mortalis,
3199 5496 3254 5543 et
3276 5494 3571 5563 passibilis,

2003 5563 2058 5609 et
2091 5558 2229 5622 pleni
2288 5560 2580 5618 multorum
2608 5568 2871 5624 malorum
2918 5572 3127 5631 initium
3171 5578 3347 5635 factus
3385 5594 3490 5647 est,
3522 5587 3572 5640 in

2003 5662 2174 5718 eoque
2210 5651 2274 5705 ad
2295 5668 2414 5707 eum
2446 5659 2753 5726 accepimus
2800 5664 3238 5738 similitudinem,
3270 5676 3571 5733 secundum

2000 5764 2199 5809 statum
2224 5757 2607 5816 demonstravit
2642 5762 2879 5818 futurum
2912 5767 3172 5827 Dominus
3214 5773 3487 5841 Christus,
3508 5778 3572 5834 de

2001 5858 2152 5913 cadis
2190 5875 2485 5933 apparens,
2533 5867 2622 5936 qui
2667 5883 2855 5925 omnes
2906 5889 3003 5929 nos
3049 5870 3101 5930 in
3133 5892 3285 5932 suam
3339 5877 3569 5939 adducet
