3972 6180
389 218 477 273 ιδι
822 214 914 270 AD
954 212 1235 269 PARTEM
1280 213 1537 267 PRIMA“
1579 211 1861 266 OPERUM
1905 211 1971 266 Μ.
2018 211 2462 276 MERCATORI‘S
2502 213 2846 274 APPENDIX
2887 212 3219 276 SECUNDA.

1019 326 1246 381 CAPUT
1285 326 1320 379 Ι.

1056 417 1130 472 De
1170 415 1298 471 Deo.

455 516 582 572 Hztrc
621 523 799 569 nostra
842 511 972 566 ﬁdes
994 521 1097 578 est,
1121 525 1279 579 quant
1303 507 1593 565 didicimus
1639 521 1669 564 a
1702 507 1813 562 Deo
1843 507 1970 561 edo-

387 613 490 665 ctis
516 609 666 670 viris,
695 606 878 676 Moyse
899 604 1021 656 dico
1050 611 1106 656 et
1132 601 1344 656 caeteris
1371 600 1675 669 prophetis,
1698 599 1789 668 qui
1819 606 1969 651 vetus

389 700 631 755 Hebraeis
653 696 1053 751 Testamentum
1082 694 1531 763 praedicaverunt;
1556 707 1655 746 nec
1678 707 1781 745 non
1806 693 1966 747 etiam

387 808 414 845 a
447 789 645 844 Sanctis
671 797 727 842 et
768 787 939 840 beatis
981 784 1241 853 apostolis
1273 793 1326 837 et
1358 783 1723 852 eVangelistis,
1748 783 1835 847 qui
1869 797 1970 836 no—

385 896 510 936 vitm
539 877 741 931 Christi
771 878 1180 932 Testamentum
1220 874 1373 928 nobis
1413 873 1705 929 salubriter
1734 871 1968 926 insinua-

388 981 532 1026 runt.

463 1064 515 1116 1.
546 1061 696 1128 Quod
722 1075 861 1114 unus
887 1067 970 1115 est
1003 1058 1158 1121 Deus,
1194 1055 1400 1112 habens
1425 1053 1653 1109 Verbum
1687 1053 1969 1108 substanti-

388 1170 530 1216 vtnn,
558 1154 763 1221 aequale
793 1168 887 1220 per
915 1151 1092 1203 omnia
1121 1149 1243 1215 sibi,
1274 1148 1521 1202 similiter
1544 1156 1601 1202 et
1637 1145 1966 1213 Sapientiam

387 1245 803 1310 substantivatn,
862 1242 1119 1309 aequalem
1161 1241 1262 1292 sibi
1318 1254 1413 1308 per
1442 1239 1620 1292 omnia
1674 1237 1787 1292 Una
1842 1236 1969 1290 sub-

388 1337 582 1390 stantia
615 1335 789 1390 Patris
815 1342 870 1389 et.
913 1332 1168 1402 unigeniti
1204 1330 1360 1386 Verbi
1403 1339 1457 1384 et
1500 1330 1730 1398 Spiritus
1768 1330 1966 1392 sancti,

388 1444 492 1482 una
522 1429 756 1497 potentia
789 1443 803 1479 :
853 1441 990 1480 unus
1036 1424 1294 1480 Dominus
1315 1465 1331 1490 ,
1391 1423 1506 1478 sine
1536 1423 1821 1494 principio,
1854 1423 1969 1476 sine

390 1520 520 1584 ﬁne,
553 1519 783 1588 simplex
835 1526 888 1570 et
944 1516 1368 1587 incompositus,
1414 1513 1792 1583 incorporalis,
1853 1513 1969 1567 sine

387 1612 574 1680 ﬁgura,
604 1612 719 1664 sine
744 1608 1166 1663 circumdatione
1196 1624 1208 1662 :
1237 1620 1342 1661 non
1393 1620 1664 1671 crescens,
1712 1621 1816 1660 non
1873 1605 1969 1659 de.

394 1701 601 1762 liciens,
633 1717 736 1754 non
766 1699 1030 1768 indigens,
1062 1696 1340 1759 indivisus,
1371 1696 1630 1761 inﬁnitus,
1662 1696 1971 1763 invisibilis,

385 1791 964 1861 incomprehensibilis,
989 1789 1433 1854 inconvertibilis,
1467 1787 1581 1844 sine
1605 1790 1840 1852 interitu,
1869 1789 1972 1844 im-

390 1885 682 1947 mutabilis,
713 1884 813 1938 ltoc
839 1884 981 1953 quod
1006 1893 1107 1948 est,
1139 1897 1356 1952 semper
1384 1891 1438 1936 et
1489 1881 1627 1936 idem
1665 1883 1768 1936 erit
1797 1899 1810 1934 :
1841 1897 1970 1936 cun-

389 1977 534 2032 ditor
551 1975 813 2040 omnium,
837 1984 1155 2044 potesmtem
1177 1974 1402 2038 habens,
1427 1971 1670 2042 provisor
1687 1971 1971 2042 benignus,

385 2071 564 2141 justus
591 2070 754 2139 judex
786 2069 1026 2123 vivorum
1058 2077 1112 2122 et
1135 2077 1495 2126 mortuorum,

459 2162 526 2215 Et
545 2160 686 2230 quod
711 2162 898 2214 unicus
923 2159 1064 2212 Deus
1091 2157 1324 2212 Verbum
1367 2158 1418 2211 in
1466 2166 1710 2212 extremo
1761 2166 1972 2226 tempo-

387 2269 508 2308 rum
532 2263 688 2306 natus
710 2261 876 2308 estex
900 2251 1104 2318 Spirittt
1127 2257 1315 2303 sancto
1340 2258 1393 2302 et
1422 2249 1584 2303 Maria
1613 2264 1830 2320 semper
1863 2251 1971 2304 vir-

390 2345 544 2414 gine;
568 2354 618 2398 et
647 2343 785 2413 quod
818 2342 1104 2399 cruciﬁxus
1130 2351 1370 2396 mortuus
1395 2349 1477 2394 est
1499 2349 1720 2409 promer
1751 2354 1848 2393 nos
1872 2355 1886 2403 ;
1918 2348 1974 2394 et

391 2437 533 2508 quod
565 2437 721 2490 tertia
752 2435 839 2490 die
870 2433 1189 2496 resurrexit,
1221 2441 1277 2486 et
1322 2432 1564 2486 ascendit
1611 2432 1662 2484 in
1704 2433 1890 2494 malos,
1918 2439 1975 2485 et

390 2531 544 2584 sedet
575 2530 626 2582 itt
655 2529 877 2582 dextera
901 2524 1083 2580 Patris
1104 2525 1208 2588 sui;
1241 2533 1296 2579 et
1340 2524 1481 2593 quod
1529 2523 1864 2591 judicaturus
1887 2530 1972 2577 est

392 2623 543 2674 vivos
578 2630 630 2675 ct
659 2629 938 2683 mortuos;
967 2627 1017 2672 et
1049 2615 1190 2688 quod
1241 2630 1364 2669 cum
1410 2615 1596 2671 eadem
1642 2630 1835 2684 carne,
1887 2629 1972 2671 sc-

393 2713 629 2768 cuudum
661 2713 796 2770 laeta
825 2725 943 2774 sua,
975 2709 1342 2777 unusquisque
1372 2708 1542 2762 vicem
1572 2708 1816 2776 recipiet.

465 2865 778 2922 Observavit
799 2862 1118 2917 Sirmondus
1139 2861 1426 2930 Sapientiae
1457 2876 1649 2916 nomen
1683 2860 1736 2916 in
1771 2861 1973 2916 divinis

397 2938 662 3000 personis,
687 2935 826 3004 quod
853 2934 1007 2987 tribui
1038 2948 1152 2987 mos
1177 2941 1260 2986 est
1305 2932 1460 2995 Filio,
1486 2931 1650 2986 fuisse
1698 2933 1824 2985 olim
1879 2935 1968 3000 qui

396 3008 618 3073 Spiritui
661 3016 844 3058 saneto
896 3005 1249 3062 ascriberent.
1295 3013 1349 3056 ttt
1398 3004 1483 3056 hic
1513 3012 1714 3073 nuder,
1762 3014 1814 3056 et
1846 3013 1968 3057 ante

3543 227 3651 278 452

1995 327 2046 386 Α
2074 325 2308 395 Spiritus
2333 327 2502 391 sancti
2538 327 2834 381 substantia
2859 338 2906 381 ct
2936 340 3121 393 virtus,
3155 330 3307 385 testis
3337 345 3417 386 ost
3468 333 3651 388 Duttlt-

2074 433 2176 473 nus
2206 427 2392 473 noster
2428 419 2584 472 Jesus
2615 419 2879 483 Christus,
2913 419 2978 472 de
3022 424 3314 492 semetipso
3354 425 3554 478 durans
3593 436 3655 480 et.

2071 508 2138 562 de
2168 507 2369 576 Spiritu
2399 519 2604 563 sancto.
2641 509 2716 563 De
2745 525 2803 564 se
2831 510 3069 579 quidem,
3099 527 3224 566 cum
3255 514 3389 570 dicit
3415 532 3428 567 :
3459 513 3572 587 Ego
3601 526 3657 570 et

2073 597 2232 653 Pater
2259 616 2417 652 unum
2441 616 2615 653 sumus
2637 600 2816 671 (Joan.
2843 617 2895 667 x,
2928 602 3053 670 50);
3085 612 3135 655 et
3170 603 3398 666 iterum;
3440 605 3538 676 Qui
3569 622 3658 659 me

2072 690 2214 756 vidit,
2243 693 2365 744 vidit
2393 702 2438 743 et
2465 691 2672 749 Patrem
2698 692 2874 764 (.loan.
2903 710 3012 761 xtv,
3035 695 3114 764 9).
3150 695 3240 750 llis
3268 697 3426 751 dictis
3455 708 3647 752 osten-

2070 779 2149 838 dit
2177 792 2384 848 aperte,
2417 798 2574 838 unam
2607 799 2725 837 esse
2754 785 3133 850 substantiam,
3154 789 3508 858 eamdemque
3536 792 3656 846 vir-

2071 881 2275 938 tutent;
2319 889 2437 928 nam
2469 889 2588 928 cum
2619 874 2843 930 dixisset
2892 877 3181 946 Philippo:
3217 877 3379 933 Tanto
3412 892 3645 949 tempore

2069 964 2326 1022 t'obiscum
2367 983 2511 1029 sum,
2556 976 2604 1019 et
2645 984 2745 1019 non
2777 969 3082 1035 cognovistis
3108 986 3186 1021 me
3207 985 3228 1024 :
3257 971 3356 1034 Qui
3397 988 3476 1024 me
3501 973 3653 1038 uidit,

2070 1055 2195 1107 vidit
2222 1065 2264 1109 et
2298 1053 2540 1121 Patrem;
2579 1055 2775 1110 docere
2829 1058 3017 1122 voluit,
3056 1075 3216 1112 unum
3250 1077 3348 1115 nos
3389 1061 3562 1130 ipsum
3598 1071 3662 1117 et

2074 1145 2283 1198 Patrem
2331 1147 2686 1214 enmdemque
2724 1162 2969 1211 cernere,
3017 1151 3215 1205 virtute
3260 1153 3442 1219 simul,
3490 1163 3660 1223 atque

2071 1239 2393 1303 substantia,
2441 1254 2506 1298 ex
2549 1240 2888 1295 mirabilibus
2941 1258 3059 1310 qua:
3112 1243 3359 1299 faciebat.
3413 1246 3657 1314 Quorum

2070 1330 2212 1384 enim
2254 1346 2354 1385 una
2401 1332 2667 1396 voluntas,
2718 1333 3014 1403 eademque
3059 1343 3184 1388 sunt
3228 1351 3414 1404 opera,
3460 1353 3659 1394 eorum

2071 1435 2282 1488 quoque
2320 1429 2400 1473 est
2430 1421 2616 1475 cadent
2649 1421 2979 1488 substantia;
3030 1423 3260 1494 ideoque
3301 1426 3515 1482 dicebat
3557 1427 3663 1482 Ju-

2070 1512 2202 1566 dazis
2229 1530 2243 1567 :
2277 1513 2336 1568 Si
2362 1529 2459 1566 non
2492 1513 2628 1582 facio
2657 1529 2817 1584 opera
2849 1513 3022 1568 Patris
3046 1516 3173 1580 mei,
3206 1516 3364 1572 nolite
3391 1520 3512 1571 mihi
3537 1536 3662 1576 cre-

2072 1604 2223 1668 dere;
2254 1605 2334 1657 sin
2363 1613 2531 1658 autem
2557 1605 2718 1673 facio,
2747 1615 2794 1658 et
2816 1606 2859 1658 si
2890 1606 3016 1658 mihi
3042 1623 3142 1660 non
3169 1608 3390 1671 creditis,
3419 1611 3662 1680 operibus

2007 1691 2052 1750 B
2078 1699 2284 1764 credite,
2310 1708 2362 1751 ut
2389 1699 2558 1752 sciatis
2582 1709 2628 1752 et
2657 1699 2954 1769 intelligatis
3002 1701 3140 1771 quod
3174 1701 3333 1763 Pater
3359 1714 3432 1759 est
3467 1705 3518 1760 in
3550 1722 3660 1769 me,

2075 1801 2123 1846 et
2148 1809 2240 1864 ego
2262 1793 2314 1846 in
2353 1794 2464 1861 ipso
2510 1790 2690 1860 (Joan.
2720 1808 2772 1856 x,
2805 1793 2920 1862 37).
2965 1793 3094 1852 Mite
3131 1804 3309 1850 autem
3351 1797 3509 1852 etiam
3549 1797 3664 1855 huc

2073 1885 2279 1953 docuit,
2313 1901 2418 1940 non
2445 1885 2620 1952 aliter,
2652 1885 2755 1940 nisi
2786 1901 2852 1940 ex
2879 1887 3152 1958 operibus,
3183 1887 3519 1944 divinitatem
3558 1889 3662 1944 de-

2074 1980 2201 2036 bere
2230 1979 2476 2050 cugnosci
2504 1997 2516 2032 :
2542 1979 2737 2048 quippe
2762 1994 2882 2034 cum
2913 1979 3143 2036 naturali
3170 1995 3230 2035 er
3254 1981 3535 2036 invisibilis
3557 1982 3662 2044 sit,

2075 2080 2128 2126 et
2163 2085 2268 2125 non
2298 2072 2454 2124 aliter
2483 2071 2748 2134 videatur,
2779 2087 2938 2140 quam
2970 2085 3033 2126 ex
3074 2073 3187 2124 suis
3222 2073 3472 2140 operibus
3494 2083 3548 2126 et
3577 2072 3668 2126 ia-

2073 2162 2195 2227 ctis,
2228 2173 2284 2217 ut
2321 2162 2480 2216 etiam
2512 2161 2781 2230 Sapientia
2814 2170 3061 2226 testatur,
3086 2161 3308 2215 dicens:
3338 2161 3418 2215 Ea:
3455 2164 3666 2234 magni-

2075 2254 2251 2307 tudine
2275 2253 2408 2307 enim
2434 2262 2480 2306 et
2511 2251 2895 2320 pulchritudine
2923 2266 3155 2317 operum,
3174 2262 3512 2320 competenter
3527 2270 3667 2306 cono.

2075 2346 2212 2400 ditor
2231 2361 2406 2400 eorum
2436 2345 2739 2418 perspicitur
2765 2343 2923 2415 (Sap.
2947 2358 3065 2406 xm,
3089 2343 3166 2413 5).
3193 2344 3452 2399 Similiter
3473 2354 3666 2402 autem

2075 2437 2234 2491 etiam
2263 2436 2449 2490 beatus
2476 2435 2668 2488 Paulus
2689 2433 2962 2503 apostolus
2989 2435 3121 2489 dicit
3145 2450 3158 2486 :
3195 2433 3481 2488 Invisibilis
3515 2436 3667 2489 enim

2073 2528 2233 2599 ipsius
2259 2544 2291 2581 a
2329 2537 2564 2580 creatura
2604 2526 2783 2581 mundi
2813 2542 2902 2594 per
2923 2541 2982 2579 ea
3009 2542 3124 2596 qua:
3155 2526 3293 2595 facta
3323 2537 3462 2590 sunt,
3495 2526 3663 2580 intel-

2075 2621 2203 2674 lecta
2242 2620 2656 2688 conspiciuntur;
2697 2619 3004 2689 sempiterna
3037 2635 3235 2687 quoque
3269 2622 3381 2690 ejus
3421 2621 3576 2673 virtus
3605 2627 3668 2673 cl

2074 2712 2315 2764 divinitas
2346 2710 2520 2780 (Rom.
2549 2725 2587 2774 ι,
2621 2709 2737 2778 20).
2772 2708 2938 2763 Docet
2975 2720 3150 2765 autem
3197 2711 3390 2764 iterum
3435 2719 3665 2764 sanctus

2075 2803 2348 2872 apostolus
2374 2803 2631 2866 Joannes,
2659 2802 2801 2872 quod
2829 2803 3082 2855 Dominus
3107 2813 3291 2856 noster
3311 2804 3468 2858 Jesus
3491 2802 3664 2857 Chri-

2073 2905 2190 2948 stus
2219 2903 2399 2963 aperte
2431 2895 2665 2963 seipsum
2709 2893 3025 2962 prccdicarct
3072 2893 3271 2948 Judzeis
3314 2892 3505 2948 Filium
3557 2894 3660 2949 Dei

2073 2987 2366 3041 secundum
2398 2985 2770 3051 subsunt-tiam,
2803 2987 2854 3041 in
2883 3003 2949 3041 eo
2984 2986 3125 3053 qttod
3163 2986 3294 3041 dicit
3325 3005 3337 3040 :
3370 2986 3662 3059 Progterea

397 3063 544 3133 illum
560 3075 889 3150 Theophilus
903 3075 1348 3150 Antiueltettuset
1381 3073 1614 3150 lrcnieus
1647 3063 1964 3150 Ditgdttnen-
1995 3063 2039 3125 C
2071 3078 2234 3150 magis
2262 3077 2551 3146 qucrebant
2573 3094 2687 3132 eum
2717 3076 2893 3132 Judtei
2922 3079 3168 3139 occidere,
3191 3079 3328 3145 quod
3352 3094 3451 3130 non
3482 3079 3660 3137 solum

396 3153 490 3203 sis.
518 3143 788 3216 Addne'go
821 3147 1041 3199 Marium
1088 3143 1450 3216 Victorinum.
1490 3143 1768 3216 1‘he0phlli
1822 3146 1963 3216 enim

398 3220 559 3274 verba
585 3229 706 3272 sunt
727 3213 775 3287 ἡ(
807 3216 918 3268 Lib.
970 3232 1005 3270 ll
1028 3216 1095 3268 ad
1117 3214 1462 3283 Autolycum)
1493 3231 1504 3265 :
1540 3213 1662 3267 Tres
1679 3214 1844 3287 _dies_,
1876 3215 1966 3287 qui

395 3289 725 3344 luminarium
743 3283 910 3340 ortum
938 3295 1337 3343 antecesserunt,
1369 3295 1522 3354 typus
1543 3294 1659 3338 sunt
1677 3283 1961 3349 Trinitatis,

393 3360 512 3424 Dei,
537 3369 583 3411 et
620 3359 770 3412 Verbi
799 3358 978 3425 ipsius,
999 3365 1044 3407 et
1070 3355 1346 3425 Sapientia:
1368 3355 1548 3425 ipsius.
1581 3354 1812 3414 Irenaeus
1833 3369 1965 3425 vero

393 3375 512 3424 νει,
537 3375 583 3411 et
624 3375 650 3410 γ
666 3375 770 3412 erat
799 3375 813 3408 t
836 3414 841 3417 Η
853 3375 978 3420 stus,
999 3375 1044 3407 et
1070 3375 1346 3418 meptenttw
1368 3375 1548 3425 Ipsius.
1581 3375 1812 3414 [rettwus
1833 3375 1965 3407 vero

393 3429 564 3484 Deum
587 3428 742 3482 docet
767 3375 849 3479 illi)
873 3440 960 3479 res
985 3424 1352 3493 producendas
1375 3425 1684 3490 angelorum
1726 3424 1965 3478 ministe-

396 3515 478 3552 rto
511 3514 615 3552 non
658 3511 836 3564 egere.
885 3495 1164 3556 Mittistrat,
1197 3493 1426 3565 inquiti
1454 3493 1564 3546 Lib.
1598 3509 1652 3547 tv
1683 3510 1798 3565 cap.
1829 3495 1891 3547 17
1919 3502 1967 3549 et

393 3571 506 3635 37),
531 3578 574 3623 et
590 3569 657 3621 ad
683 3567 852 3620 omnia
876 3582 968 3618 sua
995 3581 1262 3635 progetttes
1291 3573 1336 3635 et
1359 3564 1604 3635 ﬁguratio
1629 3580 1754 3628 sua,
1786 3565 1838 3616 id
1867 3575 1964 3628 est,

397 3633 568 3697 Filius
613 3648 659 3693 et
702 3638 932 3703 Spiritus
950 3633 1180 3695 sanctius,
1221 3633 1436 3687 Verbum
1480 3642 1524 3687 ει
1557 3634 1845 3702 Sapientia.
1901 3635 1966 3688 Et

392 3712 500 3764 alio
523 3710 576 3762 itt
601 3709 720 3763 loco
749 3725 761 3758 :
797 3707 1050 3773 Quoniam
1075 3715 1121 3758 et
1176 3704 1466 3775 Sapientia,
1495 3719 1606 3774 qua
1636 3715 1706 3756 est
1738 3705 1965 3774 Spiritus

393 3791 620 3843 sanctus,
650 3785 756 3831 erat
779 3777 919 3845 apud
949 3777 1111 3829 Deum
1134 3783 1248 3828 ante
1295 3790 1488 3828 omnem
1533 3776 1964 3838 constitutionem,

397 3867 487 3916 per
509 3849 835 3904 Sulomonem
865 3847 1102 3900 ait-Dens
1128 3861 1146 3900 :
1174 3846 1440 3913 Sapientia
1475 3846 1711 3913 {undabit
1752 3858 1962 3908 terram,

393 3915 590 3997 paravit
605 3929 776 3997 putem
813 3919 997 3997 acetum
1025 3915 1520 3997 Prudentiall’rov.
1549 3916 1966 3997 tll,719).VVi£l(.)-

395 3989 706 4058 rinus(Lib.
740 4004 790 4042 tv
813 3992 876 4040 de
906 3987 1074 4055 Trin.)
1106 4004 1116 4037 :
1147 3989 1274 4040 Cum
1324 3986 1554 4058 Christus
1585 3996 1687 4039 vita
1717 3988 1801 4049 sit,
1837 3986 1962 4055 Spi-

392 4063 522 4114 ritus
550 4057 718 4113 a'utem
739 4069 944 4111 sanctus
970 4058 1185 4109 scientia
1206 4066 1251 4109 et
1271 4057 1632 4125 intelligentia,
1674 4057 1845 4108 omnia
1889 4066 1970 4108 ta-

395 4149 508 4183 men
535 4131 760 4202 Spiritus
795 4139 1022 4202 sanctus,
1061 4142 1174 4202 qua!
1203 4126 1398 4202 ltabet,_
1422 4143 1453 4178 a
1499 4125 1703 4178 Christo
1749 4127 1962 4202 accepit,

394 4197 675 4257 Christian
701 4198 876 4261 Patre,
900 4199 955 4255 id
970 4207 1065 4263 est,
1095 4197 1158 4248 ab
1187 4212 1244 4249 eo
1265 4197 1398 4265 quod
1427 4205 1501 4248 est
1540 4211 1667 4256 esse,
1719 4197 1965 4250 exstiterit

392 4273 516 4335 rita,
543 4281 586 4322 et
612 4271 675 4322 ab
701 4286 758 4322 eo
778 4272 916 4338 quod
941 4277 1012 4323 est
1038 4269 1218 4330 viuere,
1244 4267 1486 4338 exstiterit
1516 4267 1726 4338 scientia
1747 4276 1792 4318 et
1807 4266 1962 4318 intel-

392 4342 701 4411 (igere.etc.
729 4336 860 4391 Tam
901 4339 1177 4411 insolentis
1224 4336 1595 4411 appellationis
1633 4351 1792 4411 causa
1846 4345 1958 4400 est,

394 4405 535 4478 quod
561 4410 790 4478 Spiritus
818 4419 1053 4472 sanctus,
1089 4409 1168 4460 vel
1202 4426 1228 4458 a
1269 4408 1413 4461 dono
1454 4405 1736 4474 sapientia;
1765 4421 1960 4462 nomen

395 4479 634 4546 accepit,
683 4479 789 4544 vel,
831 4487 888 4530 ttt
929 4479 1235 4536 credibilius
1263 4489 1368 4539 est,
1419 4479 1657 4530 omnium
1709 4478 1958 4533 virtutum

395 4553 517 4606 l'ons
537 4560 617 4603 est
641 4557 801 4615 atque
830 4548 999 4615 origo.
1031 4548 1165 4616 Quid
1185 4548 1230 4601 si
1260 4548 1535 4602 Platonico
1579 4562 1728 4601 more
1775 4547 1960 4614 sophia

396 4623 562 4690 pthita
586 4629 666 4673 est
693 4632 787 4685 pro
830 4632 1012 4690 amore
1042 4617 1314 4690 sapientia:
1335 4618 1361 4690 't
1415 4625 1499 4690 est
1545 4619 1686 4671 enim
1731 4616 1965 4684 Spiritus

391 4687 608 4744 sanctus
645 4691 724 4744 sui
767 4687 1034 4756 principii,
1075 4704 1194 4756 qum
1244 4687 1513 4754 Sapientia
1564 4702 1854 4756 generatis,
1909 4696 1965 4741 et

391 4761 663 4830 Sapientia
694 4760 898 4828 genita,
928 4773 1082 4811 amor
1102 4756 1314 4826 quidam
1339 4757 1659 4814 subsistens.

460 4920 516 4973 2.
556 4919 797 4988 Simplex
837 4926 890 4973 et
933 4915 1322 4984 incompositus
1365 4923 1451 4969 est
1501 4915 1658 4980 Deus,
1710 4928 1778 4969 eo
1821 4915 1961 4983 quod

393 5028 498 5066 non
526 5021 609 5071 est
637 5024 835 5080 corpus
877 5008 1127 5063 divinitas
1159 5024 1171 5059 ε
1203 5006 1521 5075 compositio
1566 5007 1708 5060 enim
1746 5005 1962 5075 propria

393 5114 478 5161 est
502 5119 807 5173 corporum,
835 5102 1074 5170 Simplex
1097 5111 1149 5154 et
1172 5099 1577 5168 incompositus,
1605 5112 1670 5152 eo
1693 5096 1834 5166 quod
1858 5113 1965 5153 non

395 5195 590 5252 accidit
617 5196 666 5249 ei
697 5194 928 5248 Verbum
954 5199 1010 5245 et
1036 5190 1307 5259 Sapientia
1337 5204 1352 5241 :
1384 5189 1704 5256 compositio
1729 5188 1870 5242 enim
1897 5203 1961 5242 ex

393 5289 687 5344 substantia
718 5286 877 5341 simul
910 5296 966 5340 et
1001 5285 1367 5340 accidentibus
1411 5293 1662 5336 constare
1700 5282 1964 5350 dignosci-

395 5393 502 5436 tur.
546 5381 787 5449 Simplex
824 5389 880 5432 et
910 5376 1336 5446 incompositus:
1361 5389 1544 5444 neque
1580 5373 1722 5428 enim
1752 5373 1961 5427 diversa

391 5483 476 5528 est
504 5471 676 5526 Patris
705 5480 759 5525 et
794 5470 910 5524 Filii
947 5477 999 5523 et
1029 5467 1269 5537 Spiritus
1307 5467 1474 5519 sancti
1511 5464 1830 5526 substantia,
1866 5464 1963 5516 sed

392 5579 495 5621 una
530 5565 740 5632 penitus
759 5564 1057 5632 eademque
1083 5569 1430 5614 monstratur.

462 5659 515 5716 ὅ.
561 5658 627 5714 Et
662 5657 801 5730 quod
835 5673 937 5711 una
976 5666 1056 5709 est
1101 5653 1393 5724 eademque
1447 5651 1626 5706 Patris
1661 5665 1714 5714 et
1754 5651 1872 5707 Filii
1901 5658 1953 5710 et

2066 3168 2291 3222 solvebat
2317 3169 2612 3233 sabbatum;
2647 3183 2822 3222 verum
2853 3170 3006 3223 etiam
3054 3168 3263 3225 Patrem
3299 3186 3450 3224 suum
3486 3169 3656 3224 Deum

2068 3278 2178 3316 esse
2204 3261 2425 3327 dicebat,
2450 3262 2702 3330 aqualem
2729 3278 2782 3315 se
2807 3263 3002 3330 faciens
3033 3257 3140 3315 Deo
3173 3260 3349 3331 (Joan.
3376 3279 3430 3328 γ,
3452 3263 3561 3328 18).
3586 3263 3660 3318 Ει

2070 3351 2173 3406 hoc
2226 3360 2352 3406 tunc
2395 3351 2774 3406 intellexerunt
2815 3351 2981 3407 Judaei
3007 3393 3022 3414 ,
3055 3353 3198 3422 quod
3243 3352 3401 3408 Jesus
3448 3363 3656 3410 semet-

2069 3442 2242 3512 ipsum
2284 3442 2678 3508 manil'estavit,
2714 3442 2905 3497 Filium
2949 3444 3242 3498 secundum
3299 3444 3655 3503 substantiam

2069 3549 2224 3599 esse,
2259 3549 2381 3588 cum
2421 3532 2625 3588 diceret
2651 3534 2716 3587 ad
2746 3533 2869 3592 illos
2904 3551 2919 3588 :
2954 3533 3110 3593 Pater
3141 3551 3280 3593 meus
3309 3551 3467 3606 usque
3496 3537 3658 3596 modo

2067 3636 2327 3696 aperatur,
2354 3635 2400 3680 et
2428 3642 2521 3697 ego
2545 3641 2726 3696 aperor
2749 3624 2928 3695 (Joan.
2959 3642 3010 3690 v,
3043 3627 3157 3696 Π).

2137 3718 2193 3776 4.
2237 3719 2343 3775 Sed
2393 3719 2508 3774 haec
2550 3721 2764 3789 quidem
2811 3720 2879 3775 de
2926 3721 3104 3790 seipso
3152 3721 3414 3777 Dominus
3464 3732 3656 3778 noster

2067 3812 2226 3866 Jesus
2266 3809 2514 3866 Christus
2551 3811 2751 3866 docuit.
2799 3811 2991 3867 Docuit
3018 3820 3199 3867 autem
3239 3812 3402 3868 etiam
3431 3812 3498 3868 de
3527 3814 3654 3883 Spi-

2068 3904 2171 3957 ritu
2194 3911 2406 3968 sancto,
2438 3918 2506 3958 eo
2543 3902 2685 3973 quod
2712 3902 2780 3956 de
2824 3903 2917 3958 Dei
2947 3905 3247 3960 substantia
3278 3917 3382 3973 est,
3415 3915 3469 3964 et
3506 3908 3652 3976 quod

2068 4009 2132 4050 ea
2165 4009 2287 4062 quae
2325 3994 2449 4050 facit
2477 3995 2618 4050 Deus
2659 3995 2837 4057 Pater,
2864 3996 3052 4050 eadem
3084 3999 3287 4065 pariter
3319 3999 3480 4052 etiam
3527 3999 3652 4068 Spi-

2069 4084 2202 4138 ritus
2225 4084 2381 4147 facit;
2414 4101 2537 4142 cum
2567 4085 2697 4146 dicit
2722 4103 2736 4137 :
2768 4086 2996 4154 Spiritus
3031 4089 3283 4152 veritatis,
3313 4089 3404 4152 qui
3429 4105 3460 4140 a
3490 4087 3652 4144 Patre

2067 4175 2290 4246 procedit
2332 4174 2510 4247 (loan.
2543 4175 2766 4246 xv,26).
2815 4177 2982 4232 Porro
3024 4187 3203 4233 autem
3256 4193 3378 4233 cum
3425 4179 3651 4248 ejiceret

2066 4266 2404 4321 adversarias
2459 4276 2770 4335 potestates.
2820 4282 2954 4334 quas
2998 4267 3149 4336 juxta
3200 4270 3646 4326 consuetudinem

2068 4356 2343 4414 hominum
2373 4357 2645 4412 dzemones
2675 4359 2931 4426 appellat,
2964 4358 3213 4413 dicebat:
3247 4359 3308 4414 Si
3348 4371 3519 4415 autem
3551 4377 3645 4432 ego

1991 4439 2041 4501 D
2065 4449 2118 4501 itt
2139 4448 2298 4518 digito
2317 4447 2413 4502 Dei
2432 4449 2581 4521 ejicio
2602 4449 2854 4502 dientones
2881 4449 3030 4517 (Luc.
3053 4465 3125 4514 xl,
3144 4451 3260 4518 ‘20).
3284 4451 3436 4517 Quod
3459 4461 3639 4507 autent

2066 4539 2288 4608 digitum
2340 4539 2430 4594 Dei
2485 4538 2745 4607 Spiritum
2795 4550 3041 4599 sanctum
3093 4542 3365 4608 nominet,
3407 4543 3644 4612 apertius

2065 4633 2245 4687 catteri
2282 4631 2632 4702 evangelista:
2675 4631 2739 4686 ad
2776 4635 2918 4689 hunc
2963 4634 3138 4688 locum
3185 4634 3456 4689 dixerunt.
3507 4637 3644 4691 Mat-

2065 4726 2238 4778 tit-.cus
2267 4723 2506 4792 quidem,
2540 4738 2658 4777 cum
2687 4724 2762 4778 sic
2788 4724 2916 4778 dicit
2943 4742 2954 4776 :
2989 4724 3050 4780 Si
3072 4735 3239 4779 autem
3261 4726 3313 4779 in
3338 4727 3522 4797 spiritu
3545 4725 3644 4781 Dei

2065 4833 2157 4884 ego
2189 4817 2338 4885 ejicio
2377 4816 2634 4874 daemones
2673 4815 2884 4887 (Matth.
2928 4832 3034 4882 xu,
3071 4817 3182 4885 28).
3231 4817 3439 4873 Marcus
3471 4835 3638 4874 vero:

2072 4907 2390 4976 Quicumque
2423 4905 2841 4973 blasphemaverit
2869 4908 2924 4959 in
2961 4907 3165 4972 Spiritu
3196 4920 3394 4977 sancto,
3428 4927 3531 4965 non
3562 4911 3645 4963 in-

2071 4997 2308 5069 dulgetur
2333 4999 2379 5052 ei
2407 4999 2458 5051 in
2496 4997 2759 5063 circulum,
2790 4999 2878 5053 sed
2903 4999 3150 5055 obnoxius
3179 5001 3274 5060 erit
3305 5012 3492 5056 (eterna
3520 5018 3642 5072 pec-

2069 5100 2204 5158 cato,
2249 5107 2307 5144 eo
2345 5091 2482 5160 quod
2524 5091 2757 5145 dicebant
2797 5091 3099 5163 :Spiritum
3146 5093 3465 5151 immundum
3493 5095 3644 5150 habet

2072 5183 2263 5253 (Marc.
2288 5199 2366 5245 ttt,
2398 5184 2527 5252 εδ).
2589 5183 2700 5239 Hoc
2724 5199 2844 5239 cum
2876 5185 3099 5239 dixisset
3139 5187 3415 5251 Dominus,
3456 5198 3644 5253 aperte

2068 5274 2251 5328 docuit
2279 5290 2438 5328 unam
2466 5275 2818 5344 eamdemque
2847 5277 3068 5331 credere
3095 5278 3448 5332 substantiam
3471 5277 3644 5332 Patris

2067 5377 2121 5419 et
2150 5364 2378 5434 Spiritus
2410 5365 2600 5429 sancti,
2627 5365 2822 5435 quippe
2867 5381 2987 5420 cum
3024 5365 3242 5437 digitus,
3279 5369 3433 5437 cujus
3458 5377 3542 5422 est
3566 5368 3643 5421 di-

2064 5458 2226 5527 gitus,
2274 5457 2514 5524 ejusdem
2563 5458 2722 5511 etiam
2775 5457 3088 5512 substantia:
3139 5458 3423 5514 habeatur.
3474 5459 3643 5514 Porro

2063 5559 2240 5603 autem
2267 5563 2386 5603 cum
2415 5547 2621 5602 diceret
2648 5547 2922 5618 discipulis
2953 5551 3063 5604 suis
3093 5566 3106 5604 :
3140 5550 3368 5618 Accipite
3391 5551 3640 5621 Spiritum

2062 5658 2326 5716 sanctum;
2358 5663 2572 5716 quorum
2602 5647 2898 5701 dimiseritit
2929 5657 3158 5717 peccata,
3189 5650 3507 5710 dimittentur
3536 5653 3637 5718 cie,
