3948 6188
226 208 318 264 835
396 203 701 261 DISSERT.
742 205 809 261 ν.
853 206 941 262 DE
980 205 1290 266 LIBELLIS
1327 207 1507 264 FIDEI
1545 191 1852 265 SCIilPTlS
1891 205 1980 261 AB
2016 206 2449 265 AUCTORIBUS
2489 207 2807 268 "ASRESIS
2847 209 3280 269 PELAGIANIE.
3361 213 3468 272 456

225 321 450 376 similiter
471 320 788 375 Ostendebat
811 321 1012 379 debere
1031 323 1281 386 credere,
1307 337 1464 376 unam
1496 322 1774 378 eamdem-
1804 321 1853 380 Α
1881 321 2172 389 sapientia,
2204 337 2324 390 qurc
2367 332 2532 377 totum
2573 337 2789 377 sensum
2826 334 3067 379 nostrum
3099 326 3263 379 altius
3301 342 3466 382 nene.

222 428 312 485 que
337 426 454 467 esse
474 412 827 466 substantiam
860 413 1031 467 Patris
1059 424 1114 469 et
1140 414 1394 484 Spiritus.
1438 415 1573 469 Dicit
1609 415 1770 469 etiam

224 510 394 562 beatus
435 505 628 560 Paulus
656 505 903 563 docens:
949 505 1173 561 Nescitis
1218 508 1353 575 quod
1397 506 1642 578 templum
1684 505 1780 559 Dei

221 613 347 664 estis,
371 608 418 652 et
447 598 673 670 Spiritus
709 599 799 652 Dei
822 600 1018 652 habitat
1043 601 1097 653 in
1124 601 1305 654 vobis?
1329 601 1372 653 si
1398 600 1511 666 quis
1536 596 1780 666 templum

224 690 310 744 Dei
342 689 620 752 violaverit,
665 691 925 760 disperdet
969 693 1116 745 illum
1151 691 1288 746 Deus
1328 692 1372 763 (l
1399 693 1518 748 Car.
1543 708 1631 755 tti,
1666 689 1774 760 16).

220 784 320 838 lloc
344 799 459 837 cum
493 783 742 852 dixisset,
774 794 959 852 aperte
987 784 1173 839 docuit
1225 801 1385 839 unam
1428 785 1780 853 eamdemque

221 890 327 930 esse
368 876 718 929 substantiam
758 885 920 943 atque
959 877 1212 931 virtutem
1274 875 1366 930 Dei
1419 886 1473 931 et
1523 875 1777 944 Spiritus,

219 967 400 1036 quippe
429 981 546 1020 cum
577 983 685 1020 non
707 983 772 1021 ex
801 968 902 1020 alia
928 983 985 1020 re
1013 981 1371 1038 cognoscatur
1399 970 1652 1035 templum
1685 967 1776 1021 Dei

217 1076 343 1123 esse,
376 1061 474 1113 nisi
507 1063 669 1115 etiam
714 1077 783 1114 ex
823 1061 1154 1116 inliabitante
1189 1060 1395 1128 Spiritu
1435 1059 1547 1114 Dei.
1581 1059 1781 1114 Scribit

215 1155 360 1208 etiam
391 1154 578 1208 beatus
615 1153 809 1206 Paulus
836 1153 902 1207 de
931 1153 1133 1222 Spiritu
1167 1162 1373 1217 sancto,
1418 1153 1497 1206 sic
1541 1151 1727 1205 dicens
1760 1167 1775 1204 :

213 1247 324 1301 Cum
353 1262 469 1299 vero
504 1262 779 1300 conuersus
814 1247 969 1315 fuerit
996 1247 1064 1298 ad
1094 1246 1388 1308 Dominum,
1417 1243 1617 1298 tollitur
1639 1245 1778 1297 vcla-

210 1354 330 1392 men.
362 1336 618 1390 Dominus
655 1347 824 1390 autem
867 1338 1078 1408 spiritus
1121 1346 1230 1401 est;
1278 1337 1365 1390 ubi
1399 1353 1516 1391 vero
1547 1337 1777 1406 Spiritus

211 1427 426 1495 Domini,
474 1429 545 1481 ibi
584 1430 793 1483 libertas
831 1427 907 1501 (ll
947 1427 1066 1482 Cor.
1102 1445 1181 1491 iii,
1213 1427 1298 1490 i6,
1337 1426 1447 1496 Π).
1490 1427 1613 1482 Huic
1654 1440 1776 1481 eum

209 1519 438 1581 dixisset.
471 1519 709 1573 ostendit
752 1519 995 1574 eamdem
1044 1533 1166 1574 esse
1195 1519 1573 1582 substantiam,
1615 1533 1680 1572 ex
1711 1532 1776 1572 eo
1817 1555 1819 1558 -

208 1611 330 1678 quod
355 1609 589 1679 Spiritus
618 1620 700 1665 est
729 1611 1006 1680 Dominus,
1029 1620 1083 1666 ει
1107 1610 1339 1681 Spiritus
1373 1610 1577 1666 Domini
1604 1609 1769 1665 liber-

210 1712 351 1757 tatem
383 1703 612 1773 largitur
637 1712 692 1758 et
719 1704 904 1759 donat.

269 1837 526 1905 Deinceps
552 1837 902 1894 vehementer
940 1838 1172 1906 disputat
1200 1847 1386 1894 contra
1428 1839 1769 1894 Macedonia-

211 1923 290 1960 nos
316 1909 378 1962 de
404 1907 647 1976 Spiritus
691 1911 858 1963 sancti
900 1910 1198 1971 divinitate.
1241 1921 1295 1964 et
1341 1910 1528 1964 eadem
1560 1925 1771 1977 unaque

211 1994 308 2031 cum
332 1979 491 2034 Patre
514 1991 569 2034 et
597 1979 732 2034 Filio
754 1983 1047 2034 substantia
1074 1997 1086 2032 :
1111 1981 1263 2046 cujus
1284 1981 1592 2046 quaestionis
1610 1996 1767 2033 causa

210 2052 414 2172 primum
464 2051 573 2107 hoc
607 2059 788 2122 caput,
823 2060 989 2106 totum
1029 2063 1282 2122 quantum
1320 2061 1425 2118 est,
1465 2051 1767 2107 conlectum

211 2135 248 2172 Vl
283 2131 414 2172 etur.

211 2131 414 2175 Videltll'.

265 2253 310 2305 5.
353 2253 445 2307 Est
485 2261 668 2307 autem
696 2252 864 2308 Filius
905 2253 958 2308 in
987 2253 1163 2322 Patre,
1199 2268 1304 2308 non
1333 2254 1476 2308 sicut
1515 2255 1565 2308 in
1601 2255 1718 2308 loco
1751 2269 1764 2308 :

210 2357 356 2411 neque
380 2345 532 2399 enim
562 2345 755 2399 ﬁnibus
785 2347 1152 2400 circumdatur
1172 2346 1289 2414 ejus
1312 2347 1639 2409 substantia;
1674 2346 1767 2401 sed

206 2435 322 2488 sicut
354 2437 584 2490 verbum
617 2437 668 2489 in
700 2445 901 2500 mente,
923 2438 1063 2491 sicut
1090 2438 1315 2507 simplex
1347 2438 1400 2491 in
1430 2439 1676 2507 simplici,
1712 2447 1766 2492 ut

205 2527 421 2580 inlinitus
452 2528 510 2581 in
555 2527 787 2591 inﬁnito,
826 2538 881 2582 et
923 2527 1154 2583 inlectus
1201 2529 1252 2584 iii
1291 2529 1510 2598 infecto,
1555 2539 1610 2582 ut
1652 2531 1768 2585 sine

203 2617 446 2687 principio
482 2619 539 2672 in
571 2633 639 2674 eo
661 2621 749 2689 qui
773 2619 892 2674 sine
913 2620 1192 2690 principio,
1218 2631 1270 2676 et
1302 2621 1555 2674 Dominus
1578 2622 1627 2674 iit
1661 2621 1766 2674 Do-

204 2713 348 2774 mitio,
377 2721 430 2765 et
469 2711 616 2766 Deus
647 2712 700 2766 in
732 2711 864 2775 Deo,
910 2722 965 2767 et
993 2712 1236 2781 ejusdem
1269 2713 1581 2767 substantia:
1611 2712 1767 2768 simul

201 2813 340 2873 atque
363 2805 646 2873 potentiae.
669 2802 932 2860 Similiter
953 2821 1078 2860 vero
1101 2815 1155 2860 et
1179 2806 1335 2860 Pater
1363 2805 1416 2859 in
1449 2805 1607 2870 Filio,
1637 2815 1688 2860 et
1714 2814 1769 2858 ut

201 2906 368 2949 tensas
397 2910 516 2950 non
547 2897 877 2965 separandus
899 2911 928 2950 a
960 2898 1123 2952 verbo
1149 2914 1162 2951 :
1194 2911 1411 2952 sensum
1443 2907 1624 2952 autem
1649 2899 1769 2951 dico

202 2984 414 3052 Patrem,
444 3003 518 3041 ex
552 2989 708 3042 nobis
751 2989 1022 3056 accipiens
1053 2989 1380 3056 exemplum,
1411 2999 1466 3042 ut
1502 3003 1598 3043 nos
1628 2989 1768 3044 scili-

203 3087 274 3131 cet
295 3077 683 3148 intelligamus,
715 3080 1163 3147 quemadmodum
1190 3080 1351 3134 Pater
1374 3080 1426 3134 iii
1458 3081 1612 3146 Filio,
1635 3091 1689 3136 et
1716 3084 1766 3136 in

203 3166 341 3225 Patre
369 3170 546 3224 Filius
574 3170 864 3233 habeatur;
896 3171 1143 3238 quamvis
1180 3171 1340 3226 etiam
1387 3171 1528 3226 unde
1560 3171 1659 3226 lioc
1685 3172 1769 3226 di-

201 3259 374 3326 Icrim,
403 3275 472 3314 ex
506 3258 686 3314 divina
715 3258 992 3328 Scriptura
1014 3273 1203 3313 causas
1232 3269 1285 3314 et
1306 3261 1506 3314 semina
1529 3275 1771 3332 sumpse-

202 3350 306 3403 rim.
335 3350 470 3405 Nam
503 3365 628 3404 cum
663 3349 854 3404 Filium
889 3349 1124 3406 Verbum
1154 3351 1434 3418 dixissent,
1480 3352 1572 3422 qui
1600 3368 1628 3407 a
1662 3353 1771 3408 Deo

199 3440 322 3496 docti
350 3453 482 3496 sunt
530 3441 803 3511 prophetze
833 3451 992 3510 atque
1016 3443 1270 3511 apostoli,
1300 3457 1517 3498 senSum
1561 3459 1660 3498 nos
1688 3445 1771 3498 in-

204 3533 419 3604 telligere
462 3533 681 3589 Patrem
715 3532 834 3587 sine
861 3532 1194 3588 dubitatione
1221 3533 1543 3599 docuerunt,
1575 3535 1770 3603 quippe

201 3638 303 3679 cum
329 3641 437 3680 non
472 3624 636 3679 aliter
667 3623 896 3679 Verbum
923 3624 1094 3692 possit
1123 3624 1488 3693 intelligi,nisi
1516 3642 1580 3680 ex
1608 3641 1768 3680 sensu

200 3732 279 3780 seu
303 3731 488 3775 mente
520 3729 792 3773 nascatur.
822 3718 1048 3773 Sensum
1086 3729 1263 3774 autem
1292 3719 1440 3785 dico,
1475 3735 1578 3774 non
1609 3722 1767 3775 talem

199 3812 354 3876 qualis
395 3820 484 3864 est
535 3818 738 3873 noster,
775 3811 1028 3879 quoniam
1069 3825 1134 3864 ne
1167 3812 1383 3865 vei-bum
1416 3811 1627 3880 quidem
1676 3812 1770 3867 Dei

199 3901 291 3955 tale
315 3902 474 3970 quale
501 3909 741 3972 nostrum
769 3912 851 3955 est
876 3919 888 3954 :
921 3917 1094 3970 neque
1114 3902 1230 3969 ejus
1255 3902 1516 3971 sapientia
1542 3903 1662 3958 talis
1689 3912 1771 3958 est

198 3994 356 4060 qualis
395 4004 588 4048 nostra
620 4002 723 4047 est.
763 3993 1024 4048 Similiter
1070 4006 1246 4047 autem
1292 3995 1454 4047 etiam
1508 3994 1767 4064 Spiritum

199 4091 421 4137 sanctum
451 4083 686 4137 dicimus
717 4083 768 4136 in
818 4083 996 4150 Patre,
1025 4092 1079 4137 et
1106 4086 1154 4136 in
1201 4081 1338 4137 Filio
1369 4085 1610 4151 ejusdem
1643 4085 1770 4138 sub-

198 4175 391 4228 stantia:
434 4173 528 4228 vel
573 4175 843 4244 potentizr,
876 4185 1147 4243 tamquam
1180 4177 1497 4244 Sapientiam
1524 4177 1575 4230 iu
1608 4191 1768 4231 sensu

199 4265 427 4321 simulet
470 4267 663 4322 verbo.
713 4267 882 4322 Porto
928 4276 1105 4321 autem
1155 4267 1366 4322 Patrem
1408 4277 1462 4324 et
1492 4269 1683 4323 Filium
1715 4269 1767 4323 in

199 4356 385 4424 Spiritu
417 4357 666 4428 ejusdem
695 4357 1006 4412 substantia:
1028 4359 1186 4413 simul
1218 4370 1377 4428 atque
1409 4361 1684 4429 pcteiuice,
1713 4371 1766 4415 et

201 4457 458 4521 tamquam
493 4466 713 4505 sensum
761 4466 825 4506 ac
868 4452 1116 4518 verbum,
1146 4468 1266 4522 qua:
1297 4468 1400 4508 non
1446 4468 1474 4506 a
1506 4453 1763 4524 sapientia

199 4554 529 4611 separantur,
554 4557 674 4598 esse
699 4543 941 4599 dicimus.

260 4677 489 4731 Mentem
516 4678 654 4731 dixit
681 4692 777 4744 pro
799 4679 976 4737 Patre.
1003 4679 1144 4747 quod
1169 4679 1342 4734 solent
1378 4690 1585 4735 veteres
1617 4681 1767 4736 tlieoo

200 4746 289 4812 logi
322 4765 335 4800 :
363 4763 586 4803 sensum
624 4760 930 4821 premente
962 4746 1109 4803 mure
1147 4763 1388 4804 veterum
1424 4751 1765 4821 philosopho-

201 4831 326 4895 runt,
351 4833 491 4895 quos
516 4821 685 4895 refert
712 4819 1270 4895 Arist«_»teles__d_ixisse
1293 4836 1308 4895 ξ
1341 4821 1401 4895 τᾷ
1431 4819 1647 4895 φρονεῑνζ
1679 4827 1765 4878 καὶ

199 4887 247 4940 τὸ
267 4891 588 4960 αἰσθᾷνισθαι
627 4889 672 4944 τ’
688 4891 812 4943 αὐτὸ
847 4885 971 4944 εἶναι
1012 4889 1146 4960 (Lib.
1182 4905 1236 4944 Ill
1267 4891 1330 4943 de
1362 4885 1533 4945 Anim.
1563 4885 1679 4960 cap.
1703 4895 1757 4960 ὅ,

200 4966 308 5010 test.
344 4959 492 5027 150).

260 5092 308 5146 6.
352 5093 505 5160 Quod
537 5103 712 5148 autem
742 5093 793 5147 in
825 5093 933 5147 Deo
957 5093 1188 5163 Spiritus
1211 5102 1315 5156 est,
1361 5094 1515 5163 quasi
1544 5109 1610 5150 ex
1645 5095 1763 5163 ejus

201 5184 486 5237 substantia
515 5186 601 5249 sit,
658 5194 711 5238 et
749 5185 896 5252 quasi
943 5183 1083 5237 idem
1130 5185 1200 5238 sit
1235 5193 1480 5251 uterque,
1512 5194 1651 5239 etut
1694 5188 1764 5240 ita

199 5273 384 5339 dicam,
422 5285 560 5329 totus
587 5275 639 5329 in
671 5286 805 5342 toto,
838 5286 889 5329 et
920 5276 1009 5346 qui
1042 5276 1158 5344 ejus
1181 5276 1289 5329 alta
1313 5285 1366 5332 et
1390 5277 1650 5346 profunda
1676 5290 1767 5332 co-

200 5377 435 5430 gnoscat,
468 5369 622 5422 etiam
656 5369 844 5422 beatus
869 5367 1061 5421 Paulus
1084 5369 1264 5433 docet,
1292 5367 1371 5424 sic
1400 5369 1587 5424 dicens
1614 5386 1628 5422 :
1653 5368 1767 5423 No-

201 5456 266 5509 bis
295 5468 465 5512 autem
492 5460 725 5513 reuelauit
763 5458 902 5513 Deus
936 5476 1024 5525 per
1065 5459 1341 5530 Spiritum.
1377 5461 1604 5531 Spiritus
1631 5463 1767 5515 enim

206 5553 364 5602 omnia
396 5562 671 5612 scrutatur,
713 5553 866 5605 etiam
910 5551 1171 5621 profunda
1215 5552 1308 5604 Dei
1347 5552 1388 5623 (1
1415 5551 1536 5606 Cor.
1566 5568 1624 5618 ti,
1655 5553 1765 5620 10).

209 5637 352 5697 Unde
381 5654 598 5713 accepto
644 5658 671 5695 a
704 5643 862 5700 nobis
896 5645 1166 5715 exemplo,
1193 5644 1296 5700 hoc
1324 5653 1428 5715 est,
1471 5659 1537 5698 ex
1584 5654 1766 5700 nostra

1893 419 2018 476 trat,
2047 422 2100 466 et
2130 428 2250 479 qua:
2281 424 2404 468 sunt
2451 414 2502 468 iii
2551 430 2616 468 eo
2645 426 2835 468 cuneta
2879 418 3178 485 cognoscit,
3209 419 3468 488 deinceps

1885 501 2012 556 dicit
2043 521 2056 556 :
2093 503 2220 568 Quis
2254 506 2390 559 enim
2433 508 2568 561 novit
2599 509 2882 570 hominum,
2921 526 3036 577 quia
3066 511 3280 565 hominis
3327 520 3466 578 sunt,

1883 594 1984 648 nisi
2011 595 2226 663 spiritus
2243 595 2488 663 hominis,
2515 601 2603 668 qui
2625 602 2676 654 in
2701 617 2759 654 eo
2780 602 2983 654 est?sic
3006 612 3054 654 et
3075 619 3188 671 quia
3212 603 3306 656 Dei
3327 616 3444 657 sunt

1882 700 2027 738 nemo
2053 687 2146 738 scit
2177 689 2277 740 nisi
2304 687 2533 757 Spiritus
2562 690 2655 744 Dei
2685 691 2724 761 (1
2751 690 2870 746 Cor.
2901 709 2960 756 tt,
2994 693 3104 762 li).
3137 693 3260 747 ideo
3286 705 3465 747 autem

1883 774 2072 830 beatus
2103 775 2300 830 Paulus
2324 777 2390 831 de
2414 779 2568 832 nobis
2591 782 2798 848 accepit
2823 782 3146 852 exemplum,
3177 783 3466 838 05tendere

1879 871 2095 936 voletis,
2129 873 2400 940 quomodo
2428 873 2662 939 Spiritus
2700 874 2796 927 Dei
2839 876 3005 943 ipsius
3033 877 3138 930 alta
3163 879 3462 945 cognoscit,

1881 960 2133 1030 quoniam
2183 963 2333 1016 novit
2374 963 2642 1018 hominem
2694 964 2976 1034 imaginem
3009 981 3128 1020 esse
3161 969 3252 1020 Dei
3285 967 3462 1022 Patris

1881 1060 1936 1104 et
1967 1051 2082 1105 Filii
2118 1060 2168 1105 et
2205 1051 2434 1120 Spiritus
2463 1056 2652 1107 sancti.
2685 1057 2775 1108 Est
2796 1057 2937 1108 enim
2962 1055 3138 1124 imago
3158 1058 3246 1110 Dei
3278 1058 3460 1122 homo,

1881 1146 2078 1214 quippe
2107 1162 2227 1201 cum
2256 1147 2326 1200 sit
2352 1146 2693 1201 rationabilis
2720 1163 2780 1200 ac
2810 1161 3025 1200 sensum
3077 1160 3130 1201 et
3160 1150 3381 1202 verbum
3410 1160 3462 1203 et

1881 1237 2196 1304 sapientiam
2245 1237 2461 1291 habeat.
2510 1239 2662 1292 Sient
2691 1239 2848 1292 etiam
2892 1239 3103 1308 Mtiyses
3131 1239 3305 1303 docet,
3338 1254 3461 1293 cuni

1880 1327 2010 1381 dicit
2043 1345 2057 1382 :
2089 1327 2154 1381 Et
2194 1329 2324 1382 dixit
2354 1328 2532 1383 Deus:
2572 1327 2850 1382 Faciamus
2891 1330 3145 1383 hominem
3183 1333 3462 1383 secundum

1881 1421 2172 1488 imaginem,
2206 1437 2309 1475 non
2340 1438 2502 1475 meam
2532 1423 2727 1484 solum,
2760 1421 2852 1476 sed
2880 1422 3159 1474 secundum
3190 1422 3465 1492 imaginem

1879 1521 1926 1563 et
1953 1512 2344 1565 similitudinem
2371 1522 2596 1565 nostram
2620 1511 2774 1577 (Gen.
2810 1529 2845 1577 i,
2877 1512 2995 1581 26).

1959 1601 2012 1654 7.
2054 1603 2202 1666 Quod
2234 1613 2410 1656 autem
2444 1605 2582 1658 sicut
2609 1603 2780 1657 Patris
2821 1615 2900 1657 est
2942 1604 3175 1671 Spiritus
3219 1614 3460 1672 sanctus,

1803 1675 1846 1734 Β
1875 1690 1952 1744 sic
1979 1692 2140 1745 etiam
2177 1691 2295 1745 Filii
2329 1694 2527 1761 pariter
2554 1693 2801 1757 habetur,
2836 1693 2992 1747 docet
3033 1695 3223 1748 iterum
3273 1696 3460 1751 beatus

1876 1781 2095 1847 Paulus,
2125 1782 2203 1836 sic
2229 1782 2414 1836 dicens
2438 1800 2451 1835 :
2490 1782 2592 1836 Vos
2619 1793 2788 1836 autem
2815 1801 2916 1836 non
2943 1786 3062 1837 estis
3085 1786 3136 1837 in
3163 1802 3335 1854 carne,
3369 1787 3459 1840 sed

1872 1873 1925 1925 in
1967 1873 2172 1941 Spiritu,
2225 1873 2520 1954 siquidem
2565 1874 2797 1943 Spiritus
2845 1874 2942 1928 Dei
2983 1877 3177 1929 habitat
3221 1878 3273 1930 in
3314 1880 3456 1933 vobis

1873 1965 2053 2035 (Rom.
2085 1983 2198 2032 viii,
2235 1967 2314 2035 9),
2349 1967 2447 2020 lioc
2479 1974 2580 2032 est,
2617 1967 2707 2020 Dei
2749 1966 2942 2020 Patris.
2997 1967 3063 2021 Et
3091 1968 3346 2038 deinceps
3377 1969 3458 2022 di-

1871 2057 1944 2111 cit
1970 2075 1981 2109 :
2019 2057 2080 2112 Si
2108 2059 2222 2127 quis
2249 2066 2417 2110 autem
2446 2057 2684 2126 spiritum
2716 2058 2906 2112 Christi
2932 2076 3038 2112 non
3064 2060 3229 2123 liabet,
3250 2062 3334 2112 hic
3355 2079 3457 2115 non

1871 2159 1945 2202 est
1969 2149 2149 2220 ipsius.
2170 2147 2308 2202 Dicit
2330 2158 2508 2202 autem
2537 2157 2591 2202 et
2614 2147 2665 2202 iti
2689 2149 2798 2202 alio
2826 2149 2942 2204 loco
2968 2167 2980 2203 :
3010 2150 3264 2214 Quoniam
3286 2161 3456 2204 autem

1873 2239 1969 2306 lilii
1999 2240 2140 2304 estis,
2171 2240 2306 2292 misit
2347 2239 2480 2292 Deus
2507 2240 2746 2306 spiritum
2775 2237 2901 2292 Filii
2928 2241 3006 2292 sui
3033 2241 3084 2292 in
3108 2243 3264 2294 corda
3289 2252 3455 2294 vestra

1872 2327 2180 2383 clamantem
2209 2345 2224 2385 :
2253 2329 2394 2384 Abba
2427 2328 2586 2381 Pater
2613 2329 2754 2397 (Gal.
2778 2345 2850 2396 iv,
2876 2330 2954 2399 6).
2985 2329 3128 2383 Idem
3155 2338 3328 2384 autem
3357 2331 3454 2384 Pa-

1873 2423 1970 2476 tris
2022 2433 2072 2476 et
2120 2421 2238 2476 Filii
2279 2431 2365 2476 est
2411 2420 2640 2490 Spiritus
2679 2430 2917 2489 sanctus,
2971 2423 3225 2492 quoniam
3278 2437 3453 2492 neque

1874 2513 2029 2568 Pater
2051 2522 2153 2579 est,
2189 2528 2362 2581 neque
2394 2513 2578 2568 Filius.
2628 2513 2697 2569 Ut
2723 2524 2897 2568 autem
2927 2523 3153 2582 accepto
3202 2530 3386 2568 rursus
3421 2530 3453 2567 a

1872 2605 2026 2660 nobis
2058 2605 2309 2674 exemplo
2353 2606 2550 2669 dicam,
2593 2606 2848 2674 quoniam
2898 2621 3001 2659 non
3052 2616 3131 2660 est
3180 2614 3451 2675 tamquam

1874 2713 2066 2754 sensus
2111 2713 2373 2768 generans
2409 2698 2651 2763 verbum,
2699 2713 2871 2766 neque
2919 2707 3192 2766 tamquam
3224 2699 3452 2752 verbum

1872 2790 2011 2860 quod
2034 2782 2322 2860 generatur
2344 2807 2370 2842 a
2395 2805 2578 2853 sensu,
2604 2789 2696 2844 sed
2722 2800 2776 2843 ut
2797 2789 3084 2860 sapientia,
3102 2806 3221 2861 qua:
3241 2806 3269 2844 a
3288 2806 3451 2846 sensu

1874 2884 2092 2939 minime
2114 2893 2431 2954 segregatur
2457 2891 2510 2938 et
2537 2883 2721 2938 verbo.

1797 3049 1843 3110 ρ
1905 3107 1916 3110 _
1944 3036 2126 3092 Videri
2157 3045 2329 3110 potest
2357 3036 2630 3110 catholica
2646 3037 2850 3110 sentire
2875 3037 2941 3091 de
2963 3037 3306 3106 processione
3328 3037 3454 3108 Spi-

1864 3107 2010 3161 «ritus
2039 3108 2208 3160 sancti
2238 3122 2264 3159 a
2293 3107 2446 3160 Patre
2476 3119 2527 3159 et
2560 3107 2693 3161 Filio
2739 3125 2750 3158 :
2795 3123 3133 3176 unaqua-que
3161 3110 3302 3161 enim
3336 3107 3456 3169 per-

1871 3193 1999 3233 sona
2036 3179 2234 3231 dicitur
2261 3177 2433 3237 ἁπλῶς
2465 3178 2606 3230 illius
2632 3193 2771 3239 esse,
2814 3193 2842 3229 a
2883 3193 2984 3245 qua
3009 3179 3266 3246 procedit.
3300 3179 3453 3244 Quod

1871 3249 2018 3319 sihita
2048 3249 2234 3313 sensit,
2272 3263 2300 3300 a
2333 3247 2616 3301 Theodoro
2646 3250 2825 3316 utique
2856 3250 3100 3319 recessit,
3135 3248 3223 3319 qui
3255 3249 3455 3302 diserte

1869 3317 2121 3389 afﬁrmat,
2150 3319 2408 3385 Spiritum
2441 3327 2682 3371 sanctum
2708 3315 3003 3389 nequeiesse
3039 3315 3257 3380 Filium,
3297 3334 3456 3389 neque

1871 3405 1960 3457 per
1985 3387 2176 3442 Filium
2206 3389 2523 3442 existentiam
2544 3389 2796 3460 accepisse
2832 3388 3090 3458 (Symbol.
3115 3406 3170 3460 p.
3194 3391 3273 3458 5).

1941 3546 1995 3600 8.
2035 3545 2186 3612 Quod
2218 3553 2395 3600 autem
2431 3545 2601 3598 Patris
2641 3553 2697 3599 et
2745 3543 2862 3598 Filii
2908 3553 2962 3599 et
3006 3543 3238 3614 Sp'ritus
3283 3543 3455 3598 sancti

1871 3635 2166 3690 substantia
2210 3651 2334 3698 una,
2387 3636 2686 3702 eademque
2718 3633 2887 3687 virtus
2914 3644 3016 3700 est,
3047 3636 3208 3689 etiam
3243 3635 3456 3704 Moyses

1871 3724 2102 3778 lautulus
2136 3724 2345 3778 Domini
2374 3724 2554 3788 docet,
2579 3739 2698 3777 cum
2726 3724 2804 3777 sic
2830 3725 2967 3777 dicat
2999 3742 3012 3776 :
3038 3723 3105 3780 Et
3127 3726 3256 3778 dixit
3279 3723 3413 3778 Deus
3436 3740 3456 3777 :

1873 3814 2146 3869 Faciamus
2177 3816 2429 3868 hominem
2454 3815 2736 3868 secundum
2765 3816 3040 3885 imaginem
3081 3827 3129 3870 at
3156 3818 3457 3871 similitudi-

1879 3924 1989 3962 nem
2019 3917 2239 3960 nostram
2272 3905 2424 3977 (Gen.
2451 3921 2487 3970 t,
2509 3906 2621 3976 26).
2676 3905 2807 3959 Nam
2853 3921 2973 3960 cum
3005 3907 3228 3960 deberet
3270 3907 3454 3962 dicere

1869 3999 2208 4068 singulariter
2228 3999 2440 4069 faciam,
2475 3998 2752 4067 pluraliter
2782 3998 3038 4066 faciamus
3063 3998 3224 4065 dixit,
3251 4006 3304 4051 et
3343 4013 3452 4052 non

1869 4090 2162 4145 secundum
2193 4107 2390 4156 meam,
2444 4089 2536 4144 sed
2569 4089 2865 4145 secundum
2897 4103 3118 4142 nostram
3164 4088 3453 4157 imaginem

1871 4182 2022 4237 dixit.
2070 4182 2135 4236 Et
2176 4184 2369 4236 iterum
2421 4181 2553 4235 dixit
2583 4198 2595 4233 :
2628 4179 2696 4233 Et
2721 4182 2838 4250 fecit
2875 4179 3009 4232 Deus
3038 4179 3311 4244 hominem,
3346 4193 3453 4235 non

1870 4274 2116 4342 fecerunt.
2149 4273 2261 4326 Hoc
2289 4283 2466 4325 autem
2497 4271 2643 4334 facit,
2677 4280 2733 4324 ut
2762 4269 3010 4323 ostendat
3038 4278 3145 4324 tres
3171 4283 3451 4338 personas,

1873 4363 1971 4418 lioc
1992 4373 2094 4424 est,
2122 4361 2294 4416 Patris
2316 4372 2368 4415 et
2396 4361 2515 4415 Filii
2549 4372 2601 4416 et
2628 4360 2865 4429 Spiritus
2893 4360 3086 4424 sancti,
3131 4373 3288 4414 uuam
3332 4375 3455 4420 esse

1871 4453 2225 4523 eamdemque
2252 4465 2518 4514 naturam,
2564 4453 2956 4521 indivisanique
2982 4452 3339 4507 divinitatem.
3371 4453 3456 4507 Si-

1871 4547 2072 4600 militer
2093 4557 2273 4599 autem
2304 4545 2464 4599 etiam
2496 4544 2754 4613 preplieta
2799 4543 2962 4597 David
2992 4559 3153 4597 unam
3181 4544 3457 4598 eamdem~

1868 4653 1973 4707 quc
2003 4638 2255 4690 virtutem
2286 4635 2455 4689 Patris
2480 4643 2534 4689 et
2557 4635 2676 4689 Filii
2708 4644 2761 4689 et
2803 4635 3040 4702 Spiritus
3065 4634 3237 4688 sancti
3269 4635 3452 4700 docet,

1866 4742 1987 4781 cuni
2017 4727 2096 4780 sic
2120 4726 2251 4780 dicit
2278 4741 2293 4782 :
2333 4725 2496 4778 Verbo
2526 4725 2732 4778 Domini
2753 4727 2863 4777 caeli
2887 4725 3078 4792 ﬁrmati
3103 4734 3243 4789 sunt,
3273 4733 3320 4776 et
3349 4726 3457 4794 spi-

1866 4821 1968 4872 ritu
1994 4821 2096 4872 oris
2120 4821 2231 4888 ejus
2260 4818 2421 4870 omnis
2448 4819 2603 4870 virtus
2634 4833 2806 4871 eorum
2828 4815 2999 4886 (Psal.
3025 4830 3194 4874 χχιιι.
3225 4815 3302 4884 6).

1943 4910 1995 4963 9.
2040 4909 2208 4963 Porro
2259 4917 2438 4962 autem
2493 4919 2713 4962 sanctus
2760 4907 2993 4960 Joannes
3043 4906 3349 4976 apostolus,
3400 4914 3458 4960 tit

1870 5004 2097 5058 doceret
2124 5017 2283 5056 unam
2311 5001 2664 5070 eamdemque
2697 4999 2817 5053 Filii
2851 4998 3005 5053 simul
3039 5007 3092 5052 et
3122 4997 3294 5052 Patris
3334 5012 3458 5051 esse

1869 5094 2251 5157 substantiam,
2284 5092 2364 5147 sic
2393 5092 2523 5146 dicit
2554 5109 2567 5144 :
2610 5091 2676 5143 In
2708 5091 2963 5160 principio
2993 5098 3100 5142 erat
3141 5086 3378 5151 Verbum,
3408 5097 3457 5140 et

1879 5186 2096 5240 Verbum
2133 5197 2242 5240 erat
2277 5186 2417 5254 apud
2446 5183 2632 5250 Deum,
2673 5194 2718 5237 et
2767 5183 2903 5236 Deus
2938 5193 3045 5236 erat
3076 5181 3328 5246 Verbum;
3360 5181 3458 5236 hoc

1868 5288 1976 5332 erat
2004 5279 2054 5330 in
2091 5277 2347 5348 principio
2386 5276 2526 5342 apud
2561 5275 2748 5341 Deum,
2789 5275 2959 5327 omnia
2987 5290 3076 5343 per
3111 5274 3280 5344 ipsum
3316 5271 3456 5341 facta

1870 5380 1985 5422 sunt
2009 5367 2189 5440 (Joan.
2219 5384 2258 5434 t,
2285 5367 2356 5438 1).
2383 5366 2516 5421 Cum
2549 5367 2798 5431 dixisset,
2824 5367 2874 5417 in
2900 5366 3152 5435 principia
3183 5373 3292 5416 erat
3323 5359 3454 5414 Ver-

1869 5461 2006 5527 bum,
2037 5470 2091 5513 et
2115 5475 2242 5522 non,
2273 5473 2338 5513 ex
2370 5457 2653 5530 principio,
2681 5472 2852 5527 nequc
2900 5457 3115 5521 iterum,
3159 5469 3281 5507 cum
3307 5452 3456 5521 prin.

1869 5555 2010 5622 cipio
2037 5565 2150 5608 erat
2185 5552 2440 5616 Verbum,
2471 5551 2575 5616 vel,
2607 5550 2706 5604 sub
2750 5547 3035 5618 principio,
3086 5558 3273 5617 aperte
3297 5545 3455 5599 docet

1873 5645 2103 5700 Verbum
2150 5645 2265 5698 sine
2316 5642 2580 5714 principio
2623 5655 2681 5697 es
2714 5657 2764 5709 c,
2818 5639 2971 5711 quasi
3021 5637 3268 5707 superius
3313 5639 3452 5688 esset
