3948 6188
397 281 504 336 ιεις

824 269 916 326 AD
955 262 1230 324 PARTEM
1273 257 1537 315 PRIMAM
1575 250 1854 309 OPERUM
1900 249 1970 304 Μ.
2014 243 2452 302 MERCATODIS
2491 239 2833 297 APPENDIX
2872 236 3188 294 SECUNDA

3547 236 3652 290 ικεῑ

399 396 544 453 omni
585 391 869 464 prtncipto,
897 397 950 442 et
987 386 1100 454 ipse
1135 383 1203 436 sit
1244 393 1400 432 causa
1432 373 1699 443 principii.
1740 369 1796 423 Si
1825 367 1967 421 enim
1997 369 2044 427 Α
2072 361 2273 432 Spiritu
2322 372 2469 414 tuum
2499 357 2799 464 fon-silium
2851 354 3015 464 dict-i-
3047 351 3237 457 salvati
3293 361 3450 464 Hllll.’
3498 352 3655 464 Sno-ut

398 463 704 552 omniaiper
752 482 924 550 ipsum
969 477 1105 528 facta
1142 482 1289 533 sunt,
1331 483 1453 523 cum
1500 463 1752 519 omnibus
1791 471 1970 552 autem

397 583 558 635 etiam
584 573 896 646 principium
921 567 1166 628 habetur,
1183 571 1239 616 et
1259 560 1428 630 ipsius
1447 555 1715 646 principii,
1735 562 1790 605 et
1809 551 1972 606 tctius

397 645 654 733 deinceps
687 674 802 734 post
840 659 1164 730 principium
1199 650 1378 720 spatii,
1411 647 1644 701 Verbtnn
1688 645 1860 710 ipsum
1890 650 1973 734 est

397 771 552 828 caput
595 768 648 811 et
690 733 871 811 causa.
905 751 957 804 in
1005 762 1112 817 quo
1159 745 1331 814 spatio
1373 752 1614 808 tempora
1648 738 1727 792 vel
1777 733 1968 789 sarcula

394 825 761 900 continentur.
823 843 1028 896 Rursus
1079 838 1240 890 etiam
1291 847 1410 886 cum
1461 831 1710 889 dixisset,
1752 825 1972 879 Verbum

396 958 499 995 erat
522 939 659 1010 apud
691 937 874 998 Deum,
904 929 1296 985 snbstantivum
1316 924 1550 976 ostendit
1570 935 1689 974 esse
1714 918 1968 980 Verbum,

395 1009 644 1100 quoniam
677 1041 779 1079 non
808 1024 960 1081 dixit.
995 1024 1048 1073 in
1092 1020 1200 1073 Deo
1249 1027 1364 1071 erat
1397 1014 1651 1073 Verbum,
1683 1010 1802 1070 Sed,
1836 1009 1970 1062 Ver-

396 1125 518 1176 bum
544 1131 660 1174 erat
685 1117 825 1186 apud
854 1118 1037 1168 Deum.
1068 1113 1236 1166 Porro
1261 1118 1435 1161 autem
1461 1107 1716 1172 deinceps
1742 1105 1929 1156 dicens
1955 1116 1972 1156 :

400 1215 462 1268 Et
499 1214 632 1266 Deus
661 1220 770 1265 erat
808 1207 1063 1269 Verbum;
1089 1204 1242 1257 docet
1275 1215 1431 1253 nuam
1457 1197 1810 1264 eamdemque
1849 1207 1972 1247 esse

395 1305 749 1359 substantiam
796 1311 957 1369 atque
1003 1299 1253 1350 virtutem
1287 1293 1458 1346 Patris
1491 1301 1546 1346 ct
1573 1285 1694 1341 Filii
1723 1305 1736 1341 :
1774 1288 1972 1356 quippe

394 1414 514 1451 cntn
545 1395 670 1450 nihil
701 1395 910 1448 intersit
935 1392 1074 1445 inter
1099 1391 1263 1441 Deum
1287 1398 1339 1441 et
1368 1385 1554 1445 Deum,
1585 1395 1704 1434 cum
1745 1388 1972 1444 uterque

395 1487 658 1559 principio
684 1493 890 1547 careat,
923 1481 1018 1535 scd
1067 1495 1168 1532 una
1212 1478 1282 1531 sit
1328 1476 1604 1540 utriusque
1651 1469 1967 1534 substantia,

395 1582 689 1649 eademque
713 1579 908 1646 pariter
934 1585 986 1629 et
1015 1574 1205 1626 virtus.
1253 1569 1419 1624 Porro
1440 1576 1618 1620 autem
1646 1579 1768 1617 cum
1801 1563 1927 1616 dicit
1955 1579 1968 1614 :

398 1675 512 1727 lloc
554 1683 659 1726 erat
689 1672 740 1725 in
774 1669 1025 1737 principia
1055 1666 1191 1737 apud
1227 1663 1408 1727 Deum,
1450 1661 1621 1713 omnia
1670 1674 1760 1726 per
1802 1657 1970 1726 ipsum

2075 456 2236 507 etiam
2275 453 2461 505 beatus
2499 450 2692 505 Paulus
2721 450 2795 502 ait
2825 464 2840 502 :
2875 447 3042 501 Nobis
3071 447 3207 499 enim
3239 445 3473 497 reuelauit
3517 443 3656 496 Deus

2073 558 2164 613 per
2194 542 2447 613 Spiritum
2474 551 2739 604 sanctum;
2764 539 2994 606 Spiritus
3021 537 3154 591 enim
3181 536 3352 589 omnia
3373 547 3656 598 scrutatur,

2073 634 2224 687 etiam
2250 633 2359 686 alta
2392 631 2485 685 Dei
2514 630 2552 699 (1
2583 629 2702 685 Cor.
2733 645 2792 694 tt,
2819 626 2928 701 10).

2147 721 2233 777 ll.
2277 722 2440 791 Igitur
2475 736 2594 776 cum
2628 723 2762 776 tales
2794 733 2957 775 testes
2993 719 3316 780 habeamus,
3349 733 3452 772 non
3498 718 3664 772 dubi-

2077 824 2190 868 tare
2213 815 2472 869 debemus
2493 816 2618 884 qttin
2649 823 2893 882 oporteat
2929 815 3108 867 dicere
3141 813 3527 868 sabstantivam
3561 813 3658 866 Dei

2074 905 2390 972 sapientiam
2422 905 2675 975 Spiritum
2705 915 2948 960 sanctum
2978 919 3126 967 esse,
3161 919 3258 973 per
3283 919 3440 973 quem
3470 905 3655 957 omnia

2073 1012 2192 1065 qua:
2213 1009 2392 1050 creata
2425 1005 2549 1050 sunt
2576 1011 2604 1049 a
2641 996 2778 1058 Deo,
2811 1008 3063 1050 constare
3105 1007 3411 1050 noscuntur.
3444 996 3530 1049 Sic
3556 997 3656 1064 igi-

2075 1099 2161 1145 tur
2193 1091 2428 1144 nonnulli
2474 1090 2649 1142 minus
2676 1089 3065 1158 intelligentes,
3100 1103 3259 1143 unam
3300 1088 3658 1154 eamdemque

2075 1198 2358 1251 personam
2392 1182 2706 1249 sapientiam
2738 1181 2828 1235 Dei
2861 1191 2916 1236 et
2951 1181 3277 1248 unigenitum
3325 1181 3489 1234 Deu'n
3521 1180 3659 1235 Ver-

2075 1272 2198 1327 bum
2227 1288 2347 1328 esse
2371 1275 2640 1337 dixerunt,
2671 1274 2909 1328 volentes
2943 1287 2970 1322 a
3002 1273 3159 1326 beato
3191 1271 3350 1323 Paullo
3379 1287 3568 1325 eau~as
3597 1281 3658 1324 et

2075 1366 2277 1419 semina
2309 1381 2558 1432 sumere;
2593 1366 2644 1419 itt
2673 1380 2738 1418 eo
2764 1364 2905 1433 quod
2929 1365 3055 1420 dicit
3085 1381 3098 1419 :
3133 1363 3244 1416 Nos
3266 1375 3435 1417 autem
3464 1365 3658 1433 pra'di-

2073 1471 2250 1508 camus
2291 1454 2578 1519 Christum,
2615 1463 2661 1508 et
2703 1455 2837 1507 hunc
2858 1455 3190 1522 cruciﬁxum,
3215 1453 3415 1506 Judwis
3447 1454 3658 1522 quidem

2073 1548 2400 1610 scandalum,
2430 1548 2660 1616 gentibus
2688 1563 2802 1601 vero
2825 1547 3096 1600 stultitiam
3115 1585 3129 1607 ,
3153 1547 3276 1613 ipsis
3310 1561 3424 1599 vero
3464 1546 3659 1600 tacetis

2073 1637 2276 1693 Juda’is
2307 1649 2352 1692 et
2382 1638 2574 1693 Gra'cis
2612 1638 2871 1692 Christum
2907 1638 3002 1692 Dei
3045 1638 3298 1700 virtutem,
3339 1649 3385 1690 et
3425 1637 3522 1691 Dei
3561 1655 3658 1690 sa-

396 1772 532 1836 facta
561 1774 705 1827 sunt;
736 1730 924 1831 aperte
943 1730 1051 1811 'nos
1081 1730 1253 1821 docet,
1288 1771 1391 1808 non
1439 1753 1571 1807 duas
1601 1753 1800 1805 debere
1843 1749 1966 1803 sub.
2001 1741 2045 1799 B
2072 1732 2314 1836 lii-“"55"”
2336 1732 2387 1803 (Ι
2410 1730 2530 1786 δον·
2552 1732 2822 1834 ¹νο⁶ὶδνῗὶηι
2857 1731 2958 1836 Si“
2993 1732 3043 1787 ίη
3073 1731 3154 1836 hi:
3175 1747 3293 1836 (ιξκν
3311 1731 3444 1832 dm}
3465 1731 3661 1836 Ινςξξίυθ

395 1856 617 1911 stautias
661 1853 886 1907 credere
928 1859 1221 1918 separatas,
1267 1860 1441 1913 neque
1475 1851 1766 1910 potestates
1811 1850 1973 1907 atque

399 1949 643 2010 virtutes,
674 1943 928 2012 quoniam
961 1957 1098 1995 nuus
1131 1948 1212 1992 est
1240 1939 1398 1994 Deus.
1423 1937 1508 2003 qui
1541 1951 1634 2003 per
1661 1950 1816 1987 suum
1846 1935 1976 1986 sub-

396 2039 685 2092 stantivntn
717 2036 945 2090 Verbum
973 2033 1148 2087 Omnia
1170 2030 1353 2084 condit
1376 2038 1428 2080 et
1458 2038 1626 2082 creat.
1655 2025 1778 2079 Ideo
1795 2035 1972 2079 autem

398 2131 676 2192 docentur,
732 2144 836 2181 non
885 2136 998 2181 tres
1054 2126 1233 2178 dicere
1279 2121 1607 2174 substantias
1645 2128 1970 2188 segregatas,

399 2221 610 2275 Patrem
643 2230 694 2273 et
729 2218 921 2272 Filium
951 2231 1002 2272 et
1035 2217 1290 2286 Spiritum
1321 2225 1588 2276 sanctum,
1622 2228 1796 2281 neque
1827 2223 1979 2279 pote-

397 2323 565 2365 States
610 2319 768 2380 atque
820 2309 1043 2362 virtutes
1095 2322 1122 2358 a
1170 2316 1343 2360 semet
1391 2303 1617 2358 invicem
1659 2312 1971 2370 separatas:

397 2405 596 2473 quippe
639 2417 759 2457 cum
809 2401 950 2455 Deus
994 2415 1134 2454 unus
1161 2399 1248 2464 sit,
1281 2397 1368 2468 qui
1418 2397 1582 2450 verbo
1627 2403 1682 2449 ct
1712 2391 1975 2462 sapientia

399 2496 577 2550 omnia
609 2508 796 2547 creare
824 2493 1178 2562 dignoscitur.

474 2587 561 2643 10.
602 2585 752 2654 Quod
799 2595 976 2638 autem
1023 2583 1073 2635 in
1124 2580 1382 2649 sapientia
1431 2588 1642 2633 etcum
1691 2575 1976 2647 Sapientia,

403 2681 506 2734 hoc
533 2687 636 2741 est,
669 2693 789 2730 cum
819 2675 1017 2746 Spiritu
1048 2683 1254 2736 Sancto,
1285 2673 1421 2727 Deus
1448 2671 1628 2724 omnia
1654 2669 1798 2734 facit,
1827 2669 1980 2723 testis

400 2783 483 2826 cst
513 2779 728 2825 sanctus
758 2765 922 2822 David
953 2767 1231 2835 pr0plteta,
1264 2779 1382 2816 cum
1416 2763 1756 2833 pnulicamlo
1789 2764 1976 2828 Deum,

402 2863 458 2920 et
493 2862 894 2932 amplitudinem
929 2858 1140 2912 vit-tntis
1169 2857 1284 2924 ejus
1315 2857 1646 2920 enarranda,
1689 2863 1742 2908 ct
1770 2853 1980 2907 divitias

401 2956 678 3024 sapientia:
724 2953 841 3018 ejus
882 2950 1155 3015 mirando,
1201 2947 1524 3001 vociferatur
1573 2948 1687 3000 lucc
1731 2945 1915 2999 dicens
1963 2960 1976 2996 :

406 3048 571 3112 Quam
599 3044 923 3114 magniﬁcam
961 3051 1078 3096 sunt
1110 3058 1264 3111 Opera
1295 3050 1416 3108 tua,
1451 3038 1704 3093 Domine!
1733 3037 1903 3091 omnia
1928 3037 1980 3090 in

2079 1823 2311 1889 l’aultts,
2366 1839 2470 1877 non
2515 1823 2844 1889 unigenitum
2899 1822 3063 1876 Deum
3117 1820 3343 1874 Verbum
3389 1820 3660 1890 significat

2077 1917 2326 1970 virtutem
2375 1927 2429 1970 et
2477 1915 2823 1985 sapientiam;
2871 1916 2965 1968 sed
3015 1913 3407 1968 ordinationem
3454 1913 3655 1967 crucis.

2076 2004 2266 2060 Statim
2295 2006 2437 2059 enim
2468 2005 2519 2058 in
2546 2005 2893 2075 sequentibus
2919 2003 3054 2058 dixit
3081 2020 3094 2057 :
3124 2003 3256 2068 Quia
3284 2004 3495 2056 stultum
3533 2002 3658 2065 Dei,

2074 2096 2353 2164 sapientius
2382 2105 2454 2146 est
2487 2095 2804 2159 hominibus;
2833 2104 2878 2148 et
2912 2095 3170 2161 inﬁrmum
3204 2091 3325 2157 Dm",
3359 2093 3544 2161 fortius
3578 2102 3662 2146 cst

2077 2184 2366 2238 hominibus
2393 2183 2579 2254 (Ibid.,
2601 2185 2718 2250 25).
2742 2185 2907 2238 Nemo
2929 2192 3104 2238 autem
3131 2185 3469 2252 prudentimn
3492 2187 3663 2239 audet

2077 2275 2290 2339 dicere,
2317 2276 2456 2344 quod
2497 2277 2715 2328 stultum
2761 2274 2856 2330 Dei
2893 2285 2950 2330 et
2993 2274 3315 2330 imbecillum
3353 2275 3490 2328 Deus
3523 2275 3665 2330 Ver-

2078 2365 2199 2418 lnnn
2227 2377 2337 2432 est;
2369 2367 2485 2430 scd,
2519 2367 2660 2420 sicut
2690 2367 2934 2435 prsidixi,
2965 2368 3140 2421 crucis
3165 2366 3553 2420 ordinationem
3581 2367 3665 2420 si-

2076 2457 2319 2524 gniﬁcat,
2361 2472 2426 2512 co
2452 2458 2593 2527 quod
2625 2458 2780 2525 illud,
2815 2458 2958 2528 quod
2991 2457 3279 2512 incredulis
3307 2459 3515 2512 videtur
3536 2474 3665 2513 esse

2077 2549 2322 2613 stultum,
2349 2546 2449 2616 hoc
2474 2555 2578 2611 cst,
2605 2547 2872 2603 Christum
2897 2550 3220 2603 cruciﬁxum
3244 2548 3465 2602 credere
3488 2549 3662 2603 Deum

2077 2653 2230 2705 esse,
2265 2638 2366 2694 hoc
2408 2641 2692 2694 maximam
2735 2640 3052 2706 sapientiam
3095 2640 3297 2695 habet:
3327 2643 3545 2708 etquod
3579 2641 3668 2695 vi-

2078 2733 2240 2788 detur
2267 2749 2389 2789 esse
2415 2733 2739 2788 imbecillum
2769 2734 2993 2799 Christi,
3023 2743 3242 2802 propter
3271 2733 3410 2802 quod
3444 2749 3536 2801 pro
3561 2748 3668 2787 no—

2080 2825 2164 2880 bis
2195 2838 2436 2880 mortuus
2469 2834 2583 2891 est,
2623 2825 2722 2880 hoc
2753 2826 3037 2880 maximam
3081 2824 3327 2880 virtutem
3357 2825 3515 2879 habet
3544 2841 3558 2878 :
3590 2826 3670 2880 de

2079 2931 2185 2987 qua
2211 2917 2472 2987 sapientia
2506 2927 2669 2987 atque
2698 2917 2898 2972 virtute
2925 2932 3031 2972 non
3057 2926 3142 2970 est
3178 2929 3319 2971 nunc
3348 2927 3554 2985 tempus
3578 2915 3668 2972 di-

2082 3027 2226 3066 cere.

401 3137 654 3204 sapientia
683 3135 841 3204 fecisti
869 3131 1041 3205 (Psal.
1071 3147 1194 3200 cnt,
1215 3130 1330 3202 24).
1365 3131 1511 3185 lianc
1540 3129 1856 3198 sapientiam
1891 3144 1980 3196 pa-
2004 3114 2050 3178 C
2085 3197 2098 3205 _
2153 3126 2297 3194 Quos
2339 3126 2517 3205 minus
2556 3126 2914 3205 intelligentes
2956 3125 3115 3186 dicit,
3148 3124 3227 3178 vel
3259 3131 3380 3177 snnt
3408 3126 3495 3191 qui
3525 3124 3668 3180 Ver-

405 3231 536 3284 ri‘ter
582 3241 632 3282 et
693 3229 878 3281 beatus
927 3226 1121 3280 Paulus
1170 3225 1330 3279 nimia
1383 3224 1592 3293 penitus
1631 3222 1981 3275 admiratione

405 3323 687 3392 prazdicat,
728 3335 848 3375 cum
895 3319 973 3373 sic
1015 3318 1146 3371 dicit
1178 3335 1190 3369 :
1228 3317 1271 3370 0
1302 3316 1524 3369 altitudo
1570 3315 1862 3368 divitiarum
1899 3330 1982 3367 sa-

403 3418 606 3485 pientia:
651 3424 700 3469 et
743 3415 970 3470 scicntia:
1013 3411 1106 3466 Dei
1144 3413 1322 3482 (Rom.
1357 3428 1442 3475 st,
1471 3411 1594 3480 35)!
1628 3412 1684 3464 Et
1721 3410 1861 3479 quod
1897 3423 1982 3461 sa-

405 3508 655 3577 pientiam
693 3505 815 3568 Uri,
849 3521 948 3574 qna
979 3502 1155 3558 omnia
1190 3503 1327 3556 Deus
1371 3501 1497 3555 fecit
1533 3511 1588 3556 et
1628 3500 1747 3553 facit
1770 3542 1784 3565 ,
1817 3497 1979 3552 David

406 3599 662 3668 propheta
686 3597 944 3665 Spiritum
975 3594 1071 3648 Dei
1109 3603 1406 3660 nuncupat,
1445 3593 1599 3647 beato
1629 3592 1790 3645 Paulo
1820 3595 1979 3649 simiii

405 3690 614 3745 ratione
657 3689 1030 3752 consentiens,
1067 3687 1118 3740 in
1160 3686 1508 3756 sequentibus
1544 3686 1734 3740 edocet
1774 3697 1978 3754 aperte,

404 3779 525 3839 eum
553 3781 684 3835 dicit
711 3797 725 3834 :
757 3779 976 3846 lmplcta
1007 3789 1080 3833 est
1115 3788 1249 3832 terra
1277 3789 1513 3832 creatura
1549 3787 1655 3831 tua.
1693 3776 1806 3832 Iloc
1844 3796 1984 3834 mare

403 3885 650 3944 maguum
690 3881 736 3924 et
766 3874 1082 3944 spatiosum;
1125 3871 1196 3924 ibi
1231 3870 1468 3936 reptilia,
1505 3886 1722 3940 quorum
1765 3887 1867 3924 non
1911 3881 1983 3924 est

404 3983 664 4022 numerus.
693 3967 947 4019 Animalia
973 3981 1126 4037 parua
1157 3980 1270 4015 cum
1297 3964 1530 4032 magnis;
1558 3961 1662 4015 illic
1687 3979 1836 4016 nares
1865 3979 1982 4024 per-

405 4071 691 4116 transeunt.
737 4059 902 4112 Draco
945 4059 1041 4110 iste
1079 4073 1224 4125 quem
1262 4055 1496 4125 formasti
1539 4055 1607 4106 ad
1647 4053 1983 4108 inludendum

404 4153 485 4216 ei;
524 4153 695 4205 omnia
722 4161 768 4204 te
795 4158 1109 4214 exspectant,
1151 4155 1203 4199 ttt
1234 4147 1323 4199 des
1359 4147 1430 4199 eis
1459 4161 1624 4198 escam
1653 4145 1705 4197 in
1738 4157 1977 4216 tempore.

405 4243 575 4297 Dante
611 4253 685 4305 te,
734 4241 834 4310 ipsi
873 4239 1147 4310 colligent;
1185 4237 1444 4304 aperiente
1485 4245 1654 4290 autem
1696 4245 1743 4290 te
1776 4252 1983 4289 manuni

408 4346 578 4399 tuam,
629 4335 800 4387 omnia
842 4331 1171 4399 replebantur
1213 4331 1474 4394 bonitate;
1521 4338 1772 4380 avertente
1813 4340 1983 4382 autem

407 4425 454 4482 te
486 4429 667 4494 faciem
705 4437 866 4489 tuam,
903 4425 1262 4478 turbabuntur.
1295 4424 1512 4491 Auferes
1535 4421 1770 4489 spiritum
1808 4436 1983 4475 eorum

2085 3197 2208 3253 bum
2253 3207 2309 3252 et
2350 3199 2675 3266 Sapientiam
2726 3199 2955 3251 divinam
3006 3213 3164 3250 uuam
3212 3211 3331 3248 esse
3374 3209 3667 3261 persnnam

2082 3279 2360 3332 asserunt;
2388 3280 2437 3322 et
2468 3269 2765 3323 convicium
2799 3269 2924 3320 facit
2960 3269 3209 3320 utnuilnts
3242 3269 3348 3318 lere
3379 3267 3665 3323 l'atribus:

2084 3340 2163 3391 vel
2194 3340 2280 3407 qni
2313 3356 2377 3393 ex
2416 3337 2659 3405 Apostoli
2692 3339 2888 3404 verbis,
2933 3338 2983 3391 id
3016 3336 3436 3401 concludebaul;
3461 3347 3516 3391 et
3547 3355 3669 3392 nte-

2084 3409 2188 3462 rito
2229 3410 2401 3476 arguit
2462 3410 2689 3462 Arianos
2749 3409 2978 3474 idipsntn
3028 3409 3277 3472 molitm,
3326 3412 3386 3457 ut
3439 3418 3672 3463 testatur

2082 3479 2450 3534 Theodoretus
2478 3477 2567 3550 (In
2589 3481 2739 3548 epist.
2770 3480 2788 3532 Ι
2813 3480 2880 3533 ad
2909 3478 3078 3548 Cor.).

2156 3591 2239 3645 12.
2275 3591 2377 3647 Per
2398 3595 2592 3647 multos
2625 3595 2783 3664 igitur
2813 3603 2974 3650 testes
3012 3595 3272 3650 docemur
3292 3611 3321 3650 a
3356 3597 3485 3656 Deo,
3517 3596 3669 3664 quod

2085 3700 2248 3738 unum
2298 3684 2492 3739 habeat
2521 3684 2910 3740 substantivum
2959 3687 3290 3756 unigenitum
3324 3686 3488 3741 Deum
3531 3686 3672 3740 Ver.-

2084 3777 2232 3844 bum,
2265 3793 2422 3832 unam
2472 3779 2786 3846 sapientiam
2818 3781 3204 3834 substantivam
3248 3779 3504 3848 Spiritum
3532 3793 3670 3834 san-

2083 3882 2248 3934 ctum,
2283 3887 2376 3938 per
2406 3886 2563 3940 quem
2585 3871 2864 3939 Spiritum,
2898 3882 2950 3927 et
2981 3887 3076 3942 per
3093 3873 3234 3942 quod
3268 3872 3520 3938 Verbum,
3553 3887 3672 3926 om-

2085 3962 2170 4016 nia
2222 3963 2506 4031 sapientia,
2553 3977 2754 4026 sermo,
2807 3965 3050 4029 scientia,
3096 3973 3394 4032 caeteraque
3439 3977 3672 4018 munera

2083 4056 2429 4109 credentibus
2475 4065 2800 4124 prtestantur
2841 4070 2870 4108 a
2919 4057 3046 4110 Deo.
3078 4055 3227 4111 Sicut
3270 4056 3430 4110 ctiam
3473 4055 3674 4110 beatus

2087 4145 2284 4199 l’aulns
2312 4146 2489 4213 docet,
2522 4162 2642 4199 ctnn
2676 4146 2753 4200 sic
2775 4147 2904 4201 dicit
2934 4165 2948 4200 :
2985 4146 3160 4201 Habeo
3182 4148 3335 4216 igitur
3364 4148 3578 4219 gloriam
3610 4149 3672 4201 in

2085 4237 2286 4292 Christo
2315 4237 2441 4293 Jcsu
2475 4241 2542 4292 ad
2576 4239 2756 4294 Deum.
2792 4239 2912 4294 Non
2941 4241 3076 4294 enim
3105 4243 3267 4295 audeo
3295 4240 3490 4311 aliquid
3525 4239 3674 4308 loqui

2084 4347 2281 4398 eorum,
2311 4348 2424 4400 qua:
2461 4349 2546 4402 per
2578 4349 2656 4386 me
2686 4349 2784 4385 non
2811 4333 2957 4402 cﬁicit
2986 4334 3213 4387 Christus
3240 4333 3293 4386 in
3323 4334 3674 4388 obedientiam

2083 4425 2326 4493 gentium,
2347 4424 2498 4476 verbo
2522 4434 2568 4476 et
2587 4425 2754 4493 factis,
2771 4426 2823 4477 in
2847 4426 3028 4477 virtute
3055 4424 3278 4491 Spiritus
3298 4425 3462 4477 sancti
3483 4424 3673 4495 (liam.

406 4529 454 4572 et
485 4491 741 4585 deﬁcient,
781 4525 826 4566 et
855 4516 905 4566 in
942 4515 1196 4584 pulverem
1226 4528 1374 4565 suum
1411 4522 1741 4566 revertentur.
1771 4510 1983 4569 Emittcs
2015 4491 2062 4552 D
2086 4491 2178 4575 inv,
2211 4512 2320 4583 17).
2341 4513 2454 4567 Νοη
2485 4491 2658 4568 solum
2683 4515 2914 4568 habebat
2944 4516 3131 4570 beatus
3160 4515 3436 4585 apostolus
3465 4491 3678 4570 Daulus

409 4609 662 4680 Spiritum
705 4617 880 4672 tuum,
924 4615 971 4660 et
1020 4605 1353 4666 creabantur.
1405 4613 1452 4659 et
1496 4606 1759 4660 renovabis
1802 4607 1985 4675 faciem

407 4714 556 4757 terra:
580 4702 750 4771 (l'sal.
774 4715 898 4766 cut,
926 4696 1140 4768 Sil-'50).
1169 4698 1224 4752 ltt
1254 4713 1320 4752 eo
1354 4699 1493 4767 quod
1525 4699 1648 4753 dicit
1678 4698 1933 4770 propheta
1967 4716 1984 4754 :

411 4793 600 4846 Omnia
647 4794 700 4844 in
750 4789 999 4861 sapientia
1059 4789 1258 4857 fecisti;
1303 4798 1356 4841 et
1401 4808 1412 4840 :
1469 4788 1680 4844 Emittes
1732 4790 1987 4864 Spiritum

408 4896 586 4947 tuum,
629 4895 674 4939 et
711 4885 1048 4948 creabantur;
1078 4890 1265 4949 aperte
1301 4880 1484 4935 docuit
1512 4898 1669 4936 unam
1704 4897 1824 4937 cssc
1865 4898 1985 4948 per—

409 4990 596 5030 sonam
642 4977 949 5044 utriusque,
992 4975 1266 5042 sapientia:
1308 4971 1400 5026 Dei
1439 4983 1493 5028 et
1531 4974 1758 5042 Spiritus
1793 4975 1984 5031 sancti.

410 5066 668 5121 Sitnibter
712 5077 887 5120 autent
925 5077 978 5121 et
1017 5065 1270 5122 Salomon
1316 5064 1574 5133 Spiritqu
1606 5075 1846 5120 sanctum
1895 5067 1985 5122 ltei

410 5159 726 5225 sapientiam
759 5160 1026 5222 nominat,
1054 5175 1175 5213 cum
1211 5159 1289 5214 sic
1313 5159 1442 5213 dicit
1469 5159 1533 5212 ad
1564 5159 1728 5212 Deum
1765 5177 1777 5213 :
1810 5158 1990 5214 Consi-

412 5253 536 5305 lium
575 5266 692 5304 vero
723 5261 861 5304 tuum
889 5254 1001 5315 quis
1036 5253 1212 5321 sciuit,
1245 5253 1344 5306 nisi
1383 5262 1437 5306 tu
1467 5253 1651 5306 dedisti
1688 5255 1989 5323 sapientiam

417 5346 572 5413 (Sun.
601 5361 674 5409 ix,
708 5344 835 5415 li)?
867 5344 930 5398 Et
961 5354 1018 5398 ut
1047 5339 1294 5399 ostendat
1319 5346 1527 5414 qualem
1561 5347 1877 5409 sapientiam
1908 5346 1993 5399 di-

412 5427 521 5500 cat,
553 5435 806 5504 deinceps
833 5435 962 5489 dit-it
993 5453 1006 5488 :
1043 5434 1272 5488 Emisisti
1299 5445 1528 5489 sanctum
1560 5435 1814 5506 Spiritum
1847 5447 1992 5488 tuum

415 5521 478 5583 ea:
522 5525 671 5588 altis,
712 5535 760 5579 et
803 5525 876 5578 sic
907 5537 1144 5578 correcta:
1186 5535 1304 5578 sunt
1342 5525 1534 5578 semita:
1572 5541 1769 5587 eorum,
1809 5526 1895 5596 qui
1940 5525 1993 5578 iu

419 5633 556 5675 terra
585 5628 721 5682 sunt,
747 5627 794 5670 et
817 5617 1008 5689 placita
1030 5627 1115 5669 tua
1142 5616 1369 5669 homines
1395 5617 1702 5682 didicerunt,
1725 5627 1770 5670 et
1792 5619 1993 5686 sapien-

423 5715 493 5768 tia
529 5711 712 5771 servati
755 5719 873 5764 sunt
903 5708 1099 5780 (lbid.,
1133 5707 1362 5777 l7-l9);
1394 5709 1493 5763 hoc
1536 5719 1646 5774 est,
1691 5718 1875 5764 sancto
1907 5720 1998 5764 tuo

2088 4606 2141 4661 in
2169 4620 2229 4661 se
2258 4607 2566 4675 loquentem
2594 4606 2864 4662 Christum
2895 4617 2958 4662 et'
2979 4608 3234 4677 Spiritum
3265 4614 3538 4671 sanctum;
3570 4608 3677 4662 sed

2086 4700 2247 4756 etiam
2277 4701 2460 4754 caeteri
2490 4715 2679 4754 omnes
2711 4701 2983 4770 propheta:
3013 4712 3068 4755 et
3092 4699 3317 4767 apostoli
3346 4709 3405 4754 et
3429 4715 3674 4763 evange-

2091 4793 2252 4850 listze.
2295 4795 2442 4851 Sicut
2474 4797 2637 4848 etiam
2691 4797 2942 4850 Dominus
2993 4804 3177 4849 noster
3222 4793 3380 4849 Jesns
3423 4792 3681 4848 Christus

2089 4884 2270 4952 docet,
2303 4900 2423 4939 cum
2455 4885 2582 4939 dicit
2617 4903 2630 4937 :
2665 4883 2731 4938 Id
2763 4902 2793 4939 ο
2817 4901 2930 4939 ecce
2958 4903 3048 4957 ego
3075 4887 3218 4939 mitto
3243 4886 3311 4938 ad
3337 4901 3422 4938 vos
3449 4884 3681 4951 prop/w-

2092 4985 2168 5029 tas
2209 4984 2257 5028 et
2299 4977 2547 5047 sapientes
2581 4986 2626 5029 et
2669 4977 2859 5030 scribas
2899 4975 3115 5045 (Matth.
3157 4992 3316 5040 xsttt,
3349 4976 3460 5043 54).
3502 4975 3680 5030 Suni-

2094 5067 2215 5121 liter
2242 5080 2416 5124 autem
2447 5070 2591 5124 etde
2612 5069 2811 5138 Spiritu
2845 5069 2939 5122 Dei
2965 5068 3097 5122 dicit
3127 5086 3140 5122 :
3166 5066 3292 5122 Ideo
3322 5077 3368 5122 et
3400 5067 3682 5134 Sapientia

2095 5159 2190 5213 Dei
2233 5159 2356 5213 dicit
2387 5177 2399 5212 :
2426 5159 2580 5214 Mitto
2607 5161 2674 5212 ad
2697 5161 2832 5232 ipsos
2859 5159 3131 5230 praphctas
3157 5167 3206 5215 et
3235 5160 3494 5229 apostolos
3515 5158 3674 5226 (Luc.

2096 5263 2169 5316 xl,
2198 5251 2311 5319 49).

2133 5343 2253 5397 '13.
2309 5343 2460 5412 Quod
2516 5355 2692 5398 autem
2749 5343 2984 5414 Spiritus
3039 5353 3260 5400 sanctus
3307 5344 3566 5398 Dominus
3622 5357 3680 5399 et

2099 5435 2237 5489 Deus
2260 5446 2360 5500 est,
2388 5446 2440 5488 et
2470 5445 2738 5504 tamquam
2766 5437 3021 5492 Dominus
3048 5446 3231 5491 noster
3259 5436 3605 5492 credentibus
3625 5447 3682 5491 et

2098 5529 2212 5596 ipse
2239 5542 2457 5582 munera
2489 5527 2716 5598 largitur
2763 5538 2819 5581 et
2848 5527 3030 5592 donat.
3074 5544 3260 5584 rursus
3301 5529 3440 5582 idem
3488 5528 3681 5581 beatus

2103 5619 2295 5674 Paulus
2334 5619 2512 5677 docet.
2541 5635 2663 5673 cum
2710 5621 2887 5675 dicit:
2927 5620 3207 5676 Divisioues
3237 5639 3356 5675 vero
3396 5624 3682 5692 gratiarum

2101 5724 2253 5781 sunt,
2299 5712 2433 5766 idem
2479 5723 2645 5767 autem
2688 5713 2953 5782 Spiritus,
3015 5723 3062 5769 ct
3103 5715 3376 5770 divisiones
3420 5715 3677 5768 ministra-
