3948 6188
227 368 314 429 157
386 368 704 431 DISSERT.
749 371 816 429 ν.
857 366 948 427 DE
990 368 1298 429 LIBELLIS
1336 370 1517 427 FIDEI
1558 364 1870 425 SCMPTIS
1912 366 2001 421 AB
2039 362 2472 425 AUCTORIBUS
2508 368 2832 427 [UERESIS
2869 371 3308 429 PELAGIANIE.
3382 373 3491 430 458

225 496 562 553 tionumsunt,
594 488 730 542 idem
754 496 926 541 autem
948 487 1197 541 Dominus
1220 503 1239 553 ;
1260 496 1307 540 et
1322 486 1793 552 dirisionesopera-
1821 480 1867 538 A
1897 480 2173 549 accipere,
2206 487 2265 535 et
2294 494 2324 533 a
2365 478 2483 533 solo
2520 478 2683 535 Patre
2726 480 3207 536 sanetificationcm
3248 484 3445 542 mereri
3471 501 3494 550 ς
3550 518 3551 521 η

226 588 559 648 tionuntsunt,
591 580 726 635 idem
744 597 856 633 vero
881 578 1038 643 Deus,
1068 578 1156 649 qui
1183 588 1427 644 operatur
1442 577 1613 630 omnia
1643 577 1695 629 in
1711 592 1819 630 om-

226 677 357 731 nibus
388 675 441 742 (1
466 673 590 729 Cor.
621 686 717 740 xu,
759 671 849 740 4).
880 672 939 725 In
971 672 1069 725 hac
1097 669 1260 739 igitur
1290 668 1696 724 enumeratione
1726 668 1824 723 do-

223 783 401 822 norum
432 766 603 821 sancti
634 765 890 835 Spiritus,
909 763 1113 819 addens
1136 762 1334 826 ubique
1363 762 1553 817 beatus
1572 761 1793 825 Paulus,

220 862 528 915 idemautem
549 858 826 923 Dominus,
841 858 1044 912 etidem
1071 853 1235 920 Deus,
1258 855 1634 925 apertetIOCct,
1650 853 1793 924 quod

218 953 441 1022 Spiritus
469 961 693 1006 sanctus
735 950 996 1005 Dominus
1031 956 1088 1004 et
1127 949 1269 1002 Deus
1308 956 1412 1002 est.
1460 946 1795 1003 Manifestius

218 1056 387 1099 autem
432 1046 595 1099 etiam
640 1045 693 1097 in
739 1041 1088 1111 sequentibus
1142 1040 1409 1102 ostendit;
1466 1036 1794 1095 enumeratis

215 1137 344 1190 enim
409 1134 565 1189 donis
608 1144 665 1187 et
715 1132 973 1201 operibus
1020 1139 1183 1201 atque
1220 1129 1562 1207 ministeriis,
1599 1129 1797 1199 adjecit

213 1231 387 1283 statim
415 1227 600 1282 dicens
624 1242 636 1278 :
662 1224 792 1279 Hazc
819 1234 990 1278 autem
1017 1222 1191 1278 omnia
1218 1230 1461 1293 aperatur
1484 1238 1617 1276 unus
1642 1230 1797 1292 atque

211 1323 334 1375 idem
366 1304 625 1388 Spiritus,
654 1317 891 1371 dividens
918 1314 1137 1386 singulis
1156 1324 1309 1386 prout
1334 1315 1439 1367 vult
1465 1312 1511 1384 (1
1542 1310 1662 1368 Cor.
1695 1328 1789 1379 xu,

212 1412 307 1481 lt).
336 1411 549 1467 Rursus
578 1409 722 1464 idem
754 1409 943 1464 beatus
969 1408 1166 1461 Paulus
1195 1407 1392 1462 docere
1427 1422 1529 1461 nos
1550 1406 1794 1476 apertius

211 1507 416 1570 volens,
452 1520 611 1559 unam
637 1517 761 1557 esse
786 1501 1142 1556 substantiam
1168 1500 1340 1554 Patris
1367 1509 1421 1554 et
1450 1498 1568 1554 Filii
1601 1507 1654 1554 et
1674 1498 1796 1569 Spi-

210 1599 332 1652 ritus
374 1596 588 1663 sancti,
632 1593 745 1648 ait:
784 1592 930 1649 Unus
970 1592 1244 1657 Dominus,
1288 1608 1391 1646 una
1434 1590 1585 1661 ﬁdes,
1634 1608 1793 1645 unum

211 1691 490 1761 twtisma,
538 1703 670 1741 unus
710 1683 852 1740 Deus
888 1696 1032 1755 pater
1067 1686 1295 1739 omnium
1333 1683 1555 1753 (Ep/tes.
1596 1698 1674 1748 ιν,
1709 1683 1788 1752 5).

209 1782 418 1837 Patrem
449 1788 631 1835 autem
659 1778 903 1834 nomith
924 1792 1133 1841 eorum,
1166 1776 1254 1846 qui
1286 1775 1340 1830 in
1369 1777 1587 1831 nomine
1614 1774 1793 1830 Patris

1898 568 2072 623 sciant
2102 584 2209 623 non
2242 569 2399 624 aliter
2426 581 2754 639 quemquam
2790 585 2975 626 eorum
2998 572 3088 641 qui
3128 573 3489 643 baptizantnr,

1898 659 1984 713 his
2023 659 2245 729 dignum
2287 659 2447 715 donis
2480 661 2599 715 fieri
2644 675 2826 729 posse,
2855 663 2957 718 nisi
2999 666 3161 719 etiam
3203 681 3233 719 a
3268 666 3410 723 Filio
3432 679 3492 723 et

1896 750 2105 819 Spiritu
2134 760 2321 806 sancto
2346 767 2571 806 munera
2602 766 2695 806 seu
2724 752 2863 806 dona
2889 755 3169 825 percipiat.
3202 757 3380 812 Testis
3406 768 3495 814 est

1896 840 2086 897 beatus
2114 842 2394 912 apostolus
2430 841 2625 896 Paulus
2652 843 2716 896 ad
2758 842 3070 901 Corinthios
3096 838 3339 903 scribens
3365 864 3492 905 cum

1894 934 2027 991 dicit
2057 952 2071 990 :
2105 935 2286 1002 Neque
2307 934 2597 1002 fornicarii,
2630 951 2792 1005 neque
2814 936 3069 991 idolorum
3097 938 3315 995 cultores
3339 980 3355 1004 ,
3396 958 3491 995 ne-

1894 1043 1992 1097 que
2013 1025 2237 1083 adulteri
2252 1026 2293 1098 (Ι
2323 1027 2442 1082 Cor.
2464 1025 2563 1097 vr),
2591 1038 2696 1082 etc.
2724 1027 2789 1083 Et
2808 1027 3120 1096 adjecit:Et
3148 1030 3258 1085 tunc
3286 1032 3492 1102 quidem

1897 1120 2089 1191 fuistis,
2115 1119 2205 1175 sed
2234 1119 2397 1174 abluti
2426 1120 2567 1184 estis,
2595 1120 2686 1174 sed
2706 1120 2983 1191 justiﬁcati
3009 1123 3157 1188 estis,
3191 1124 3244 1176 in
3289 1124 3493 1177 nomine

1897 1207 2109 1271 Domini
2150 1211 2315 1265 nostri
2351 1208 2479 1265 Jesu
2514 1209 2738 1277 Christi,
2765 1220 2812 1266 et
2850 1212 2904 1266 in
2947 1210 3151 1281 Spiritu
3195 1211 3290 1267 Dei
3328 1213 3493 1271 nostri

1897 1304 2062 1373 (Ibid.
2088 1302 2198 1375 11).
2229 1304 2323 1359 His
2354 1303 2519 1373 igitur
2546 1304 2799 1358 omnibus
2830 1304 3180 1375 testimoniis,
3210 1322 3332 1377 qua:
3356 1322 3493 1375 prae-

1895 1394 2038 1451 dicta
2069 1404 2214 1456 sunt,
2241 1410 2343 1450 uua
2391 1395 2689 1465 eademque
2736 1393 2915 1449 Patris
2941 1404 2997 1451 et
3025 1396 3147 1452 Filii
3179 1406 3233 1452 et
3255 1397 3491 1468 Spiritus

1897 1489 2073 1545 sancti
2112 1488 2412 1543 substantia
2442 1489 2573 1542 satis
2602 1487 2923 1558 abundeque
2943 1498 3297 1545 monstratur.

2511 1578 2739 1634 CAPUT
2780 1578 2847 1633 ΙΙ.

2082 1706 2087 1711 ς
2142 1673 2215 1728 De
2239 1673 2514 1740 creatione,
2539 1682 2585 1727 et
2614 1670 2953 1726 inuisibilibus
2982 1673 3249 1728 creaturis.

1970 1787 2056 1841 16.
2103 1787 2351 1842 Creando
2382 1787 2541 1853 Deus,
2584 1800 2689 1841 non
2718 1796 2903 1841 natura
2934 1795 3103 1853 creat,
3133 1785 3272 1842 sicut
3317 1787 3491 1857 genti—

208 1885 250 1929 et
279 1874 418 1928 Filii
461 1881 519 1926 et
560 1871 792 1941 Spiritus
832 1869 1005 1925 sancti
1047 1884 1146 1939 per
1186 1868 1451 1938 baptisma
1493 1868 1605 1923 nati
1644 1874 1789 1922 sunt.

1900 1879 2027 1934 lium
2056 1879 2231 1934 fabula
2264 1879 2606 1933 delirantium
2635 1887 2809 1949 putat,
2858 1878 2955 1932 sed
2986 1879 3155 1948 magis
3183 1854 3481 1934 voluntate.

207 1966 305 2020 Non
338 1966 603 2035 ignorans
626 1972 805 2017 autem
839 1962 1030 2017 beatus
1051 1960 1345 2028 Apostolus
1377 1974 1499 2014 esse
1524 1958 1788 2027 baptisma

206 2074 366 2127 aqum,
423 2068 479 2112 et
512 2056 777 2126 baptisma
825 2054 1069 2124 spiritus,
1111 2051 1243 2107 dixit
1280 2067 1445 2107 unum
1484 2051 1787 2121 baptisma:

204 2154 278 2206 sed
333 2153 485 2209 bene
530 2151 690 2220 dixit,
727 2150 906 2205 sciens
935 2162 1103 2203 unum
1142 2160 1265 2201 esse
1306 2146 1593 2214 baptisma.
1637 2144 1690 2199 in
1726 2160 1791 2200 eo

203 2246 328 2311 quod
367 2247 426 2298 in
462 2245 680 2299 nomine
715 2242 873 2297 unius
905 2239 1121 2295 Domini
1158 2252 1349 2293 omnes
1376 2237 1712 2308 baptizentnr
1736 2248 1793 2294 et

200 2336 447 2390 credant.
475 2336 629 2391 Solet
654 2335 818 2389 etiam
851 2333 996 2390 idem
1038 2330 1227 2387 beatus
1253 2331 1546 2401 Apostolus
1572 2331 1790 2386 Patrem

200 2440 243 2481 et
272 2429 484 2484 Filium
523 2439 574 2483 et
614 2428 872 2498 Spiritum
911 2433 1181 2490 sanctum,
1220 2425 1361 2480 sicut
1404 2439 1568 2479 unum
1606 2424 1791 2480 Domi-

195 2537 313 2575 num
338 2532 405 2576 et
432 2536 598 2576 unum
630 2522 821 2586 Deum,
858 2522 940 2574 sic
968 2520 1131 2575 etiam
1160 2534 1327 2573 unum
1360 2518 1624 2589 Spiritum
1652 2534 1794 2573 nun-

195 2628 426 2684 cupare,
456 2628 580 2668 cum
619 2612 749 2667 dicit
789 2630 802 2666 :
837 2612 982 2668 Sicut
1028 2612 1165 2666 enim
1209 2626 1394 2682 corpus
1432 2627 1592 2665 unum
1624 2619 1718 2678 est,
1746 2620 1795 2666 et

194 2705 428 2758 membra
474 2703 633 2758 multa
682 2703 849 2767 habet,
888 2704 1062 2757 omnia
1104 2712 1273 2755 autem
1312 2702 1536 2755 membra
1564 2704 1795 2769 corporis

191 2814 296 2849 eum
354 2798 467 2850 sint
511 2795 672 2848 multa
713 2812 868 2848 unum
903 2804 1023 2849 sunt
1060 2810 1286 2864 corpus;
1323 2793 1401 2846 sic
1439 2793 1595 2846 etiam
1637 2791 1795 2847 Citri-

192 2901 287 2943 stus
318 2906 338 2945 :
378 2905 505 2941 nam
536 2889 586 2940 in
617 2903 717 2941 uno
745 2888 948 2958 Spiritu
987 2903 1079 2941 nos
1112 2901 1285 2940 omnes
1324 2884 1379 2937 in
1416 2900 1576 2938 unum
1607 2898 1795 2954 corpus

190 2982 446 3050 baptizari
472 2996 669 3045 sumus,
702 2982 805 3034 sive
845 2979 1040 3043 Judrci,
1077 2979 1180 3033 sive
1224 2977 1469 3048 gentiles,
1505 2978 1607 3030 sive
1641 2976 1792 3039 servi,

192 3077 281 3129 sire
309 3074 497 3135 liberi,
530 3083 575 3126 et
615 3088 789 3126 omnes
826 3072 880 3125 in
922 3087 1081 3124 unum
1123 3070 1381 3137 Spiritum
1416 3070 1580 3137 palati
1621 3083 1797 3121 suetus

191 3166 225 3231 (I
247 3164 379 3220 Cor.
418 3180 516 3231 xu,
551 3164 659 3235 i3).

254 3262 348 3314 lt.
407 3230 579 3312 Nemo
620 3230 825 3323 autem,
865 3271 987 3311 eum
1027 3254 1210 3309 audiat
1245 3253 1511 3308 dicentem
1563 3252 1781 3306 beatum
1810 3230 1854 3291 (ἶ

193 3350 542 3417 Apostolum,
574 3350 718 3419 quod
743 3350 792 3403 in
817 3364 924 3403 uno
947 3348 1150 3419 Spiritu
1176 3362 1274 3400 nos
1301 3360 1492 3401 omnes
1524 3345 1783 3415 baptizati

194 3460 403 3506 smnus,
429 3454 484 3498 et
525 3444 576 3495 in
609 3458 770 3497 unum
811 3442 1068 3511 Spiritum
1100 3440 1268 3506 pomi
1311 3454 1521 3501 sumus,
1558 3439 1627 3492 de
1667 3438 1784 3492 solo

190 3554 302 3593 eum
339 3536 557 3604 Spiritu
589 3536 794 3590 dixisse
813 3534 1022 3600 credat,
1047 3541 1139 3587 aut
1166 3532 1235 3587 de
1263 3532 1382 3587 solo
1410 3532 1604 3586 Patre:
1630 3529 1786 3599 quip-

191 3644 250 3697 pe
289 3628 397 3701 qui
440 3630 514 3682 ita
554 3628 744 3693 credit,
785 3628 926 3682 tollit
953 3625 1240 3696 baptisma.
1282 3624 1471 3695 Neque
1510 3623 1653 3678 enim
1691 3622 1783 3693 qui

187 3720 449 3793 baptizati
488 3733 614 3776 sunt
654 3722 837 3775 inuno
868 3721 1091 3789 Spiritu,
1124 3720 1177 3773 in
1205 3720 1323 3774 solo
1348 3718 1507 3774 Patre
1531 3717 1785 3786 baptizati

186 3828 336 3883 sum,
395 3830 577 3884 neque
628 3814 678 3868 in
722 3815 840 3868 solo
883 3813 1041 3877 Filio,
1098 3827 1276 3881 neque
1324 3811 1378 3865 in
1416 3811 1535 3866 solo
1581 3808 1784 3879 Spiritu

185 3918 408 3965 sancto.
467 3907 562 3961 sed
615 3907 666 3960 in
714 3907 931 3960 nomine
980 3905 1154 3959 Patris
1196 3914 1251 3959 et
1301 3904 1421 3959 Filii
1466 3914 1522 3959 et
1551 3903 1786 3972 Spiritus

186 3984 365 4056 iuncti
403 4018 416 4051 :
450 4000 594 4070 quod
620 4000 836 4070 quidem
878 4008 959 4053 est
996 4011 1284 4052 commune
1310 4008 1529 4063 nomen,
1560 4011 1665 4053 non
1691 4011 1787 4064 per

186 4095 575 4148 corrfrmionem
609 4107 985 4163 personarum,
1020 4091 1113 4146 sed
1147 4106 1247 4159 per
1271 4092 1531 4146 unitatem
1558 4100 1782 4157 naturai,

185 4204 333 4243 IDUS
386 4187 666 4255 Dominus,
714 4201 850 4241 unus
884 4187 1045 4249 Deus,
1083 4202 1223 4239 unus
1258 4185 1513 4254 Spiritus.
1560 4185 1786 4254 Semper

185 4282 335 4333 enim
396 4278 549 4331 Pater
588 4288 841 4345 est,-non
874 4278 1128 4333 desinens
1168 4292 1290 4332 esse
1334 4277 1539 4333 Pater:
1573 4292 1788 4349 semper

186 4381 375 4424 autem
418 4379 473 4424 et
504 4368 688 4436 Filius,
724 4385 1078 4438 perseverans
1117 4384 1241 4424 esse
1283 4382 1542 4440 perpetuo
1576 4371 1784 4426 Filius:

188 4477 417 4533 semper
442 4475 497 4518 et
523 4464 752 4532 Spiritus
788 4475 1028 4532 sanctus,
1054 4464 1143 4533 qui
1181 4480 1472 4534 numquam
1504 4463 1668 4519 Pater
1700 4472 1791 4519 aut

188 4558 369 4609 Filius
402 4556 654 4611 efﬁcitur.

1900 1974 2091 2029 Libera
2117 1974 2256 2029 enim
2286 1974 2551 2029 Divinitas
2582 1981 2685 2039 est,
2709 1988 2773 2028 ac
2794 1989 2901 2028 non
2930 1973 3239 2029 necessitati
3282 1985 3489 2031 naturze

1892 2064 2155 2131 serviens,
2200 2063 2425 2134 ignium,
2458 2066 2598 2119 sicut
2627 2065 2921 2130 aestimant,
2957 2066 3085 2132 ritu,
3118 2066 3209 2135 qui
3256 2081 3361 2120 non
3391 2081 3488 2121 vo-

1894 2157 2122 2223 luntate,
2151 2156 2245 2211 sed
2294 2163 2483 2211 urente
2531 2166 2585 2211 et
2631 2154 2999 2225 conﬂagrante
3051 2165 3263 2220 natura,
3312 2158 3487 2212 vicina

1894 2263 2121 2319 corpora
2152 2263 2503 2304 concremare
2538 2256 2856 2303 noscuntur.
2885 2249 3024 2302 Deus
3053 2258 3229 2302 autem
3263 2264 3369 2305 non
3415 2248 3487 2303 ita

1895 2337 2073 2396 facere
2116 2339 2417 2395 consuevit.
2467 2339 2643 2410 Super
2689 2338 2833 2393 enim
2882 2352 3097 2392 omnem
3154 2338 3485 2395 intellectum

1894 2431 2313 2501 sensibilemque
2339 2440 2585 2486 naturam
2618 2428 2907 2485 inetiabilis
2934 2440 2989 2484 et
3024 2430 3488 2498 incomprehensi-

1896 2524 2018 2579 bilis
2049 2523 2348 2579 substantia
2375 2530 2460 2578 est
2488 2540 2499 2573 :
2532 2523 2729 2593 quippe
2758 2536 2880 2575 cum
2912 2520 3042 2576 nulli
3072 2521 3331 2575 Divinitas
3357 2522 3487 2576 visi-

1898 2614 2021 2671 bilis
2052 2614 2344 2680 habeatur;
2369 2615 2508 2671 sicut
2532 2613 2724 2670 beatus
2745 2612 2943 2668 Paulus
2970 2621 3221 2681 testatur,
3252 2612 3439 2669 dicens
3468 2631 3483 2669 :

1898 2708 2028 2781 Regi
2065 2716 2236 2761 autem
2281 2707 2589 2762 swculorum
2633 2705 3030 2776 incorruptibili,
3072 2706 3338 2775 invisibili,
3385 2709 3486 2765 soli

1898 2799 2010 2854 Deo
2050 2802 2212 2855 honor
2234 2809 2283 2855 et
2311 2800 2478 2871 gloria
2516 2800 2560 2869 (ι
2594 2798 2730 2852 Tim.
2766 2814 2807 2864 l,
2839 2797 2950 2869 17).
2980 2798 3047 2852 Et
3075 2799 3265 2853 iterum
3294 2800 3426 2854 dicit
3466 2817 3482 2856 :

1903 2889 2004 2956 Qui
2043 2890 2186 2945 solus
2212 2892 2360 2944 habet
2390 2888 2843 2951 immortalitatem,
2879 2890 3052 2941 lumen
3096 2888 3298 2943 Itabilat
3340 2891 3486 2944 inac-

1899 2982 2148 3047 cessibile,
2172 2997 2323 3053 quem
2349 2981 2472 3035 vidit
2492 2979 2670 3034 nullus
2700 2980 2980 3046 hominum,
3011 2995 3169 3047 neque
3188 2981 3357 3036 videre
3384 2999 3483 3052 po-

1902 3080 2015 3126 (est.
2049 3072 2248 3128 Eadem
2277 3080 2452 3127 autem
2479 3071 2641 3127 etiam
2667 3070 2853 3128 beatus
2882 3072 3121 3127 Joannes
3147 3071 3327 3136 docet,
3355 3087 3480 3128 eum

1901 3166 2066 3223 dicit:
2099 3167 2267 3222 Deum
2307 3182 2454 3221 nemo
2480 3166 2604 3220 vidit
2642 3181 2903 3235 umquam.
2942 3163 3246 3236 Unigcnitus
3286 3164 3479 3228 Filius.

1888 3262 1975 3330 qui
2002 3270 2072 3316 cst
2100 3262 2154 3315 in
2179 3262 2301 3314 sinu
2341 3259 2540 3327 Patris,
2582 3260 2692 3329 ipse
2720 3259 2945 3314 narravit
2973 3258 3025 3331 (Ι
3053 3258 3214 3315 Joan.
3246 3276 3329 3325 tv,
3364 3260 3479 3334 12).

1891 3352 2033 3420 Ergo
2056 3352 2310 3422 quoniam
2351 3366 2512 3421 supra
2540 3341 2755 3408 ombem
2799 3365 3019 3407 sensum
3051 3351 3193 3408 Deus
3242 3359 3348 3419 est,
3379 3367 3479 3409 vo-

1888 3444 2095 3498 luntate
2118 3451 2288 3509 creat,
2315 3458 2420 3498 non
2447 3452 2637 3499 natura
2670 3461 2685 3497 :
2716 3458 2839 3498 nam
2867 3444 2913 3499 si
2944 3450 3134 3498 natura
3160 3445 3297 3500 Deus
3327 3459 3483 3501 crea-

1887 3546 1990 3602 ret,
2022 3545 2077 3592 et
2120 3551 2227 3591 non
2255 3537 2552 3604 voluntate,
2603 3536 2797 3592 infiniti
2828 3536 3016 3591 mundi
3060 3537 3227 3592 creati
3279 3539 3481 3607 reperi.

1888 3638 2109 3691 rentur,
2150 3627 2575 3683 innumerabiles
2600 3627 2763 3682 etiam
2782 3667 2797 3691 ,
2822 3626 2917 3697 qui
2949 3642 3047 3697 per
3090 3627 3208 3682 dies
3234 3628 3476 3698 singulos

1888 3728 2224 3776 crearentur.
2272 3719 2384 3775 Nos
2424 3728 2624 3787 autem,
2656 3720 2935 3789 gentilium
2978 3719 3251 3776 delirante
3297 3720 3475 3775 fabula

1888 3823 2134 3879 remota,
2182 3811 2383 3867 divinat
2426 3810 2717 3880 Scriptum
2772 3825 3097 3880 pareamus,
3149 3824 3272 3880 qua:
3318 3810 3480 3866 docet

1888 3914 2097 3975 aperte,
2130 3903 2269 3975 quod
2298 3903 2443 3959 Deus
2468 3916 2528 3957 ea
2551 3917 2671 3972 quae
2700 3910 2871 3966 creat,
2898 3901 3174 3957 voluntate
3199 3900 3284 3955 vel
3308 3900 3474 3970 impe-

1890 3999 1974 4053 rio
1996 4007 2163 4054 creet.
2204 3996 2357 4053 Sicut
2392 4006 2447 4052 et
2474 3995 2705 4051 famulus
2738 3996 2831 4050 Dei
2857 3995 3068 4066 Moyses
3103 3993 3322 4059 docuit,
3350 4010 3473 4049 cum

1890 4089 2092 4144 diceret
2137 4107 2149 4141 :
2190 4088 2256 4143 Et
2299 4088 2433 4142 dixit
2481 4088 2619 4141 Deus
2664 4103 2682 4140 :
2728 4084 2853 4139 Fiat
2882 4088 3005 4153 tux;
3043 4095 3098 4141 et
3136 4084 3377 4154 adjecit:
3410 4084 3478 4139 Et

1892 4182 2029 4250 facta
2057 4191 2131 4235 est
2161 4180 2270 4235 lux.
2304 4180 2371 4235 Et
2394 4180 2584 4235 iterum
2621 4195 2634 4231 :
2666 4177 2735 4231 Et
2764 4176 2897 4232 dixit
2924 4175 3064 4231 Deus
3094 4192 3112 4229 :
3140 4172 3265 4229 Fiat
3300 4176 3476 4244 ﬁrma-

1890 4282 2153 4337 mentum;
2176 4281 2229 4326 et
2249 4279 2579 4339 praeceptum
2627 4267 3000 4337 complebatur
3026 4282 3095 4323 ex
3128 4266 3375 4336 imperio.
3410 4266 3476 4322 Et

1892 4365 2087 4419 iterum
2114 4362 2217 4417 :Et
2251 4363 2386 4417 dixit
2415 4359 2760 4415 Deus:Fiant
2791 4359 3103 4427 luminaria;
3130 4370 3184 4415 et
3204 4373 3322 4429 qua:
3349 4371 3475 4415 ante

1894 4472 2003 4510 non
2049 4464 2204 4509 erant
2240 4469 2365 4508 mox
2406 4452 2800 4508 efficiebantur.
2862 4452 3073 4507 Pariter
3107 4452 3270 4508 etiam
3308 4452 3472 4506 David

1897 4548 2159 4619 preplteta
2208 4547 2337 4602 dicit
2370 4565 2381 4599 :
2417 4545 2535 4617 Ipse
2573 4547 2737 4612 dixit,
2777 4556 2825 4600 ct
2850 4550 2992 4617 facta
3016 4556 3164 4609 sunt;
3194 4546 3302 4614 ipse
3331 4562 3478 4598 man-

262 4652 360 4703 15.
405 4647 542 4715 Quid
588 4650 745 4719 igitur
779 4649 845 4703 ad
880 4650 993 4703 lucc
1036 4650 1444 4719 respondebunt
1488 4652 1665 4718 nobis,
1695 4654 1783 4722 qui

1900 4616 2051 4705 navit,
2076 4648 2124 4694 et
2155 4648 2327 4694 creata
2356 4616 2475 4693 sunt
2506 4616 2965 4708 (Ps.cxt.vm,5);
2997 4647 3054 4692 et
3091 4638 3284 4692 iterum
3318 4654 3330 4688 :
3366 4635 3489 4691 0m-

194 4743 304 4797 Arii
346 4752 406 4795 et
449 4742 700 4797 Eunomii
744 4744 973 4798 nefanda
1014 4744 1264 4814 dogmata
1308 4757 1625 4815 sequuntur,
1666 4756 1722 4801 et
1754 4766 1784 4801 a

194 4832 379 4887 Patris
407 4835 703 4888 substantia
732 4834 925 4889 Filium
949 4837 1189 4905 separari
1210 4840 1565 4903 contendunt,
1596 4847 1650 4893 et
1669 4838 1789 4907 Spi-

192 4928 367 4980 ritum
411 4925 692 4980 sanctum?
724 4927 817 4995 qui
859 4942 979 4981 cum
1023 4929 1138 4983 lucc
1184 4929 1411 4984 dicant:
1459 4929 1518 4983 In
1568 4932 1787 4986 nomine

191 5014 385 5071 Patris
410 5026 460 5071 et
487 5016 609 5071 Filii
639 5027 695 5072 et
725 5017 956 5088 Spiritus
992 5020 1202 5084 sancti;
1235 5021 1399 5076 etiam
1433 5020 1537 5089 ipsi
1564 5002 1693 5077 suos
1730 5038 1789 5076 se

190 5108 479 5177 baptizare
505 5124 615 5165 non
635 5109 927 5180 denegant,
962 5120 1016 5166 et
1042 5112 1273 5167 credunt
1308 5129 1405 5183 per
1434 5113 1704 5185 baptisma
1738 5116 1791 5169 in

193 5200 575 5256 remissionem
623 5210 970 5272 peccatorum
1023 5206 1273 5262 similiter
1314 5207 1476 5262 etiam
1526 5206 1702 5263 Patris
1743 5219 1797 5263 et

189 5294 327 5350 Filii
382 5307 432 5350 et
478 5296 717 5366 Spiritus
762 5300 935 5354 sancti
980 5299 1405 5356 sanctiﬁcatione
1452 5300 1793 5372 dignandos:

188 5397 518 5443 non'tamen
542 5390 803 5445 desinunt
825 5390 1259 5460 blasphemantes
1282 5394 1336 5447 in
1365 5393 1563 5448 Filium
1597 5395 1797 5462 etSpi-

192 5479 373 5531 ritum
409 5492 675 5546 sanctum,
715 5495 839 5537 eum
876 5481 1141 5538 deberent
1174 5484 1417 5541 edacitate
1445 5485 1658 5541 tandem
1701 5488 1800 5541 ali—

193 5571 421 5638 quando
458 5573 671 5629 liberati
712 5575 986 5645 respicere
1032 5585 1089 5633 et
1128 5577 1450 5650 intelligere,
1498 5595 1604 5634 non
1642 5581 1800 5636 aliter

190 5662 509 5722 libertatem
568 5667 786 5724 famulis
842 5684 1003 5737 posse
1052 5673 1453 5741 prtestari,-nisi
1494 5687 1524 5727 a
1569 5672 1801 5728 Domino

190 5757 452 5826 proprio.
492 5759 588 5816 Sin
624 5777 754 5817 vero
793 5761 1028 5818 dixerint
1072 5780 1102 5821 a
1141 5764 1257 5821 solo
1286 5765 1446 5821 Patre
1488 5765 1800 5822 libertatem

198 5846 313 5901 τοι
356 5848 731 5922 indulgentiam
780 5864 1120 5925 peccatorum
1171 5873 1266 5914 eos
1314 5858 1405 5929 qui
1462 5858 1803 5928 baptizantur

488 5947 762 6008 ΡΑτιιοι..
816 5948 1098 6009 XLVIII.

1895 4736 1981 4787 nia
2025 4748 2356 4802 quiscumque
2396 4731 2553 4785 voluit
2599 4730 2850 4785 Dominus
2878 4732 3017 4801 fecit,
3051 4731 3103 4783 in
3152 4730 3299 4795 calo,
3329 4738 3376 4783 et
3422 4730 3477 4783 in

1900 4838 2059 4891 terra,
2093 4826 2145 4879 in
2176 4827 2328 4890 mari,
2351 4832 2399 4878 et
2430 4825 2481 4877 in
2502 4823 2733 4877 omnibus
2756 4823 2952 4889 obqssis
2986 4821 3102 4891 (Ps.
3132 4836 3362 4889 cxxxrv,
3395 4822 3473 4891 6).

1971 4963 2204 5030 ldipsnm
2240 4961 2423 5013 Patres
2455 4958 2697 5028 ejusdem
2725 4960 2919 5026 aetatis,
2943 4966 3206 5026 quotquot
3228 4957 3297 5030 de
3332 4972 3485 5013 crea-

1902 5029 2262 5087 tioneniundi
2288 5035 2644 5100 scripserunt,
2668 5031 2929 5085 adversus
2960 5030 3221 5099 gentiles,
3258 5029 3398 5095 sive,
3432 5040 3487 5082 nt

1901 5107 2071 5171 aiunt,
2102 5104 2345 5165 Grtecos,
2379 5103 2430 5155 id
2458 5111 2563 5168 est,
2592 5101 2865 5155 Platonem
2899 5108 2954 5153 et
2985 5100 3353 5171 Aristotelem,
3390 5117 3487 5168 pu-

1898 5169 2153 5242 gnarunt.
2181 5174 2385 5227 Auctor
2418 5173 2537 5226 libri
2563 5173 2931 5238 Qurestionum
2963 5169 3027 5223 ad
3057 5169 3306 5237 Grmcos,
3350 5184 3481 5227 etc..

1900 5245 2166 5309 Basilius,
2210 5244 2569 5307 Ambrosius,
2618 5253 2805 5297 auctor
2849 5242 3216 5308 Quaestionum
3266 5243 3387 5294 novi
3436 5251 3491 5295 et

1899 5319 2099 5371 veteris
2126 5316 2482 5380 Testatnenti,
2517 5321 2571 5367 et
2598 5315 2686 5381 qui
2726 5329 2831 5367 non
2857 5311 2989 5367 alii?
3020 5312 3150 5365 Erat
3179 5321 3356 5366 autem
3386 5313 3489 5368 hoc

1900 5387 2181 5455 gentilium
2215 5387 2466 5457 placitum
2489 5403 2501 5437 :
2526 5394 2599 5457 τῷ
2622 5382 2750 5440 riunt
2774 5388 2855 5439 καὶ
2884 5384 2940 5438 οὐ
2962 5390 3035 5457 τῷ
3063 5383 3332 5457 βούλεσθαι
3353 5391 3491 5457 noui

1902 5453 1928 5513 ὃ
1956 5457 2098 5518 Θεὸς.
2129 5456 2260 5511 Υἱάθ
2289 5455 2550 5510 Joannem
2570 5453 2936 5526 Pbiloponum
2950 5453 3209 5509 adversus
3235 5453 3485 5509 Proclum

1903 5529 1971 5583 de
2000 5529 2301 5582 aeternitate
2332 5526 2539 5581 mundi.

1979 5669 2068 5721 17.
2101 5666 2157 5723 Si
2197 5665 2359 5735 igitur
2385 5674 2587 5735 quanta
2613 5667 2748 5732 vult,
2779 5664 2920 5719 Deus
2943 5663 3068 5719 facit
3092 5673 3151 5717 et
3186 5664 3356 5718 creat.
3383 5654 3485 5709 im-

1906 5759 1994 5829 pie
2018 5757 2280 5826 Origenes
2307 5771 2372 5812 ac
2402 5756 2607 5816 nefarie
2629 5757 2805 5811 fatuus
2831 5762 2937 5823 est,
2965 5753 3055 5824 qui
3080 5753 3157 5805 sic
3181 5748 3317 5801 dixit
3339 5744 3485 5812 (Litt.

1908 5870 1945 5911 tt
1970 5855 2089 5928 Περί
2113 5850 2385 5927 ’Δρχῶν);
2421 5851 2535 5907 Νοη
2557 5852 2737 5905 omnia
2769 5864 2891 5919 quae
2931 5845 3101 5898 voluit
3149 5840 3289 5891 Deus
3338 5833 3485 5896 fecit,

2940 5939 3012 5998 15
