  <div class='ocr_page' id='page_1' title='image "/cluster/home/n/w/nwhite01/storage/ocr_20150623/48/hvd.32044096580691/235.png"; bbox 0 0 3948 6188; ppageno 0'>
   <div class='ocr_carea' id='block_1_1' title="bbox 457 432 572 491">
    <p class='ocr_par' dir='ltr' id='par_1_1' title="bbox 457 432 572 491">
     <span class='ocr_line' id='line_1_1' title="bbox 457 432 572 491; baseline 0.035 -6"><span class='ocrx_word' id='word_1_1' title='bbox 457 432 572 491; x_wconf 68' lang='grc'><strong>439</strong></span> 
     </span>
    </p>
   </div>
   <div class='ocr_carea' id='block_1_2' title="bbox 467 541 2119 612">
    <p class='ocr_par' dir='ltr' id='par_1_2' title="bbox 467 541 2119 612">
     <span class='ocr_line' id='line_1_2' title="bbox 467 541 2119 612; baseline -0.003 -11"><span class='ocrx_word' id='word_1_2' title='bbox 467 549 560 602; x_wconf 88' lang='lat' dir='ltr'><strong>sed</strong></span> <span class='ocrx_word' id='word_1_3' title='bbox 589 564 648 602; x_wconf 87' lang='lat' dir='ltr'><strong>ea</strong></span> <span class='ocrx_word' id='word_1_4' title='bbox 689 555 892 599; x_wconf 87' lang='lat' dir='ltr'><strong>tantum</strong></span> <span class='ocrx_word' id='word_1_5' title='bbox 933 559 1050 611; x_wconf 72' lang='lat' dir='ltr'><strong>quas</strong></span> <span class='ocrx_word' id='word_1_6' title='bbox 1082 543 1254 611; x_wconf 90' lang='lat' dir='ltr'><strong>potuit</strong></span> <span class='ocrx_word' id='word_1_7' title='bbox 1282 543 1562 597; x_wconf 87' lang='lat' dir='ltr'><strong>continere</strong></span> <span class='ocrx_word' id='word_1_8' title='bbox 1585 550 1641 596; x_wconf 89' lang='lat' dir='ltr'><strong>et</strong></span> <span class='ocrx_word' id='word_1_9' title='bbox 1679 541 2041 612; x_wconf 84' lang='lat' dir='ltr'><strong>comprehen—</strong></span> <span class='ocrx_word' id='word_1_10' title='bbox 2069 549 2119 607; x_wconf 77' lang='grc' dir='ltr'><strong>Α</strong></span> 
     </span>
    </p>
   </div>
   <div class='ocr_carea' id='block_1_3' title="bbox 458 633 2042 704">
    <p class='ocr_par' dir='ltr' id='par_1_3' title="bbox 458 633 2042 704">
     <span class='ocr_line' id='line_1_3' title="bbox 458 633 2042 704; baseline -0.004 -10"><span class='ocrx_word' id='word_1_11' title='bbox 458 643 610 693; x_wconf 79' lang='lat' dir='ltr'><strong>dere.</strong></span> <span class='ocrx_word' id='word_1_12' title='bbox 629 638 736 704; x_wconf 77' lang='lat' dir='ltr'><strong>Qui</strong></span> <span class='ocrx_word' id='word_1_13' title='bbox 763 650 887 690; x_wconf 92' lang='lat' dir='ltr'><strong>cum</strong></span> <span class='ocrx_word' id='word_1_14' title='bbox 913 634 1014 689; x_wconf 86' lang='lat' dir='ltr'><strong>hoc</strong></span> <span class='ocrx_word' id='word_1_15' title='bbox 1042 635 1195 700; x_wconf 81' lang='lat' dir='ltr'><strong>dixit,</strong></span> <span class='ocrx_word' id='word_1_16' title='bbox 1227 634 1429 688; x_wconf 78' lang='lat' dir='ltr'><strong>ademit</strong></span> <span class='ocrx_word' id='word_1_17' title='bbox 1455 633 1682 688; x_wconf 90' lang='lat' dir='ltr'><strong>Domino</strong></span> <span class='ocrx_word' id='word_1_18' title='bbox 1726 642 2042 690; x_wconf 88' lang='lat' dir='ltr'><strong>cunctorum</strong></span> 
     </span>
    </p>
   </div>
   <div class='ocr_carea' id='block_1_4' title="bbox 458 724 2043 800">
    <p class='ocr_par' dir='ltr' id='par_1_4' title="bbox 458 724 2043 800">
     <span class='ocr_line' id='line_1_4' title="bbox 458 724 2043 800; baseline -0.002 -17"><span class='ocrx_word' id='word_1_19' title='bbox 458 732 778 800; x_wconf 82' lang='lat' dir='ltr'><strong>potentiam,</strong></span> <span class='ocrx_word' id='word_1_20' title='bbox 801 727 952 798; x_wconf 88' lang='lat' dir='ltr'><strong>quasi</strong></span> <span class='ocrx_word' id='word_1_21' title='bbox 970 741 1042 792; x_wconf 70' lang='lat' dir='ltr'><strong>ex</strong></span> <span class='ocrx_word' id='word_1_22' title='bbox 1066 735 1212 795; x_wconf 87' lang='lat' dir='ltr'><strong>parte</strong></span> <span class='ocrx_word' id='word_1_23' title='bbox 1232 725 1451 780; x_wconf 86' lang='lat' dir='ltr'><strong>dimidia</strong></span> <span class='ocrx_word' id='word_1_24' title='bbox 1475 725 1523 778; x_wconf 90' lang='lat' dir='ltr'><strong>ei</strong></span> <span class='ocrx_word' id='word_1_25' title='bbox 1548 724 1776 779; x_wconf 73' lang='lat' dir='ltr'><strong>faciendi</strong></span> <span class='ocrx_word' id='word_1_26' title='bbox 1806 735 2043 796; x_wconf 74' lang='lat' dir='ltr'><strong>potestas</strong></span> 
     </span>
    </p>
   </div>
   <div class='ocr_carea' id='block_1_5' title="bbox 463 816 2042 886">
    <p class='ocr_par' dir='ltr' id='par_1_5' title="bbox 463 816 2042 886">
     <span class='ocr_line' id='line_1_5' title="bbox 463 816 2042 886; baseline 0 -13"><span class='ocrx_word' id='word_1_27' title='bbox 463 825 704 874; x_wconf 75' lang='lat' dir='ltr'><strong>daretur.</strong></span> <span class='ocrx_word' id='word_1_28' title='bbox 742 819 874 874; x_wconf 85' lang='lat' dir='ltr'><strong>Nam</strong></span> <span class='ocrx_word' id='word_1_29' title='bbox 918 818 964 874; x_wconf 88' lang='lat' dir='ltr'><strong>si</strong></span> <span class='ocrx_word' id='word_1_30' title='bbox 995 816 1328 882; x_wconf 78' lang='lat' dir='ltr'><strong>continendi,</strong></span> <span class='ocrx_word' id='word_1_31' title='bbox 1357 831 1420 871; x_wconf 89' lang='lat' dir='ltr'><strong>ac</strong></span> <span class='ocrx_word' id='word_1_32' title='bbox 1464 817 1609 880; x_wconf 92' lang='lat' dir='ltr'><strong>sibi,</strong></span> <span class='ocrx_word' id='word_1_33' title='bbox 1651 831 1773 886; x_wconf 79' lang='lat' dir='ltr'><strong>qua:</strong></span> <span class='ocrx_word' id='word_1_34' title='bbox 1819 816 2042 873; x_wconf 83' lang='lat' dir='ltr'><strong>laceret.</strong></span> 
     </span>
    </p>
   </div>
   <div class='ocr_carea' id='block_1_6' title="bbox 463 890 2043 982">
    <p class='ocr_par' dir='ltr' id='par_1_6' title="bbox 463 890 2043 982">
     <span class='ocr_line' id='line_1_6' title="bbox 463 890 2043 982; baseline -0.001 -17"><span class='ocrx_word' id='word_1_35' title='bbox 463 890 788 982; x_wconf 51' lang='lat' dir='ltr'><strong>subju&#39;gandi</strong></span> <span class='ocrx_word' id='word_1_36' title='bbox 827 926 934 966; x_wconf 90' lang='lat' dir='ltr'><strong>non</strong></span> <span class='ocrx_word' id='word_1_37' title='bbox 977 910 1159 976; x_wconf 84' lang='lat' dir='ltr'><strong>habet,</strong></span> <span class='ocrx_word' id='word_1_38' title='bbox 1192 921 1255 964; x_wconf 84' lang='lat' dir='ltr'><strong>ut</strong></span> <span class='ocrx_word' id='word_1_39' title='bbox 1301 909 1388 964; x_wconf 88' lang='lat' dir='ltr'><strong>ille</strong></span> <span class='ocrx_word' id='word_1_40' title='bbox 1425 909 1680 970; x_wconf 70' lang='lat' dir='ltr'><strong>aestimat.</strong></span> <span class='ocrx_word' id='word_1_41' title='bbox 1712 910 2043 976; x_wconf 75' lang='lat' dir='ltr'><strong>facultatem,</strong></span> 
     </span>
    </p>
   </div>
   <div class='ocr_carea' id='block_1_7' title="bbox 465 1002 2042 1075">
    <p class='ocr_par' dir='ltr' id='par_1_7' title="bbox 465 1002 2042 1075">
     <span class='ocr_line' id='line_1_7' title="bbox 465 1002 2042 1075; baseline 0 -18"><span class='ocrx_word' id='word_1_42' title='bbox 465 1023 532 1060; x_wconf 87' lang='lat' dir='ltr'><strong>ne</strong></span> <span class='ocrx_word' id='word_1_43' title='bbox 559 1005 776 1060; x_wconf 84' lang='lat' dir='ltr'><strong>creandi</strong></span> <span class='ocrx_word' id='word_1_44' title='bbox 803 1005 1018 1075; x_wconf 88' lang='lat' dir='ltr'><strong>quidem</strong></span> <span class='ocrx_word' id='word_1_45' title='bbox 1049 1005 1256 1060; x_wconf 80' lang='lat' dir='ltr'><strong>scilicet</strong></span> <span class='ocrx_word' id='word_1_46' title='bbox 1286 1011 1608 1073; x_wconf 86' lang='lat' dir='ltr'><strong>potestatem</strong></span> <span class='ocrx_word' id='word_1_47' title='bbox 1637 1002 1877 1058; x_wconf 80' lang='lat' dir='ltr'><strong>habebit.</strong></span> <span class='ocrx_word' id='word_1_48' title='bbox 1911 1003 2042 1058; x_wconf 82' lang='lat' dir='ltr'><strong>Nam</strong></span> 
     </span>
    </p>
   </div>
   <div class='ocr_carea' id='block_1_8' title="bbox 462 1095 2046 1169">
    <p class='ocr_par' dir='ltr' id='par_1_8' title="bbox 462 1095 2046 1169">
     <span class='ocr_line' id='line_1_8' title="bbox 462 1095 2046 1169; baseline -0.001 -18"><span class='ocrx_word' id='word_1_49' title='bbox 462 1101 554 1169; x_wconf 86' lang='lat' dir='ltr'><strong>qui</strong></span> <span class='ocrx_word' id='word_1_50' title='bbox 608 1099 828 1154; x_wconf 84' lang='lat' dir='ltr'><strong>creandi</strong></span> <span class='ocrx_word' id='word_1_51' title='bbox 877 1099 1184 1153; x_wconf 80' lang='lat' dir='ltr'><strong>facultatem</strong></span> <span class='ocrx_word' id='word_1_52' title='bbox 1229 1097 1430 1164; x_wconf 87' lang='lat' dir='ltr'><strong>habet,</strong></span> <span class='ocrx_word' id='word_1_53' title='bbox 1470 1105 1526 1152; x_wconf 84' lang='lat' dir='ltr'><strong>et</strong></span> <span class='ocrx_word' id='word_1_54' title='bbox 1570 1095 1894 1167; x_wconf 75' lang='lat' dir='ltr'><strong>subjugandi</strong></span> <span class='ocrx_word' id='word_1_55' title='bbox 1943 1095 2046 1151; x_wconf 87' lang='lat' dir='ltr'><strong>sibi</strong></span> 
     </span>
    </p>
   </div>
   <div class='ocr_carea' id='block_1_9' title="bbox 463 1188 2046 1258">
    <p class='ocr_par' dir='ltr' id='par_1_9' title="bbox 463 1188 2046 1258">
     <span class='ocr_line' id='line_1_9' title="bbox 463 1188 2046 1258; baseline -0.002 -14"><span class='ocrx_word' id='word_1_56' title='bbox 463 1202 644 1245; x_wconf 80' lang='lat' dir='ltr'><strong>creata</strong></span> <span class='ocrx_word' id='word_1_57' title='bbox 672 1190 922 1245; x_wconf 82' lang='lat' dir='ltr'><strong>similiter</strong></span> <span class='ocrx_word' id='word_1_58' title='bbox 953 1189 1191 1244; x_wconf 81' lang='lat' dir='ltr'><strong>habebit.</strong></span> <span class='ocrx_word' id='word_1_59' title='bbox 1230 1188 1340 1243; x_wconf 85' lang='lat' dir='ltr'><strong>Nos</strong></span> <span class='ocrx_word' id='word_1_60' title='bbox 1380 1188 1543 1258; x_wconf 82' lang='lat' dir='ltr'><strong>igitur</strong></span> <span class='ocrx_word' id='word_1_61' title='bbox 1572 1188 1734 1243; x_wconf 88' lang='lat' dir='ltr'><strong>beato</strong></span> <span class='ocrx_word' id='word_1_62' title='bbox 1761 1201 2046 1256; x_wconf 88' lang='lat' dir='ltr'><strong>pareamus</strong></span> 
     </span>
    </p>
   </div>
   <div class='ocr_carea' id='block_1_10' title="bbox 464 1279 2045 1352">
    <p class='ocr_par' dir='ltr' id='par_1_10' title="bbox 464 1279 2045 1352">
     <span class='ocr_line' id='line_1_10' title="bbox 464 1279 2045 1352; baseline -0.003 -16"><span class='ocrx_word' id='word_1_63' title='bbox 464 1282 586 1348; x_wconf 73' lang='lat' dir='ltr'><strong>Job,</strong></span> <span class='ocrx_word' id='word_1_64' title='bbox 615 1281 705 1352; x_wconf 89' lang='lat' dir='ltr'><strong>qui</strong></span> <span class='ocrx_word' id='word_1_65' title='bbox 731 1282 808 1336; x_wconf 89' lang='lat' dir='ltr'><strong>sic</strong></span> <span class='ocrx_word' id='word_1_66' title='bbox 832 1281 964 1336; x_wconf 89' lang='lat' dir='ltr'><strong>dicit</strong></span> <span class='ocrx_word' id='word_1_67' title='bbox 1002 1280 1069 1335; x_wconf 83' lang='lat' dir='ltr'><strong>ad</strong></span> <span class='ocrx_word' id='word_1_68' title='bbox 1121 1280 1288 1335; x_wconf 90' lang='lat' dir='ltr'><strong>Deum</strong></span> <span class='ocrx_word' id='word_1_69' title='bbox 1312 1296 1327 1333; x_wconf 93' lang='lat'><strong>:</strong></span> <span class='ocrx_word' id='word_1_70' title='bbox 1355 1279 1490 1333; x_wconf 87' lang='lat' dir='ltr'><strong>Novi</strong></span> <span class='ocrx_word' id='word_1_71' title='bbox 1516 1280 1656 1350; x_wconf 85' lang='lat' dir='ltr'><strong>quod</strong></span> <span class='ocrx_word' id='word_1_72' title='bbox 1679 1279 1855 1332; x_wconf 76' lang='lat' dir='ltr'><strong>omnia</strong></span> <span class='ocrx_word' id='word_1_73' title='bbox 1884 1287 2045 1344; x_wconf 87' lang='lat' dir='ltr'><strong>potes,</strong></span> 
     </span>
    </p>
   </div>
   <div class='ocr_carea' id='block_1_11' title="bbox 464 1371 2049 1446">
    <p class='ocr_par' dir='ltr' id='par_1_11' title="bbox 464 1371 2049 1446">
     <span class='ocr_line' id='line_1_11' title="bbox 464 1371 2049 1446; baseline 0 -20"><span class='ocrx_word' id='word_1_74' title='bbox 464 1373 780 1446; x_wconf 70' lang='lat' dir='ltr'><strong>impossibile</strong></span> <span class='ocrx_word' id='word_1_75' title='bbox 803 1382 970 1428; x_wconf 86' lang='lat' dir='ltr'><strong>autem</strong></span> <span class='ocrx_word' id='word_1_76' title='bbox 1001 1374 1092 1428; x_wconf 84' lang='lat' dir='ltr'><strong>tibi</strong></span> <span class='ocrx_word' id='word_1_77' title='bbox 1127 1372 1257 1427; x_wconf 80' lang='lat' dir='ltr'><strong>nihil</strong></span> <span class='ocrx_word' id='word_1_78' title='bbox 1277 1381 1350 1427; x_wconf 83' lang='lat' dir='ltr'><strong>est</strong></span> <span class='ocrx_word' id='word_1_79' title='bbox 1376 1371 1517 1440; x_wconf 80' lang='lat' dir='ltr'><strong>(Job.</strong></span> <span class='ocrx_word' id='word_1_80' title='bbox 1548 1386 1690 1437; x_wconf 80' lang='lat' dir='ltr'><strong>xm,</strong></span> <span class='ocrx_word' id='word_1_81' title='bbox 1723 1371 1804 1442; x_wconf 77' lang='lat'><strong>2).</strong></span> <span class='ocrx_word' id='word_1_82' title='bbox 1851 1371 1918 1425; x_wconf 88' lang='lat' dir='ltr'><strong>Et</strong></span> <span class='ocrx_word' id='word_1_83' title='bbox 1961 1371 2049 1440; x_wconf 85' lang='lat' dir='ltr'><strong>pie</strong></span> 
     </span>
    </p>
   </div>
   <div class='ocr_carea' id='block_1_12' title="bbox 465 1465 2044 1538">
    <p class='ocr_par' dir='ltr' id='par_1_12' title="bbox 465 1465 2044 1538">
     <span class='ocr_line' id='line_1_12' title="bbox 465 1465 2044 1538; baseline -0.004 -17"><span class='ocrx_word' id='word_1_84' title='bbox 465 1467 823 1538; x_wconf 79' lang='lat' dir='ltr'><strong>religioseque</strong></span> <span class='ocrx_word' id='word_1_85' title='bbox 848 1468 1150 1536; x_wconf 84' lang='lat' dir='ltr'><strong>credamus,</strong></span> <span class='ocrx_word' id='word_1_86' title='bbox 1184 1483 1290 1522; x_wconf 88' lang='lat' dir='ltr'><strong>una</strong></span> <span class='ocrx_word' id='word_1_87' title='bbox 1314 1482 1434 1522; x_wconf 91' lang='lat' dir='ltr'><strong>cum</strong></span> <span class='ocrx_word' id='word_1_88' title='bbox 1477 1467 1562 1520; x_wconf 87' lang='lat' dir='ltr'><strong>his</strong></span> <span class='ocrx_word' id='word_1_89' title='bbox 1605 1465 1863 1522; x_wconf 81' lang='lat' dir='ltr'><strong>videlicet</strong></span> <span class='ocrx_word' id='word_1_90' title='bbox 1887 1465 2044 1532; x_wconf 71' lang='lat' dir='ltr'><strong>viris,</strong></span> 
     </span>
    </p>
   </div>
   <div class='ocr_carea' id='block_1_13' title="bbox 466 1559 2046 1630">
    <p class='ocr_par' dir='ltr' id='par_1_13' title="bbox 466 1559 2046 1630">
     <span class='ocr_line' id='line_1_13' title="bbox 466 1559 2046 1630; baseline -0.002 -17"><span class='ocrx_word' id='word_1_91' title='bbox 466 1560 614 1628; x_wconf 88' lang='lat' dir='ltr'><strong>quia</strong></span> <span class='ocrx_word' id='word_1_92' title='bbox 643 1559 754 1614; x_wconf 88' lang='lat' dir='ltr'><strong>Deo</strong></span> <span class='ocrx_word' id='word_1_93' title='bbox 784 1559 928 1614; x_wconf 86' lang='lat' dir='ltr'><strong>docti</strong></span> <span class='ocrx_word' id='word_1_94' title='bbox 957 1567 1118 1624; x_wconf 91' lang='lat' dir='ltr'><strong>sunt,</strong></span> <span class='ocrx_word' id='word_1_95' title='bbox 1162 1575 1228 1614; x_wconf 91' lang='lat' dir='ltr'><strong>eo</strong></span> <span class='ocrx_word' id='word_1_96' title='bbox 1260 1559 1402 1630; x_wconf 89' lang='lat' dir='ltr'><strong>quod</strong></span> <span class='ocrx_word' id='word_1_97' title='bbox 1449 1559 1592 1613; x_wconf 86' lang='lat' dir='ltr'><strong>Deus</strong></span> <span class='ocrx_word' id='word_1_98' title='bbox 1623 1559 1800 1612; x_wconf 87' lang='lat' dir='ltr'><strong>omnia</strong></span> <span class='ocrx_word' id='word_1_99' title='bbox 1833 1565 2046 1626; x_wconf 91' lang='lat' dir='ltr'><strong>potest,</strong></span> 
     </span>
    </p>
   </div>
   <div class='ocr_carea' id='block_1_14' title="bbox 467 1649 2046 1718">
    <p class='ocr_par' dir='ltr' id='par_1_14' title="bbox 467 1649 2046 1718">
     <span class='ocr_line' id='line_1_14' title="bbox 467 1649 2046 1718; baseline -0.003 -12"><span class='ocrx_word' id='word_1_100' title='bbox 467 1660 522 1706; x_wconf 89' lang='lat' dir='ltr'><strong>et</strong></span> <span class='ocrx_word' id='word_1_101' title='bbox 575 1650 807 1705; x_wconf 84' lang='lat' dir='ltr'><strong>creando</strong></span> <span class='ocrx_word' id='word_1_102' title='bbox 858 1651 1133 1706; x_wconf 85' lang='lat' dir='ltr'><strong>voluntate</strong></span> <span class='ocrx_word' id='word_1_103' title='bbox 1180 1660 1370 1717; x_wconf 84' lang='lat' dir='ltr'><strong>creat,</strong></span> <span class='ocrx_word' id='word_1_104' title='bbox 1409 1665 1515 1705; x_wconf 93' lang='lat' dir='ltr'><strong>non</strong></span> <span class='ocrx_word' id='word_1_105' title='bbox 1565 1649 2046 1718; x_wconf 84' lang='lat' dir='ltr'><strong>natura;etqnod</strong></span> 
     </span>
    </p>
   </div>
   <div class='ocr_carea' id='block_1_15' title="bbox 467 1743 2050 1815">
    <p class='ocr_par' dir='ltr' id='par_1_15' title="bbox 467 1743 2050 1815">
     <span class='ocr_line' id='line_1_15' title="bbox 467 1743 2050 1815; baseline -0.001 -17"><span class='ocrx_word' id='word_1_106' title='bbox 467 1745 685 1815; x_wconf 80' lang='lat' dir='ltr'><strong>quando</strong></span> <span class='ocrx_word' id='word_1_107' title='bbox 723 1744 838 1800; x_wconf 82' lang='lat' dir='ltr'><strong>vult</strong></span> <span class='ocrx_word' id='word_1_108' title='bbox 864 1753 1044 1809; x_wconf 87' lang='lat' dir='ltr'><strong>creat;</strong></span> <span class='ocrx_word' id='word_1_109' title='bbox 1077 1754 1132 1800; x_wconf 91' lang='lat' dir='ltr'><strong>ct</strong></span> <span class='ocrx_word' id='word_1_110' title='bbox 1176 1760 1297 1814; x_wconf 70' lang='lat' dir='ltr'><strong>quae</strong></span> <span class='ocrx_word' id='word_1_111' title='bbox 1335 1743 1454 1798; x_wconf 91' lang='lat' dir='ltr'><strong>vult</strong></span> <span class='ocrx_word' id='word_1_112' title='bbox 1494 1753 1550 1798; x_wconf 92' lang='lat' dir='ltr'><strong>et</strong></span> <span class='ocrx_word' id='word_1_113' title='bbox 1599 1753 1796 1813; x_wconf 86' lang='lat' dir='ltr'><strong>quanta</strong></span> <span class='ocrx_word' id='word_1_114' title='bbox 1842 1745 1956 1799; x_wconf 82' lang='lat' dir='ltr'><strong>vult</strong></span> <span class='ocrx_word' id='word_1_115' title='bbox 1993 1751 2050 1798; x_wconf 91' lang='lat' dir='ltr'><strong>et</strong></span> 
     </span>
    </p>
   </div>
   <div class='ocr_carea' id='block_1_16' title="bbox 467 1834 2046 1906">
    <p class='ocr_par' dir='ltr' id='par_1_16' title="bbox 467 1834 2046 1906">
     <span class='ocr_line' id='line_1_16' title="bbox 467 1834 2046 1906; baseline -0.002 -17"><span class='ocrx_word' id='word_1_116' title='bbox 467 1837 646 1906; x_wconf 85' lang='lat' dir='ltr'><strong>qualia</strong></span> <span class='ocrx_word' id='word_1_117' title='bbox 677 1837 830 1901; x_wconf 85' lang='lat' dir='ltr'><strong>vult;</strong></span> <span class='ocrx_word' id='word_1_118' title='bbox 863 1844 918 1891; x_wconf 91' lang='lat' dir='ltr'><strong>et</strong></span> <span class='ocrx_word' id='word_1_119' title='bbox 953 1835 1087 1890; x_wconf 88' lang='lat' dir='ltr'><strong>nihil</strong></span> <span class='ocrx_word' id='word_1_120' title='bbox 1114 1847 1194 1891; x_wconf 90' lang='lat' dir='ltr'><strong>est</strong></span> <span class='ocrx_word' id='word_1_121' title='bbox 1231 1835 1570 1906; x_wconf 86' lang='lat' dir='ltr'><strong>impossibile</strong></span> <span class='ocrx_word' id='word_1_122' title='bbox 1601 1836 1860 1889; x_wconf 86' lang='lat' dir='ltr'><strong>voluntati</strong></span> <span class='ocrx_word' id='word_1_123' title='bbox 1907 1834 2046 1903; x_wconf 81' lang='lat' dir='ltr'><strong>ejus.</strong></span> 
     </span>
    </p>
   </div>
   <div class='ocr_carea' id='block_1_17' title="bbox 467 1926 2128 1997">
    <p class='ocr_par' dir='ltr' id='par_1_17' title="bbox 467 1926 2128 1997">
     <span class='ocr_line' id='line_1_17' title="bbox 467 1926 2128 1997; baseline 0 -15"><span class='ocrx_word' id='word_1_124' title='bbox 467 1928 808 1984; x_wconf 80' lang='lat' dir='ltr'><strong>Voluntatem</strong></span> <span class='ocrx_word' id='word_1_125' title='bbox 841 1943 970 1984; x_wconf 91' lang='lat' dir='ltr'><strong>vero</strong></span> <span class='ocrx_word' id='word_1_126' title='bbox 1012 1929 1106 1984; x_wconf 85' lang='lat' dir='ltr'><strong>Dei</strong></span> <span class='ocrx_word' id='word_1_127' title='bbox 1133 1928 1251 1982; x_wconf 91' lang='lat' dir='ltr'><strong>sine</strong></span> <span class='ocrx_word' id='word_1_128' title='bbox 1293 1928 1558 1997; x_wconf 90' lang='lat' dir='ltr'><strong>principio</strong></span> <span class='ocrx_word' id='word_1_129' title='bbox 1605 1942 1730 1983; x_wconf 90' lang='lat' dir='ltr'><strong>esse</strong></span> <span class='ocrx_word' id='word_1_130' title='bbox 1771 1926 2046 1982; x_wconf 90' lang='lat' dir='ltr'><strong>dicimus:</strong></span> <span class='ocrx_word' id='word_1_131' title='bbox 2081 1934 2128 1993; x_wconf 83' lang='grc' dir='ltr'><strong>Β</strong></span> 
     </span>
    </p>
   </div>
   <div class='ocr_carea' id='block_1_18' title="bbox 467 2019 2049 2090">
    <p class='ocr_par' dir='ltr' id='par_1_18' title="bbox 467 2019 2049 2090">
     <span class='ocr_line' id='line_1_18' title="bbox 467 2019 2049 2090; baseline 0.001 -16"><span class='ocrx_word' id='word_1_132' title='bbox 467 2020 585 2076; x_wconf 88' lang='lat' dir='ltr'><strong>sine</strong></span> <span class='ocrx_word' id='word_1_133' title='bbox 616 2021 876 2090; x_wconf 90' lang='lat' dir='ltr'><strong>principio</strong></span> <span class='ocrx_word' id='word_1_134' title='bbox 901 2019 1046 2075; x_wconf 90' lang='lat' dir='ltr'><strong>enim</strong></span> <span class='ocrx_word' id='word_1_135' title='bbox 1090 2021 1239 2074; x_wconf 87' lang='lat' dir='ltr'><strong>novit</strong></span> <span class='ocrx_word' id='word_1_136' title='bbox 1263 2020 1548 2084; x_wconf 78' lang='lat' dir='ltr'><strong>Dominus,</strong></span> <span class='ocrx_word' id='word_1_137' title='bbox 1588 2036 1712 2090; x_wconf 86' lang='lat' dir='ltr'><strong>quae</strong></span> <span class='ocrx_word' id='word_1_138' title='bbox 1759 2030 2049 2076; x_wconf 77' lang='lat' dir='ltr'><strong>creaturos</strong></span> 
     </span>
    </p>
   </div>
   <div class='ocr_carea' id='block_1_19' title="bbox 467 2109 2051 2181">
    <p class='ocr_par' dir='ltr' id='par_1_19' title="bbox 467 2109 2051 2181">
     <span class='ocr_line' id='line_1_19' title="bbox 467 2109 2051 2181; baseline 0.001 -17"><span class='ocrx_word' id='word_1_139' title='bbox 467 2122 569 2175; x_wconf 83' lang='lat' dir='ltr'><strong>est,</strong></span> <span class='ocrx_word' id='word_1_140' title='bbox 600 2121 652 2165; x_wconf 91' lang='lat' dir='ltr'><strong>et</strong></span> <span class='ocrx_word' id='word_1_141' title='bbox 680 2109 896 2181; x_wconf 79' lang='lat' dir='ltr'><strong>quando</strong></span> <span class='ocrx_word' id='word_1_142' title='bbox 922 2109 1185 2178; x_wconf 81' lang='lat' dir='ltr'><strong>facturus,</strong></span> <span class='ocrx_word' id='word_1_143' title='bbox 1213 2120 1268 2165; x_wconf 92' lang='lat' dir='ltr'><strong>et</strong></span> <span class='ocrx_word' id='word_1_144' title='bbox 1305 2118 1504 2180; x_wconf 86' lang='lat' dir='ltr'><strong>quanta</strong></span> <span class='ocrx_word' id='word_1_145' title='bbox 1541 2122 1595 2165; x_wconf 90' lang='lat' dir='ltr'><strong>et</strong></span> <span class='ocrx_word' id='word_1_146' title='bbox 1643 2111 1819 2180; x_wconf 84' lang='lat' dir='ltr'><strong>qualia</strong></span> <span class='ocrx_word' id='word_1_147' title='bbox 1863 2126 2051 2166; x_wconf 88' lang='lat' dir='ltr'><strong>creare</strong></span> 
     </span>
    </p>
   </div>
   <div class='ocr_carea' id='block_1_20' title="bbox 472 2204 745 2257">
    <p class='ocr_par' dir='ltr' id='par_1_20' title="bbox 472 2204 745 2257">
     <span class='ocr_line' id='line_1_20' title="bbox 472 2204 745 2257; baseline 0 -1"><span class='ocrx_word' id='word_1_148' title='bbox 472 2204 745 2257; x_wconf 84' lang='lat' dir='ltr'><strong>moliatur.</strong></span> 
     </span>
    </p>
   </div>
   <div class='ocr_carea' id='block_1_21' title="bbox 539 2337 2045 2416">
    <p class='ocr_par' dir='ltr' id='par_1_21' title="bbox 539 2337 2045 2416">
     <span class='ocr_line' id='line_1_21' title="bbox 539 2337 2045 2416; baseline 0.001 -24"><span class='ocrx_word' id='word_1_149' title='bbox 539 2337 727 2416; x_wconf 85' lang='lat' dir='ltr'><strong>Locus_</strong></span> <span class='ocrx_word' id='word_1_150' title='bbox 755 2338 998 2416; x_wconf 65' lang='lat' dir='ltr'><strong>Origenis</strong></span> <span class='ocrx_word' id='word_1_151' title='bbox 1029 2348 1113 2394; x_wconf 88' lang='lat' dir='ltr'><strong>est</strong></span> <span class='ocrx_word' id='word_1_152' title='bbox 1141 2339 1464 2416; x_wconf 66' lang='lat' dir='ltr'><strong>insecundzi</strong></span> <span class='ocrx_word' id='word_1_153' title='bbox 1489 2340 1627 2416; x_wconf 82' lang='lat' dir='ltr'><strong>iibro</strong></span> <span class='ocrx_word' id='word_1_154' title='bbox 1657 2345 2009 2416; x_wconf 58' lang='lat' dir='ltr'><strong>napi‘ltpzav</strong></span> <span class='ocrx_word' id='word_1_155' title='bbox 2031 2384 2045 2407; x_wconf 90' lang='lat'><strong>,</strong></span> 
     </span>
    </p>
   </div>
   <div class='ocr_carea' id='block_1_22' title="bbox 467 2411 2052 2481">
    <p class='ocr_par' dir='ltr' id='par_1_22' title="bbox 467 2411 2052 2481">
     <span class='ocr_line' id='line_1_22' title="bbox 467 2411 2052 2481; baseline 0.003 -20"><span class='ocrx_word' id='word_1_156' title='bbox 467 2421 623 2477; x_wconf 90' lang='lat' dir='ltr'><strong>prout</strong></span> <span class='ocrx_word' id='word_1_157' title='bbox 648 2411 873 2481; x_wconf 80' lang='lat' dir='ltr'><strong>refertur</strong></span> <span class='ocrx_word' id='word_1_158' title='bbox 902 2411 951 2463; x_wconf 93' lang='lat' dir='ltr'><strong>iu</strong></span> <span class='ocrx_word' id='word_1_159' title='bbox 981 2413 1250 2481; x_wconf 79' lang='lat' dir='ltr'><strong>excerptis</strong></span> <span class='ocrx_word' id='word_1_160' title='bbox 1275 2413 1576 2480; x_wconf 74' lang='lat' dir='ltr'><strong>subjuucus</strong></span> <span class='ocrx_word' id='word_1_161' title='bbox 1607 2411 2052 2481; x_wconf 65' lang='lat' dir='ltr'><strong>epistolm&#39;impe-</strong></span> 
     </span>
    </p>
   </div>
   <div class='ocr_carea' id='block_1_23' title="bbox 468 2480 2050 2556">
    <p class='ocr_par' dir='ltr' id='par_1_23' title="bbox 468 2480 2050 2556">
     <span class='ocr_line' id='line_1_23' title="bbox 468 2480 2050 2556; baseline 0.001 -22"><span class='ocrx_word' id='word_1_162' title='bbox 468 2481 660 2534; x_wconf 62' lang='lat' dir='ltr'><strong>tutoris</strong></span> <span class='ocrx_word' id='word_1_163' title='bbox 688 2480 973 2556; x_wconf 61' lang='lat' dir='ltr'><strong>{ustiniani</strong></span> <span class='ocrx_word' id='word_1_164' title='bbox 996 2483 1060 2534; x_wconf 88' lang='lat' dir='ltr'><strong>ad</strong></span> <span class='ocrx_word' id='word_1_165' title='bbox 1092 2480 1297 2556; x_wconf 77' lang='lat' dir='ltr'><strong>Menam</strong></span> <span class='ocrx_word' id='word_1_166' title='bbox 1330 2501 1343 2533; x_wconf 89' lang='lat'><strong>:</strong></span> <span class='ocrx_word' id='word_1_167' title='bbox 1374 2485 1765 2556; x_wconf 74' lang='grc' dir='ltr'><strong>Ιῐεπερασμένην</strong></span> <span class='ocrx_word' id='word_1_168' title='bbox 1791 2485 1891 2556; x_wconf 63' lang='grc' dir='ltr'><strong>γὰρ</strong></span> <span class='ocrx_word' id='word_1_169' title='bbox 1921 2480 2050 2536; x_wconf 78' lang='grc' dir='ltr'><strong>εἶναι</strong></span> 
     </span>
    </p>
   </div>
   <div class='ocr_carea' id='block_1_24' title="bbox 467 2551 2052 2624">
    <p class='ocr_par' dir='ltr' id='par_1_24' title="bbox 467 2551 2052 2624">
     <span class='ocr_line' id='line_1_24' title="bbox 467 2551 2052 2624; baseline 0 -18"><span class='ocrx_word' id='word_1_170' title='bbox 467 2554 551 2606; x_wconf 83' lang='grc' dir='ltr'>καὶ</span> <span class='ocrx_word' id='word_1_171' title='bbox 581 2557 670 2610; x_wconf 72' lang='grc' dir='ltr'><strong>τήν</strong></span> <span class='ocrx_word' id='word_1_172' title='bbox 702 2551 912 2624; x_wconf 75' lang='grc' dir='ltr'><strong>δύναμιν</strong></span> <span class='ocrx_word' id='word_1_173' title='bbox 949 2559 1041 2606; x_wconf 81' lang='grc' dir='ltr'><strong>τοῦ</strong></span> <span class='ocrx_word' id='word_1_174' title='bbox 1068 2560 1196 2607; x_wconf 80' lang='grc' dir='ltr'><strong>Θεοῦ</strong></span> <span class='ocrx_word' id='word_1_175' title='bbox 1231 2554 1426 2608; x_wconf 78' lang='grc' dir='ltr'><strong>λεκτέον</strong></span> <span class='ocrx_word' id='word_1_176' title='bbox 1453 2597 1465 2615; x_wconf 85' lang='lat'><strong>,</strong></span> <span class='ocrx_word' id='word_1_177' title='bbox 1494 2551 1578 2607; x_wconf 76' lang='grc' dir='ltr'>καὶ</span> <span class='ocrx_word' id='word_1_178' title='bbox 1606 2551 1661 2607; x_wconf 68' lang='grc' dir='ltr'><strong>ὸν)</strong></span> <span class='ocrx_word' id='word_1_179' title='bbox 1689 2551 1940 2624; x_wconf 46' lang='lat' dir='ltr'><strong>apostolos:</strong></span> <span class='ocrx_word' id='word_1_180' title='bbox 1969 2556 2052 2606; x_wconf 73' lang='grc' dir='ltr'><strong>εὖ·</strong></span> 
     </span>
    </p>
   </div>
   <div class='ocr_carea' id='block_1_25' title="bbox 467 2626 2051 2700">
    <p class='ocr_par' dir='ltr' id='par_1_25' title="bbox 467 2626 2051 2700">
     <span class='ocr_line' id='line_1_25' title="bbox 467 2626 2051 2700; baseline 0 -24"><span class='ocrx_word' id='word_1_181' title='bbox 467 2627 653 2694; x_wconf 74' lang='grc' dir='ltr'><strong>φημίας</strong></span> <span class='ocrx_word' id='word_1_182' title='bbox 674 2629 762 2700; x_wconf 45' lang='grc' dir='ltr'><strong>τὴν</strong></span> <span class='ocrx_word' id='word_1_183' title='bbox 785 2629 1096 2700; x_wconf 70' lang='grc' dir='ltr'><strong>περιγραφήν</strong></span> <span class='ocrx_word' id='word_1_184' title='bbox 1117 2626 1272 2684; x_wconf 76' lang='grc' dir='ltr'><strong>αὐτῆς</strong></span> <span class='ocrx_word' id='word_1_185' title='bbox 1292 2626 1668 2700; x_wconf 54' lang='grc' dir='ltr'><strong>Ῑτερταιρετὲοῆ</strong></span> <span class='ocrx_word' id='word_1_186' title='bbox 1689 2629 1930 2700; x_wconf 51' lang='grc' dir='ltr'><strong>πετίοὶηκε</strong></span> <span class='ocrx_word' id='word_1_187' title='bbox 1953 2626 2051 2700; x_wconf 64' lang='grc' dir='ltr'><strong>γὰρ</strong></span> 
     </span>
    </p>
   </div>
   <div class='ocr_carea' id='block_1_26' title="bbox 468 2693 2052 2770">
    <p class='ocr_par' dir='ltr' id='par_1_26' title="bbox 468 2693 2052 2770">
     <span class='ocr_line' id='line_1_26' title="bbox 468 2693 2052 2770; baseline 0 -22"><span class='ocrx_word' id='word_1_188' title='bbox 468 2693 698 2748; x_wconf 64' lang='grc' dir='ltr'><strong>τοσαῦτα</strong></span> <span class='ocrx_word' id='word_1_189' title='bbox 733 2693 868 2748; x_wconf 67' lang='grc' dir='ltr'><strong>ὁσῶὗ</strong></span> <span class='ocrx_word' id='word_1_190' title='bbox 904 2693 1125 2754; x_wconf 60' lang='lat' dir='ltr'><strong>viduitate</strong></span> <span class='ocrx_word' id='word_1_191' title='bbox 1167 2693 1599 2770; x_wconf 66' lang='grc' dir='ltr'><strong>περιδράξαοίθαι,</strong></span> <span class='ocrx_word' id='word_1_192' title='bbox 1631 2697 1714 2770; x_wconf 77' lang='grc' dir='ltr'>κᾳί</span> <span class='ocrx_word' id='word_1_193' title='bbox 1760 2693 1904 2764; x_wconf 77' lang='grc' dir='ltr'><strong>ἔχειν</strong></span> <span class='ocrx_word' id='word_1_194' title='bbox 1950 2693 2052 2748; x_wconf 19' lang='grc' dir='ltr'><strong>ὖπίό</strong></span> 
     </span>
    </p>
   </div>
   <div class='ocr_carea' id='block_1_27' title="bbox 470 2765 2051 2887">
    <p class='ocr_par' dir='ltr' id='par_1_27' title="bbox 470 2765 2051 2887">
     <span class='ocr_line' id='line_1_27' title="bbox 470 2765 2051 2842; baseline -0.001 -23"><span class='ocrx_word' id='word_1_195' title='bbox 470 2773 654 2838; x_wconf 77' lang='grc' dir='ltr'><strong>χεῖρα,</strong></span> <span class='ocrx_word' id='word_1_196' title='bbox 688 2768 772 2819; x_wconf 72' lang='grc' dir='ltr'><strong>λαὶ</strong></span> <span class='ocrx_word' id='word_1_197' title='bbox 800 2787 931 2835; x_wconf 67' lang='grc' dir='ltr'><strong>συγκ</strong></span> <span class='ocrx_word' id='word_1_198' title='bbox 969 2772 1103 2818; x_wconf 83' lang='grc' dir='ltr'>ατεῖν</span> <span class='ocrx_word' id='word_1_199' title='bbox 1133 2765 1346 2822; x_wconf 42' lang='lat' dir='ltr'><strong>tino-Tria</strong></span> <span class='ocrx_word' id='word_1_200' title='bbox 1377 2766 1555 2818; x_wconf 77' lang='grc' dir='ltr'><strong>ἑαυτοῦ</strong></span> <span class='ocrx_word' id='word_1_201' title='bbox 1582 2765 1836 2842; x_wconf 69' lang='grc' dir='ltr'><strong>πρόνοιαν,</strong></span> <span class='ocrx_word' id='word_1_202' title='bbox 1873 2768 2051 2840; x_wconf 82' lang='grc' dir='ltr'><strong>ὥσπερ</strong></span> 
     </span>
     <span class='ocr_line' id='line_1_28' title="bbox 470 2785 2051 2887; baseline 0 0"><span class='ocrx_word' id='word_1_203' title='bbox 470 2840 555 2887; x_wconf 84' lang='grc' dir='ltr'><strong>καὶ</strong></span> <span class='ocrx_word' id='word_1_204' title='bbox 605 2837 860 2887; x_wconf 78' lang='grc' dir='ltr'><strong>τοσαύτην</strong></span> <span class='ocrx_word' id='word_1_205' title='bbox 904 2785 1024 2887; x_wconf 56' lang='lat' dir='ltr'><strong>{5m</strong></span> <span class='ocrx_word' id='word_1_206' title='bbox 1067 2837 1468 2887; x_wconf 69' lang='grc' dir='ltr'><strong>κατεσκεύασεν.</strong></span> <span class='ocrx_word' id='word_1_207' title='bbox 1519 2834 1641 2887; x_wconf 76' lang='grc' dir='ltr'><strong>ὅσην</strong></span> <span class='ocrx_word' id='word_1_208' title='bbox 1680 2834 1903 2887; x_wconf 67' lang='grc' dir='ltr'><strong>ἠδύνατο</strong></span> <span class='ocrx_word' id='word_1_209' title='bbox 1939 2835 2051 2887; x_wconf 71' lang='grc' dir='ltr'><strong>διαι-</strong></span> 
     </span>
    </p>
   </div>
   <div class='ocr_carea' id='block_1_28' title="bbox 470 2834 2052 2903">
    <p class='ocr_par' dir='ltr' id='par_1_28' title="bbox 470 2834 2052 2903">
     <span class='ocr_line' id='line_1_29' title="bbox 470 2834 2052 2903; baseline 0.002 -16"><span class='ocrx_word' id='word_1_210' title='bbox 470 2834 576 2890; x_wconf 58' lang='grc' dir='ltr'><strong>κὸιῖ</strong></span> <span class='ocrx_word' id='word_1_211' title='bbox 605 2834 1024 2893; x_wconf 46' lang='grc' dir='ltr'><strong>τοσαύτηίῦλην</strong></span> <span class='ocrx_word' id='word_1_212' title='bbox 1067 2837 1468 2903; x_wconf 69' lang='grc' dir='ltr'><strong>κατεσκεύασεν,</strong></span> <span class='ocrx_word' id='word_1_213' title='bbox 1519 2834 1641 2894; x_wconf 60' lang='lat' dir='ltr'><strong>denu</strong></span> <span class='ocrx_word' id='word_1_214' title='bbox 1680 2834 1903 2894; x_wconf 73' lang='grc' dir='ltr'><strong>ἠδύνατο</strong></span> <span class='ocrx_word' id='word_1_215' title='bbox 1939 2834 2052 2890; x_wconf 70' lang='grc' dir='ltr'><strong>διοί-</strong></span> 
     </span>
    </p>
   </div>
   <div class='ocr_carea' id='block_1_29' title="bbox 470 2913 745 2977">
    <p class='ocr_par' dir='ltr' id='par_1_29' title="bbox 470 2913 745 2977">
     <span class='ocr_line' id='line_1_30' title="bbox 470 2913 745 2977; baseline 0.007 -20"><span class='ocrx_word' id='word_1_216' title='bbox 470 2913 745 2977; x_wconf 78' lang='grc' dir='ltr'><strong>κοσμῆσαι.</strong></span> 
     </span>
    </p>
   </div>
   <div class='ocr_carea' id='block_1_30' title="bbox 546 3039 2050 3112">
    <p class='ocr_par' dir='ltr' id='par_1_30' title="bbox 546 3039 2050 3112">
     <span class='ocr_line' id='line_1_31' title="bbox 546 3039 2050 3112; baseline 0.007 -18"><span class='ocrx_word' id='word_1_217' title='bbox 546 3041 632 3096; x_wconf 77' lang='grc'><strong>18.</strong></span> <span class='ocrx_word' id='word_1_218' title='bbox 670 3039 732 3095; x_wconf 84' lang='grc' dir='ltr'><strong>Ει</strong></span> <span class='ocrx_word' id='word_1_219' title='bbox 757 3041 952 3110; x_wconf 88' lang='lat' dir='ltr'><strong>primas</strong></span> <span class='ocrx_word' id='word_1_220' title='bbox 984 3042 1199 3112; x_wconf 89' lang='lat' dir='ltr'><strong>quidem</strong></span> <span class='ocrx_word' id='word_1_221' title='bbox 1229 3041 1458 3098; x_wconf 92' lang='lat' dir='ltr'><strong>dicimus</strong></span> <span class='ocrx_word' id='word_1_222' title='bbox 1503 3044 1668 3102; x_wconf 88' lang='lat' dir='ltr'><strong>luisse</strong></span> <span class='ocrx_word' id='word_1_223' title='bbox 1713 3058 1924 3104; x_wconf 85' lang='lat' dir='ltr'><strong>creatas</strong></span> <span class='ocrx_word' id='word_1_224' title='bbox 1967 3065 2050 3104; x_wconf 84' lang='lat' dir='ltr'><strong>ra-</strong></span> 
     </span>
    </p>
   </div>
   <div class='ocr_carea' id='block_1_31' title="bbox 475 3133 2053 3205">
    <p class='ocr_par' dir='ltr' id='par_1_31' title="bbox 475 3133 2053 3205">
     <span class='ocr_line' id='line_1_32' title="bbox 475 3133 2053 3205; baseline 0.006 -18"><span class='ocrx_word' id='word_1_225' title='bbox 475 3133 764 3190; x_wconf 88' lang='lat' dir='ltr'><strong>tionabiles</strong></span> <span class='ocrx_word' id='word_1_226' title='bbox 809 3135 1167 3200; x_wconf 87' lang='lat' dir='ltr'><strong>substantias,</strong></span> <span class='ocrx_word' id='word_1_227' title='bbox 1197 3152 1316 3205; x_wconf 73' lang='lat' dir='ltr'><strong>qua:</strong></span> <span class='ocrx_word' id='word_1_228' title='bbox 1356 3137 1605 3194; x_wconf 65' lang='lat' dir='ltr'><strong>caelestes</strong></span> <span class='ocrx_word' id='word_1_229' title='bbox 1654 3140 1951 3205; x_wconf 84' lang='lat' dir='ltr'><strong>habentur,</strong></span> <span class='ocrx_word' id='word_1_230' title='bbox 1997 3149 2053 3196; x_wconf 91' lang='lat' dir='ltr'><strong>ct</strong></span> 
     </span>
    </p>
   </div>
   <div class='ocr_carea' id='block_1_32' title="bbox 468 3227 2052 3300">
    <p class='ocr_par' dir='ltr' id='par_1_32' title="bbox 468 3227 2052 3300">
     <span class='ocr_line' id='line_1_33' title="bbox 468 3227 2052 3300; baseline 0.006 -21"><span class='ocrx_word' id='word_1_231' title='bbox 468 3241 563 3280; x_wconf 81' lang='lat' dir='ltr'><strong>eas</strong></span> <span class='ocrx_word' id='word_1_232' title='bbox 590 3227 850 3296; x_wconf 88' lang='lat' dir='ltr'><strong>plurimas</strong></span> <span class='ocrx_word' id='word_1_233' title='bbox 888 3240 952 3281; x_wconf 89' lang='lat' dir='ltr'><strong>ac</strong></span> <span class='ocrx_word' id='word_1_234' title='bbox 976 3227 1216 3282; x_wconf 87' lang='lat' dir='ltr'><strong>diversas</strong></span> <span class='ocrx_word' id='word_1_235' title='bbox 1247 3228 1541 3285; x_wconf 85' lang='lat' dir='ltr'><strong>substantia</strong></span> <span class='ocrx_word' id='word_1_236' title='bbox 1569 3231 1766 3300; x_wconf 89' lang='lat' dir='ltr'><strong>pariter</strong></span> <span class='ocrx_word' id='word_1_237' title='bbox 1786 3249 1848 3288; x_wconf 86' lang='lat' dir='ltr'><strong>ac</strong></span> <span class='ocrx_word' id='word_1_238' title='bbox 1877 3235 2052 3290; x_wconf 88' lang='lat' dir='ltr'><strong>virtu-</strong></span> 
     </span>
    </p>
   </div>
   <div class='ocr_carea' id='block_1_33' title="bbox 474 3315 2125 3390">
    <p class='ocr_par' dir='ltr' id='par_1_33' title="bbox 474 3315 2125 3390">
     <span class='ocr_line' id='line_1_34' title="bbox 474 3315 2125 3390; baseline 0.004 -19"><span class='ocrx_word' id='word_1_239' title='bbox 474 3329 545 3380; x_wconf 89' lang='lat' dir='ltr'><strong>te,</strong></span> <span class='ocrx_word' id='word_1_240' title='bbox 580 3318 720 3372; x_wconf 89' lang='lat' dir='ltr'><strong>sicut</strong></span> <span class='ocrx_word' id='word_1_241' title='bbox 749 3318 934 3372; x_wconf 88' lang='lat' dir='ltr'><strong>beatus</strong></span> <span class='ocrx_word' id='word_1_242' title='bbox 958 3318 1128 3374; x_wconf 82' lang='lat' dir='ltr'><strong>David</strong></span> <span class='ocrx_word' id='word_1_243' title='bbox 1161 3335 1252 3374; x_wconf 85' lang='lat' dir='ltr'><strong>eas</strong></span> <span class='ocrx_word' id='word_1_244' title='bbox 1275 3323 1488 3376; x_wconf 63' lang='lat' dir='ltr'><strong>caeteris</strong></span> <span class='ocrx_word' id='word_1_245' title='bbox 1518 3335 1852 3390; x_wconf 83' lang='lat' dir='ltr'><strong>anteponens</strong></span> <span class='ocrx_word' id='word_1_246' title='bbox 1879 3327 2009 3381; x_wconf 84' lang='lat' dir='ltr'><strong>dicit</strong></span> <span class='ocrx_word' id='word_1_247' title='bbox 2036 3347 2047 3379; x_wconf 92' lang='lat'>:</span> <span class='ocrx_word' id='word_1_248' title='bbox 2081 3315 2125 3378; x_wconf 89' lang='lat' dir='ltr'>C</span> 
     </span>
    </p>
   </div>
   <div class='ocr_carea' id='block_1_34' title="bbox 472 3407 2051 3477">
    <p class='ocr_par' dir='ltr' id='par_1_34' title="bbox 472 3407 2051 3477">
     <span class='ocr_line' id='line_1_35' title="bbox 472 3407 2051 3477; baseline 0.007 -15"><span class='ocrx_word' id='word_1_249' title='bbox 472 3409 707 3464; x_wconf 60' lang='lat' dir='ltr'><strong>L&#39;zudate</strong></span> <span class='ocrx_word' id='word_1_250' title='bbox 735 3407 1011 3463; x_wconf 82' lang='lat' dir='ltr'><strong>Dominum</strong></span> <span class='ocrx_word' id='word_1_251' title='bbox 1035 3411 1099 3465; x_wconf 87' lang='lat' dir='ltr'><strong>de</strong></span> <span class='ocrx_word' id='word_1_252' title='bbox 1135 3411 1296 3477; x_wconf 68' lang='lat' dir='ltr'><strong>caelis,</strong></span> <span class='ocrx_word' id='word_1_253' title='bbox 1336 3413 1545 3468; x_wconf 83' lang='lat' dir='ltr'><strong>laudate</strong></span> <span class='ocrx_word' id='word_1_254' title='bbox 1583 3432 1695 3469; x_wconf 88' lang='lat' dir='ltr'><strong>eum</strong></span> <span class='ocrx_word' id='word_1_255' title='bbox 1741 3422 1793 3470; x_wconf 81' lang='lat' dir='ltr'><strong>in</strong></span> <span class='ocrx_word' id='word_1_256' title='bbox 1819 3419 2051 3473; x_wconf 74' lang='lat' dir='ltr'><strong>excelsis.</strong></span> 
     </span>
    </p>
   </div>
   <div class='ocr_carea' id='block_1_35' title="bbox 427 3499 2056 3575">
    <p class='ocr_par' dir='ltr' id='par_1_35' title="bbox 427 3499 2056 3575">
     <span class='ocr_line' id='line_1_36' title="bbox 427 3499 2056 3575; baseline 0.006 -19"><span class='ocrx_word' id='word_1_257' title='bbox 427 3538 451 3556; x_wconf 59' lang='grc' dir='ltr'>ς</span> <span class='ocrx_word' id='word_1_258' title='bbox 472 3499 702 3554; x_wconf 84' lang='lat' dir='ltr'><strong>Landate</strong></span> <span class='ocrx_word' id='word_1_259' title='bbox 726 3516 866 3568; x_wconf 87' lang='lat' dir='ltr'><strong>eum,</strong></span> <span class='ocrx_word' id='word_1_260' title='bbox 897 3517 1071 3555; x_wconf 84' lang='lat' dir='ltr'><strong>omnes</strong></span> <span class='ocrx_word' id='word_1_261' title='bbox 1115 3501 1284 3574; x_wconf 83' lang='lat' dir='ltr'><strong>angeli</strong></span> <span class='ocrx_word' id='word_1_262' title='bbox 1313 3505 1447 3573; x_wconf 86' lang='lat' dir='ltr'><strong>ejus,</strong></span> <span class='ocrx_word' id='word_1_263' title='bbox 1481 3504 1689 3560; x_wconf 84' lang='lat' dir='ltr'><strong>laudate</strong></span> <span class='ocrx_word' id='word_1_264' title='bbox 1713 3524 1850 3575; x_wconf 88' lang='lat' dir='ltr'><strong>eum,</strong></span> <span class='ocrx_word' id='word_1_265' title='bbox 1883 3526 2056 3566; x_wconf 86' lang='lat' dir='ltr'><strong>omnes</strong></span> 
     </span>
    </p>
   </div>
   <div class='ocr_carea' id='block_1_36' title="bbox 374 3592 2052 3669">
    <p class='ocr_par' dir='ltr' id='par_1_36' title="bbox 374 3592 2052 3669">
     <span class='ocr_line' id='line_1_37' title="bbox 374 3592 2052 3669; baseline 0.01 -27"><span class='ocrx_word' id='word_1_266' title='bbox 374 3641 380 3653; x_wconf 77' lang='grc'><strong>,</strong></span> <span class='ocrx_word' id='word_1_267' title='bbox 473 3595 680 3647; x_wconf 81' lang='lat' dir='ltr'><strong>virtutes</strong></span> <span class='ocrx_word' id='word_1_268' title='bbox 719 3596 832 3664; x_wconf 83' lang='lat' dir='ltr'><strong>ejus</strong></span> <span class='ocrx_word' id='word_1_269' title='bbox 853 3594 884 3666; x_wconf 69' lang='grc' dir='ltr'>ί</span> <span class='ocrx_word' id='word_1_270' title='bbox 909 3592 1054 3648; x_wconf 80' lang='lat' dir='ltr'><strong>Psal.</strong></span> <span class='ocrx_word' id='word_1_271' title='bbox 1079 3610 1302 3662; x_wconf 75' lang='lat' dir='ltr'><strong>cxcvtu,</strong></span> <span class='ocrx_word' id='word_1_272' title='bbox 1346 3598 1422 3669; x_wconf 81' lang='lat' dir='ltr'><strong>l).</strong></span> <span class='ocrx_word' id='word_1_273' title='bbox 1458 3598 1588 3653; x_wconf 85' lang='lat' dir='ltr'><strong>Nam</strong></span> <span class='ocrx_word' id='word_1_274' title='bbox 1619 3616 1740 3655; x_wconf 89' lang='lat' dir='ltr'><strong>cum</strong></span> <span class='ocrx_word' id='word_1_275' title='bbox 1791 3602 2052 3658; x_wconf 75' lang='lat' dir='ltr'><strong>ctelornm</strong></span> 
     </span>
    </p>
   </div>
   <div class='ocr_carea' id='block_1_37' title="bbox 471 3685 2056 3763">
    <p class='ocr_par' dir='ltr' id='par_1_37' title="bbox 471 3685 2056 3763">
     <span class='ocr_line' id='line_1_38' title="bbox 471 3685 2056 3763; baseline 0.009 -25"><span class='ocrx_word' id='word_1_276' title='bbox 471 3693 528 3740; x_wconf 90' lang='lat' dir='ltr'><strong>et</strong></span> <span class='ocrx_word' id='word_1_277' title='bbox 547 3685 860 3756; x_wconf 74' lang='lat' dir='ltr'><strong>angelorum</strong></span> <span class='ocrx_word' id='word_1_278' title='bbox 906 3686 1104 3743; x_wconf 79' lang='lat' dir='ltr'><strong>laceret</strong></span> <span class='ocrx_word' id='word_1_279' title='bbox 1139 3690 1509 3756; x_wconf 88' lang='lat' dir='ltr'><strong>mentionem,</strong></span> <span class='ocrx_word' id='word_1_280' title='bbox 1557 3701 1612 3747; x_wconf 92' lang='lat' dir='ltr'><strong>ct</strong></span> <span class='ocrx_word' id='word_1_281' title='bbox 1661 3703 1956 3763; x_wconf 88' lang='lat' dir='ltr'><strong>potestates</strong></span> <span class='ocrx_word' id='word_1_282' title='bbox 2003 3707 2056 3752; x_wconf 91' lang='lat' dir='ltr'><strong>et</strong></span> 
     </span>
    </p>
   </div>
   <div class='ocr_carea' id='block_1_38' title="bbox 471 3781 2055 3848">
    <p class='ocr_par' dir='ltr' id='par_1_38' title="bbox 471 3781 2055 3848">
     <span class='ocr_line' id='line_1_39' title="bbox 471 3781 2055 3848; baseline 0.008 -16"><span class='ocrx_word' id='word_1_283' title='bbox 471 3781 686 3833; x_wconf 77' lang='lat' dir='ltr'><strong>excelsa</strong></span> <span class='ocrx_word' id='word_1_284' title='bbox 743 3790 1122 3848; x_wconf 83' lang='lat' dir='ltr'><strong>nuncuparet,</strong></span> <span class='ocrx_word' id='word_1_285' title='bbox 1182 3781 1425 3838; x_wconf 87' lang='lat' dir='ltr'><strong>diversas</strong></span> <span class='ocrx_word' id='word_1_286' title='bbox 1478 3799 1664 3838; x_wconf 89' lang='lat' dir='ltr'><strong>carum</strong></span> <span class='ocrx_word' id='word_1_287' title='bbox 1722 3787 2055 3845; x_wconf 83' lang='lat' dir='ltr'><strong>substantias</strong></span> 
     </span>
    </p>
   </div>
   <div class='ocr_carea' id='block_1_39' title="bbox 472 3869 2049 3946">
    <p class='ocr_par' dir='ltr' id='par_1_39' title="bbox 472 3869 2049 3946">
     <span class='ocr_line' id='line_1_40' title="bbox 472 3869 2049 3946; baseline 0.01 -24"><span class='ocrx_word' id='word_1_288' title='bbox 472 3869 768 3936; x_wconf 80' lang='lat' dir='ltr'><strong>edocebat,</strong></span> <span class='ocrx_word' id='word_1_289' title='bbox 815 3871 1101 3942; x_wconf 88' lang='lat' dir='ltr'><strong>variasque</strong></span> <span class='ocrx_word' id='word_1_290' title='bbox 1149 3873 1350 3941; x_wconf 86' lang='lat' dir='ltr'><strong>pariter</strong></span> <span class='ocrx_word' id='word_1_291' title='bbox 1398 3874 1690 3946; x_wconf 73' lang='lat' dir='ltr'><strong>dignitates</strong></span> <span class='ocrx_word' id='word_1_292' title='bbox 1732 3893 1795 3934; x_wconf 85' lang='lat' dir='ltr'><strong>ac</strong></span> <span class='ocrx_word' id='word_1_293' title='bbox 1838 3882 2049 3938; x_wconf 85' lang='lat' dir='ltr'><strong>merita.</strong></span> 
     </span>
    </p>
   </div>
   <div class='ocr_carea' id='block_1_40' title="bbox 471 3962 2053 4029">
    <p class='ocr_par' dir='ltr' id='par_1_40' title="bbox 471 3962 2053 4029">
     <span class='ocr_line' id='line_1_41' title="bbox 471 3962 2053 4029; baseline 0.008 -14"><span class='ocrx_word' id='word_1_294' title='bbox 471 3963 678 4017; x_wconf 78' lang='lat' dir='ltr'><strong>Rursus</strong></span> <span class='ocrx_word' id='word_1_295' title='bbox 706 3962 867 4017; x_wconf 85' lang='lat' dir='ltr'><strong>etiam</strong></span> <span class='ocrx_word' id='word_1_296' title='bbox 895 3962 1072 4029; x_wconf 89' lang='lat' dir='ltr'><strong>docet,</strong></span> <span class='ocrx_word' id='word_1_297' title='bbox 1108 3978 1212 4020; x_wconf 92' lang='lat' dir='ltr'><strong>non</strong></span> <span class='ocrx_word' id='word_1_298' title='bbox 1242 3966 1487 4021; x_wconf 86' lang='lat' dir='ltr'><strong>eamdem</strong></span> <span class='ocrx_word' id='word_1_299' title='bbox 1517 3969 1760 4024; x_wconf 89' lang='lat' dir='ltr'><strong>omnium</strong></span> <span class='ocrx_word' id='word_1_300' title='bbox 1785 3986 1906 4027; x_wconf 81' lang='lat' dir='ltr'><strong>esse</strong></span> <span class='ocrx_word' id='word_1_301' title='bbox 1954 3988 2053 4027; x_wconf 88' lang='lat' dir='ltr'><strong>na-</strong></span> 
     </span>
    </p>
   </div>
   <div class='ocr_carea' id='block_1_41' title="bbox 470 4053 2054 4133">
    <p class='ocr_par' dir='ltr' id='par_1_41' title="bbox 470 4053 2054 4133">
     <span class='ocr_line' id='line_1_42' title="bbox 470 4053 2054 4133; baseline 0.006 -25"><span class='ocrx_word' id='word_1_302' title='bbox 470 4064 668 4119; x_wconf 88' lang='lat' dir='ltr'><strong>turam,</strong></span> <span class='ocrx_word' id='word_1_303' title='bbox 702 4069 822 4110; x_wconf 87' lang='lat' dir='ltr'><strong>cum</strong></span> <span class='ocrx_word' id='word_1_304' title='bbox 853 4053 1016 4110; x_wconf 86' lang='lat' dir='ltr'><strong>dicit:</strong></span> <span class='ocrx_word' id='word_1_305' title='bbox 1051 4055 1151 4120; x_wconf 82' lang='lat' dir='ltr'><strong>Qui</strong></span> <span class='ocrx_word' id='word_1_306' title='bbox 1194 4057 1316 4126; x_wconf 80' lang='lat' dir='ltr'><strong>facit</strong></span> <span class='ocrx_word' id='word_1_307' title='bbox 1356 4059 1567 4129; x_wconf 83' lang='lat' dir='ltr'><strong>angelos</strong></span> <span class='ocrx_word' id='word_1_308' title='bbox 1597 4075 1716 4114; x_wconf 74' lang='lat' dir='ltr'><strong>suos</strong></span> <span class='ocrx_word' id='word_1_309' title='bbox 1745 4064 1976 4133; x_wconf 78' lang='lat' dir='ltr'><strong>spiritus,</strong></span> <span class='ocrx_word' id='word_1_310' title='bbox 2007 4074 2054 4118; x_wconf 87' lang='lat' dir='ltr'><strong>et</strong></span> 
     </span>
    </p>
   </div>
   <div class='ocr_carea' id='block_1_42' title="bbox 471 4146 2056 4223">
    <p class='ocr_par' dir='ltr' id='par_1_42' title="bbox 471 4146 2056 4223">
     <span class='ocr_line' id='line_1_43' title="bbox 471 4146 2056 4223; baseline 0.006 -24"><span class='ocrx_word' id='word_1_311' title='bbox 471 4147 732 4200; x_wconf 85' lang='lat' dir='ltr'><strong>ministros</strong></span> <span class='ocrx_word' id='word_1_312' title='bbox 761 4162 879 4201; x_wconf 86' lang='lat' dir='ltr'><strong>suos</strong></span> <span class='ocrx_word' id='word_1_313' title='bbox 900 4146 1076 4217; x_wconf 83' lang='lat' dir='ltr'><strong>ignem</strong></span> <span class='ocrx_word' id='word_1_314' title='bbox 1105 4155 1331 4200; x_wconf 78' lang='lat' dir='ltr'><strong>urentem</strong></span> <span class='ocrx_word' id='word_1_315' title='bbox 1374 4147 1491 4220; x_wconf 84' lang='lat' dir='ltr'><strong>(Ps.</strong></span> <span class='ocrx_word' id='word_1_316' title='bbox 1526 4165 1637 4216; x_wconf 80' lang='lat' dir='ltr'><strong>cur,</strong></span> <span class='ocrx_word' id='word_1_317' title='bbox 1664 4150 1743 4223; x_wconf 78' lang='grc'><strong>4).</strong></span> <span class='ocrx_word' id='word_1_318' title='bbox 1790 4151 1968 4223; x_wconf 78' lang='lat' dir='ltr'><strong>Ignem</strong></span> <span class='ocrx_word' id='word_1_319' title='bbox 2000 4163 2056 4209; x_wconf 85' lang='lat' dir='ltr'><strong>et</strong></span> 
     </span>
    </p>
   </div>
   <div class='ocr_carea' id='block_1_43' title="bbox 470 4239 2053 4310">
    <p class='ocr_par' dir='ltr' id='par_1_43' title="bbox 470 4239 2053 4310">
     <span class='ocr_line' id='line_1_44' title="bbox 470 4239 2053 4310; baseline 0.008 -17"><span class='ocrx_word' id='word_1_320' title='bbox 470 4239 717 4308; x_wconf 79' lang='lat' dir='ltr'><strong>spiritum</strong></span> <span class='ocrx_word' id='word_1_321' title='bbox 761 4255 884 4295; x_wconf 89' lang='lat' dir='ltr'><strong>cum</strong></span> <span class='ocrx_word' id='word_1_322' title='bbox 913 4239 1172 4310; x_wconf 87' lang='lat' dir='ltr'><strong>propheta</strong></span> <span class='ocrx_word' id='word_1_323' title='bbox 1201 4240 1475 4309; x_wconf 63' lang='lat' dir='ltr'><strong>dixisset,</strong></span> <span class='ocrx_word' id='word_1_324' title='bbox 1507 4243 1669 4297; x_wconf 79' lang='lat' dir='ltr'><strong>variis</strong></span> <span class='ocrx_word' id='word_1_325' title='bbox 1715 4261 1777 4299; x_wconf 89' lang='lat' dir='ltr'><strong>ac</strong></span> <span class='ocrx_word' id='word_1_326' title='bbox 1822 4247 2053 4304; x_wconf 77' lang='lat' dir='ltr'><strong>d.versis</strong></span> 
     </span>
    </p>
   </div>
   <div class='ocr_carea' id='block_1_44' title="bbox 470 4333 2055 4405">
    <p class='ocr_par' dir='ltr' id='par_1_44' title="bbox 470 4333 2055 4405">
     <span class='ocr_line' id='line_1_45' title="bbox 470 4333 2055 4405; baseline 0.008 -20"><span class='ocrx_word' id='word_1_327' title='bbox 470 4348 598 4386; x_wconf 88' lang='lat' dir='ltr'><strong>usus</strong></span> <span class='ocrx_word' id='word_1_328' title='bbox 625 4341 707 4387; x_wconf 89' lang='lat' dir='ltr'><strong>est</strong></span> <span class='ocrx_word' id='word_1_329' title='bbox 727 4333 1031 4400; x_wconf 90' lang='lat' dir='ltr'><strong>elementis,</strong></span> <span class='ocrx_word' id='word_1_330' title='bbox 1059 4345 1117 4389; x_wconf 90' lang='lat' dir='ltr'><strong>ut</strong></span> <span class='ocrx_word' id='word_1_331' title='bbox 1147 4349 1245 4390; x_wconf 91' lang='lat' dir='ltr'><strong>nos</strong></span> <span class='ocrx_word' id='word_1_332' title='bbox 1271 4337 1507 4405; x_wconf 87' lang='lat' dir='ltr'><strong>apertius</strong></span> <span class='ocrx_word' id='word_1_333' title='bbox 1531 4339 1807 4404; x_wconf 84' lang='lat' dir='ltr'><strong>edoceret,</strong></span> <span class='ocrx_word' id='word_1_334' title='bbox 1840 4358 1905 4398; x_wconf 79' lang='lat' dir='ltr'><strong>ex</strong></span> <span class='ocrx_word' id='word_1_335' title='bbox 1931 4359 2055 4398; x_wconf 89' lang='lat' dir='ltr'><strong>scn-</strong></span> 
     </span>
    </p>
   </div>
   <div class='ocr_carea' id='block_1_45' title="bbox 471 4422 2053 4497">
    <p class='ocr_par' dir='ltr' id='par_1_45' title="bbox 471 4422 2053 4497">
     <span class='ocr_line' id='line_1_46' title="bbox 471 4422 2053 4497; baseline 0.011 -22"><span class='ocrx_word' id='word_1_336' title='bbox 471 4422 618 4476; x_wconf 88' lang='lat' dir='ltr'><strong>sibili</strong></span> <span class='ocrx_word' id='word_1_337' title='bbox 646 4422 896 4478; x_wconf 86' lang='lat' dir='ltr'><strong>videlicet</strong></span> <span class='ocrx_word' id='word_1_338' title='bbox 933 4427 1204 4497; x_wconf 79' lang='lat' dir='ltr'><strong>exemplo.</strong></span> <span class='ocrx_word' id='word_1_339' title='bbox 1237 4428 1341 4483; x_wconf 85' lang='lat' dir='ltr'><strong>Eas</strong></span> <span class='ocrx_word' id='word_1_340' title='bbox 1373 4430 1530 4484; x_wconf 87' lang='lat' dir='ltr'><strong>etiam</strong></span> <span class='ocrx_word' id='word_1_341' title='bbox 1572 4431 1812 4488; x_wconf 87' lang='lat' dir='ltr'><strong>diversas</strong></span> <span class='ocrx_word' id='word_1_342' title='bbox 1853 4435 2053 4492; x_wconf 87' lang='lat' dir='ltr'><strong>habere</strong></span> 
     </span>
    </p>
   </div>
   <div class='ocr_carea' id='block_1_46' title="bbox 472 4514 2053 4592">
    <p class='ocr_par' dir='ltr' id='par_1_46' title="bbox 472 4514 2053 4592">
     <span class='ocr_line' id='line_1_47' title="bbox 472 4514 2053 4592; baseline 0.01 -23"><span class='ocrx_word' id='word_1_343' title='bbox 472 4514 799 4570; x_wconf 87' lang='lat' dir='ltr'><strong>substantias</strong></span> <span class='ocrx_word' id='word_1_344' title='bbox 838 4517 1001 4572; x_wconf 89' lang='lat' dir='ltr'><strong>etiam</strong></span> <span class='ocrx_word' id='word_1_345' title='bbox 1030 4517 1220 4574; x_wconf 85' lang='lat' dir='ltr'><strong>beatus</strong></span> <span class='ocrx_word' id='word_1_346' title='bbox 1259 4521 1478 4592; x_wconf 79' lang='lat' dir='ltr'><strong>Paulus,</strong></span> <span class='ocrx_word' id='word_1_347' title='bbox 1525 4527 1774 4582; x_wconf 69' lang='lat' dir='ltr'><strong>coele~tcs</strong></span> <span class='ocrx_word' id='word_1_348' title='bbox 1824 4533 2053 4586; x_wconf 88' lang='lat' dir='ltr'><strong>terrenis</strong></span> 
     </span>
    </p>
   </div>
   <div class='ocr_carea' id='block_1_47' title="bbox 471 4612 2054 4681">
    <p class='ocr_par' dir='ltr' id='par_1_47' title="bbox 471 4612 2054 4681">
     <span class='ocr_line' id='line_1_48' title="bbox 471 4612 2054 4681; baseline 0.009 -18"><span class='ocrx_word' id='word_1_349' title='bbox 471 4620 808 4680; x_wconf 84' lang='lat' dir='ltr'><strong>anteponens</strong></span> <span class='ocrx_word' id='word_1_350' title='bbox 838 4620 1155 4681; x_wconf 86' lang='lat' dir='ltr'><strong>potestates,</strong></span> <span class='ocrx_word' id='word_1_351' title='bbox 1183 4612 1312 4668; x_wconf 90' lang='lat' dir='ltr'><strong>dicit</strong></span> <span class='ocrx_word' id='word_1_352' title='bbox 1341 4632 1352 4667; x_wconf 91' lang='lat'><strong>:</strong></span> <span class='ocrx_word' id='word_1_353' title='bbox 1386 4615 1453 4670; x_wconf 88' lang='lat' dir='ltr'><strong>Ut</strong></span> <span class='ocrx_word' id='word_1_354' title='bbox 1482 4618 1533 4672; x_wconf 90' lang='lat' dir='ltr'><strong>in</strong></span> <span class='ocrx_word' id='word_1_355' title='bbox 1561 4621 1764 4674; x_wconf 86' lang='lat' dir='ltr'><strong>nomine</strong></span> <span class='ocrx_word' id='word_1_356' title='bbox 1790 4622 1916 4676; x_wconf 77' lang='lat' dir='ltr'><strong>Jesu</strong></span> <span class='ocrx_word' id='word_1_357' title='bbox 1943 4640 2054 4678; x_wconf 89' lang='lat' dir='ltr'><strong>om-</strong></span> 
     </span>
    </p>
   </div>
   <div class='ocr_carea' id='block_1_48' title="bbox 473 4689 2130 4788">
    <p class='ocr_par' dir='ltr' id='par_1_48' title="bbox 473 4689 2130 4788">
     <span class='ocr_line' id='line_1_49' title="bbox 473 4689 2130 4788; baseline 0.01 -32"><span class='ocrx_word' id='word_1_358' title='bbox 473 4720 537 4757; x_wconf 91' lang='lat' dir='ltr'><strong>ne</strong></span> <span class='ocrx_word' id='word_1_359' title='bbox 571 4719 704 4776; x_wconf 81' lang='lat' dir='ltr'><strong>genu</strong></span> <span class='ocrx_word' id='word_1_360' title='bbox 737 4706 993 4775; x_wconf 81' lang='lat' dir='ltr'><strong>ﬂectatur,</strong></span> <span class='ocrx_word' id='word_1_361' title='bbox 1027 4704 1322 4773; x_wconf 73' lang='lat' dir='ltr'><strong>mlestium,</strong></span> <span class='ocrx_word' id='word_1_362' title='bbox 1356 4718 1401 4762; x_wconf 86' lang='lat' dir='ltr'><strong>et</strong></span> <span class='ocrx_word' id='word_1_363' title='bbox 1424 4714 1770 4783; x_wconf 78' lang='lat' dir='ltr'><strong>terrestrium,</strong></span> <span class='ocrx_word' id='word_1_364' title='bbox 1801 4726 1851 4769; x_wconf 86' lang='lat' dir='ltr'><strong>et</strong></span> <span class='ocrx_word' id='word_1_365' title='bbox 1887 4718 2049 4788; x_wconf 75' lang='lat' dir='ltr'><strong>infer-</strong></span> <span class='ocrx_word' id='word_1_366' title='bbox 2084 4689 2130 4749; x_wconf 82' lang='lat' dir='ltr'><strong>D</strong></span> 
     </span>
    </p>
   </div>
   <div class='ocr_carea' id='block_1_49' title="bbox 471 4796 2054 4866">
    <p class='ocr_par' dir='ltr' id='par_1_49' title="bbox 471 4796 2054 4866">
     <span class='ocr_line' id='line_1_50' title="bbox 471 4796 2054 4866; baseline 0.008 -15"><span class='ocrx_word' id='word_1_367' title='bbox 471 4815 654 4852; x_wconf 87' lang='lat' dir='ltr'><strong>norum</strong></span> <span class='ocrx_word' id='word_1_368' title='bbox 683 4796 902 4864; x_wconf 80' lang='lat' dir='ltr'><strong>(Philip.</strong></span> <span class='ocrx_word' id='word_1_369' title='bbox 929 4812 992 4863; x_wconf 82' lang='lat' dir='ltr'><strong>1t,</strong></span> <span class='ocrx_word' id='word_1_370' title='bbox 1026 4799 1118 4866; x_wconf 79' lang='grc'><strong>10)</strong></span> <span class='ocrx_word' id='word_1_371' title='bbox 1144 4813 1158 4862; x_wconf 92' lang='grc'><strong>;</strong></span> <span class='ocrx_word' id='word_1_372' title='bbox 1192 4798 1528 4857; x_wconf 81' lang='lat' dir='ltr'><strong>infernarum</strong></span> <span class='ocrx_word' id='word_1_373' title='bbox 1561 4805 1703 4859; x_wconf 88' lang='lat' dir='ltr'><strong>enim</strong></span> <span class='ocrx_word' id='word_1_374' title='bbox 1727 4822 1847 4861; x_wconf 89' lang='lat' dir='ltr'><strong>cum</strong></span> <span class='ocrx_word' id='word_1_375' title='bbox 1887 4807 2054 4864; x_wconf 85' lang='lat' dir='ltr'><strong>dixis-</strong></span> 
     </span>
    </p>
   </div>
   <div class='ocr_carea' id='block_1_50' title="bbox 468 4890 2055 4960">
    <p class='ocr_par' dir='ltr' id='par_1_50' title="bbox 468 4890 2055 4960">
     <span class='ocr_line' id='line_1_51' title="bbox 468 4890 2055 4960; baseline 0.009 -18"><span class='ocrx_word' id='word_1_376' title='bbox 468 4899 585 4954; x_wconf 72' lang='lat' dir='ltr'><strong>set,</strong></span> <span class='ocrx_word' id='word_1_377' title='bbox 641 4890 845 4943; x_wconf 88' lang='lat' dir='ltr'><strong>solutas</strong></span> <span class='ocrx_word' id='word_1_378' title='bbox 892 4891 1097 4943; x_wconf 86' lang='lat' dir='ltr'><strong>animas</strong></span> <span class='ocrx_word' id='word_1_379' title='bbox 1149 4892 1464 4960; x_wconf 71' lang='lat' dir='ltr'><strong>corporibus</strong></span> <span class='ocrx_word' id='word_1_380' title='bbox 1519 4897 1836 4953; x_wconf 86' lang='lat' dir='ltr'><strong>nominavit.</strong></span> <span class='ocrx_word' id='word_1_381' title='bbox 1888 4901 2055 4956; x_wconf 87' lang='lat' dir='ltr'><strong>Porro</strong></span> 
     </span>
    </p>
   </div>
   <div class='ocr_carea' id='block_1_51' title="bbox 469 4980 2056 5061">
    <p class='ocr_par' dir='ltr' id='par_1_51' title="bbox 469 4980 2056 5061">
     <span class='ocr_line' id='line_1_52' title="bbox 469 4980 2056 5061; baseline 0.011 -28"><span class='ocrx_word' id='word_1_382' title='bbox 469 4989 646 5035; x_wconf 89' lang='lat' dir='ltr'><strong>autem</strong></span> <span class='ocrx_word' id='word_1_383' title='bbox 679 4980 836 5035; x_wconf 82' lang='lat' dir='ltr'><strong>docet</strong></span> <span class='ocrx_word' id='word_1_384' title='bbox 865 4982 1038 5035; x_wconf 86' lang='lat' dir='ltr'><strong>varias</strong></span> <span class='ocrx_word' id='word_1_385' title='bbox 1069 4995 1253 5036; x_wconf 85' lang='lat' dir='ltr'><strong>carum</strong></span> <span class='ocrx_word' id='word_1_386' title='bbox 1284 4997 1404 5038; x_wconf 91' lang='lat' dir='ltr'><strong>esse</strong></span> <span class='ocrx_word' id='word_1_387' title='bbox 1423 4984 1716 5056; x_wconf 79' lang='lat' dir='ltr'><strong>dignitates</strong></span> <span class='ocrx_word' id='word_1_388' title='bbox 1737 4993 2056 5061; x_wconf 77' lang='lat' dir='ltr'><strong>speciesque</strong></span> 
     </span>
    </p>
   </div>
   <div class='ocr_carea' id='block_1_52' title="bbox 472 5072 2052 5155">
    <p class='ocr_par' dir='ltr' id='par_1_52' title="bbox 472 5072 2052 5155">
     <span class='ocr_line' id='line_1_53' title="bbox 472 5072 2052 5155; baseline 0.011 -32"><span class='ocrx_word' id='word_1_389' title='bbox 472 5072 745 5136; x_wconf 85' lang='lat' dir='ltr'><strong>diversas,</strong></span> <span class='ocrx_word' id='word_1_390' title='bbox 789 5087 909 5127; x_wconf 87' lang='lat' dir='ltr'><strong>cum</strong></span> <span class='ocrx_word' id='word_1_391' title='bbox 963 5072 1124 5127; x_wconf 89' lang='lat' dir='ltr'><strong>dicit:</strong></span> <span class='ocrx_word' id='word_1_392' title='bbox 1166 5074 1266 5139; x_wconf 84' lang='lat' dir='ltr'><strong>Qui</strong></span> <span class='ocrx_word' id='word_1_393' title='bbox 1305 5086 1381 5130; x_wconf 86' lang='lat' dir='ltr'><strong>est</strong></span> <span class='ocrx_word' id='word_1_394' title='bbox 1418 5079 1587 5148; x_wconf 82' lang='lat' dir='ltr'><strong>imago</strong></span> <span class='ocrx_word' id='word_1_395' title='bbox 1614 5080 1711 5135; x_wconf 54' lang='lat' dir='ltr'><strong>Dei</strong></span> <span class='ocrx_word' id='word_1_396' title='bbox 1753 5086 2052 5155; x_wconf 69' lang='lat' dir='ltr'><strong>invisibilis,</strong></span> 
     </span>
    </p>
   </div>
   <div class='ocr_carea' id='block_1_53' title="bbox 470 5164 2055 5240">
    <p class='ocr_par' dir='ltr' id='par_1_53' title="bbox 470 5164 2055 5240">
     <span class='ocr_line' id='line_1_54' title="bbox 470 5164 2055 5240; baseline 0.013 -27"><span class='ocrx_word' id='word_1_397' title='bbox 470 5164 834 5233; x_wconf 80' lang='lat' dir='ltr'><strong>primogenitus</strong></span> <span class='ocrx_word' id='word_1_398' title='bbox 859 5165 1010 5218; x_wconf 87' lang='lat' dir='ltr'><strong>totius</strong></span> <span class='ocrx_word' id='word_1_399' title='bbox 1031 5177 1296 5234; x_wconf 73' lang='lat' dir='ltr'><strong>creatum,</strong></span> <span class='ocrx_word' id='word_1_400' title='bbox 1328 5170 1540 5238; x_wconf 82' lang='lat' dir='ltr'><strong>quodin</strong></span> <span class='ocrx_word' id='word_1_401' title='bbox 1577 5174 1690 5240; x_wconf 84' lang='lat' dir='ltr'><strong>ipso</strong></span> <span class='ocrx_word' id='word_1_402' title='bbox 1718 5186 1890 5230; x_wconf 82' lang='lat' dir='ltr'><strong>creata</strong></span> <span class='ocrx_word' id='word_1_403' title='bbox 1937 5189 2055 5233; x_wconf 88' lang='lat' dir='ltr'><strong>sunt</strong></span> 
     </span>
    </p>
   </div>
   <div class='ocr_carea' id='block_1_54' title="bbox 470 5256 2050 5327">
    <p class='ocr_par' dir='ltr' id='par_1_54' title="bbox 470 5256 2050 5327">
     <span class='ocr_line' id='line_1_55' title="bbox 470 5256 2050 5327; baseline 0.009 -19"><span class='ocrx_word' id='word_1_404' title='bbox 470 5256 664 5322; x_wconf 87' lang='lat' dir='ltr'><strong>omnia,</strong></span> <span class='ocrx_word' id='word_1_405' title='bbox 693 5267 795 5309; x_wconf 87' lang='lat' dir='ltr'><strong>tam</strong></span> <span class='ocrx_word' id='word_1_406' title='bbox 822 5257 1064 5323; x_wconf 72' lang='lat' dir='ltr'><strong>caelestia,</strong></span> <span class='ocrx_word' id='word_1_407' title='bbox 1096 5274 1249 5327; x_wconf 84' lang='lat' dir='ltr'><strong>quam</strong></span> <span class='ocrx_word' id='word_1_408' title='bbox 1276 5263 1564 5326; x_wconf 83' lang='lat' dir='ltr'><strong>terrestria,</strong></span> <span class='ocrx_word' id='word_1_409' title='bbox 1591 5266 1808 5320; x_wconf 80' lang='lat' dir='ltr'><strong>visibilia</strong></span> <span class='ocrx_word' id='word_1_410' title='bbox 1849 5276 1894 5321; x_wconf 87' lang='lat' dir='ltr'><strong>et</strong></span> <span class='ocrx_word' id='word_1_411' title='bbox 1922 5272 2050 5323; x_wconf 88' lang='lat' dir='ltr'><strong>invi-</strong></span> 
     </span>
    </p>
   </div>
   <div class='ocr_carea' id='block_1_55' title="bbox 469 5347 2046 5430">
    <p class='ocr_par' dir='ltr' id='par_1_55' title="bbox 469 5347 2046 5430">
     <span class='ocr_line' id='line_1_56' title="bbox 469 5347 2046 5430; baseline 0.009 -30"><span class='ocrx_word' id='word_1_412' title='bbox 469 5347 661 5412; x_wconf 79' lang='lat' dir='ltr'><strong>sibilia,</strong></span> <span class='ocrx_word' id='word_1_413' title='bbox 685 5349 787 5402; x_wconf 83' lang='lat' dir='ltr'><strong>sive</strong></span> <span class='ocrx_word' id='word_1_414' title='bbox 814 5347 1006 5412; x_wconf 85' lang='lat' dir='ltr'><strong>throni,</strong></span> <span class='ocrx_word' id='word_1_415' title='bbox 1029 5349 1132 5402; x_wconf 85' lang='lat' dir='ltr'><strong>sive</strong></span> <span class='ocrx_word' id='word_1_416' title='bbox 1157 5350 1558 5419; x_wconf 83' lang='lat' dir='ltr'><strong>dominationes,</strong></span> <span class='ocrx_word' id='word_1_417' title='bbox 1583 5356 1686 5409; x_wconf 83' lang='lat' dir='ltr'><strong>sive</strong></span> <span class='ocrx_word' id='word_1_418' title='bbox 1709 5359 2046 5430; x_wconf 78' lang='lat' dir='ltr'><strong>principatus,</strong></span> 
     </span>
    </p>
   </div>
   <div class='ocr_carea' id='block_1_56' title="bbox 466 5439 2048 5513">
    <p class='ocr_par' dir='ltr' id='par_1_56' title="bbox 466 5439 2048 5513">
     <span class='ocr_line' id='line_1_57' title="bbox 466 5439 2048 5513; baseline 0.009 -20"><span class='ocrx_word' id='word_1_419' title='bbox 466 5440 572 5494; x_wconf 73' lang='grc' dir='ltr'><strong>εἱσι</strong></span> <span class='ocrx_word' id='word_1_420' title='bbox 593 5439 1025 5510; x_wconf 82' lang='lat' dir='ltr'><strong>potestates(Col.</strong></span> <span class='ocrx_word' id='word_1_421' title='bbox 1054 5455 1093 5506; x_wconf 86' lang='grc' dir='ltr'><strong>ι,</strong></span> <span class='ocrx_word' id='word_1_422' title='bbox 1131 5440 1389 5510; x_wconf 76' lang='lat' dir='ltr'><strong>l5).Cum</strong></span> <span class='ocrx_word' id='word_1_423' title='bbox 1417 5443 1580 5513; x_wconf 82' lang='lat' dir='ltr'><strong>igitur</strong></span> <span class='ocrx_word' id='word_1_424' title='bbox 1607 5448 1850 5504; x_wconf 75' lang='lat' dir='ltr'><strong>erelestia</strong></span> <span class='ocrx_word' id='word_1_425' title='bbox 1881 5462 2048 5508; x_wconf 86' lang='lat' dir='ltr'><strong>terre-</strong></span> 
     </span>
    </p>
   </div>
   <div class='ocr_carea' id='block_1_57' title="bbox 469 5531 2044 5611">
    <p class='ocr_par' dir='ltr' id='par_1_57' title="bbox 469 5531 2044 5611">
     <span class='ocr_line' id='line_1_58' title="bbox 469 5531 2044 5611; baseline 0.009 -26"><span class='ocrx_word' id='word_1_426' title='bbox 469 5531 556 5585; x_wconf 89' lang='lat' dir='ltr'><strong>nis</strong></span> <span class='ocrx_word' id='word_1_427' title='bbox 582 5538 965 5600; x_wconf 88' lang='lat' dir='ltr'><strong>anteponeret,</strong></span> <span class='ocrx_word' id='word_1_428' title='bbox 1001 5547 1122 5586; x_wconf 76' lang='lat' dir='ltr'><strong>mox</strong></span> <span class='ocrx_word' id='word_1_429' title='bbox 1147 5531 1349 5602; x_wconf 87' lang='lat' dir='ltr'><strong>adjecit</strong></span> <span class='ocrx_word' id='word_1_430' title='bbox 1376 5535 1534 5590; x_wconf 90' lang='lat' dir='ltr'><strong>etiam</strong></span> <span class='ocrx_word' id='word_1_431' title='bbox 1566 5538 1840 5608; x_wconf 87' lang='lat' dir='ltr'><strong>homines,</strong></span> <span class='ocrx_word' id='word_1_432' title='bbox 1875 5543 1963 5611; x_wconf 85' lang='lat' dir='ltr'><strong>qui</strong></span> <span class='ocrx_word' id='word_1_433' title='bbox 1995 5547 2044 5599; x_wconf 92' lang='lat' dir='ltr'><strong>in</strong></span> 
     </span>
    </p>
   </div>
   <div class='ocr_carea' id='block_1_58' title="bbox 467 5621 2046 5702">
    <p class='ocr_par' dir='ltr' id='par_1_58' title="bbox 467 5621 2046 5702">
     <span class='ocr_line' id='line_1_59' title="bbox 467 5621 2046 5702; baseline 0.007 -24"><span class='ocrx_word' id='word_1_434' title='bbox 467 5621 684 5678; x_wconf 87' lang='lat' dir='ltr'><strong>Christo</strong></span> <span class='ocrx_word' id='word_1_435' title='bbox 705 5623 873 5678; x_wconf 87' lang='lat' dir='ltr'><strong>creati</strong></span> <span class='ocrx_word' id='word_1_436' title='bbox 903 5631 1048 5688; x_wconf 90' lang='lat' dir='ltr'><strong>sunt,</strong></span> <span class='ocrx_word' id='word_1_437' title='bbox 1079 5623 1294 5679; x_wconf 86' lang='lat' dir='ltr'><strong>dicens:</strong></span> <span class='ocrx_word' id='word_1_438' title='bbox 1317 5624 1383 5678; x_wconf 83' lang='lat' dir='ltr'><strong>Et</strong></span> <span class='ocrx_word' id='word_1_439' title='bbox 1407 5627 1512 5698; x_wconf 84' lang='lat' dir='ltr'><strong>ipse</strong></span> <span class='ocrx_word' id='word_1_440' title='bbox 1539 5639 1611 5682; x_wconf 84' lang='lat' dir='ltr'><strong>est</strong></span> <span class='ocrx_word' id='word_1_441' title='bbox 1637 5642 1789 5699; x_wconf 84' lang='lat' dir='ltr'><strong>caput</strong></span> <span class='ocrx_word' id='word_1_442' title='bbox 1817 5637 2046 5702; x_wconf 80' lang='lat' dir='ltr'><strong>corporis</strong></span> 
     </span>
    </p>
   </div>
   <div class='ocr_carea' id='block_1_59' title="bbox 474 5715 2044 5796">
    <p class='ocr_par' dir='ltr' id='par_1_59' title="bbox 474 5715 2044 5796">
     <span class='ocr_line' id='line_1_60' title="bbox 474 5715 2044 5796; baseline 0.007 -25"><span class='ocrx_word' id='word_1_443' title='bbox 474 5715 730 5781; x_wconf 70' lang='lat' dir='ltr'><strong>Ecclesiae,</strong></span> <span class='ocrx_word' id='word_1_444' title='bbox 761 5716 849 5786; x_wconf 85' lang='lat' dir='ltr'><strong>qui</strong></span> <span class='ocrx_word' id='word_1_445' title='bbox 885 5725 961 5770; x_wconf 86' lang='lat' dir='ltr'><strong>est</strong></span> <span class='ocrx_word' id='word_1_446' title='bbox 995 5718 1303 5788; x_wconf 81' lang='lat' dir='ltr'><strong>principium</strong></span> <span class='ocrx_word' id='word_1_447' title='bbox 1331 5722 1698 5792; x_wconf 82' lang='lat' dir='ltr'><strong>primogenitns</strong></span> <span class='ocrx_word' id='word_1_448' title='bbox 1724 5741 1786 5782; x_wconf 75' lang='lat' dir='ltr'><strong>ea:</strong></span> <span class='ocrx_word' id='word_1_449' title='bbox 1811 5730 2044 5796; x_wconf 87' lang='lat' dir='ltr'><strong>mortuis,</strong></span> 
     </span>
    </p>
   </div>
   <div class='ocr_carea' id='block_1_60' title="bbox 466 5809 2044 5894">
    <p class='ocr_par' dir='ltr' id='par_1_60' title="bbox 466 5809 2044 5894">
     <span class='ocr_line' id='line_1_61' title="bbox 466 5809 2044 5894; baseline 0.008 -30"><span class='ocrx_word' id='word_1_450' title='bbox 466 5823 522 5864; x_wconf 87' lang='lat' dir='ltr'><strong>ut</strong></span> <span class='ocrx_word' id='word_1_451' title='bbox 549 5810 642 5881; x_wconf 78' lang='lat' dir='ltr'><strong>fiat</strong></span> <span class='ocrx_word' id='word_1_452' title='bbox 681 5811 736 5864; x_wconf 90' lang='lat' dir='ltr'><strong>in</strong></span> <span class='ocrx_word' id='word_1_453' title='bbox 775 5809 1008 5864; x_wconf 82' lang='lat' dir='ltr'><strong>omnibus</strong></span> <span class='ocrx_word' id='word_1_454' title='bbox 1032 5812 1141 5877; x_wconf 84' lang='lat' dir='ltr'><strong>ipse</strong></span> <span class='ocrx_word' id='word_1_455' title='bbox 1169 5812 1439 5878; x_wconf 82' lang='lat' dir='ltr'><strong>primatum</strong></span> <span class='ocrx_word' id='word_1_456' title='bbox 1469 5823 1646 5868; x_wconf 86' lang='lat' dir='ltr'><strong>tenens</strong></span> <span class='ocrx_word' id='word_1_457' title='bbox 1685 5819 1702 5886; x_wconf 94' lang='lat'><strong>(</strong></span> <span class='ocrx_word' id='word_1_458' title='bbox 1728 5817 1883 5884; x_wconf 88' lang='lat' dir='ltr'><strong>lbid.,</strong></span> <span class='ocrx_word' id='word_1_459' title='bbox 1918 5821 1982 5876; x_wconf 76' lang='grc'><strong>18</strong></span> <span class='ocrx_word' id='word_1_460' title='bbox 2002 5821 2044 5894; x_wconf 76' lang='lat'><strong>).</strong></span> 
     </span>
    </p>
   </div>
   <div class='ocr_carea' id='block_1_61' title="bbox 465 5900 2046 5968">
    <p class='ocr_par' dir='ltr' id='par_1_61' title="bbox 465 5900 2046 5968">
     <span class='ocr_line' id='line_1_62' title="bbox 465 5900 2046 5968; baseline 0.007 -11"><span class='ocrx_word' id='word_1_461' title='bbox 465 5900 727 5958; x_wconf 86' lang='lat' dir='ltr'><strong>Similiter</strong></span> <span class='ocrx_word' id='word_1_462' title='bbox 751 5911 928 5958; x_wconf 85' lang='lat' dir='ltr'><strong>autem</strong></span> <span class='ocrx_word' id='word_1_463' title='bbox 959 5901 1121 5958; x_wconf 85' lang='lat' dir='ltr'><strong>etiam</strong></span> <span class='ocrx_word' id='word_1_464' title='bbox 1180 5902 1439 5958; x_wconf 86' lang='lat' dir='ltr'><strong>Dominus</strong></span> <span class='ocrx_word' id='word_1_465' title='bbox 1489 5917 1673 5960; x_wconf 86' lang='lat' dir='ltr'><strong>noster</strong></span> <span class='ocrx_word' id='word_1_466' title='bbox 1704 5908 1860 5965; x_wconf 87' lang='lat' dir='ltr'><strong>.lcsus</strong></span> <span class='ocrx_word' id='word_1_467' title='bbox 1888 5909 2046 5968; x_wconf 87' lang='lat' dir='ltr'><strong>Chri-</strong></span> 
     </span>
    </p>
   </div>
   <div class='ocr_carea' id='block_1_62' title="bbox 893 417 3285 486">
    <p class='ocr_par' dir='ltr' id='par_1_62' title="bbox 893 417 3285 486">
     <span class='ocr_line' id='line_1_63' title="bbox 893 417 3285 486; baseline -0.003 0"><span class='ocrx_word' id='word_1_468' title='bbox 893 429 986 486; x_wconf 78' lang='grc' dir='ltr'>ΑΟ</span> <span class='ocrx_word' id='word_1_469' title='bbox 1024 426 1305 486; x_wconf 65' lang='lat' dir='ltr'><strong>PARTEM</strong></span> <span class='ocrx_word' id='word_1_470' title='bbox 1345 427 1607 484; x_wconf 61' lang='lat' dir='ltr'><strong>PRlblAM</strong></span> <span class='ocrx_word' id='word_1_471' title='bbox 1647 417 1933 484; x_wconf 68' lang='lat' dir='ltr'><strong>OPERUM</strong></span> <span class='ocrx_word' id='word_1_472' title='bbox 1973 426 2044 482; x_wconf 81' lang='grc' dir='ltr'><strong>Μ.</strong></span> <span class='ocrx_word' id='word_1_473' title='bbox 2085 423 2525 482; x_wconf 72' lang='lat' dir='ltr'><strong>MERCATORIS</strong></span> <span class='ocrx_word' id='word_1_474' title='bbox 2564 423 2908 481; x_wconf 78' lang='lat' dir='ltr'><strong>APPENDIX</strong></span> <span class='ocrx_word' id='word_1_475' title='bbox 2947 423 3285 483; x_wconf 71' lang='lat' dir='ltr'><strong>SECUNDA.</strong></span> 
     </span>
    </p>
   </div>
   <div class='ocr_carea' id='block_1_63' title="bbox 3629 427 3739 486">
    <p class='ocr_par' dir='ltr' id='par_1_63' title="bbox 3629 427 3739 486">
     <span class='ocr_line' id='line_1_64' title="bbox 3629 427 3739 486; baseline 0.055 -6"><span class='ocrx_word' id='word_1_476' title='bbox 3629 427 3739 486; x_wconf 60' lang='lat' dir='ltr'><strong>ab!</strong></span> 
     </span>
    </p>
   </div>
   <div class='ocr_carea' id='block_1_64' title="bbox 2149 540 3736 615">
    <p class='ocr_par' dir='ltr' id='par_1_64' title="bbox 2149 540 3736 615">
     <span class='ocr_line' id='line_1_65' title="bbox 2149 540 3736 615; baseline 0.003 -20"><span class='ocrx_word' id='word_1_477' title='bbox 2149 549 2266 596; x_wconf 84' lang='lat' dir='ltr'><strong>stus</strong></span> <span class='ocrx_word' id='word_1_478' title='bbox 2299 540 2458 596; x_wconf 89' lang='lat' dir='ltr'><strong>docet</strong></span> <span class='ocrx_word' id='word_1_479' title='bbox 2480 541 2844 599; x_wconf 81' lang='lat' dir='ltr'><strong>diversitatem</strong></span> <span class='ocrx_word' id='word_1_480' title='bbox 2867 543 3182 600; x_wconf 76' lang='lat' dir='ltr'><strong>substantia:</strong></span> <span class='ocrx_word' id='word_1_481' title='bbox 3211 545 3498 615; x_wconf 87' lang='lat' dir='ltr'><strong>spirituum</strong></span> <span class='ocrx_word' id='word_1_482' title='bbox 3520 560 3736 614; x_wconf 82' lang='lat' dir='ltr'><strong>eorum,</strong></span> 
     </span>
    </p>
   </div>
   <div class='ocr_carea' id='block_1_65' title="bbox 2141 635 3739 708">
    <p class='ocr_par' dir='ltr' id='par_1_65' title="bbox 2141 635 3739 708">
     <span class='ocr_line' id='line_1_66' title="bbox 2141 635 3739 708; baseline 0.005 -21"><span class='ocrx_word' id='word_1_483' title='bbox 2141 635 2236 704; x_wconf 90' lang='lat' dir='ltr'><strong>qui</strong></span> <span class='ocrx_word' id='word_1_484' title='bbox 2265 650 2293 687; x_wconf 90' lang='lat' dir='ltr'><strong>a</strong></span> <span class='ocrx_word' id='word_1_485' title='bbox 2320 635 2428 689; x_wconf 89' lang='lat' dir='ltr'><strong>Deo</strong></span> <span class='ocrx_word' id='word_1_486' title='bbox 2458 648 2802 693; x_wconf 86' lang='lat' dir='ltr'><strong>recesserunt</strong></span> <span class='ocrx_word' id='word_1_487' title='bbox 2823 679 2837 703; x_wconf 91' lang='lat'><strong>,</strong></span> <span class='ocrx_word' id='word_1_488' title='bbox 2867 653 2930 693; x_wconf 82' lang='lat' dir='ltr'><strong>ex</strong></span> <span class='ocrx_word' id='word_1_489' title='bbox 2960 639 3155 708; x_wconf 89' lang='lat' dir='ltr'><strong>quibus</strong></span> <span class='ocrx_word' id='word_1_490' title='bbox 3198 639 3335 695; x_wconf 82' lang='lat' dir='ltr'><strong>solet</strong></span> <span class='ocrx_word' id='word_1_491' title='bbox 3363 639 3544 694; x_wconf 82' lang='lat' dir='ltr'><strong>divina</strong></span> <span class='ocrx_word' id='word_1_492' title='bbox 3589 641 3739 695; x_wconf 87' lang='lat' dir='ltr'><strong>Scri-</strong></span> 
     </span>
    </p>
   </div>
   <div class='ocr_carea' id='block_1_66' title="bbox 2143 727 3739 802">
    <p class='ocr_par' dir='ltr' id='par_1_66' title="bbox 2143 727 3739 802">
     <span class='ocr_line' id='line_1_67' title="bbox 2143 727 3739 802; baseline 0.004 -21"><span class='ocrx_word' id='word_1_493' title='bbox 2143 738 2301 798; x_wconf 88' lang='lat' dir='ltr'><strong>ptura</strong></span> <span class='ocrx_word' id='word_1_494' title='bbox 2326 727 2604 783; x_wconf 64' lang='lat' dir='ltr'><strong>daemones</strong></span> <span class='ocrx_word' id='word_1_495' title='bbox 2634 730 2929 798; x_wconf 83' lang='lat' dir='ltr'><strong>appellare,</strong></span> <span class='ocrx_word' id='word_1_496' title='bbox 2955 743 3009 785; x_wconf 91' lang='lat' dir='ltr'><strong>et</strong></span> <span class='ocrx_word' id='word_1_497' title='bbox 3055 731 3385 800; x_wconf 87' lang='lat' dir='ltr'><strong>principatus</strong></span> <span class='ocrx_word' id='word_1_498' title='bbox 3411 742 3466 788; x_wconf 88' lang='lat' dir='ltr'><strong>et</strong></span> <span class='ocrx_word' id='word_1_499' title='bbox 3496 742 3739 802; x_wconf 80' lang='lat' dir='ltr'><strong>potesta-</strong></span> 
     </span>
    </p>
   </div>
   <div class='ocr_carea' id='block_1_67' title="bbox 2143 821 3742 895">
    <p class='ocr_par' dir='ltr' id='par_1_67' title="bbox 2143 821 3742 895">
     <span class='ocr_line' id='line_1_68' title="bbox 2143 821 3742 895; baseline 0.003 -20"><span class='ocrx_word' id='word_1_500' title='bbox 2143 831 2248 887; x_wconf 91' lang='lat' dir='ltr'><strong>tes,</strong></span> <span class='ocrx_word' id='word_1_501' title='bbox 2280 835 2400 875; x_wconf 91' lang='lat' dir='ltr'><strong>cum</strong></span> <span class='ocrx_word' id='word_1_502' title='bbox 2433 821 2600 876; x_wconf 86' lang='lat' dir='ltr'><strong>dicit:</strong></span> <span class='ocrx_word' id='word_1_503' title='bbox 2637 821 2748 875; x_wconf 82' lang='lat' dir='ltr'><strong>Hoc</strong></span> <span class='ocrx_word' id='word_1_504' title='bbox 2773 839 2932 893; x_wconf 88' lang='lat' dir='ltr'><strong>genus</strong></span> <span class='ocrx_word' id='word_1_505' title='bbox 2963 839 3068 876; x_wconf 88' lang='lat' dir='ltr'><strong>non</strong></span> <span class='ocrx_word' id='word_1_506' title='bbox 3089 825 3309 895; x_wconf 83' lang='lat' dir='ltr'><strong>ejicitnr,</strong></span> <span class='ocrx_word' id='word_1_507' title='bbox 3337 825 3436 878; x_wconf 90' lang='lat' dir='ltr'><strong>nisi</strong></span> <span class='ocrx_word' id='word_1_508' title='bbox 3461 824 3517 879; x_wconf 88' lang='lat' dir='ltr'><strong>in</strong></span> <span class='ocrx_word' id='word_1_509' title='bbox 3541 827 3742 879; x_wconf 83' lang='lat' dir='ltr'><strong>oratio-</strong></span> 
     </span>
    </p>
   </div>
   <div class='ocr_carea' id='block_1_68' title="bbox 2144 911 3737 986">
    <p class='ocr_par' dir='ltr' id='par_1_68' title="bbox 2144 911 3737 986">
     <span class='ocr_line' id='line_1_69' title="bbox 2144 911 3737 986; baseline 0.004 -23"><span class='ocrx_word' id='word_1_510' title='bbox 2144 926 2208 964; x_wconf 88' lang='lat' dir='ltr'><strong>ne</strong></span> <span class='ocrx_word' id='word_1_511' title='bbox 2251 920 2298 966; x_wconf 89' lang='lat' dir='ltr'><strong>et</strong></span> <span class='ocrx_word' id='word_1_512' title='bbox 2336 911 2542 981; x_wconf 83' lang='lat' dir='ltr'><strong>jejunio</strong></span> <span class='ocrx_word' id='word_1_513' title='bbox 2571 911 2785 982; x_wconf 69' lang='grc' dir='ltr'><strong>(ΜαιίΙι.</strong></span> <span class='ocrx_word' id='word_1_514' title='bbox 2818 929 2948 978; x_wconf 81' lang='lat' dir='ltr'><strong>xvn,</strong></span> <span class='ocrx_word' id='word_1_515' title='bbox 2999 912 3128 986; x_wconf 71' lang='grc'><strong>20).</strong></span> <span class='ocrx_word' id='word_1_516' title='bbox 3177 913 3234 968; x_wconf 84' lang='grc' dir='ltr'><strong>1η</strong></span> <span class='ocrx_word' id='word_1_517' title='bbox 3279 930 3345 969; x_wconf 90' lang='lat' dir='ltr'><strong>eo</strong></span> <span class='ocrx_word' id='word_1_518' title='bbox 3383 923 3563 971; x_wconf 86' lang='lat' dir='ltr'><strong>autem</strong></span> <span class='ocrx_word' id='word_1_519' title='bbox 3588 919 3737 986; x_wconf 83' lang='lat' dir='ltr'><strong>quod</strong></span> 
     </span>
    </p>
   </div>
   <div class='ocr_carea' id='block_1_69' title="bbox 2149 1004 3743 1079">
    <p class='ocr_par' dir='ltr' id='par_1_69' title="bbox 2149 1004 3743 1079">
     <span class='ocr_line' id='line_1_70' title="bbox 2149 1004 3743 1079; baseline 0.005 -23"><span class='ocrx_word' id='word_1_520' title='bbox 2149 1004 2406 1058; x_wconf 88' lang='lat' dir='ltr'><strong>Dominus</strong></span> <span class='ocrx_word' id='word_1_521' title='bbox 2435 1004 2598 1068; x_wconf 89' lang='lat' dir='ltr'><strong>dicit,</strong></span> <span class='ocrx_word' id='word_1_522' title='bbox 2633 1007 2728 1058; x_wconf 85' lang='lat' dir='ltr'><strong>hoc</strong></span> <span class='ocrx_word' id='word_1_523' title='bbox 2767 1023 2926 1078; x_wconf 84' lang='lat' dir='ltr'><strong>genus</strong></span> <span class='ocrx_word' id='word_1_524' title='bbox 2956 1007 3162 1078; x_wconf 78' lang='lat' dir='ltr'><strong>(Marc.</strong></span> <span class='ocrx_word' id='word_1_525' title='bbox 3193 1023 3268 1072; x_wconf 68' lang='grc' dir='ltr'><strong>ιχ,</strong></span> <span class='ocrx_word' id='word_1_526' title='bbox 3299 1007 3444 1079; x_wconf 73' lang='lat'><strong>28),</strong></span> <span class='ocrx_word' id='word_1_527' title='bbox 3494 1011 3743 1065; x_wconf 84' lang='lat' dir='ltr'><strong>ostendit</strong></span> 
     </span>
    </p>
   </div>
   <div class='ocr_carea' id='block_1_70' title="bbox 2145 1093 3740 1170">
    <p class='ocr_par' dir='ltr' id='par_1_70' title="bbox 2145 1093 3740 1170">
     <span class='ocr_line' id='line_1_71' title="bbox 2145 1093 3740 1170; baseline 0.003 -22"><span class='ocrx_word' id='word_1_528' title='bbox 2145 1093 2199 1148; x_wconf 91' lang='lat' dir='ltr'><strong>in</strong></span> <span class='ocrx_word' id='word_1_529' title='bbox 2225 1096 2356 1164; x_wconf 82' lang='lat' dir='ltr'><strong>ipsis</strong></span> <span class='ocrx_word' id='word_1_530' title='bbox 2384 1097 2530 1149; x_wconf 90' lang='lat' dir='ltr'><strong>varia</strong></span> <span class='ocrx_word' id='word_1_531' title='bbox 2562 1110 2682 1151; x_wconf 89' lang='lat' dir='ltr'><strong>esse</strong></span> <span class='ocrx_word' id='word_1_532' title='bbox 2711 1111 2908 1164; x_wconf 83' lang='lat' dir='ltr'><strong>genera</strong></span> <span class='ocrx_word' id='word_1_533' title='bbox 2939 1098 3384 1163; x_wconf 82' lang='lat' dir='ltr'><strong>substantiarum,</strong></span> <span class='ocrx_word' id='word_1_534' title='bbox 3414 1101 3740 1170; x_wconf 81' lang='lat' dir='ltr'><strong>speciesque</strong></span> 
     </span>
    </p>
   </div>
   <div class='ocr_carea' id='block_1_71' title="bbox 2149 1187 3744 1254">
    <p class='ocr_par' dir='ltr' id='par_1_71' title="bbox 2149 1187 3744 1254">
     <span class='ocr_line' id='line_1_72' title="bbox 2149 1187 3744 1254; baseline 0.003 -12"><span class='ocrx_word' id='word_1_535' title='bbox 2149 1187 2409 1242; x_wconf 86' lang='lat' dir='ltr'><strong>diversas.</strong></span> <span class='ocrx_word' id='word_1_536' title='bbox 2462 1187 2590 1252; x_wconf 67' lang='lat' dir='ltr'><strong>Haec</strong></span> <span class='ocrx_word' id='word_1_537' title='bbox 2641 1198 2822 1242; x_wconf 86' lang='lat' dir='ltr'><strong>autem</strong></span> <span class='ocrx_word' id='word_1_538' title='bbox 2875 1189 3054 1242; x_wconf 86' lang='lat' dir='ltr'><strong>omnia</strong></span> <span class='ocrx_word' id='word_1_539' title='bbox 3085 1188 3237 1254; x_wconf 82' lang='lat' dir='ltr'><strong>dixi,</strong></span> <span class='ocrx_word' id='word_1_540' title='bbox 3272 1198 3335 1243; x_wconf 81' lang='lat' dir='ltr'><strong>ut</strong></span> <span class='ocrx_word' id='word_1_541' title='bbox 3377 1190 3596 1245; x_wconf 77' lang='lat' dir='ltr'><strong>divitias</strong></span> <span class='ocrx_word' id='word_1_542' title='bbox 3637 1191 3744 1247; x_wconf 82' lang='lat' dir='ltr'><strong>Dei</strong></span> 
     </span>
    </p>
   </div>
   <div class='ocr_carea' id='block_1_72' title="bbox 2145 1278 3744 1350">
    <p class='ocr_par' dir='ltr' id='par_1_72' title="bbox 2145 1278 3744 1350">
     <span class='ocr_line' id='line_1_73' title="bbox 2145 1278 3744 1350; baseline 0.004 -18"><span class='ocrx_word' id='word_1_543' title='bbox 2145 1279 2361 1333; x_wconf 84' lang='lat' dir='ltr'><strong>virtutis</strong></span> <span class='ocrx_word' id='word_1_544' title='bbox 2405 1278 2751 1334; x_wconf 81' lang='lat' dir='ltr'><strong>ostenderem</strong></span> <span class='ocrx_word' id='word_1_545' title='bbox 2781 1297 2794 1333; x_wconf 92' lang='lat'><strong>:</strong></span> <span class='ocrx_word' id='word_1_546' title='bbox 2846 1295 2968 1334; x_wconf 87' lang='lat' dir='ltr'><strong>nam</strong></span> <span class='ocrx_word' id='word_1_547' title='bbox 2998 1281 3043 1335; x_wconf 89' lang='lat' dir='ltr'><strong>si</strong></span> <span class='ocrx_word' id='word_1_548' title='bbox 3073 1281 3422 1350; x_wconf 88' lang='lat' dir='ltr'><strong>omnipotens</strong></span> <span class='ocrx_word' id='word_1_549' title='bbox 3462 1283 3744 1338; x_wconf 75' lang='lat' dir='ltr'><strong>Divinitas</strong></span> 
     </span>
    </p>
   </div>
   <div class='ocr_carea' id='block_1_73' title="bbox 2145 1371 3404 1446">
    <p class='ocr_par' dir='ltr' id='par_1_73' title="bbox 2145 1371 3404 1446">
     <span class='ocr_line' id='line_1_74' title="bbox 2145 1371 3404 1446; baseline 0.002 -21"><span class='ocrx_word' id='word_1_550' title='bbox 2145 1377 2254 1437; x_wconf 81' lang='lat' dir='ltr'><strong>est,</strong></span> <span class='ocrx_word' id='word_1_551' title='bbox 2281 1383 2503 1425; x_wconf 86' lang='lat' dir='ltr'><strong>necesse</strong></span> <span class='ocrx_word' id='word_1_552' title='bbox 2531 1381 2615 1425; x_wconf 90' lang='lat' dir='ltr'><strong>est</strong></span> <span class='ocrx_word' id='word_1_553' title='bbox 2636 1371 2799 1426; x_wconf 87' lang='lat' dir='ltr'><strong>etiam</strong></span> <span class='ocrx_word' id='word_1_554' title='bbox 2821 1371 3088 1446; x_wconf 73' lang='lat' dir='ltr'><strong>prtedives</strong></span> <span class='ocrx_word' id='word_1_555' title='bbox 3119 1371 3404 1429; x_wconf 89' lang='lat' dir='ltr'><strong>habeatur.</strong></span> 
     </span>
    </p>
   </div>
   <div class='ocr_carea' id='block_1_74' title="bbox 2218 1503 3747 1575">
    <p class='ocr_par' dir='ltr' id='par_1_74' title="bbox 2218 1503 3747 1575">
     <span class='ocr_line' id='line_1_75' title="bbox 2218 1503 3747 1575; baseline 0.004 -17"><span class='ocrx_word' id='word_1_556' title='bbox 2218 1503 2554 1560; x_wconf 87' lang='lat' dir='ltr'><strong>lnl&#39;ernorum</strong></span> <span class='ocrx_word' id='word_1_557' title='bbox 2587 1506 2806 1561; x_wconf 87' lang='lat' dir='ltr'><strong>nomine</strong></span> <span class='ocrx_word' id='word_1_558' title='bbox 2828 1507 3089 1575; x_wconf 87' lang='lat' dir='ltr'><strong>appellari</strong></span> <span class='ocrx_word' id='word_1_559' title='bbox 3121 1508 3354 1563; x_wconf 86' lang='lat' dir='ltr'><strong>credidit</strong></span> <span class='ocrx_word' id='word_1_560' title='bbox 3377 1508 3588 1565; x_wconf 88' lang='lat' dir='ltr'><strong>animas</strong></span> <span class='ocrx_word' id='word_1_561' title='bbox 3616 1524 3747 1566; x_wconf 87' lang='lat' dir='ltr'><strong>cor-</strong></span> 
     </span>
    </p>
   </div>
   <div class='ocr_carea' id='block_1_75' title="bbox 2149 1576 3747 1650">
    <p class='ocr_par' dir='ltr' id='par_1_75' title="bbox 2149 1576 3747 1650">
     <span class='ocr_line' id='line_1_76' title="bbox 2149 1576 3747 1650; baseline 0.006 -23"><span class='ocrx_word' id='word_1_562' title='bbox 2149 1576 2372 1650; x_wconf 77' lang='lat' dir='ltr'><strong>poribus</strong></span> <span class='ocrx_word' id='word_1_563' title='bbox 2397 1577 2623 1650; x_wconf 79' lang='lat' dir='ltr'><strong>solutas,</strong></span> <span class='ocrx_word' id='word_1_564' title='bbox 2658 1580 2779 1645; x_wconf 88' lang='lat' dir='ltr'><strong>quia</strong></span> <span class='ocrx_word' id='word_1_565' title='bbox 2810 1577 2911 1650; x_wconf 82' lang='lat' dir='ltr'><strong>fuit</strong></span> <span class='ocrx_word' id='word_1_566' title='bbox 2953 1579 3002 1650; x_wconf 92' lang='lat' dir='ltr'><strong>in</strong></span> <span class='ocrx_word' id='word_1_567' title='bbox 3054 1580 3309 1647; x_wconf 87' lang='lat' dir='ltr'><strong>opinione</strong></span> <span class='ocrx_word' id='word_1_568' title='bbox 3338 1589 3582 1635; x_wconf 81' lang='lat' dir='ltr'><strong>veterum</strong></span> <span class='ocrx_word' id='word_1_569' title='bbox 3631 1596 3747 1650; x_wconf 81' lang='lat' dir='ltr'><strong>pn-</strong></span> 
     </span>
    </p>
   </div>
   <div class='ocr_carea' id='block_1_76' title="bbox 2152 1646 3748 1720">
    <p class='ocr_par' dir='ltr' id='par_1_76' title="bbox 2152 1646 3748 1720">
     <span class='ocr_line' id='line_1_77' title="bbox 2152 1646 3748 1720; baseline 0.004 -22"><span class='ocrx_word' id='word_1_570' title='bbox 2152 1646 2378 1700; x_wconf 82' lang='lat' dir='ltr'><strong>tantium</strong></span> <span class='ocrx_word' id='word_1_571' title='bbox 2410 1648 2471 1720; x_wconf 76' lang='lat' dir='ltr'><strong>in</strong></span> <span class='ocrx_word' id='word_1_572' title='bbox 2494 1647 2868 1720; x_wconf 86' lang='lat' dir='ltr'><strong>subterraneis</strong></span> <span class='ocrx_word' id='word_1_573' title='bbox 2901 1649 3032 1703; x_wconf 89' lang='lat' dir='ltr'><strong>locis</strong></span> <span class='ocrx_word' id='word_1_574' title='bbox 3054 1649 3263 1720; x_wconf 85' lang='lat' dir='ltr'><strong>animas</strong></span> <span class='ocrx_word' id='word_1_575' title='bbox 3293 1660 3612 1720; x_wconf 74' lang='lat' dir='ltr'><strong>exSpectare</strong></span> <span class='ocrx_word' id='word_1_576' title='bbox 3635 1646 3748 1705; x_wconf 77' lang='lat' dir='ltr'><strong>su-</strong></span> 
     </span>
    </p>
   </div>
   <div class='ocr_carea' id='block_1_77' title="bbox 2153 1717 3748 1789">
    <p class='ocr_par' dir='ltr' id='par_1_77' title="bbox 2153 1717 3748 1789">
     <span class='ocr_line' id='line_1_78' title="bbox 2153 1717 3748 1789; baseline 0.007 -22"><span class='ocrx_word' id='word_1_577' title='bbox 2153 1731 2400 1789; x_wconf 79' lang='lat' dir='ltr'><strong>premunt</strong></span> <span class='ocrx_word' id='word_1_578' title='bbox 2422 1717 2587 1789; x_wconf 83' lang='lat' dir='ltr'><strong>diem.</strong></span> <span class='ocrx_word' id='word_1_579' title='bbox 2611 1733 2720 1786; x_wconf 92' lang='lat' dir='ltr'><strong>quo</strong></span> <span class='ocrx_word' id='word_1_580' title='bbox 2735 1719 3011 1785; x_wconf 72' lang='lat' dir='ltr'><strong>judicatm,</strong></span> <span class='ocrx_word' id='word_1_581' title='bbox 3036 1719 3120 1773; x_wconf 85' lang='lat' dir='ltr'><strong>vel</strong></span> <span class='ocrx_word' id='word_1_582' title='bbox 3137 1721 3187 1772; x_wconf 89' lang='lat' dir='ltr'><strong>in</strong></span> <span class='ocrx_word' id='word_1_583' title='bbox 3208 1717 3409 1776; x_wconf 64' lang='lat' dir='ltr'><strong>caelum</strong></span> <span class='ocrx_word' id='word_1_584' title='bbox 3428 1722 3748 1789; x_wconf 69' lang='lat' dir='ltr'><strong>subvolent,</strong></span> 
     </span>
    </p>
   </div>
   <div class='ocr_carea' id='block_1_78' title="bbox 2150 1787 3376 1861">
    <p class='ocr_par' dir='ltr' id='par_1_78' title="bbox 2150 1787 3376 1861">
     <span class='ocr_line' id='line_1_79' title="bbox 2150 1787 3376 1861; baseline 0.005 -21"><span class='ocrx_word' id='word_1_585' title='bbox 2150 1787 2237 1842; x_wconf 87' lang='lat' dir='ltr'><strong>vel</strong></span> <span class='ocrx_word' id='word_1_586' title='bbox 2264 1787 2622 1844; x_wconf 84' lang='lat' dir='ltr'><strong>detrudantur</strong></span> <span class='ocrx_word' id='word_1_587' title='bbox 2651 1791 2706 1844; x_wconf 92' lang='lat' dir='ltr'><strong>in</strong></span> <span class='ocrx_word' id='word_1_588' title='bbox 2735 1799 2994 1844; x_wconf 68' lang='lat' dir='ltr'><strong>aaternum</strong></span> <span class='ocrx_word' id='word_1_589' title='bbox 3027 1790 3376 1861; x_wconf 85' lang='lat' dir='ltr'><strong>supplicium.</strong></span> 
     </span>
    </p>
   </div>
   <div class='ocr_carea' id='block_1_79' title="bbox 2755 1900 3122 1958">
    <p class='ocr_par' dir='ltr' id='par_1_79' title="bbox 2755 1900 3122 1958">
     <span class='ocr_line' id='line_1_80' title="bbox 2755 1900 3122 1958; baseline 0.003 -2"><span class='ocrx_word' id='word_1_590' title='bbox 2755 1901 2981 1958; x_wconf 83' lang='lat' dir='ltr'><strong>CAPUT</strong></span> <span class='ocrx_word' id='word_1_591' title='bbox 3030 1900 3122 1957; x_wconf 86' lang='lat' dir='ltr'><strong>Ill.</strong></span> 
     </span>
    </p>
   </div>
   <div class='ocr_carea' id='block_1_80' title="bbox 2567 1994 3345 2066">
    <p class='ocr_par' dir='ltr' id='par_1_80' title="bbox 2567 1994 3345 2066">
     <span class='ocr_line' id='line_1_81' title="bbox 2567 1994 3345 2066; baseline 0.005 -18"><span class='ocrx_word' id='word_1_592' title='bbox 2567 1994 2645 2049; x_wconf 88' lang='lat' dir='ltr'><strong>De</strong></span> <span class='ocrx_word' id='word_1_593' title='bbox 2689 1996 2984 2066; x_wconf 81' lang='lat' dir='ltr'><strong>corporibus</strong></span> <span class='ocrx_word' id='word_1_594' title='bbox 3038 1995 3345 2052; x_wconf 76' lang='lat' dir='ltr'><strong>caelestibus.</strong></span> 
     </span>
    </p>
   </div>
   <div class='ocr_carea' id='block_1_81' title="bbox 2231 2106 3750 2178">
    <p class='ocr_par' dir='ltr' id='par_1_81' title="bbox 2231 2106 3750 2178">
     <span class='ocr_line' id='line_1_82' title="bbox 2231 2106 3750 2178; baseline 0.003 -16"><span class='ocrx_word' id='word_1_595' title='bbox 2231 2106 2320 2162; x_wconf 81' lang='grc'><strong>19.</strong></span> <span class='ocrx_word' id='word_1_596' title='bbox 2353 2107 2461 2162; x_wconf 84' lang='lat' dir='ltr'><strong>Nos</strong></span> <span class='ocrx_word' id='word_1_597' title='bbox 2500 2108 2661 2162; x_wconf 86' lang='lat' dir='ltr'><strong>etiam</strong></span> <span class='ocrx_word' id='word_1_598' title='bbox 2712 2107 2812 2160; x_wconf 88' lang='lat' dir='ltr'><strong>hoc</strong></span> <span class='ocrx_word' id='word_1_599' title='bbox 2843 2123 2874 2161; x_wconf 85' lang='lat' dir='ltr'><strong>a</strong></span> <span class='ocrx_word' id='word_1_600' title='bbox 2905 2107 3183 2178; x_wconf 87' lang='lat' dir='ltr'><strong>Scriptura</strong></span> <span class='ocrx_word' id='word_1_601' title='bbox 3213 2109 3393 2164; x_wconf 86' lang='lat' dir='ltr'><strong>divina</strong></span> <span class='ocrx_word' id='word_1_602' title='bbox 3427 2110 3750 2177; x_wconf 77' lang='lat' dir='ltr'><strong>didicimus,</strong></span> 
     </span>
    </p>
   </div>
   <div class='ocr_carea' id='block_1_82' title="bbox 2156 2200 3754 2273">
    <p class='ocr_par' dir='ltr' id='par_1_82' title="bbox 2156 2200 3754 2273">
     <span class='ocr_line' id='line_1_83' title="bbox 2156 2200 3754 2273; baseline 0.004 -19"><span class='ocrx_word' id='word_1_603' title='bbox 2156 2201 2296 2270; x_wconf 89' lang='lat' dir='ltr'><strong>quod</strong></span> <span class='ocrx_word' id='word_1_604' title='bbox 2325 2201 2459 2255; x_wconf 88' lang='lat' dir='ltr'><strong>Deus</strong></span> <span class='ocrx_word' id='word_1_605' title='bbox 2475 2200 2790 2256; x_wconf 62' lang='lat' dir='ltr'><strong>caelestibus</strong></span> <span class='ocrx_word' id='word_1_606' title='bbox 2807 2204 3011 2256; x_wconf 87' lang='lat' dir='ltr'><strong>cunctis</strong></span> <span class='ocrx_word' id='word_1_607' title='bbox 3033 2203 3440 2258; x_wconf 78' lang='lat' dir='ltr'><strong>rationabilibus</strong></span> <span class='ocrx_word' id='word_1_608' title='bbox 3459 2206 3754 2273; x_wconf 80' lang='lat' dir='ltr'><strong>potestati-</strong></span> 
     </span>
    </p>
   </div>
   <div class='ocr_carea' id='block_1_83' title="bbox 2157 2291 3749 2358">
    <p class='ocr_par' dir='ltr' id='par_1_83' title="bbox 2157 2291 3749 2358">
     <span class='ocr_line' id='line_1_84' title="bbox 2157 2291 3749 2358; baseline 0.001 -12"><span class='ocrx_word' id='word_1_609' title='bbox 2157 2292 2258 2346; x_wconf 84' lang='lat' dir='ltr'><strong>bus</strong></span> <span class='ocrx_word' id='word_1_610' title='bbox 2275 2291 2422 2346; x_wconf 89' lang='lat' dir='ltr'><strong>dedit</strong></span> <span class='ocrx_word' id='word_1_611' title='bbox 2450 2291 2648 2347; x_wconf 84' lang='lat' dir='ltr'><strong>habere</strong></span> <span class='ocrx_word' id='word_1_612' title='bbox 2671 2292 2895 2346; x_wconf 86' lang='lat' dir='ltr'><strong>liberam</strong></span> <span class='ocrx_word' id='word_1_613' title='bbox 2913 2292 3269 2358; x_wconf 88' lang='lat' dir='ltr'><strong>voluntatem,</strong></span> <span class='ocrx_word' id='word_1_614' title='bbox 3293 2296 3434 2348; x_wconf 89' lang='lat' dir='ltr'><strong>sicut</strong></span> <span class='ocrx_word' id='word_1_615' title='bbox 3453 2297 3619 2351; x_wconf 87' lang='lat' dir='ltr'><strong>etiam</strong></span> <span class='ocrx_word' id='word_1_616' title='bbox 3649 2299 3749 2349; x_wconf 84' lang='lat' dir='ltr'><strong>lm—</strong></span> 
     </span>
    </p>
   </div>
   <div class='ocr_carea' id='block_1_84' title="bbox 2155 2385 3755 2459">
    <p class='ocr_par' dir='ltr' id='par_1_84' title="bbox 2155 2385 3755 2459">
     <span class='ocr_line' id='line_1_85' title="bbox 2155 2385 3755 2459; baseline 0.004 -21"><span class='ocrx_word' id='word_1_617' title='bbox 2155 2385 2392 2438; x_wconf 87' lang='lat' dir='ltr'><strong>minibus</strong></span> <span class='ocrx_word' id='word_1_618' title='bbox 2441 2385 2492 2438; x_wconf 93' lang='lat' dir='ltr'><strong>in</strong></span> <span class='ocrx_word' id='word_1_619' title='bbox 2527 2393 2669 2438; x_wconf 88' lang='lat' dir='ltr'><strong>terra</strong></span> <span class='ocrx_word' id='word_1_620' title='bbox 2704 2385 2990 2454; x_wconf 66' lang='lat' dir='ltr'><strong>praestitit;</strong></span> <span class='ocrx_word' id='word_1_621' title='bbox 3021 2401 3143 2440; x_wconf 90' lang='lat' dir='ltr'><strong>nam</strong></span> <span class='ocrx_word' id='word_1_622' title='bbox 3169 2401 3327 2441; x_wconf 87' lang='lat' dir='ltr'><strong>nemo</strong></span> <span class='ocrx_word' id='word_1_623' title='bbox 3353 2389 3619 2452; x_wconf 76' lang='lat' dir='ltr'><strong>omnium,</strong></span> <span class='ocrx_word' id='word_1_624' title='bbox 3645 2390 3755 2459; x_wconf 82' lang='lat' dir='ltr'><strong>qui</strong></span> 
     </span>
    </p>
   </div>
   <div class='ocr_carea' id='block_1_85' title="bbox 2155 2476 3753 2547">
    <p class='ocr_par' dir='ltr' id='par_1_85' title="bbox 2155 2476 3753 2547">
     <span class='ocr_line' id='line_1_86' title="bbox 2155 2476 3753 2547; baseline 0.001 -17"><span class='ocrx_word' id='word_1_625' title='bbox 2155 2478 2416 2531; x_wconf 82' lang='lat' dir='ltr'><strong>rationem</strong></span> <span class='ocrx_word' id='word_1_626' title='bbox 2443 2476 2604 2530; x_wconf 81' lang='lat' dir='ltr'><strong>habet</strong></span> <span class='ocrx_word' id='word_1_627' title='bbox 2649 2487 2741 2530; x_wconf 89' lang='lat' dir='ltr'><strong>aut</strong></span> <span class='ocrx_word' id='word_1_628' title='bbox 2790 2491 3040 2544; x_wconf 87' lang='lat' dir='ltr'><strong>sensum,</strong></span> <span class='ocrx_word' id='word_1_629' title='bbox 3093 2478 3292 2533; x_wconf 85' lang='lat' dir='ltr'><strong>invitus</strong></span> <span class='ocrx_word' id='word_1_630' title='bbox 3336 2481 3531 2547; x_wconf 86' lang='lat' dir='ltr'><strong>poterit</strong></span> <span class='ocrx_word' id='word_1_631' title='bbox 3582 2480 3707 2535; x_wconf 85' lang='lat' dir='ltr'><strong>Deo</strong></span> <span class='ocrx_word' id='word_1_632' title='bbox 3735 2523 3753 2546; x_wconf 90' lang='lat'><strong>,</strong></span> 
     </span>
    </p>
   </div>
   <div class='ocr_carea' id='block_1_86' title="bbox 2154 2567 3757 2642">
    <p class='ocr_par' dir='ltr' id='par_1_86' title="bbox 2154 2567 3757 2642">
     <span class='ocr_line' id='line_1_87' title="bbox 2154 2567 3757 2642; baseline 0.002 -20"><span class='ocrx_word' id='word_1_633' title='bbox 2154 2567 2238 2622; x_wconf 86' lang='lat' dir='ltr'><strong>vel</strong></span> <span class='ocrx_word' id='word_1_634' title='bbox 2266 2567 2383 2631; x_wconf 74' lang='lat' dir='ltr'><strong>sine</strong></span> <span class='ocrx_word' id='word_1_635' title='bbox 2414 2568 2688 2622; x_wconf 85' lang='lat' dir='ltr'><strong>voluntate</strong></span> <span class='ocrx_word' id='word_1_636' title='bbox 2709 2567 2948 2632; x_wconf 87' lang='lat' dir='ltr'><strong>servire;</strong></span> <span class='ocrx_word' id='word_1_637' title='bbox 2979 2569 3073 2622; x_wconf 88' lang='lat' dir='ltr'><strong>sed</strong></span> <span class='ocrx_word' id='word_1_638' title='bbox 3101 2583 3291 2625; x_wconf 89' lang='lat' dir='ltr'><strong>omnes</strong></span> <span class='ocrx_word' id='word_1_639' title='bbox 3312 2571 3359 2624; x_wconf 93' lang='lat' dir='ltr'><strong>ei</strong></span> <span class='ocrx_word' id='word_1_640' title='bbox 3391 2581 3587 2639; x_wconf 88' lang='lat' dir='ltr'><strong>sponte</strong></span> <span class='ocrx_word' id='word_1_641' title='bbox 3614 2587 3757 2642; x_wconf 86' lang='lat' dir='ltr'><strong>pro-</strong></span> 
     </span>
    </p>
   </div>
   <div class='ocr_carea' id='block_1_87' title="bbox 2156 2659 3756 2730">
    <p class='ocr_par' dir='ltr' id='par_1_87' title="bbox 2156 2659 3756 2730">
     <span class='ocr_line' id='line_1_88' title="bbox 2156 2659 3756 2730; baseline 0.003 -16"><span class='ocrx_word' id='word_1_642' title='bbox 2156 2661 2272 2728; x_wconf 86' lang='lat' dir='ltr'><strong>pria</strong></span> <span class='ocrx_word' id='word_1_643' title='bbox 2301 2659 2512 2714; x_wconf 87' lang='lat' dir='ltr'><strong>scilicet</strong></span> <span class='ocrx_word' id='word_1_644' title='bbox 2550 2659 2943 2714; x_wconf 84' lang='lat' dir='ltr'><strong>obsecundant.</strong></span> <span class='ocrx_word' id='word_1_645' title='bbox 2976 2660 3228 2730; x_wconf 75' lang='lat' dir='ltr'><strong>Alioquin</strong></span> <span class='ocrx_word' id='word_1_646' title='bbox 3258 2662 3302 2716; x_wconf 92' lang='lat' dir='ltr'><strong>si</strong></span> <span class='ocrx_word' id='word_1_647' title='bbox 3348 2661 3400 2716; x_wconf 91' lang='lat' dir='ltr'><strong>id</strong></span> <span class='ocrx_word' id='word_1_648' title='bbox 3430 2677 3536 2717; x_wconf 93' lang='lat' dir='ltr'><strong>non</strong></span> <span class='ocrx_word' id='word_1_649' title='bbox 3569 2675 3756 2728; x_wconf 80' lang='lat' dir='ltr'><strong>esset,</strong></span> 
     </span>
    </p>
   </div>
   <div class='ocr_carea' id='block_1_88' title="bbox 2154 2750 3758 2823">
    <p class='ocr_par' dir='ltr' id='par_1_88' title="bbox 2154 2750 3758 2823">
     <span class='ocr_line' id='line_1_89' title="bbox 2154 2750 3758 2823; baseline 0.002 -18"><span class='ocrx_word' id='word_1_650' title='bbox 2154 2765 2329 2821; x_wconf 89' lang='lat' dir='ltr'><strong>neque</strong></span> <span class='ocrx_word' id='word_1_651' title='bbox 2376 2750 2611 2805; x_wconf 85' lang='lat' dir='ltr'><strong>laudatio</strong></span> <span class='ocrx_word' id='word_1_652' title='bbox 2651 2765 2764 2815; x_wconf 89' lang='lat' dir='ltr'><strong>eos,</strong></span> <span class='ocrx_word' id='word_1_653' title='bbox 2803 2767 2975 2821; x_wconf 86' lang='lat' dir='ltr'><strong>neque</strong></span> <span class='ocrx_word' id='word_1_654' title='bbox 3015 2752 3346 2822; x_wconf 87' lang='lat' dir='ltr'><strong>vituperatio</strong></span> <span class='ocrx_word' id='word_1_655' title='bbox 3393 2764 3758 2823; x_wconf 79' lang='lat' dir='ltr'><strong>sequeretur,</strong></span> 
     </span>
    </p>
   </div>
   <div class='ocr_carea' id='block_1_89' title="bbox 2154 2842 3762 2916">
    <p class='ocr_par' dir='ltr' id='par_1_89' title="bbox 2154 2842 3762 2916">
     <span class='ocr_line' id='line_1_90' title="bbox 2154 2842 3762 2916; baseline 0.004 -22"><span class='ocrx_word' id='word_1_656' title='bbox 2154 2854 2246 2896; x_wconf 80' lang='lat' dir='ltr'><strong>aut</strong></span> <span class='ocrx_word' id='word_1_657' title='bbox 2271 2842 2497 2909; x_wconf 83' lang='lat' dir='ltr'><strong>crimen,</strong></span> <span class='ocrx_word' id='word_1_658' title='bbox 2531 2843 2669 2896; x_wconf 91' lang='lat' dir='ltr'><strong>sicut</strong></span> <span class='ocrx_word' id='word_1_659' title='bbox 2704 2853 2756 2897; x_wconf 90' lang='lat' dir='ltr'><strong>et</strong></span> <span class='ocrx_word' id='word_1_660' title='bbox 2789 2843 2841 2896; x_wconf 94' lang='lat' dir='ltr'><strong>in</strong></span> <span class='ocrx_word' id='word_1_661' title='bbox 2873 2844 3087 2898; x_wconf 88' lang='lat' dir='ltr'><strong>caeteris</strong></span> <span class='ocrx_word' id='word_1_662' title='bbox 3135 2843 3464 2899; x_wconf 87' lang='lat' dir='ltr'><strong>animalibus</strong></span> <span class='ocrx_word' id='word_1_663' title='bbox 3510 2848 3762 2916; x_wconf 72' lang='lat' dir='ltr'><strong>coatigit</strong></span> 
     </span>
    </p>
   </div>
   <div class='ocr_carea' id='block_1_90' title="bbox 2156 2933 3760 3007">
    <p class='ocr_par' dir='ltr' id='par_1_90' title="bbox 2156 2933 3760 3007">
     <span class='ocr_line' id='line_1_91' title="bbox 2156 2933 3760 3007; baseline 0.004 -20"><span class='ocrx_word' id='word_1_664' title='bbox 2156 2934 2572 2988; x_wconf 88' lang='lat' dir='ltr'><strong>irrationalibus.</strong></span> <span class='ocrx_word' id='word_1_665' title='bbox 2617 2933 2818 2989; x_wconf 81' lang='lat' dir='ltr'><strong>Omnes</strong></span> <span class='ocrx_word' id='word_1_666' title='bbox 2861 2935 3022 3004; x_wconf 78' lang='lat' dir='ltr'><strong>igitur</strong></span> <span class='ocrx_word' id='word_1_667' title='bbox 3070 2937 3466 2991; x_wconf 88' lang='lat' dir='ltr'><strong>contrariorum</strong></span> <span class='ocrx_word' id='word_1_668' title='bbox 3511 2952 3760 3007; x_wconf 67' lang='lat' dir='ltr'><strong>capaces</strong></span> 
     </span>
    </p>
   </div>
   <div class='ocr_carea' id='block_1_91' title="bbox 2127 3025 3756 3098">
    <p class='ocr_par' dir='ltr' id='par_1_91' title="bbox 2127 3025 3756 3098">
     <span class='ocr_line' id='line_1_92' title="bbox 2127 3025 3756 3098; baseline 0.002 -18"><span class='ocrx_word' id='word_1_669' title='bbox 2127 3025 2439 3092; x_wconf 87' lang='lat' dir='ltr'><strong>.habentur,</strong></span> <span class='ocrx_word' id='word_1_670' title='bbox 2474 3034 2578 3080; x_wconf 84' lang='lat' dir='ltr'><strong>tam</strong></span> <span class='ocrx_word' id='word_1_671' title='bbox 2613 3026 2738 3080; x_wconf 86' lang='lat' dir='ltr'><strong>boni</strong></span> <span class='ocrx_word' id='word_1_672' title='bbox 2769 3025 2912 3092; x_wconf 88' lang='lat' dir='ltr'><strong>dico,</strong></span> <span class='ocrx_word' id='word_1_673' title='bbox 2948 3042 3107 3096; x_wconf 90' lang='lat' dir='ltr'><strong>quam</strong></span> <span class='ocrx_word' id='word_1_674' title='bbox 3135 3029 3309 3096; x_wconf 89' lang='lat' dir='ltr'><strong>pravi.</strong></span> <span class='ocrx_word' id='word_1_675' title='bbox 3337 3028 3472 3082; x_wconf 82' lang='lat' dir='ltr'><strong>Boni</strong></span> <span class='ocrx_word' id='word_1_676' title='bbox 3496 3029 3756 3098; x_wconf 75' lang='lat' dir='ltr'><strong>quidem,</strong></span> 
     </span>
    </p>
   </div>
   <div class='ocr_carea' id='block_1_92' title="bbox 2153 3117 3762 3188">
    <p class='ocr_par' dir='ltr' id='par_1_92' title="bbox 2153 3117 3762 3188">
     <span class='ocr_line' id='line_1_93' title="bbox 2153 3117 3762 3188; baseline 0.002 -16"><span class='ocrx_word' id='word_1_677' title='bbox 2153 3133 2276 3173; x_wconf 91' lang='lat' dir='ltr'><strong>cum</strong></span> <span class='ocrx_word' id='word_1_678' title='bbox 2312 3117 2362 3172; x_wconf 93' lang='lat' dir='ltr'><strong>id</strong></span> <span class='ocrx_word' id='word_1_679' title='bbox 2395 3118 2534 3186; x_wconf 89' lang='lat' dir='ltr'><strong>quod</strong></span> <span class='ocrx_word' id='word_1_680' title='bbox 2565 3118 2705 3172; x_wconf 91' lang='lat' dir='ltr'><strong>Deus</strong></span> <span class='ocrx_word' id='word_1_681' title='bbox 2735 3117 2847 3171; x_wconf 87' lang='lat' dir='ltr'><strong>vult</strong></span> <span class='ocrx_word' id='word_1_682' title='bbox 2873 3117 3104 3184; x_wconf 82' lang='lat' dir='ltr'><strong>faciunt;</strong></span> <span class='ocrx_word' id='word_1_683' title='bbox 3153 3119 3303 3188; x_wconf 87' lang='lat' dir='ltr'><strong>pravi</strong></span> <span class='ocrx_word' id='word_1_684' title='bbox 3337 3130 3536 3184; x_wconf 90' lang='lat' dir='ltr'><strong>autem,</strong></span> <span class='ocrx_word' id='word_1_685' title='bbox 3570 3136 3762 3188; x_wconf 84' lang='lat' dir='ltr'><strong>quan-</strong></span> 
     </span>
    </p>
   </div>
   <div class='ocr_carea' id='block_1_93' title="bbox 2154 3211 3761 3282">
    <p class='ocr_par' dir='ltr' id='par_1_93' title="bbox 2154 3211 3761 3282">
     <span class='ocr_line' id='line_1_94' title="bbox 2154 3211 3761 3282; baseline 0.001 -16"><span class='ocrx_word' id='word_1_686' title='bbox 2154 3211 2226 3266; x_wconf 92' lang='lat' dir='ltr'><strong>do</strong></span> <span class='ocrx_word' id='word_1_687' title='bbox 2257 3211 2508 3266; x_wconf 88' lang='lat' dir='ltr'><strong>mandata</strong></span> <span class='ocrx_word' id='word_1_688' title='bbox 2537 3211 2748 3265; x_wconf 90' lang='lat' dir='ltr'><strong>Domini</strong></span> <span class='ocrx_word' id='word_1_689' title='bbox 2779 3212 2999 3266; x_wconf 86' lang='lat' dir='ltr'><strong>minime</strong></span> <span class='ocrx_word' id='word_1_690' title='bbox 3025 3212 3352 3267; x_wconf 91' lang='lat' dir='ltr'><strong>custodiunt.</strong></span> <span class='ocrx_word' id='word_1_691' title='bbox 3379 3212 3446 3267; x_wconf 85' lang='lat' dir='ltr'><strong>Et</strong></span> <span class='ocrx_word' id='word_1_692' title='bbox 3473 3213 3617 3282; x_wconf 92' lang='lat' dir='ltr'><strong>quod</strong></span> <span class='ocrx_word' id='word_1_693' title='bbox 3650 3230 3761 3269; x_wconf 76' lang='lat' dir='ltr'><strong>an-</strong></span> 
     </span>
    </p>
   </div>
   <div class='ocr_carea' id='block_1_94' title="bbox 2157 3304 3762 3376">
    <p class='ocr_par' dir='ltr' id='par_1_94' title="bbox 2157 3304 3762 3376">
     <span class='ocr_line' id='line_1_95' title="bbox 2157 3304 3762 3376; baseline 0.002 -17"><span class='ocrx_word' id='word_1_694' title='bbox 2157 3305 2258 3374; x_wconf 74' lang='lat' dir='ltr'><strong>geli</strong></span> <span class='ocrx_word' id='word_1_695' title='bbox 2291 3304 2649 3372; x_wconf 65' lang='lat' dir='ltr'><strong>(mlestesqne</strong></span> <span class='ocrx_word' id='word_1_696' title='bbox 2675 3304 2927 3371; x_wconf 87' lang='lat' dir='ltr'><strong>virtutes,</strong></span> <span class='ocrx_word' id='word_1_697' title='bbox 2979 3321 3101 3359; x_wconf 88' lang='lat' dir='ltr'><strong>cum</strong></span> <span class='ocrx_word' id='word_1_698' title='bbox 3135 3305 3228 3360; x_wconf 89' lang='lat' dir='ltr'><strong>Dei</strong></span> <span class='ocrx_word' id='word_1_699' title='bbox 3265 3306 3483 3361; x_wconf 85' lang='lat' dir='ltr'><strong>minimc</strong></span> <span class='ocrx_word' id='word_1_700' title='bbox 3540 3323 3762 3376; x_wconf 62' lang='grc' dir='ltr'><strong>ιιι-,τρες</strong></span> 
     </span>
    </p>
   </div>
   <div class='ocr_carea' id='block_1_95' title="bbox 2159 3395 3762 3466">
    <p class='ocr_par' dir='ltr' id='par_1_95' title="bbox 2159 3395 3762 3466">
     <span class='ocr_line' id='line_1_96' title="bbox 2159 3395 3762 3466; baseline 0.007 -18"><span class='ocrx_word' id='word_1_701' title='bbox 2159 3405 2246 3466; x_wconf 86' lang='lat' dir='ltr'><strong>pta</strong></span> <span class='ocrx_word' id='word_1_702' title='bbox 2269 3404 2638 3458; x_wconf 88' lang='lat' dir='ltr'><strong>contemnunt,</strong></span> <span class='ocrx_word' id='word_1_703' title='bbox 2683 3395 2842 3450; x_wconf 88' lang='lat' dir='ltr'><strong>laude</strong></span> <span class='ocrx_word' id='word_1_704' title='bbox 2884 3397 3161 3465; x_wconf 87' lang='lat' dir='ltr'><strong>potiuntur</strong></span> <span class='ocrx_word' id='word_1_705' title='bbox 3190 3397 3414 3466; x_wconf 82' lang='lat' dir='ltr'><strong>ingenti,</strong></span> <span class='ocrx_word' id='word_1_706' title='bbox 3459 3401 3614 3454; x_wconf 90' lang='lat' dir='ltr'><strong>testis</strong></span> <span class='ocrx_word' id='word_1_707' title='bbox 3667 3415 3762 3459; x_wconf 83' lang='lat' dir='ltr'><strong>est</strong></span> 
     </span>
    </p>
   </div>
   <div class='ocr_carea' id='block_1_96' title="bbox 2158 3487 3764 3557">
    <p class='ocr_par' dir='ltr' id='par_1_96' title="bbox 2158 3487 3764 3557">
     <span class='ocr_line' id='line_1_97' title="bbox 2158 3487 3764 3557; baseline 0.003 -14"><span class='ocrx_word' id='word_1_708' title='bbox 2158 3489 2346 3543; x_wconf 85' lang='lat' dir='ltr'><strong>beatus</strong></span> <span class='ocrx_word' id='word_1_709' title='bbox 2389 3488 2552 3551; x_wconf 84' lang='lat' dir='ltr'><strong>David</strong></span> <span class='ocrx_word' id='word_1_710' title='bbox 2603 3489 2674 3542; x_wconf 90' lang='lat' dir='ltr'><strong>ita</strong></span> <span class='ocrx_word' id='word_1_711' title='bbox 2714 3487 2901 3542; x_wconf 89' lang='lat' dir='ltr'><strong>dicens</strong></span> <span class='ocrx_word' id='word_1_712' title='bbox 2928 3507 2941 3544; x_wconf 91' lang='lat'><strong>:</strong></span> <span class='ocrx_word' id='word_1_713' title='bbox 2968 3488 3262 3543; x_wconf 81' lang='lat' dir='ltr'><strong>Benedicite</strong></span> <span class='ocrx_word' id='word_1_714' title='bbox 3308 3487 3515 3557; x_wconf 85' lang='lat' dir='ltr'><strong>Deum,</strong></span> <span class='ocrx_word' id='word_1_715' title='bbox 3568 3508 3764 3548; x_wconf 81' lang='lat' dir='ltr'><strong>omnes</strong></span> 
     </span>
    </p>
   </div>
   <div class='ocr_carea' id='block_1_97' title="bbox 2157 3578 3760 3653">
    <p class='ocr_par' dir='ltr' id='par_1_97' title="bbox 2157 3578 3760 3653">
     <span class='ocr_line' id='line_1_98' title="bbox 2157 3578 3760 3653; baseline 0.004 -21"><span class='ocrx_word' id='word_1_716' title='bbox 2157 3578 2327 3650; x_wconf 86' lang='lat' dir='ltr'><strong>angeli</strong></span> <span class='ocrx_word' id='word_1_717' title='bbox 2350 3581 2487 3651; x_wconf 86' lang='lat' dir='ltr'><strong>ejus,</strong></span> <span class='ocrx_word' id='word_1_718' title='bbox 2529 3587 2752 3648; x_wconf 74' lang='lat' dir='ltr'><strong>potentes</strong></span> <span class='ocrx_word' id='word_1_719' title='bbox 2791 3584 3010 3645; x_wconf 85' lang='lat' dir='ltr'><strong>virtute,</strong></span> <span class='ocrx_word' id='word_1_720' title='bbox 3043 3582 3291 3650; x_wconf 81' lang='lat' dir='ltr'><strong>facientes</strong></span> <span class='ocrx_word' id='word_1_721' title='bbox 3336 3586 3547 3636; x_wconf 81' lang='lat' dir='ltr'><strong>verbum</strong></span> <span class='ocrx_word' id='word_1_722' title='bbox 3588 3587 3760 3653; x_wconf 77' lang='lat' dir='ltr'><strong>ejus,</strong></span> 
     </span>
    </p>
   </div>
   <div class='ocr_carea' id='block_1_98' title="bbox 2156 3671 3763 3744">
    <p class='ocr_par' dir='ltr' id='par_1_98' title="bbox 2156 3671 3763 3744">
     <span class='ocr_line' id='line_1_99' title="bbox 2156 3671 3763 3744; baseline 0.004 -20"><span class='ocrx_word' id='word_1_723' title='bbox 2156 3672 2225 3724; x_wconf 87' lang='lat' dir='ltr'><strong>ad</strong></span> <span class='ocrx_word' id='word_1_724' title='bbox 2255 3671 2565 3726; x_wconf 77' lang='lat' dir='ltr'><strong>audiendam</strong></span> <span class='ocrx_word' id='word_1_725' title='bbox 2598 3687 2765 3725; x_wconf 86' lang='lat' dir='ltr'><strong>vocem</strong></span> <span class='ocrx_word' id='word_1_726' title='bbox 2789 3687 3080 3726; x_wconf 78' lang='lat' dir='ltr'><strong>sermonum</strong></span> <span class='ocrx_word' id='word_1_727' title='bbox 3110 3675 3243 3744; x_wconf 85' lang='lat' dir='ltr'><strong>ejus.</strong></span> <span class='ocrx_word' id='word_1_728' title='bbox 3289 3673 3588 3728; x_wconf 78' lang='lat' dir='ltr'><strong>Benedicite</strong></span> <span class='ocrx_word' id='word_1_729' title='bbox 3638 3676 3763 3730; x_wconf 64' lang='grc' dir='ltr'><strong>ιιθ.</strong></span> 
     </span>
    </p>
   </div>
   <div class='ocr_carea' id='block_1_99' title="bbox 2156 3763 3765 3836">
    <p class='ocr_par' dir='ltr' id='par_1_99' title="bbox 2156 3763 3765 3836">
     <span class='ocr_line' id='line_1_100' title="bbox 2156 3763 3765 3836; baseline 0.003 -20"><span class='ocrx_word' id='word_1_730' title='bbox 2156 3763 2382 3828; x_wconf 81' lang='lat' dir='ltr'><strong>minam,</strong></span> <span class='ocrx_word' id='word_1_731' title='bbox 2409 3779 2582 3816; x_wconf 88' lang='lat' dir='ltr'><strong>omnes</strong></span> <span class='ocrx_word' id='word_1_732' title='bbox 2621 3763 2832 3816; x_wconf 75' lang='lat' dir='ltr'><strong>virtutes</strong></span> <span class='ocrx_word' id='word_1_733' title='bbox 2879 3765 3012 3835; x_wconf 75' lang='lat' dir='ltr'><strong>ejus,</strong></span> <span class='ocrx_word' id='word_1_734' title='bbox 3059 3764 3282 3817; x_wconf 81' lang='lat' dir='ltr'><strong>ministri</strong></span> <span class='ocrx_word' id='word_1_735' title='bbox 3327 3768 3460 3836; x_wconf 80' lang='lat' dir='ltr'><strong>ejus,</strong></span> <span class='ocrx_word' id='word_1_736' title='bbox 3494 3766 3765 3834; x_wconf 75' lang='lat' dir='ltr'><strong>facientes</strong></span> 
     </span>
    </p>
   </div>
   <div class='ocr_carea' id='block_1_100' title="bbox 2155 3852 3764 3927">
    <p class='ocr_par' dir='ltr' id='par_1_100' title="bbox 2155 3852 3764 3927">
     <span class='ocr_line' id='line_1_101' title="bbox 2155 3852 3764 3927; baseline 0.006 -20"><span class='ocrx_word' id='word_1_737' title='bbox 2155 3855 2464 3908; x_wconf 84' lang='lat' dir='ltr'><strong>voluntatem</strong></span> <span class='ocrx_word' id='word_1_738' title='bbox 2483 3857 2596 3926; x_wconf 86' lang='lat' dir='ltr'><strong>ejus</strong></span> <span class='ocrx_word' id='word_1_739' title='bbox 2626 3852 2745 3924; x_wconf 85' lang='lat' dir='ltr'><strong>(Ps.</strong></span> <span class='ocrx_word' id='word_1_740' title='bbox 2776 3869 2868 3920; x_wconf 85' lang='lat' dir='ltr'><strong>cu,</strong></span> <span class='ocrx_word' id='word_1_741' title='bbox 2892 3856 2984 3920; x_wconf 74' lang='lat'><strong>9.0,</strong></span> <span class='ocrx_word' id='word_1_742' title='bbox 3009 3853 3126 3926; x_wconf 71' lang='lat' dir='ltr'><strong>2i).</strong></span> <span class='ocrx_word' id='word_1_743' title='bbox 3155 3857 3230 3910; x_wconf 82' lang='lat' dir='ltr'><strong>Ex</strong></span> <span class='ocrx_word' id='word_1_744' title='bbox 3256 3856 3355 3912; x_wconf 89' lang='lat' dir='ltr'><strong>hac</strong></span> <span class='ocrx_word' id='word_1_745' title='bbox 3379 3857 3764 3927; x_wconf 76' lang='lat' dir='ltr'><strong>igiturlauda-</strong></span> 
     </span>
    </p>
   </div>
   <div class='ocr_carea' id='block_1_101' title="bbox 2158 3944 3765 4023">
    <p class='ocr_par' dir='ltr' id='par_1_101' title="bbox 2158 3944 3765 4023">
     <span class='ocr_line' id='line_1_102' title="bbox 2158 3944 3765 4023; baseline 0.007 -25"><span class='ocrx_word' id='word_1_746' title='bbox 2158 3944 2326 4010; x_wconf 89' lang='lat' dir='ltr'><strong>tione,</strong></span> <span class='ocrx_word' id='word_1_747' title='bbox 2358 3946 2409 3999; x_wconf 90' lang='lat' dir='ltr'><strong>id</strong></span> <span class='ocrx_word' id='word_1_748' title='bbox 2441 3954 2545 4016; x_wconf 90' lang='lat' dir='ltr'><strong>est,</strong></span> <span class='ocrx_word' id='word_1_749' title='bbox 2579 3960 2644 4001; x_wconf 79' lang='lat' dir='ltr'><strong>ex</strong></span> <span class='ocrx_word' id='word_1_750' title='bbox 2675 3945 3052 4002; x_wconf 85' lang='lat' dir='ltr'><strong>observatione</strong></span> <span class='ocrx_word' id='word_1_751' title='bbox 3083 3949 3294 4003; x_wconf 87' lang='lat' dir='ltr'><strong>Domini</strong></span> <span class='ocrx_word' id='word_1_752' title='bbox 3318 3963 3765 4023; x_wconf 67' lang='lat' dir='ltr'><strong>praeceptorum,</strong></span> 
     </span>
    </p>
   </div>
   <div class='ocr_carea' id='block_1_102' title="bbox 2121 4033 3770 4109">
    <p class='ocr_par' dir='ltr' id='par_1_102' title="bbox 2121 4033 3770 4109">
     <span class='ocr_line' id='line_1_103' title="bbox 2121 4033 3770 4109; baseline 0.006 -20"><span class='ocrx_word' id='word_1_753' title='bbox 2121 4069 2124 4074; x_wconf 72' lang='grc' dir='ltr'><em>ι</em></span> <span class='ocrx_word' id='word_1_754' title='bbox 2157 4035 2311 4091; x_wconf 87' lang='lat' dir='ltr'><strong>beata</strong></span> <span class='ocrx_word' id='word_1_755' title='bbox 2340 4037 2548 4094; x_wconf 82' lang='lat' dir='ltr'><strong>scilicet</strong></span> <span class='ocrx_word' id='word_1_756' title='bbox 2583 4038 2687 4091; x_wconf 88' lang='lat' dir='ltr'><strong>vita</strong></span> <span class='ocrx_word' id='word_1_757' title='bbox 2717 4048 2773 4092; x_wconf 91' lang='lat' dir='ltr'><strong>et</strong></span> <span class='ocrx_word' id='word_1_758' title='bbox 2821 4049 3076 4109; x_wconf 87' lang='lat' dir='ltr'><strong>perpetua</strong></span> <span class='ocrx_word' id='word_1_759' title='bbox 3126 4040 3398 4096; x_wconf 77' lang='lat' dir='ltr'><strong>fruuntur.</strong></span> <span class='ocrx_word' id='word_1_760' title='bbox 3449 4043 3558 4098; x_wconf 88' lang='lat' dir='ltr'><strong>Sed</strong></span> <span class='ocrx_word' id='word_1_761' title='bbox 3609 4033 3770 4105; x_wconf 72' lang='lat' dir='ltr'><strong>sicut</strong></span> 
     </span>
    </p>
   </div>
   <div class='ocr_carea' id='block_1_103' title="bbox 2156 4127 3769 4201">
    <p class='ocr_par' dir='ltr' id='par_1_103' title="bbox 2156 4127 3769 4201">
     <span class='ocr_line' id='line_1_104' title="bbox 2156 4127 3769 4201; baseline 0.005 -19"><span class='ocrx_word' id='word_1_762' title='bbox 2156 4141 2364 4196; x_wconf 89' lang='lat' dir='ltr'><strong>omnes,</strong></span> <span class='ocrx_word' id='word_1_763' title='bbox 2391 4127 2485 4198; x_wconf 93' lang='lat' dir='ltr'><strong>qui</strong></span> <span class='ocrx_word' id='word_1_764' title='bbox 2511 4129 2604 4184; x_wconf 91' lang='lat' dir='ltr'><strong>Dei</strong></span> <span class='ocrx_word' id='word_1_765' title='bbox 2636 4128 2838 4184; x_wconf 78' lang='lat' dir='ltr'><strong>faciunt</strong></span> <span class='ocrx_word' id='word_1_766' title='bbox 2859 4132 3209 4198; x_wconf 87' lang='lat' dir='ltr'><strong>voluntatem,</strong></span> <span class='ocrx_word' id='word_1_767' title='bbox 3243 4133 3466 4201; x_wconf 88' lang='lat' dir='ltr'><strong>perenni</strong></span> <span class='ocrx_word' id='word_1_768' title='bbox 3501 4134 3769 4190; x_wconf 78' lang='lat' dir='ltr'><strong>beatitu-</strong></span> 
     </span>
    </p>
   </div>
   <div class='ocr_carea' id='block_1_104' title="bbox 2155 4219 3768 4294">
    <p class='ocr_par' dir='ltr' id='par_1_104' title="bbox 2155 4219 3768 4294">
     <span class='ocr_line' id='line_1_105' title="bbox 2155 4219 3768 4294; baseline 0.002 -19"><span class='ocrx_word' id='word_1_769' title='bbox 2155 4219 2283 4276; x_wconf 86' lang='lat' dir='ltr'><strong>dine</strong></span> <span class='ocrx_word' id='word_1_770' title='bbox 2314 4223 2608 4290; x_wconf 89' lang='lat' dir='ltr'><strong>potiuntur,</strong></span> <span class='ocrx_word' id='word_1_771' title='bbox 2637 4231 2691 4276; x_wconf 92' lang='lat' dir='ltr'><strong>et</strong></span> <span class='ocrx_word' id='word_1_772' title='bbox 2719 4221 2906 4277; x_wconf 74' lang='lat' dir='ltr'><strong>laudes</strong></span> <span class='ocrx_word' id='word_1_773' title='bbox 2948 4239 2976 4276; x_wconf 86' lang='lat' dir='ltr'><strong>a</strong></span> <span class='ocrx_word' id='word_1_774' title='bbox 3006 4223 3118 4279; x_wconf 91' lang='lat' dir='ltr'><strong>Deo</strong></span> <span class='ocrx_word' id='word_1_775' title='bbox 3141 4234 3550 4294; x_wconf 85' lang='lat' dir='ltr'><strong>consequuntur</strong></span> <span class='ocrx_word' id='word_1_776' title='bbox 3589 4238 3768 4284; x_wconf 65' lang='lat' dir='ltr'><strong>mter.</strong></span> 
     </span>
    </p>
   </div>
   <div class='ocr_carea' id='block_1_105' title="bbox 2156 4313 3767 4390">
    <p class='ocr_par' dir='ltr' id='par_1_105' title="bbox 2156 4313 3767 4390">
     <span class='ocr_line' id='line_1_106' title="bbox 2156 4313 3767 4390; baseline 0.006 -25"><span class='ocrx_word' id='word_1_777' title='bbox 2156 4326 2294 4377; x_wconf 87' lang='lat' dir='ltr'><strong>uas;</strong></span> <span class='ocrx_word' id='word_1_778' title='bbox 2327 4313 2408 4367; x_wconf 91' lang='lat' dir='ltr'><strong>sic</strong></span> <span class='ocrx_word' id='word_1_779' title='bbox 2443 4322 2501 4368; x_wconf 84' lang='lat' dir='ltr'><strong>et</strong></span> <span class='ocrx_word' id='word_1_780' title='bbox 2531 4328 2562 4367; x_wconf 91' lang='lat' dir='ltr'><strong>e</strong></span> <span class='ocrx_word' id='word_1_781' title='bbox 2611 4313 2824 4368; x_wconf 87' lang='lat' dir='ltr'><strong>diverso</strong></span> <span class='ocrx_word' id='word_1_782' title='bbox 2862 4316 3081 4384; x_wconf 88' lang='lat' dir='ltr'><strong>cuncti,</strong></span> <span class='ocrx_word' id='word_1_783' title='bbox 3111 4317 3204 4386; x_wconf 86' lang='lat' dir='ltr'><strong>qui</strong></span> <span class='ocrx_word' id='word_1_784' title='bbox 3255 4317 3435 4371; x_wconf 77' lang='lat' dir='ltr'><strong>divina</strong></span> <span class='ocrx_word' id='word_1_785' title='bbox 3469 4330 3767 4390; x_wconf 65' lang='lat' dir='ltr'><strong>praecepta</strong></span> 
     </span>
    </p>
   </div>
   <div class='ocr_carea' id='block_1_106' title="bbox 2155 4405 3564 4475">
    <p class='ocr_par' dir='ltr' id='par_1_106' title="bbox 2155 4405 3564 4475">
     <span class='ocr_line' id='line_1_107' title="bbox 2155 4405 3564 4475; baseline 0.005 -18"><span class='ocrx_word' id='word_1_786' title='bbox 2155 4411 2527 4470; x_wconf 86' lang='lat' dir='ltr'><strong>contemnunt,</strong></span> <span class='ocrx_word' id='word_1_787' title='bbox 2555 4413 2756 4460; x_wconf 61' lang='lat' dir='ltr'><strong>aeterna</strong></span> <span class='ocrx_word' id='word_1_788' title='bbox 2786 4405 3185 4475; x_wconf 87' lang='lat' dir='ltr'><strong>vituperatione</strong></span> <span class='ocrx_word' id='word_1_789' title='bbox 3211 4406 3564 4464; x_wconf 87' lang='lat' dir='ltr'><strong>damnantur.</strong></span> 
     </span>
    </p>
   </div>
   <div class='ocr_carea' id='block_1_107' title="bbox 2226 4514 3775 4582">
    <p class='ocr_par' dir='ltr' id='par_1_107' title="bbox 2226 4514 3775 4582">
     <span class='ocr_line' id='line_1_108' title="bbox 2226 4514 3775 4582; baseline 0.01 -17"><span class='ocrx_word' id='word_1_790' title='bbox 2226 4514 2326 4582; x_wconf 80' lang='lat' dir='ltr'><strong>Qui</strong></span> <span class='ocrx_word' id='word_1_791' title='bbox 2359 4531 2614 4571; x_wconf 86' lang='lat' dir='ltr'><strong>numerus</strong></span> <span class='ocrx_word' id='word_1_792' title='bbox 2665 4517 2762 4572; x_wconf 88' lang='lat' dir='ltr'><strong>luit</strong></span> <span class='ocrx_word' id='word_1_793' title='bbox 2802 4517 2858 4572; x_wconf 87' lang='lat' dir='ltr'><strong>in</strong></span> <span class='ocrx_word' id='word_1_794' title='bbox 2893 4519 3128 4574; x_wconf 87' lang='lat' dir='ltr'><strong>editione</strong></span> <span class='ocrx_word' id='word_1_795' title='bbox 3177 4521 3447 4577; x_wconf 86' lang='lat' dir='ltr'><strong>Sirmoudi</strong></span> <span class='ocrx_word' id='word_1_796' title='bbox 3492 4523 3775 4580; x_wconf 78' lang='lat' dir='ltr'><strong>decimus</strong></span> 
     </span>
    </p>
   </div>
   <div class='ocr_carea' id='block_1_108' title="bbox 2157 4588 3777 4660">
    <p class='ocr_par' dir='ltr' id='par_1_108' title="bbox 2157 4588 3777 4660">
     <span class='ocr_line' id='line_1_109' title="bbox 2157 4588 3777 4660; baseline 0.009 -20"><span class='ocrx_word' id='word_1_797' title='bbox 2157 4599 2330 4660; x_wconf 83' lang='lat' dir='ltr'><strong>nonus</strong></span> <span class='ocrx_word' id='word_1_798' title='bbox 2357 4597 2413 4641; x_wconf 90' lang='lat' dir='ltr'><strong>et</strong></span> <span class='ocrx_word' id='word_1_799' title='bbox 2443 4588 2758 4657; x_wconf 65' lang='lat' dir='ltr'><strong>vigesimus,</strong></span> <span class='ocrx_word' id='word_1_800' title='bbox 2785 4605 2904 4642; x_wconf 86' lang='lat' dir='ltr'><strong>eum</strong></span> <span class='ocrx_word' id='word_1_801' title='bbox 2950 4607 3046 4644; x_wconf 91' lang='lat' dir='ltr'><strong>nos</strong></span> <span class='ocrx_word' id='word_1_802' title='bbox 3076 4593 3389 4660; x_wconf 81' lang='lat' dir='ltr'><strong>vigesimum</strong></span> <span class='ocrx_word' id='word_1_803' title='bbox 3421 4595 3661 4660; x_wconf 85' lang='lat' dir='ltr'><strong>printqu</strong></span> <span class='ocrx_word' id='word_1_804' title='bbox 3702 4612 3777 4654; x_wconf 78' lang='lat' dir='ltr'><strong>et</strong></span> 
     </span>
    </p>
   </div>
   <div class='ocr_carea' id='block_1_109' title="bbox 2158 4657 3780 4730">
    <p class='ocr_par' dir='ltr' id='par_1_109' title="bbox 2158 4657 3780 4730">
     <span class='ocr_line' id='line_1_110' title="bbox 2158 4657 3780 4730; baseline 0.01 -22"><span class='ocrx_word' id='word_1_805' title='bbox 2158 4657 2474 4730; x_wconf 79' lang='lat' dir='ltr'><strong>vigesimum</strong></span> <span class='ocrx_word' id='word_1_806' title='bbox 2497 4661 2788 4712; x_wconf 87' lang='lat' dir='ltr'><strong>secundum</strong></span> <span class='ocrx_word' id='word_1_807' title='bbox 2816 4661 3058 4727; x_wconf 80' lang='lat' dir='ltr'><strong>iecimus,</strong></span> <span class='ocrx_word' id='word_1_808' title='bbox 3078 4657 3298 4730; x_wconf 77' lang='lat' dir='ltr'><strong>jubente</strong></span> <span class='ocrx_word' id='word_1_809' title='bbox 3321 4657 3535 4720; x_wconf 80' lang='lat' dir='ltr'><strong>ratione</strong></span> <span class='ocrx_word' id='word_1_810' title='bbox 3561 4682 3684 4721; x_wconf 74' lang='lat' dir='ltr'><strong>enu</strong></span> <span class='ocrx_word' id='word_1_811' title='bbox 3700 4687 3780 4724; x_wconf 71' lang='lat' dir='ltr'><strong>n-</strong></span> 
     </span>
    </p>
   </div>
   <div class='ocr_carea' id='block_1_110' title="bbox 2157 4727 3778 4804">
    <p class='ocr_par' dir='ltr' id='par_1_110' title="bbox 2157 4727 3778 4804">
     <span class='ocr_line' id='line_1_111' title="bbox 2157 4727 3778 4804; baseline 0.009 -24"><span class='ocrx_word' id='word_1_812' title='bbox 2157 4727 2269 4780; x_wconf 90' lang='lat' dir='ltr'><strong>dari</strong></span> <span class='ocrx_word' id='word_1_813' title='bbox 2301 4727 3221 4804; x_wconf 74' lang='lat' dir='ltr'><strong>codicumperturbationem.Cum</strong></span> <span class='ocrx_word' id='word_1_814' title='bbox 3269 4736 3410 4788; x_wconf 88' lang='lat' dir='ltr'><strong>enim</strong></span> <span class='ocrx_word' id='word_1_815' title='bbox 3465 4736 3719 4793; x_wconf 78' lang='lat' dir='ltr'><strong>Ruﬁnus</strong></span> <span class='ocrx_word' id='word_1_816' title='bbox 3757 4783 3778 4804; x_wconf 84' lang='lat'><strong>,</strong></span> 
     </span>
    </p>
   </div>
   <div class='ocr_carea' id='block_1_111' title="bbox 2157 4799 3782 4872">
    <p class='ocr_par' dir='ltr' id='par_1_111' title="bbox 2157 4799 3782 4872">
     <span class='ocr_line' id='line_1_112' title="bbox 2157 4799 3782 4872; baseline 0.009 -22"><span class='ocrx_word' id='word_1_817' title='bbox 2157 4813 2285 4872; x_wconf 73' lang='lat' dir='ltr'><strong>quae</strong></span> <span class='ocrx_word' id='word_1_818' title='bbox 2315 4799 2768 4872; x_wconf 71' lang='lat' dir='ltr'><strong>deinvisibllibus</strong></span> <span class='ocrx_word' id='word_1_819' title='bbox 2794 4803 3106 4856; x_wconf 80' lang='lat' dir='ltr'><strong>substantiis</strong></span> <span class='ocrx_word' id='word_1_820' title='bbox 3135 4813 3476 4872; x_wconf 86' lang='lat' dir='ltr'><strong>tractaverat,</strong></span> <span class='ocrx_word' id='word_1_821' title='bbox 3516 4809 3589 4861; x_wconf 89' lang='lat' dir='ltr'><strong>ita</strong></span> <span class='ocrx_word' id='word_1_822' title='bbox 3617 4799 3782 4864; x_wconf 56' lang='lat' dir='ltr'><strong>cost;</strong></span> 
     </span>
    </p>
   </div>
   <div class='ocr_carea' id='block_1_112' title="bbox 2157 4869 3786 4947">
    <p class='ocr_par' dir='ltr' id='par_1_112' title="bbox 2157 4869 3786 4947">
     <span class='ocr_line' id='line_1_113' title="bbox 2157 4869 3786 4947; baseline 0.008 -26"><span class='ocrx_word' id='word_1_823' title='bbox 2157 4870 2316 4947; x_wconf 67' lang='lat' dir='ltr'><strong>elusit</strong></span> <span class='ocrx_word' id='word_1_824' title='bbox 2344 4885 2357 4922; x_wconf 90' lang='lat'><strong>:</strong></span> <span class='ocrx_word' id='word_1_825' title='bbox 2387 4869 2462 4923; x_wconf 90' lang='lat' dir='ltr'><strong>De</strong></span> <span class='ocrx_word' id='word_1_826' title='bbox 2496 4871 2834 4947; x_wconf 73' lang='lat' dir='ltr'><strong>inuisibilibus</strong></span> <span class='ocrx_word' id='word_1_827' title='bbox 2860 4873 3074 4947; x_wconf 70' lang='lat' dir='ltr'><strong>quidem</strong></span> <span class='ocrx_word' id='word_1_828' title='bbox 3104 4874 3398 4929; x_wconf 84' lang='lat' dir='ltr'><strong>substantiis</strong></span> <span class='ocrx_word' id='word_1_829' title='bbox 3435 4869 3786 4947; x_wconf 64' lang='lat' dir='ltr'><strong>sbﬁicienter</strong></span> 
     </span>
    </p>
   </div>
   <div class='ocr_carea' id='block_1_113' title="bbox 2158 4939 3787 5020">
    <p class='ocr_par' dir='ltr' id='par_1_113' title="bbox 2158 4939 3787 5020">
     <span class='ocr_line' id='line_1_114' title="bbox 2158 4939 3787 5020; baseline 0.01 -28"><span class='ocrx_word' id='word_1_830' title='bbox 2158 4939 2386 5004; x_wconf 87' lang='lat' dir='ltr'><strong>dictum;</strong></span> <span class='ocrx_word' id='word_1_831' title='bbox 2407 4942 2649 5020; x_wconf 73' lang='lat' dir='ltr'><strong>ostendit</strong></span> <span class='ocrx_word' id='word_1_832' title='bbox 2668 4944 2827 5020; x_wconf 63' lang='lat' dir='ltr'><strong>satis,</strong></span> <span class='ocrx_word' id='word_1_833' title='bbox 2855 4939 2915 5020; x_wconf 82' lang='lat' dir='ltr'><strong>se</strong></span> <span class='ocrx_word' id='word_1_834' title='bbox 2935 4945 3110 5020; x_wconf 76' lang='lat' dir='ltr'><strong>omnia</strong></span> <span class='ocrx_word' id='word_1_835' title='bbox 3145 4939 3664 5020; x_wconf 56' lang='lat' dir='ltr'><strong>prosecutum:quae</strong></span> <span class='ocrx_word' id='word_1_836' title='bbox 3694 4955 3787 5009; x_wconf 79' lang='lat' dir='ltr'><strong>ad</strong></span> 
     </span>
    </p>
   </div>
   <div class='ocr_carea' id='block_1_114' title="bbox 2159 5011 3790 5091">
    <p class='ocr_par' dir='ltr' id='par_1_114' title="bbox 2159 5011 3790 5091">
     <span class='ocr_line' id='line_1_115' title="bbox 2159 5011 3790 5091; baseline 0.009 -28"><span class='ocrx_word' id='word_1_837' title='bbox 2159 5026 2253 5064; x_wconf 85' lang='lat' dir='ltr'><strong>cas</strong></span> <span class='ocrx_word' id='word_1_838' title='bbox 2286 5011 2637 5091; x_wconf 75' lang='lat' dir='ltr'><strong>pertinerent.</strong></span> <span class='ocrx_word' id='word_1_839' title='bbox 2663 5012 2947 5091; x_wconf 73' lang='lat' dir='ltr'><strong>Quomodo</strong></span> <span class='ocrx_word' id='word_1_840' title='bbox 2967 5016 3124 5082; x_wconf 76' lang='lat' dir='ltr'><strong>igitur</strong></span> <span class='ocrx_word' id='word_1_841' title='bbox 3145 5011 3480 5091; x_wconf 73' lang='lat' dir='ltr'><strong>postmodum</strong></span> <span class='ocrx_word' id='word_1_842' title='bbox 3499 5011 3576 5076; x_wconf 27' lang='lat' dir='ltr'><strong>’de</strong></span> <span class='ocrx_word' id='word_1_843' title='bbox 3601 5022 3790 5091; x_wconf 77' lang='lat' dir='ltr'><strong>ipsa-</strong></span> 
     </span>
    </p>
   </div>
   <div class='ocr_carea' id='block_1_115' title="bbox 2160 5082 3790 5155">
    <p class='ocr_par' dir='ltr' id='par_1_115' title="bbox 2160 5082 3790 5155">
     <span class='ocr_line' id='line_1_116' title="bbox 2160 5082 3790 5155; baseline 0.01 -21"><span class='ocrx_word' id='word_1_844' title='bbox 2160 5097 2278 5134; x_wconf 87' lang='lat' dir='ltr'><strong>rum</strong></span> <span class='ocrx_word' id='word_1_845' title='bbox 2308 5082 2602 5155; x_wconf 87' lang='lat' dir='ltr'><strong>voluntate,</strong></span> <span class='ocrx_word' id='word_1_846' title='bbox 2637 5083 2751 5155; x_wconf 75' lang='lat' dir='ltr'><strong>sive</strong></span> <span class='ocrx_word' id='word_1_847' title='bbox 2785 5085 2835 5136; x_wconf 90' lang='lat' dir='ltr'><strong>in</strong></span> <span class='ocrx_word' id='word_1_848' title='bbox 2869 5088 3088 5149; x_wconf 90' lang='lat' dir='ltr'><strong>bonum,</strong></span> <span class='ocrx_word' id='word_1_849' title='bbox 3118 5082 3231 5141; x_wconf 88' lang='lat' dir='ltr'><strong>sive</strong></span> <span class='ocrx_word' id='word_1_850' title='bbox 3261 5088 3313 5142; x_wconf 91' lang='lat' dir='ltr'><strong>in</strong></span> <span class='ocrx_word' id='word_1_851' title='bbox 3355 5089 3582 5155; x_wconf 87' lang='lat' dir='ltr'><strong>malum,</strong></span> <span class='ocrx_word' id='word_1_852' title='bbox 3619 5082 3790 5150; x_wconf 68' lang='lat' dir='ltr'><strong>abs-</strong></span> 
     </span>
    </p>
   </div>
   <div class='ocr_carea' id='block_1_116' title="bbox 2159 5154 3796 5226">
    <p class='ocr_par' dir='ltr' id='par_1_116' title="bbox 2159 5154 3796 5226">
     <span class='ocr_line' id='line_1_117' title="bbox 2159 5154 3796 5226; baseline 0.009 -21"><span class='ocrx_word' id='word_1_853' title='bbox 2159 5167 2263 5220; x_wconf 86' lang='lat' dir='ltr'><strong>que</strong></span> <span class='ocrx_word' id='word_1_854' title='bbox 2303 5154 2544 5226; x_wconf 84' lang='lat' dir='ltr'><strong>methodi</strong></span> <span class='ocrx_word' id='word_1_855' title='bbox 2597 5154 2741 5226; x_wconf 18' lang='lat' dir='ltr'><strong>vitio;</strong></span> <span class='ocrx_word' id='word_1_856' title='bbox 2779 5157 3004 5224; x_wconf 83' lang='lat' dir='ltr'><strong>ageret?</strong></span> <span class='ocrx_word' id='word_1_857' title='bbox 3040 5157 3241 5211; x_wconf 88' lang='lat' dir='ltr'><strong>Deinde</strong></span> <span class='ocrx_word' id='word_1_858' title='bbox 3282 5175 3377 5226; x_wconf 86' lang='lat' dir='ltr'><strong>par</strong></span> <span class='ocrx_word' id='word_1_859' title='bbox 3406 5170 3489 5214; x_wconf 88' lang='lat' dir='ltr'><strong>est</strong></span> <span class='ocrx_word' id='word_1_860' title='bbox 3505 5154 3796 5224; x_wconf 80' lang='lat' dir='ltr'><strong>credere</strong></span> 
     </span>
    </p>
   </div>
   <div class='ocr_carea' id='block_1_117' title="bbox 2161 5222 3800 5296">
    <p class='ocr_par' dir='ltr' id='par_1_117' title="bbox 2161 5222 3800 5296">
     <span class='ocr_line' id='line_1_118' title="bbox 2161 5222 3800 5296; baseline 0.01 -21"><span class='ocrx_word' id='word_1_861' title='bbox 2161 5236 2431 5296; x_wconf 80' lang='lat' dir='ltr'><strong>servatum</strong></span> <span class='ocrx_word' id='word_1_862' title='bbox 2477 5225 2526 5276; x_wconf 91' lang='lat' dir='ltr'><strong>id</strong></span> <span class='ocrx_word' id='word_1_863' title='bbox 2558 5239 2588 5277; x_wconf 86' lang='lat' dir='ltr'><strong>a</strong></span> <span class='ocrx_word' id='word_1_864' title='bbox 2628 5222 2847 5288; x_wconf 67' lang='lat' dir='ltr'><strong>Rufino,</strong></span> <span class='ocrx_word' id='word_1_865' title='bbox 2878 5227 3018 5294; x_wconf 91' lang='lat' dir='ltr'><strong>quod</strong></span> <span class='ocrx_word' id='word_1_866' title='bbox 3065 5222 3378 5284; x_wconf 49' lang='lat' dir='ltr'><strong>solebat&#39;ab</strong></span> <span class='ocrx_word' id='word_1_867' title='bbox 3404 5234 3674 5289; x_wconf 84' lang='lat' dir='ltr'><strong>omnibus</strong></span> <span class='ocrx_word' id='word_1_868' title='bbox 3718 5222 3800 5296; x_wconf 53' lang='grc' dir='ltr'><strong>ἰπὶ</strong></span> 
     </span>
    </p>
   </div>
   <div class='ocr_carea' id='block_1_118' title="bbox 2162 5295 3802 5366">
    <p class='ocr_par' dir='ltr' id='par_1_118' title="bbox 2162 5295 3802 5366">
     <span class='ocr_line' id='line_1_119' title="bbox 2162 5295 3802 5366; baseline 0.01 -20"><span class='ocrx_word' id='word_1_869' title='bbox 2162 5295 2262 5347; x_wconf 92' lang='lat' dir='ltr'><strong>hoc</strong></span> <span class='ocrx_word' id='word_1_870' title='bbox 2289 5305 2628 5362; x_wconf 81' lang='lat' dir='ltr'><strong>argumento,</strong></span> <span class='ocrx_word' id='word_1_871' title='bbox 2664 5298 2894 5366; x_wconf 79' lang='lat' dir='ltr'><strong>utprius</strong></span> <span class='ocrx_word' id='word_1_872' title='bbox 2925 5299 2990 5351; x_wconf 87' lang='lat' dir='ltr'><strong>de</strong></span> <span class='ocrx_word' id='word_1_873' title='bbox 3016 5299 3333 5355; x_wconf 87' lang='lat' dir='ltr'><strong>substantiis</strong></span> <span class='ocrx_word' id='word_1_874' title='bbox 3377 5295 3802 5366; x_wconf 54' lang='lat' dir='ltr'><strong>invisibilibué</strong></span> 
     </span>
    </p>
   </div>
   <div class='ocr_carea' id='block_1_119' title="bbox 2156 5365 3802 5436">
    <p class='ocr_par' dir='ltr' id='par_1_119' title="bbox 2156 5365 3802 5436">
     <span class='ocr_line' id='line_1_120' title="bbox 2156 5365 3802 5436; baseline 0.013 -23"><span class='ocrx_word' id='word_1_875' title='bbox 2156 5365 2487 5436; x_wconf 69' lang='lat' dir='ltr'><strong>C(Blt&#39;SlllNlS,</strong></span> <span class='ocrx_word' id='word_1_876' title='bbox 2519 5380 2676 5434; x_wconf 87' lang='lat' dir='ltr'><strong>quam</strong></span> <span class='ocrx_word' id='word_1_877' title='bbox 2707 5365 2776 5420; x_wconf 87' lang='lat' dir='ltr'><strong>de</strong></span> <span class='ocrx_word' id='word_1_878' title='bbox 2818 5367 3116 5422; x_wconf 86' lang='lat' dir='ltr'><strong>visibilibus</strong></span> <span class='ocrx_word' id='word_1_879' title='bbox 3147 5370 3273 5424; x_wconf 82' lang='lat' dir='ltr'><strong>item</strong></span> <span class='ocrx_word' id='word_1_880' title='bbox 3304 5371 3616 5429; x_wconf 66' lang='lat' dir='ltr'><strong>caelestibus</strong></span> <span class='ocrx_word' id='word_1_881' title='bbox 3655 5365 3802 5436; x_wconf 44' lang='lat' dir='ltr'><strong>-di;</strong></span> 
     </span>
    </p>
   </div>
   <div class='ocr_carea' id='block_1_120' title="bbox 2155 5435 3802 5512">
    <p class='ocr_par' dir='ltr' id='par_1_120' title="bbox 2155 5435 3802 5512">
     <span class='ocr_line' id='line_1_121' title="bbox 2155 5435 3802 5512; baseline 0.011 -27"><span class='ocrx_word' id='word_1_882' title='bbox 2155 5444 2326 5512; x_wconf 61' lang='lat' dir='ltr'><strong>ceret.</strong></span> <span class='ocrx_word' id='word_1_883' title='bbox 2359 5435 2598 5505; x_wconf 79' lang='lat' dir='ltr'><strong>Denique</strong></span> <span class='ocrx_word' id='word_1_884' title='bbox 2631 5436 2743 5504; x_wconf 90' lang='lat' dir='ltr'><strong>ipsa</strong></span> <span class='ocrx_word' id='word_1_885' title='bbox 2771 5438 2944 5512; x_wconf 77' lang='lat' dir='ltr'><strong>series</strong></span> <span class='ocrx_word' id='word_1_886' title='bbox 2986 5441 3246 5512; x_wconf 85' lang='lat' dir='ltr'><strong>orationis</strong></span> <span class='ocrx_word' id='word_1_887' title='bbox 3299 5435 3802 5512; x_wconf 71' lang='lat' dir='ltr'><strong>emendationem</strong></span> 
     </span>
    </p>
   </div>
   <div class='ocr_carea' id='block_1_121' title="bbox 2156 5502 3193 5578">
    <p class='ocr_par' dir='ltr' id='par_1_121' title="bbox 2156 5502 3193 5578">
     <span class='ocr_line' id='line_1_122' title="bbox 2156 5502 3193 5578; baseline 0.009 -21"><span class='ocrx_word' id='word_1_888' title='bbox 2156 5502 2296 5559; x_wconf 90' lang='lat' dir='ltr'><strong>hanc</strong></span> <span class='ocrx_word' id='word_1_889' title='bbox 2341 5502 2580 5560; x_wconf 81' lang='lat' dir='ltr'><strong>nostram</strong></span> <span class='ocrx_word' id='word_1_890' title='bbox 2613 5502 2709 5576; x_wconf 85' lang='lat' dir='ltr'><strong>per</strong></span> <span class='ocrx_word' id='word_1_891' title='bbox 2735 5523 2796 5562; x_wconf 87' lang='lat' dir='ltr'><strong>se</strong></span> <span class='ocrx_word' id='word_1_892' title='bbox 2821 5509 2952 5563; x_wconf 85' lang='lat' dir='ltr'><strong>satis</strong></span> <span class='ocrx_word' id='word_1_893' title='bbox 2985 5511 3193 5578; x_wconf 90' lang='lat' dir='ltr'><strong>probat.</strong></span> 
     </span>
    </p>
   </div>
   <div class='ocr_carea' id='block_1_122' title="bbox 2226 5641 3807 5716">
    <p class='ocr_par' dir='ltr' id='par_1_122' title="bbox 2226 5641 3807 5716">
     <span class='ocr_line' id='line_1_123' title="bbox 2226 5641 3807 5716; baseline 0.004 -18"><span class='ocrx_word' id='word_1_894' title='bbox 2226 5641 2316 5700; x_wconf 74' lang='grc' dir='ltr'><strong>ΞΟ.</strong></span> <span class='ocrx_word' id='word_1_895' title='bbox 2347 5642 2499 5698; x_wconf 82' lang='lat' dir='ltr'><strong>Unde</strong></span> <span class='ocrx_word' id='word_1_896' title='bbox 2518 5643 2627 5704; x_wconf 89' lang='lat' dir='ltr'><strong>ille,</strong></span> <span class='ocrx_word' id='word_1_897' title='bbox 2656 5657 2812 5711; x_wconf 89' lang='lat' dir='ltr'><strong>quem</strong></span> <span class='ocrx_word' id='word_1_898' title='bbox 2843 5642 3020 5699; x_wconf 87' lang='lat' dir='ltr'><strong>divina</strong></span> <span class='ocrx_word' id='word_1_899' title='bbox 3039 5645 3316 5716; x_wconf 89' lang='lat' dir='ltr'><strong>Scriptura</strong></span> <span class='ocrx_word' id='word_1_900' title='bbox 3339 5648 3616 5704; x_wconf 89' lang='lat' dir='ltr'><strong>diabolum</strong></span> <span class='ocrx_word' id='word_1_901' title='bbox 3671 5671 3807 5716; x_wconf 71' lang='lat' dir='ltr'><strong>no.</strong></span> 
     </span>
    </p>
   </div>
   <div class='ocr_carea' id='block_1_123' title="bbox 2159 5736 3800 5826">
    <p class='ocr_par' dir='ltr' id='par_1_123' title="bbox 2159 5736 3800 5826">
     <span class='ocr_line' id='line_1_124' title="bbox 2159 5736 3800 5826; baseline 0.015 -39"><span class='ocrx_word' id='word_1_902' title='bbox 2159 5736 2361 5790; x_wconf 86' lang='lat' dir='ltr'><strong>minare</strong></span> <span class='ocrx_word' id='word_1_903' title='bbox 2387 5736 2690 5802; x_wconf 85' lang='lat' dir='ltr'><strong>consuevit,</strong></span> <span class='ocrx_word' id='word_1_904' title='bbox 2714 5745 2769 5791; x_wconf 92' lang='lat' dir='ltr'><strong>et</strong></span> <span class='ocrx_word' id='word_1_905' title='bbox 2794 5736 2908 5806; x_wconf 80' lang='lat' dir='ltr'><strong>ejus</strong></span> <span class='ocrx_word' id='word_1_906' title='bbox 2931 5741 3132 5807; x_wconf 87' lang='lat' dir='ltr'><strong>pariter</strong></span> <span class='ocrx_word' id='word_1_907' title='bbox 3152 5743 3241 5809; x_wconf 93' lang='lat' dir='ltr'><strong>qui</strong></span> <span class='ocrx_word' id='word_1_908' title='bbox 3265 5743 3518 5798; x_wconf 91' lang='lat' dir='ltr'><strong>dicuntur</strong></span> <span class='ocrx_word' id='word_1_909' title='bbox 3537 5758 3800 5826; x_wconf 77' lang='lat' dir='ltr'><strong>angeli,</strong></span> 
     </span>
    </p>
   </div>
   <div class='ocr_carea' id='block_1_124' title="bbox 2156 5827 3811 5905">
    <p class='ocr_par' dir='ltr' id='par_1_124' title="bbox 2156 5827 3811 5905">
     <span class='ocr_line' id='line_1_125' title="bbox 2156 5827 3811 5905; baseline 0.007 -27"><span class='ocrx_word' id='word_1_910' title='bbox 2156 5841 2279 5881; x_wconf 90' lang='lat' dir='ltr'><strong>cum</strong></span> <span class='ocrx_word' id='word_1_911' title='bbox 2326 5829 2513 5897; x_wconf 85' lang='lat' dir='ltr'><strong>primis</strong></span> <span class='ocrx_word' id='word_1_912' title='bbox 2557 5827 2866 5883; x_wconf 87' lang='lat' dir='ltr'><strong>hominibus</strong></span> <span class='ocrx_word' id='word_1_913' title='bbox 2918 5831 3260 5900; x_wconf 86' lang='lat' dir='ltr'><strong>inviderent,</strong></span> <span class='ocrx_word' id='word_1_914' title='bbox 3310 5833 3483 5888; x_wconf 79' lang='lat' dir='ltr'><strong>Adam</strong></span> <span class='ocrx_word' id='word_1_915' title='bbox 3524 5837 3678 5896; x_wconf 82' lang='lat' dir='ltr'><strong>dico</strong></span> <span class='ocrx_word' id='word_1_916' title='bbox 3738 5864 3811 5905; x_wconf 69' lang='grc' dir='ltr'><strong>ει</strong></span> 
     </span>
    </p>
   </div>
   <div class='ocr_carea' id='block_1_125' title="bbox 2160 5915 3811 6002">
    <p class='ocr_par' dir='ltr' id='par_1_125' title="bbox 2160 5915 3811 6002">
     <span class='ocr_line' id='line_1_126' title="bbox 2160 5915 3811 6002; baseline 0.008 -31"><span class='ocrx_word' id='word_1_917' title='bbox 2160 5915 2306 5980; x_wconf 76' lang='lat' dir='ltr'><strong>Evte.</strong></span> <span class='ocrx_word' id='word_1_918' title='bbox 2338 5932 2366 5972; x_wconf 82' lang='lat' dir='ltr'><strong>a</strong></span> <span class='ocrx_word' id='word_1_919' title='bbox 2399 5919 2551 5976; x_wconf 85' lang='lat' dir='ltr'><strong>beata</strong></span> <span class='ocrx_word' id='word_1_920' title='bbox 2595 5917 2726 5985; x_wconf 84' lang='lat' dir='ltr'><strong>vita,</strong></span> <span class='ocrx_word' id='word_1_921' title='bbox 2769 5936 2927 5985; x_wconf 87' lang='lat' dir='ltr'><strong>quam</strong></span> <span class='ocrx_word' id='word_1_922' title='bbox 2956 5925 3187 5992; x_wconf 90' lang='lat' dir='ltr'><strong>primum</strong></span> <span class='ocrx_word' id='word_1_923' title='bbox 3220 5927 3625 5996; x_wconf 80' lang='lat' dir='ltr'><strong>possederant.</strong></span> <span class='ocrx_word' id='word_1_924' title='bbox 3696 5956 3811 6002; x_wconf 64' lang='grc' dir='ltr'><strong>εδ,</strong></span> 
     </span>
    </p>
   </div>
  </div>
