3948 6188
271 393 347 455 ibi

425 395 740 456 DISSERT.
780 395 847 453 ν.
887 393 980 452 DE
1015 391 1325 453 LlBELLlS
1354 394 1541 453 FIDE]
1577 394 1888 454 SCRIPTIS
1933 395 2017 450 ΑΒ
2053 395 2486 454 AUCTORIDUS
2527 395 2846 454 llEllESlS
2886 396 3322 457 PELAGIANE.
3403 401 3511 458 6οὲ

265 513 498 584 Instipsos
535 514 880 570 alienarunt:
915 521 970 570 et
1015 512 1220 568 homini
1255 513 1472 584 quidem
1523 529 1620 583 per
1660 515 1824 568 dece—
1851 519 1901 576 Α
1927 511 2244 581 eteterisque
2275 510 2624 567 luminat-ibus
2648 521 2866 582 Oportet
2886 527 3157 582 exponam
3178 528 3195 569 :
3220 513 3337 569 hac
3365 517 3511 580 enim

263 607 500 677 ptionesn,
529 623 691 676 quam
745 608 847 678 ipsi
881 607 1096 676 penitus
1134 605 1515 677 excogitarunt
1539 649 1555 675 ,
1605 621 1828 677 persua-

263 705 428 754 serunt
463 709 769 772 peccantes,
809 707 868 754 ut
895 713 926 753 a
957 698 1212 754 mandato
1237 700 1334 754 Dei
1361 700 1605 762 protinus
1634 701 1825 755 devia-

262 798 368 852 ret,
413 789 738 858 semetipsos
788 796 966 844 autem
1028 797 1234 845 aeterno
1284 790 1490 861 pariter
1560 793 1829 861 supplicio

262 880 615 950 subjugarunt.
639 881 794 937 Sicut
814 888 870 936 et
897 881 1155 938 Dominus
1177 893 1365 938 noster
1393 884 1552 940 Jesus
1576 883 1827 939 Christus

262 972 414 1037 docet,
444 989 568 1028 cum
598 973 666 1028 ad
689 975 814 1030 illos
841 973 1001 1044 dicit,
1052 976 1144 1046 qui
1190 976 1490 1048 propinquo
1535 991 1635 1031 suo
1667 979 1826 1034 mise-

261 1063 526 1120 ricordiam
555 1064 930 1136 denegarunt:
987 1065 1070 1121 Ite
1096 1067 1153 1121 in
1206 1069 1376 1140 ignem
1426 1077 1696 1134 aeternum,
1735 1071 1826 1141 qui

262 1165 561 1227 praeparatus
605 1165 677 1212 est
718 1158 925 1213 diabolo
954 1168 1005 1213 et
1047 1159 1242 1232 angelis
1269 1163 1415 1232 ejus;
1453 1161 1637 1222 esuritzi
1666 1164 1822 1228 enim,

261 1255 297 1302 et
319 1263 410 1300 non
436 1247 654 1302 dedistis
673 1250 797 1302 mihi
823 1250 1158 1321 manducare,
1176 1263 1280 1307 etc.
1307 1251 1523 1324 (Matth.
1546 1269 1678 1324 xxv,
1705 1255 1824 1325 41).

255 1339 389 1404 Quod
423 1349 607 1395 autem
637 1341 906 1411 diabolus,
935 1343 1020 1398 vel
1048 1343 1165 1412 ejus
1188 1345 1277 1413 qui
1310 1344 1571 1400 dicuntur
1617 1347 1820 1417 angeli,

253 1430 588 1486 deereaturis
606 1433 918 1488 caelestibus
938 1442 1085 1503 sunt,
1109 1435 1630 1508 rationabilibusque
1652 1439 1824 1494 virtu-

262 1521 406 1586 tibus,
435 1525 590 1577 testis
634 1534 718 1578 est
757 1524 945 1580 beatus
992 1523 1182 1581 Petrus
1209 1569 1223 1591 ,
1257 1542 1376 1582 cum
1409 1530 1489 1583 sic
1529 1531 1658 1585 dicit
1698 1547 1713 1584 :
1763 1531 1822 1587 Si

257 1620 369 1670 enim
401 1615 542 1671 Deus
566 1619 782 1688 angelis,
806 1620 895 1688 qui
942 1630 1308 1688 peccauerunt,
1357 1638 1457 1676 non
1483 1625 1708 1694 pepercit
1738 1624 1756 1698 (
1780 1625 1823 1678 ll

259 1708 384 1764 Petr.
421 1724 480 1777 ιι,
514 1708 590 1778 4).
614 1709 882 1765 Similiter
903 1720 1084 1767 autem
1114 1722 1171 1768 et
1197 1714 1386 1769 beatus
1416 1701 1614 1771 Paulus
1641 1718 1822 1785 docet,

257 1799 425 1855 dicens
453 1819 466 1853 :
503 1799 726 1857 Nescitis
753 1804 997 1873 quoniam
1017 1804 1225 1876 angelos
1241 1808 1591 1879 judicabimus
1624 1808 1820 1882 (lCor.

1929 605 2198 667 nonnulli,
2226 605 2426 658 mentis
2452 620 2638 659 errore
2667 606 2898 673 decepti,
2932 606 3188 660 animalia
3220 608 3512 663 rationabi-

1927 697 1998 753 lia
2023 713 2143 752 esse
2166 698 2437 752 dixerunt.
2467 698 2707 764 Quorum
2734 699 3058 754 dementiam
3087 700 3248 755 etiam
3273 700 3512 756 nefarius

1927 791 2192 862 Origenes
2221 800 2437 846 secutus
2484 799 2569 845 est
2601 790 2745 861 (Lib.
2777 808 2793 846 ι
2822 796 2940 868 Περί
2965 794 3170 868 Ἀρχῶν
3205 810 3252 848 c.
3277 795 3368 863 7),
3417 793 3512 864 qui

1881 935 1885 939 ,
1927 896 2052 937 cum
2091 882 2256 936 vellet
2276 896 2342 935 ex
2383 882 2565 934 divina
2604 882 2880 950 Scriptura
2919 886 3224 952 exemplum
3269 899 3507 945 sumere.

1929 989 2049 1043 quae
2080 973 2152 1028 ibi
2191 973 2260 1028 de
2312 972 2669 1028 iuminaribus
2698 973 2900 1041 optime
2931 973 3070 1027 dicta
3110 973 3343 1039 fuerant,
3395 978 3509 1032 haec

1927 1064 2046 1133 ipse
2075 1075 2457 1134 perperam,ut
2483 1064 2586 1118 sibi
2615 1064 2824 1119 libitum
2851 1073 2956 1128 est,
2979 1079 3139 1120 ausus
3162 1075 3243 1120 est
3269 1078 3500 1124 vertere.

1927 1155 2216 1212 Sciendum
2245 1166 2328 1211 est
2356 1148 2706 1226 igitur,'quod
2721 1140 2901 1210 divina
2933 1157 3211 1227 Scriptura
3243 1175 3506 1229 nusquam

1926 1260 2115 1302 eorum
2167 1246 2338 1300 veluti
2383 1247 2693 1301 animalium
2745 1246 2939 1302 fecerit
2983 1248 3352 1304 mentionem.
3401 1251 3508 1304 Sed

1927 1339 2210 1396 luminaria
2240 1339 2378 1393 facta
2409 1339 2573 1395 fuisse
2600 1340 2753 1404 dixit,
2795 1348 2849 1394 et
2878 1340 2948 1395 ob
2972 1339 3073 1395 hoc
3096 1342 3270 1395 solum
3302 1352 3507 1407 creata,

1927 1439 1985 1486 ut
2018 1447 2181 1500 super
2211 1441 2406 1486 terram
2436 1415 2711 1498 lacerent,
2738 1441 2794 1488 et
2814 1443 2999 1486 essent
3025 1433 3336 1487 hominibus
3357 1435 3509 1501 signa

1927 1533 2252 1596 temporum,
2277 1524 2540 1578 mensium
2561 1566 2575 1589 ,
2605 1534 2660 1579 et
2680 1539 2968 1580 annorum.
2996 1524 3088 1579 Sin
3136 1534 3316 1580 autem
3351 1526 3508 1579 nobis

1927 1615 2195 1679 dixerint,
2242 1615 2332 1684 qui
2375 1614 2652 1668 erroribus
2682 1613 2859 1668 lavent
2890 1614 3236 1682 huiusmodi:
3269 1615 3374 1669 Cur
3396 1629 3506 1670 non

1926 1707 2176 1761 animalia
2204 1716 2329 1760 sunt
2349 1704 2654 1770 luminaria,
2674 1713 2729 1760 et
2757 1705 3118 1770 rationabilia,
3143 1720 3264 1760 cum
3288 1707 3355 1762 de
3375 1707 3508 1777 ipsis

1926 1799 2190 1868 scriptum
2221 1799 2291 1852 sit
2319 1797 2425 1853 hoc
2455 1797 2644 1852 modo:
2672 1797 2824 1857 Astra
2845 1807 3018 1852 autem
3044 1814 3148 1852 non
3173 1808 3292 1852 sunt
3314 1800 3507 1855 munda

256 1907 318 1955 Vt,
343 1889 433 1963 5)!
461 1891 546 1948 Ne
570 1894 690 1962 quis
719 1895 883 1966 igitur
911 1897 1200 1954 arbitretur
1229 1910 1416 1970 captus
1445 1917 1654 1969 errore,
1677 1903 1821 1974 quod
1853 1891 1902 1950 Β
1927 1890 1982 1944 δη
2006 1901 2280 1958 compca“
2300 1895 2414 1962 εῘω
2437 1889 2742 1961 “Ob-'1‘“-
2774 1890 2857 1961 δ),
2889 1889 2993 1945 ¹¹⁰ο
3021 1902 3102 1946 εει
3127 1891 3260 1946 De”
3285 1892 3506 1948 audiam

256 1985 328 2040 isti
354 1995 481 2042 ante
518 1999 910 2058 peccaverunt,
955 2008 1115 2063 quam
1147 1994 1818 2071 hominibusinviderent,

255 2088 298 2132 et
323 2088 438 2148 post
470 2080 604 2134 illud
637 2091 948 2149 peccatum,
980 2086 1046 2139 ad
1082 2086 1426 2157 decipiendos
1454 2092 1700 2148 homines
1731 2093 1826 2147 de-

257 2172 512 2236 venerint,
545 2173 690 2229 sicut.
718 2175 956 2232 nefarius
988 2180 1250 2250 Origenes
1286 2183 1554 2251 docebat;
1597 2186 1716 2253 sed,
1766 2197 1825 2242 ut

255 2265 484 2332 superius
508 2265 657 2334 dixi,
709 2282 870 2323 exeo
911 2271 1059 2340 quod
1113 2272 1363 2328 diabolus
1412 2276 1465 2330 in
1516 2288 1822 2346 serpentem

255 2357 662 2426 transﬁguratus
705 2358 870 2414 Evam
919 2361 1153 2433 decepit.
1194 2365 1344 2432 Quod
1395 2378 1573 2423 autem
1626 2385 1693 2425 ex
1735 2371 1827 2426 illo

255 2447 485 2504 diabolus
514 2492 531 2517 ,
582 2452 812 2508 veritate
857 2456 1072 2523 penitus
1118 2457 1409 2526 derelicta,
1464 2463 1738 2518 transtulit
1767 2478 1828 2519 se

254 2539 484 2606 pretinus
515 2540 583 2595 ad
611 2543 974 2612 mendacium,
995 2561 1064 2601 ex
1095 2563 1204 2618 quo
1236 2548 1437 2616 Evam,
1457 2559 1516 2606 ut
1540 2553 1670 2618 dixi,
1705 2568 1830 2622 per-

253 2631 372 2686 emit
414 2640 601 2688 morte
649 2635 898 2704 peccati,
956 2637 1108 2693 testis
1162 2649 1246 2694 est
1305 2641 1561 2697 Dominus
1592 2653 1780 2698 noster
1808 2685 1827 2710 ,

252 2735 360 2776 cum
407 2725 546 2779 dicit
615 2725 816 2781 Judazis
868 2744 972 2783 non
1019 2730 1368 2787 credentibus
1413 2734 1553 2788 sibi:
1613 2734 1717 2788 Vos
1769 2753 1831 2790 ex

251 2826 385 2880 patre
434 2816 656 2872 diabolo
704 2820 822 2873 estis
847 2861 862 2884 ,
908 2821 1164 2877 desideria
1212 2826 1374 2895 patris
1433 2828 1588 2881 vestri
1642 2828 1832 2882 diaboli

251 2907 394 2964 uultis
444 2911 643 2980 facere.
697 2911 799 2967 Ille
853 2912 1109 2972 homicida
1161 2926 1271 2971 erat
1335 2918 1397 2972 ab
1450 2919 1636 2986 initio,
1688 2929 1738 2974 et
1779 2921 1832 2974 in

251 3001 442 3056 veritate
473 3017 583 3056 non
607 3004 770 3070 stetit,
797 3006 920 3075 quia
944 3007 1132 3062 veritas
1164 3025 1268 3062 non
1314 3017 1389 3063 est
1422 3010 1474 3063 in
1503 3027 1584 3064 eo.
1613 3010 1834 3078 Quando

252 3093 476 3163 loquitur
534 3097 876 3162 ntettdacium,
931 3100 996 3154 de
1047 3101 1268 3170 propriis
1321 3101 1568 3172 loquitur,
1589 3104 1833 3174 quoniam

169 3224 172 3228 -
249 3187 461 3242 mendax
496 3196 573 3242 est
601 3199 646 3242 et
677 3201 821 3259 pater
844 3194 956 3263 ejus
981 3192 1164 3263 (Joan.
1194 3209 1318 3259 vm,
1349 3194 1462 3265 44).
1512 3195 1656 3265 Ergo
1705 3210 1830 3250 eum
1863 3244 1865 3265 ς

1925 1997 1953 2034 a
1980 1981 2135 2036 nobis
2162 1979 2306 2051 quod
2343 1981 2429 2050 qui
2468 1981 2570 2036 hoc
2598 1982 2849 2048 dixerat,
2883 1997 2989 2036 non
3023 1983 3216 2054 dignus
3247 1994 3367 2040 erat
3411 2000 3509 2040 att-

1924 2076 2195 2141 ctoritate,
2230 2074 2430 2144 quippe
2457 2089 2578 2129 eum
2635 2075 2892 2129 Dominus
2923 2075 2987 2128 ad
3037 2076 3217 2144 ipsum
3266 2075 3502 2132 dixerit:

1927 2164 2080 2219 Nihil
2101 2165 2204 2218 veri
2229 2165 2429 2224 locutus
2449 2181 2500 2218 es
2519 2164 2584 2218 de
2597 2165 2792 2235 famulo
2818 2182 2927 2218 meo
2947 2163 3066 2218 Job.
3093 2167 3293 2222 Tamen
3316 2169 3508 2223 etiam-

1927 2257 1970 2311 si
1996 2272 2027 2311 a
2052 2257 2208 2311 beato
2235 2257 2434 2311 dictum
2465 2257 2566 2310 hoc
2596 2255 2788 2310 fuisset
2814 2255 2932 2322 Job,
2965 2273 3031 2312 ne
3063 2257 3132 2311 ita
3166 2259 3378 2327 quidem
3419 2261 3506 2315 lir-

1928 2363 2012 2403 ma
2045 2348 2292 2418 pmbatio
2315 2348 2610 2402 videretur.
2639 2346 2823 2416 Neque
2869 2347 3013 2402 enim
3041 2363 3108 2403 ex
3131 2363 3198 2402 eo
3225 2350 3364 2418 quod
3397 2366 3507 2406 non

1929 2440 2125 2494 munda
2157 2450 2282 2495 sunt
2306 2441 2357 2494 in
2390 2450 2684 2508 conspectu
2707 2439 2836 2506 Dei,
2863 2440 2986 2494 ideo
3014 2440 3264 2495 dicuntur
3300 2444 3510 2496 anima~

1929 2531 1996 2585 lia
2023 2547 2039 2596 ;
2074 2531 2306 2600 alioquin
2330 2530 2491 2586 etiam
2525 2538 2800 2584 menstrua
2829 2529 3118 2610 mulierum
3141 2529 3210 2584 ab
3236 2530 3365 2601 ipsis
3392 2534 3508 2587 ani-

1929 2625 2090 2680 malia
2125 2631 2523 2693 nuncupentur,
2564 2630 2621 2676 et
2667 2623 2879 2691 leprosa
2908 2622 3123 2692 domus,
3165 2626 3420 2694 quoniam
3439 2643 3508 2683 ne

1931 2715 2030 2769 ista
2057 2715 2273 2785 quidem
2305 2715 2502 2768 munda
2529 2723 2656 2768 sunt
2694 2714 2834 2781 apud
2864 2714 3054 2780 Deum,
3100 2719 3394 2773 secundum
3425 2720 3509 2776 le-

1930 2821 2050 2869 gem
2078 2806 2249 2876 Moysi
2277 2823 2289 2859 :
2317 2806 2482 2860 multa
2505 2808 2649 2860 enim
2674 2821 2860 2862 eorum
2882 2822 3002 2876 qua:
3023 2808 3139 2862 sine
3163 2810 3337 2864 anima
3360 2821 3508 2881 sunt,

1932 2899 2141 2954 ratione
2197 2899 2425 2968 quadam
2451 2893 2494 2962 ,“
2526 2913 2672 2968 saepe
2724 2898 2950 2968 legimus
2980 2901 3276 2958 immunda.
3313 2903 3513 2972 Adjicit

1933 2993 2094 3047 etiam
2128 2992 2397 3061 Origenes
2419 2991 2572 3057 illud,
2595 2991 2782 3062 quoda
2809 2992 3074 3061 propheta
3105 2994 3274 3050 David
3309 2996 3512 3052 dictum

1934 3093 2017 3142 est
2045 3101 2057 3135 :
2095 3082 2190 3137 Sol
2221 3083 2452 3153 cOgnovit
2494 3099 2730 3137 occasum
2757 3099 2908 3137 suum
2943 3082 3061 3152 (Ps.
3086 3100 3198 3149 Clll,
3230 3086 3318 3155 19)
3347 3104 3362 3154 ;
3397 3103 3514 3144 nec.

1935 3175 2240 3231 nonetiam
2295 3176 2448 3244 illud,
2497 3175 2642 3246 quod
2699 3177 2838 3231 Deus
2889 3177 3024 3230 dixit
3075 3178 3142 3232 ad
3195 3180 3512 3250 prophetam

250 3276 469 3336 dixisset
501 3254 794 3349 Dominus,
821 3254 963 3352 quod
987 3254 1094 3340 ille
1123 3254 1387 3341 homicida
1417 3254 1626 3342 eratab
1653 3286 1829 3354 initio,
1855 3254 1902 3317 ε
1934 3267 2128 3324 Isaiam
2156 3284 2168 3319 =
2200 3267 2311 3337 Ego
2333 3267 2567 3321 οηιηέθαε
2591 3267 2756 3322 stellis
2797 3269 3036 3322 mandavi
3061 3267 3216 3340 (ιεαίο
3245 3286 3373 3336 m.
3399 3271 3512 3342 19).

248 3371 463 3439 etquod
502 3371 560 3426 in
592 3374 820 3435 veritate
847 3389 953 3432 non
981 3377 1152 3442 stetit,
1203 3388 1388 3446 aperte
1433 3377 1640 3444 docuit,
1685 3380 1830 3451 quod

251 3473 310 3513 ex
333 3475 398 3516 eo
417 3461 681 3516 diabolus
709 3478 740 3518 a
790 3465 1021 3522 veritate
1056 3466 1288 3537 decidit,
1317 3483 1385 3523 ex
1427 3485 1535 3539 quo
1583 3470 1831 3540 primitus

250 3565 340 3620 per
364 3553 647 3610 fallaciam
679 3557 947 3613 mendacii
980 3559 1141 3614 Evam
1165 3574 1352 3616 errore
1377 3561 1657 3630 deceptam
1681 3577 1854 3629 πιομ-⁹

252 3651 300 3696 te
327 3645 799 3713 praevaricationis
825 3649 1040 3705 occidit.
1075 3649 1282 3706 Rursus
1303 3651 1463 3706 etiam
1491 3652 1612 3708 ideo
1631 3651 1832 3710 dictum

251 3744 349 3800 est,
380 3737 535 3807 quod
565 3740 785 3806 quando
815 3739 1049 3811 loquitur
1070 3742 1434 3810 mendacium,
1455 3743 1520 3798 de
1538 3759 1638 3800 suo
1663 3746 1832 3816 loqui-

257 3837 356 3896 tur,
384 3830 655 3898 quoniam
685 3833 887 3900 primus
911 3835 1046 3903 ipse,
1073 3835 1196 3891 ficta
1225 3837 1454 3904 fallacia,
1490 3837 1654 3894 etiam
1683 3854 1838 3894 men-

252 3919 460 3975 dacium
494 3933 823 3990 procreant.
858 3926 1011 3983 Unde
1037 3929 1198 3983 etiam
1223 3931 1434 3997 caeteri,
1467 3932 1555 4000 qui
1585 3948 1687 3987 una
1715 3949 1837 3990 cum

259 4011 372 4075 ipso
399 4015 618 4068 homini
647 4015 985 4086 inviderunt,
1024 4019 1192 4088 ipsius
1218 4021 1414 4078 diaboli
1446 4024 1623 4093 angeli
1662 4025 1840 4079 nomi-

215 4183 218 4185 _
256 4101 362 4156 nati
385 4114 540 4172 sunt,
569 4106 726 4176 quasi
749 4107 863 4176 ipse
893 4109 1096 4178 primus
1143 4110 1368 4181 hujusce
1412 4113 1635 4168 malitiae
1676 4130 1837 4171 causa

257 4204 404 4250 esset
440 4209 500 4253 et
527 4207 714 4269 caput.
749 4199 856 4256 Sed
881 4201 950 4257 de
991 4202 1110 4257 istis
1139 4219 1354 4274 quoque
1394 4205 1726 4262 sufficienter
1759 4207 1844 4262 di-

256 4294 418 4342 ctum.

336 4405 501 4480 luco
547 4406 697 4476 quod
745 4409 966 4480 angelos
1004 4425 1260 4476 peccasse
1289 4411 1520 4480 primum
1553 4413 1846 4469 invidentia

255 4493 382 4550 erga
407 4479 669 4550 homines
697 4479 910 4550 asserit,
939 4480 1097 4534 habet
1117 4479 1519 4538 consentientes
1539 4500 1570 4538 e
1598 4485 1848 4540 Patribns

254 4548 588 4624 nonnullos,
638 4560 695 4601 nt
724 4548 1043 4624 l_re_n:eu_m,_
1069 4551 1438 4619 Lactantium,
1471 4555 1798 4624 Cyprianum
1829 4601 1842 4622 ,

615 4621 754 4689 apud
784 4597 1204 4694 Epiphaniumet
1227 4597 1832 4693 Pltoltittintﬁt‘leg-gri't'tm

1953 4597 2142 4655 niauus
2168 4600 2458 4667 imperator
2487 4597 2585 4669 (In
2609 4600 2756 4664 epist.
2782 4599 2848 4651 ad
2873 4598 3078 4651 Menam

1952 4671 2101 4694 ---ηυξ
2135 4688 2145 4694 .
2175 4671 2244 4694 ἒιιζ
2278 4669 2413 4694 ...ιῖήρι
2451 4669 2688 4694 δια-οἶδα..
2714 4669 3030 4694 ιιιηιῖηιηηέζη
3059 4671 3078 4694 ι

253 4691 595 4761 Nyssenum,
657 4702 714 4744 et
759 4692 926 4753 alios,
975 4707 1200 4760 quorum
1246 4704 1421 4749 tamen
1455 4710 1558 4748 non
1607 4691 1710 4749 una
1759 4707 1844 4751 est

253 4762 606 4834 explicanda:
628 4764 908 4834 sententia:
925 4765 1081 4816 ratio.
1107 4763 1177 4817 At
1198 4763 1249 4817 in
1272 4779 1336 4818 eo
1353 4807 1368 4829 ,
1393 4769 1532 4834 quod
1555 4767 1838 4834 Origenem

256 4836 433 4906 arguit
465 4832 786 4906 docentem,
810 4833 1086 4906 dautttines
1101 4837 1250 4906 prjus
1276 4832 1723 4906 peccasse,quani
1749 4839 1843 4890 ho-

254 4905 496 4957 minibus
523 4902 845 4968 inviderent,
873 4903 1124 4958 dissentit
1145 4905 1400 4960 Ecclesia:
1429 4902 1698 4974 magiétris
1728 4909 1842 4960 lon-

252 4991 316 5039 ge
345 4974 632 5040 pluribus,
663 4974 871 5042 ipsique
897 4974 1034 5027 adeo
1058 4990 1224 5029 saera:
1253 4977 1570 5043 Seriphum,
1603 4977 1757 5044 cujus
1788 4978 1838 5031 id

257 5045 645 5113 pervulgatum
684 5055 765 5097 est
795 5063 808 5098 :
833 5043 879 5096 Λ
909 5045 1148 5110 superbia
1175 5047 1375 5098 initium
1425 5049 1589 5100 omnis
1647 5043 1841 5113 peccati

253 5114 451 5181 (liccli.
484 5129 550 5177 ι,
577 5113 696 5187 lii);
721 5128 1044 5187 quamquam
1091 5117 1327 5187 respexit
1363 5116 1498 5171 forte
1535 5119 1601 5172 ad
1636 5120 1843 5187 opinio-

257 5200 381 5238 nem
415 5185 703 5258 Urigenis,
735 5183 878 5258 quod
909 5197 1032 5258 ante
1068 5186 1427 5240 conditionem
1475 5183 1843 5258 nutndihttjus

257 5257 615 5322 peccaverint
646 5256 830 5329 multa.
866 5268 973 5307 tum
1001 5256 1302 5329 daemones.
1333 5266 1442 5310 tum
1472 5259 1687 5323 animm,
1722 5256 1868 5329 pro-"

255 5336 376 5394 pter
403 5341 538 5395 quae
567 5339 595 5378 e
617 5327 757 5380 caelo
798 5326 849 5380 in
888 5342 1114 5393 Corpora
1146 5328 1635 5394 przrcipdarentur.

333 5395 634 5470 Dia_h0lum
684 5398 890 5470 ipsum,
938 5397 988 5450 id
1040 5405 1157 5461 est,
1199 5397 1518 5470 da'tnontun
1549 5400 1842 5470 principem

253 5468 712 5536 transfiguratum
745 5467 796 5520 in
847 5479 1152 5537 serpentem
1191 5477 1428 5521 tentasse
1485 5467 1672 5534 Evam,
1713 5486 1845 5523 cun-

250 5555 412 5596 stans
444 5547 542 5593 est
569 5548 809 5592 veterum
836 5540 1041 5604 opinio,
1074 5537 1141 5590 de
1169 5553 1273 5606 qua
1301 5539 1532 5594 diximus
1560 5542 1627 5594 ad
1659 5553 1856 5595 traeta-

250 5624 342 5668 tus
367 5608 620 5665 Nestorii
641 5609 901 5663 adversus
929 5607 1264 5676 Pelagianos.
1705 5681 1736 5719 ἢ

323 5766 428 5824 Si.
468 5763 590 5822 Sed
617 5766 680 5820 de
709 5755 1066 5820 invisibilihus
1110 5765 1326 5835 quidem
1361 5767 1678 5823 substantiis
1709 5771 1861 5824 sufh-

258 5860 483 5917 cienter
514 5860 762 5924 dictum;
797 5877 936 5916 nunc
969 5876 1098 5916 vero
1119 5859 1187 5916 de
1235 5849 1349 5916 sole
1395 5863 1552 5917 simul
1595 5871 1650 5918 et
1689 5863 1810 5918 luna
1837 5907 1856 5924 .

1933 3361 2050 3416 Hoc
2070 3369 2246 3415 autem
2271 3361 2416 3426 facit,
2444 3361 2770 3418 confirmare
2796 3363 2982 3417 volens
3013 3361 3300 3417 nefandam
3343 3363 3516 3419 luere-

1935 3456 2035 3510 sim
2067 3470 2254 3521 suam;
2283 3454 2418 3510 dicit
2439 3456 2583 3510 enim
2623 3456 2799 3528 (Loco
2827 3466 2978 3511 aliter:
3007 3455 3132 3527 cit.)
3171 3458 3314 3528 quod
3355 3458 3516 3513 lumi-

1938 3548 2087 3606 naria
2108 3547 2309 3606 dudum
2341 3547 2551 3605 inierint
2575 3549 2890 3606 intellectus
2925 3562 2979 3607 et
3013 3565 3229 3626 sensus,
3264 3551 3356 3630 qui
3389 3552 3517 3619 quia

1937 3648 2270 3716 negligenter
2291 3657 2488 3701 versati
2513 3657 2661 3714 sunt,
2687 3663 2782 3701 sua
2815 3653 3158 3714 postmodum
3184 3659 3382 3708 virtute
3405 3663 3515 3724 prt-

1938 3739 2067 3804 vati,
2092 3739 2158 3793 ad
2190 3739 2345 3808 ignea
2381 3741 2479 3794 ista
2511 3740 2747 3794 damnati
2786 3751 2911 3794 sunt
2945 3756 3198 3812 corpora,
3245 3755 3304 3798 ut
3345 3762 3512 3816 super

1940 3839 2137 3885 terram
2168 3831 2406 3887 luceant.

2014 3965 2193 4020 Multis
2209 3965 2261 4020 in
2278 3964 2414 4021 locis
2438 3965 2697 4036 Origenes
2722 3975 2940 4020 secutus
2961 3975 3045 4021 est
3073 3966 3375 4035 opinionem
3399 3971 3521 4026 Pla-

1943 4038 2084 4091 tonis
2129 4038 2361 4090 animam
2412 4037 2721 4098 tribuentis,
2767 4053 2875 4090 non
2925 4045 3126 4090 tantum
3167 4040 3391 4103 mundo,
3422 4044 3520 4096 sed

1943 4109 2103 4162 etiam
2155 4108 2316 4161 astris
2336 4147 2352 4172 ,
2383 4123 2610 4175 eamque
2653 4107 2967 4162 rationalem
2992 4147 3008 4171 ,
3048 4117 3105 4162 ut
3133 4122 3258 4162 suos
3299 4121 3472 4164 motus
3503 4153 3518 4174 ,

1938 4177 2163 4251 iubente
2196 4179 2328 4251 Deo,
2367 4187 2702 4251 peragerent.
2735 4178 2986 4251 Omnium
3026 4179 3256 4232 maxime
3296 4180 3522 4251 insignis

1948 4250 2172 4321 habetur
2218 4249 2310 4301 lib.
2348 4263 2364 4300 ι
2398 4252 2516 4321 Περί
2556 4248 2760 4321 ξΑρχῶν
2805 4262 2925 4314 cap.
2960 4249 3011 4312 7,
3043 4248 3523 4321 quem_exprohrat.

1946 4319 2312 4389 Origeninon
2362 4319 2510 4389 solus
2559 4319 2800 4389 Rutilius,
2853 4333 3057 4389 verum
3091 4329 3146 4389 et
3191 4319 3521 4389 Theophilus

1947 4387 2343 4459 Alexandrinus
2372 4387 2609 4459 (Nomii.
2644 4387 2669 4440 1
2704 4397 2758 4441 et
2783 4389 2818 4440 2
2847 4387 3131 4459 paschali),
3167 4387 3522 4459 Hieronymus

1952 4463 1968 4527 (
1991 4458 2155 4531 Epist.
2183 4458 2250 4531 59
2272 4457 2580 4531 adiicitur",
2613 4459 2836 4531 etepist.
2954 4459 3021 4510 ad
3053 4457 3477 4531 Pammachium)
3505 4507 3519 4528 ,

1951 4529 2280 4598 Epiphanius
2309 4527 2510 4596 (Epist.
2533 4529 2621 4598 (ad
2650 4528 2804 4581 .Ioan.
2849 4527 3236 4598 Hierosolymit.
3265 4530 3304 4598 ).
3351 4527 3522 4585 Justi-L

3094 4546 3236 4581 tmtt.
3265 4546 3304 4598 ),
3351 4546 3522 4585 ,111811-

3093 4546 3132 4667 )I,
3164 4599 3360 4665 aliique
3387 4601 3522 4655 bene

1952 4671 2102 4724 multi
2135 4688 2146 4721 :
2175 4671 2245 4721 ibi
2275 4669 2414 4722 enim
2450 4669 2688 4721 abutitur
2714 4669 3032 4722 testimoniis
3059 4670 3367 4733 Seriptnrzn,
3401 4687 3521 4738 qua:

1951 4742 2174 4796 llnlinus
2213 4742 2450 4806 exponit.
2489 4739 2649 4791 Miror
2689 4755 2814 4791 vero
2855 4740 2981 4805 quid
3026 4753 3202 4792 causa:
3233 4738 3525 4793 lneriteur

1949 4823 2054 4864 tam
2086 4811 2431 4864 vehementer
2471 4811 2522 4862 in
2560 4810 2780 4862 Oriente
2811 4823 2968 4875 super
2998 4824 3056 4861 ea
3085 4809 3382 4872 qumstiune
3427 4811 3526 4863 Pa-

1947 4892 2060 4934 tres
2093 4897 2120 4933 a
2164 4897 2246 4933 me
2292 4880 2511 4946 laudati,
2563 4880 2783 4947 aliique,
2831 4892 2889 4932 ut
2936 4878 3158 4930 Basilius
3200 4889 3251 4930 et
3297 4878 3528 4934 Genesis

1949 4965 2308 5012 enarratores,
2338 4950 2620 5020 Origonetu
2645 4959 2978 5020 accusarent,
3009 4963 3130 5001 cum
3157 4948 3207 5002 in
3229 4948 3524 5020 Occidente

1949 5024 2296 5088 Augustinus,
2322 5022 2404 5074 sin
2431 5023 2604 5073 minus
2631 5019 2836 5073 Platoni
2868 5022 3176 5081 assonset‘it,
3209 5019 3397 5074 saltem
3429 5024 3530 5074 due

1951 5094 2066 5145 bius
2094 5093 2358 5145 exstiti-rit
2380 5134 2393 5154 ,
2429 5104 2483 5144 ut
2513 5100 2724 5144 constat
2746 5089 3004 5161 _p|u_ribus
3034 5105 3099 5143 ex
3145 5089 3273 5143 locis
3303 5089 3453 5161 (Lib.
3487 5107 3526 5146 ιι

1946 5166 2008 5215 de
2040 5162 2166 5216 Gen.
2199 5164 2264 5214 ad
2292 5164 2368 5214 lit.
2403 5179 2516 5226 cap.
2547 5163 2632 5223 18,
2661 5168 2708 5213 et
2739 5158 3004 5211 Enchirid.
3037 5177 3082 5212 c.
3109 5161 3178 5214 58
3208 5169 3253 5213 et
3273 5158 3436 5215 Lixttt
3463 5163 3529 5216 de

1950 5232 2133 5286 Trinit.
2172 5250 2218 5284 c.
2257 5233 2382 5299 16).
2413 5231 2832 5285 Admirationem
2867 5239 3024 5296 auget
3063 5230 3217 5283 divus
3258 5230 3528 5296 Thomas,

1945 5306 2036 5373 qui
2078 5320 2196 5356 cum
2238 5305 2556 5356 sententiam
2601 5301 2902 5373 Aristotelis
2946 5301 3211 5373 attulisset
3247 5300 3315 5373 de
3349 5304 3527 5354 anima

1945 5370 2104 5429 eceli:
2140 5373 2253 5426 Hoc
2277 5382 2464 5432 autem.
2510 5372 2700 5441 inquit.
2745 5372 2881 5440 quod
2921 5372 3113 5423 dictum
3137 5381 3208 5424 est
3239 5370 3303 5422 de
3329 5375 3531 5425 anima—

1949 5447 2084 5497 tione
2110 5446 2244 5508 caeli,
2270 5460 2369 5495 non
2395 5443 2615 5496 diximus
2641 5444 2785 5508 quasi
2811 5442 3081 5495 asserenda
3106 5441 3382 5494 secundum
3407 5441 3532 5508 ﬁdei

1961 5515 2276 5584 (lor-trinam,
2295 5514 2360 5564 ad
2388 5529 2542 5584 quam
2571 5513 2698 5584 nihil
2730 5514 2960 5584 pertinet,
2993 5512 3095 5584 sive
3121 5513 3195 5584 sic
3213 5552 3226 5572 ,
3249 5512 3356 5584 sine
3381 5512 3533 5584 aliter

1961 5586 2184 5636 dicatur.
2235 5579 2738 5652 Umle'Angustinus
2782 5587 2835 5635 in
2880 5579 3180 5634 Enchiridio
3207 5581 3345 5652 (dicit
3380 5581 3536 5652 {Nec

1963 5655 2096 5707 illud
2124 5655 2326 5725 quidem
2351 5650 2542 5707 certum
2571 5654 2750 5713 habeo,
2782 5663 2952 5705 utrum
2972 5651 3040 5725 ad
3066 5651 3294 5725 eamdem
3320 5650 3536 5703 societa-

1965 5734 2085 5783 tem.
2109 5719 2294 5778 scilicet
2323 5724 2638 5795 angelorum.
2655 5725 2940 5795 pertineant
2963 5721 3099 5773 solet
3119 5719 3262 5780 luna,
3288 5730 3332 5770 et
3353 5729 3538 5772 cuncta

1967 5796 2156 5858 sidera,
2191 5792 2420 5862 quamvis
2447 5793 2707 5847 nonnullis
2737 5792 2906 5862 lucida
2934 5803 3298 5862 esse‘corpora,
3332 5803 3432 5839 non
3458 5797 3538 5840 ta.

1967 5882 2082 5918 men
2109 5858 2256 5920 sensu
2287 5866 2364 5918 vel
2385 5864 2717 5934 intelligentia
2739 5861 2956 5929 pra’dita
2983 5858 3263 5910 videantur.
