1986 3090
204 205 258 233 M3

426 200 471 227 AD
491 197 630 226 PARTE.“
651 195 783 223 PRIMA.“
804 194 945 222 OPERUM
964 193 988 220 Μ

1050 190 1237 219 EDCATOEHS
1257 187 1431 217 APPENDIX
1449 186 1619 216 SECUNDA.

1792 187 1843 215 ιρι

237 261 280 287 22.
303 258 432 287 Similiter
445 260 533 282 autem
549 253 689 289 gentilium
709 259 832 279 errorem
846 250 996 285 approbare
1010 251 1034 281 Α
1048 249 1168 275 omnimn
1184 247 1311 274 dotuinus
1325 246 1437 274 effectus
1451 251 1502 273 est.
1525 245 1591 273 Nam
1607 245 1773 273 irrationalia
1786 247 1844 279 qui-

203 308 359 335 desiderans
380 304 419 330 sic
434 302 509 333 dicit,
525 300 596 336 quod
613 299 674 327 ideo
688 298 776 334 posuit
792 298 862 324 Deus
877 296 993 323 lumina-

203 354 241 380 ria
257 353 284 379 in
301 351 469 377 ﬁrmamento
480 346 506 373 in
519 346 605 381 signa,
621 349 650 371 ut
663 351 756 371 eorum
772 341 924 377 hujusmodi
937 349 994 368 mo-

202 405 245 426 tus
259 397 336 425 nobis
351 394 420 422 facta
435 397 527 420 nostra
543 390 704 427 signiﬁcent.
728 390 836 417 Discant
853 388 933 423 igitur
948 387 993 421 qui

202 443 330 473 nefariam
342 441 465 477 Origenis
480 440 605 467 lucresim
624 442 785 473 sequuntur,
802 444 854 463 non
869 436 908 463 sic
922 435 993 462 acci-

201 498 265 525 pere
279 489 396 517 divinam
413 486 591 521 Setipturam.
615 491 702 517 neque
716 487 838 510 evertere
860 481 939 515 hujus
954 480 994 507 in-

200 536 348 568 tellectum,
366 537 395 560 ut
411 540 459 568 pro
475 531 586 558 historia
600 530 705 557 scilicet
719 532 831 555 utantur
846 525 972 561 allegoria
984 546 992 558 ,

201 581 349 610 secundum
363 579 528 607 voluntatem
541 584 627 605 suam.
643 575 664 603 N
674 583 708 602 un
721 582 781 601 cum
794 573 927 600 dicentem
941 576 995 599 ter-

200 637 238 657 trc
261 629 384 657 audimus
404 626 547 655 Jeremiam
576 623 731 658 prophetam
755 620 858 648 :Terra
872 643 879 654 ,
905 625 992 652 terra,

200 683 279 708 terra,
294 675 357 703 audi
370 674 472 702 verbum
487 671 603 704 Domini,
619 669 700 698 scribe
715 669 782 696 hunc
800 668 927 695 hominem
947 667 993 692 ab-

200 724 313 749 dicatum
329 719 441 756 (Jerem.
454 726 523 751 xxii,
533 717 599 753 ‘29);
616 724 669 743 non
689 715 750 742 ideo
762 714 891 742 debemus
904 713 994 740 dicere

199 767 269 800 quod
279 766 352 802 quasi
361 764 470 793 animali
483 762 690 796 rationabilique
702 766 779 788 terrae
790 759 919 795 propheta
930 767 994 792 prac-

200 816 291 850 ripiat.
306 814 382 842 Solet
395 812 475 840 etiam
488 810 571 838 David
587 808 717 845 propheta
731 806 884 841 hujusmodi
898 813 994 841 corpo-

200 861 274 888 ribus
290 860 431 894 imperare,
445 865 505 885 cum
521 856 586 884 dicit
599 856 609 891 (
620 854 665 881 Ps.
677 861 790 886 cxuttt,
806 853 840 887 7)
855 861 860 878 :
878 851 994 878 Laudato

200 907 338 936 Dominth
354 905 385 932 de
400 910 478 936 terra,
502 904 623 930 dracones
637 906 659 929 et
674 909 761 928 omnes
783 899 883 935 abyssi,
910 899 975 933 ignis
985 919 991 931 ,

201 952 309 989 grando,
324 952 378 983 uix,
392 950 498 986 glacies,
513 949 620 982 spiritus
634 946 816 982 procellarum,
827 953 884 981 qua:
895 945 993 980 faciunt
1013 942 1033 972 Β

201 999 303 1026 verbum
317 999 388 1034 ejus;
404 1000 500 1023 mortles
513 999 537 1021 et
553 1001 640 1020 omnes
663 992 751 1023 colles,
773 991 842 1026 ligna
858 991 994 1025 fructifera

201 1050 224 1072 rt
240 1052 324 1072 omnes
340 1042 419 1070 cedri.
435 1041 493 1068 Non
508 1044 649 1074 propterea
668 1037 747 1065 docet
762 1044 811 1063 nos
826 1040 852 1063 ut
864 1035 922 1062 iure
937 1043 995 1062 om-

201 1092 245 1119 nia
261 1088 427 1118 tationabilia
448 1093 509 1114 esse
529 1085 681 1112 credamus.
697 1083 749 1110 Sed
771 1081 900 1116 Origenes
923 1088 994 1108 nunc

201 1139 313 1172 ejusque
329 1135 394 1162 socii
410 1133 589 1161 dimittantur.

236 1195 323 1221 Locus
336 1190 469 1226 Origenis,
483 1189 510 1216 in
525 1196 604 1223 quem
620 1187 732 1226 ttulimus
748 1185 874 1226 intendit,
889 1185 994 1226 ridetur

179 1230 267 1260 .mihi
293 1221 426 1256 fuisseviu
452 1221 812 1260 Commentariisgenesis,
839 1229 871 1260 ιλξ
898 1221 994 1254 quibus

201 1255 379 1300 iiiiiétttentum
402 1261 534 1300 Eusebius
557 1259 650 1300 retulit
663 1257 736 1298 (Lib.
751 1264 776 1283 ix
797 1257 830 1300 de
851 1255 993 1300 Prrepla‘rut.

202 1289 325 1333 Digna”).
338 1299 383 1326 Sic
393 1298 464 1325 enim
478 1302 508 1322 se
523 1295 605 1322 habet
620 1302 659 1333 ex.
667 1289 792 1319 versione
802 1291 891 1331 Viget-i
906 1289 913 1316 ἐ
925 1289 994 1318 Con-

201 1337 258 1362 silio
272 1328 318 1361 Dei
335 1334 432 1367 factum
447 1335 495 1362 est,
516 1335 544 1357 ut
558 1338 590 1357 er.
606 1329 676 1367 rario
691 1334 818 1367 astrorum
833 1328 883 1353 sitit
907 1334 994 1366 eorum

201 1379 268 1406 quer,
291 1362 385 1405 partim
405 1367 527 1402 singulis,
551 1365 647 1399 partim
661 1365 686 1404 in
708 1364 853 1406 universum
878 1362 995 1388 eveniunt

291 1397 412 1440 lquanlom
434 1397 577 1440 hauriant,
590 1408 640 1426 non
652 1400 711 1440 jam
730 1397 853 1440 Itolttthtes'
866 1403 944 1437 ceris,
959 1405 996 1437 fa?

201 1432 247 1468 illa
261 1432 328 1467 enim
341 1440 451 1466 siderum
464 1436 626 1463 conversione
640 1434 764 1469 quidquid
779 1438 823 1458 nttt
840 1432 995 1465 [actm-isiu-

202 1477 254 1511 guli
269 1477 331 1507 sint,
353 1479 397 1501 aut
412 1473 523 1511 passuri,
545 1478 601 1497 vere
616 1478 646 1496 ac
661 1475 729 1509 certo
749 1468 893 1511 intelligere
913 1475 996 1511 operte

203 1503 238 1539 ist
254 1503 379 1538 Itttntt‘ittas
395 1503 459 1535 vires
482 1507 555 1542 longe
569 1505 734 1542 superantis;
756 1503 800 1542 sed
824 1508 923 1542 natura:
944 1503 997 1542 illa:

203 1547 358 1580 superiores,
374 1552 436 1579 quas
450 1538 565 1579 pluribus
579 1538 641 1580 scine
656 1541 686 1580 tle
701 1540 784 1580 causis
798 1547 852 1565 eam
868 1539 892 1563 in
905 1538 997 1580 [cogni-

203 1573 298 1609 tio'nent
308 1573 395 1608 venire
403 1573 503 1606 necesse
513 1583 560 1610 est,
575 1577 611 1602 uti
625 1576 743 1608 deinceps
754 1573 993 1601 demonstrabimus.

202 1620 236 1645 Et
256 1618 328 1644 inter
350 1613 538 1649 proponendas
561 1613 723 1649 qua-stiones
747 1617 807 1643 quin
831 1610 993 1648 solvantur:

204 1644 339 1686 Quomodo
350 1644 435 1678 ierunt
445 1649 549 1676 illarum
563 1644 619 1682 qua:
629 1646 759 1672 hominum
770 1644 856 1685 generi
867 1644 994 1686 eveniunt,

286 1678 387 1722 quidem
403 1685 488 1712 sidera
499 1684 561 1724 sint.
569 1678 658 1724 'caustr
669 1689 728 1721 pero
743 1679 848 1724 minitng
858 1678 997 1714 :quamob-

203 1714 255 1750 rein
275 1714 369 1750 scrtum
386 1725 409 1747 et
433 1719 583 1754 exquisitam
605 1716 719 1754 homines
741 1714 890 1754 earumdem
910 1722 996 1739 rerum

203 1759 372 1794 cognitionem
394 1749 562 1794 haberenotr
575 1753 683 1794 possint,
702 1749 861 1794 sedlttaturis
881 1749 997 1776 huntana

204 1787 378 1830 superioribus
393 1790 528 1826 prwposita
541 1787 615 1822 signa
627 1787 672 1814 illa
685 1787 756 1814 sint?

507 1834 621 1862 CAl‘UT
640 1832 685 1860 1V.
714 1842 715 1845 η

463 1880 501 1908 De
516 1879 625 1907 hominis
640 1878 736 1905 anima.

239 1933 282 1960 ‘25.
295 1931 417 1958 Mnntlum
427 1928 555 1956 Dominus
565 1934 624 1954 cttm
631 1929 745 1958 crearet,
755 1924 864 1955 cmlum,
875 1923 994 1957 inquam,

204 1983 231 2006 et
246 1983 356 2010 terram,
371 1982 397 2002 et
411 1974 499 2001 omnii
517 1980 575 2007 qum
588 1973 613 1997 in
624 1971 662 1997 eis
673 1974 746 1998 sunt.
761 1970 846 1995 solum
860 1967 995 1994 hominem

204 2024 349 2053 secundum
362 2022 504 2056 imaginem
514 2026 589 2045 suam
600 2021 627 2044 et
637 2016 839 2043 similitudinem
856 2014 927 2044 fecit.
944 2014 996 2041 sic-

206 2077 235 2098 ut
250 2073 354 2105 Moyses
369 2069 457 2098 docet,
484 2066 518 2092 ita
535 2063 628 2090 dicens
642 2070 648 2087 :
664 2061 696 2087 Et
719 2061 784 2087 dixit
799 2060 866 2087 D.us
880 2070 885 2085 2
902 2058 997 2086 Facin-

205 2126 262 2144 mas
283 2116 410 2143 hominem
435 2111 573 2139 secundum
592 2108 728 2144 imaginem
750 2115 780 2133 ac
802 2107 995 2133 similitudinem

205 2168 320 2190 nostram
336 2159 419 2196 (Gen.
435 2164 459 2189 ι,
479 2155 541 2191 26).
559 2156 591 2182 Et
604 2162 664 2181 cum
680 2153 785 2188 bloises
802 2152 852 2179 hoc
874 2159 908 2178 ex
934 2159 995 2185 [-er-

206 2216 273 2236 soua
288 2206 334 2233 Dei
350 2204 476 2235 dixisset,
501 2209 560 2237 ipse
573 2200 696 2236 protinus
716 2199 814 2233 adjecit
836 2198 928 2225 dicens
942 2207 948 2224 :
963 2198 995 2224 Et

206 2254 266 2289 fecit
276 2252 346 2279 Dens
357 2248 535 2282 hominem,ad
543 2248 679 2283 imaginem
690 2245 738 2272 Dei
746 2246 805 2280 fecit
813 2253 879 2271 eum.
890 2244 994 2272 Utrum-

206 2308 258 2335 qtte
269 2299 385 2334 Moyses,
400 2303 481 2324 unum
493 2295 596 2322 scilicet
608 2292 768 2327 intelligens,
783 2296 837 2318 tam
851 2291 993 2325 imaginem

205 2346 267 2373 dico
283 2352 361 2380 quam
377 2340 594 2371 similitudinem,
609 2338 725 2373 imagine
739 2337 884 2368 nominata,
903 2336 998 2363 simili-

206 2392 326 2419 tudinem
342 2390 449 2425 penitus
464 2386 580 2415 reticnit.
605 2385 730 2418 Alioquin
745 2384 766 2411 si
785 2391 838 2410 non
854 2383 889 2410 ita
904 2388 996 2415 esset,

207 2445 353 2474 numquam
368 2441 462 2469 postea
477 2433 592 2462 dixisset
606 2431 721 2459 Iacobus
737 2430 872 2465 apostolus
892 2429 919 2456 in
936 2430 997 2464 Epi-

206 2483 274 2511 stola
290 2490 349 2515 sua,
364 2489 425 2509 cum
439 2480 548 2507 doceret
562 2485 611 2505 nos
626 2485 679 2503 non
694 2476 792 2503 debere
808 2476 844 2502 uti
862 2475 948 2509 lingua
963 2475 995 2502 ad

207 2527 388 2555 ministerium
411 2525 482 2557 mali,
509 2524 560 2551 hoc
580 2523 680 2550 modo:
696 2521 728 2548 In
750 2522 805 2554 ipsa
826 2521 997 2547 bene-dicimus

210 2574 321 2602 Domino
335 2579 356 2600 et
372 2572 501 2604 Patri,'et
515 2571 541 2597 in
562 2570 619 2604 ipsa
639 2568 814 2595 maledicimus
837 2566 998 2598 hominibus,

208 2620 251 2653 qui
265 2618 404 2646 secundant
414 2616 604 2644 similitudinem
617 2614 665 2642 Dei
676 2614 736 2649 facti
749 2618 807 2640 sunt
822 2612 897 2645 (Jac.
911 2620 949 2646 nt,
959 2612 997 2648 9).

208 2664 350 2694 Hominem
367 2664 447 2699 igitur
468 2663 540 2690 Deus
557 2661 681 2689 omnibus
706 2660 838 2688 dominari
862 2666 922 2694 quas
942 2659 999 2693 ipse

209 2712 321 2743 creavit,
347 2716 399 2737 tam
422 2710 446 2736 in
468 2714 537 2736 terra
554 2715 635 2742 quam
654 2707 680 2734 in
695 2706 770 2738 mari,
793 2704 948 2739 praeposuit.
965 2712 998 2731 eo

207 2757 279 2793 quod
295 2757 381 2791 imago
399 2756 483 2789 ipsius
497 2758 538 2782 est
552 2754 647 2786 homo,
669 2752 738 2779 sicut
751 2755 777 2778 ct
791 2751 885 2777 beatus
900 2749 1000 2777 Paulus

209 2805 289 2832 docet
312 2804 347 2831 ita
369 2803 460 2828 dicens
474 2810 481 2829 :
494 2800 565 2828 Nam
577 2800 616 2827 vir
630 2798 731 2834 quidem
743 2805 794 2824 non
808 2796 879 2823 debet
901 2796 1000 2831 operire

206 2855 296 2887 caput,
311 2858 369 2876 eum
383 2850 412 2876 sit
425 2849 509 2882 imago
523 2852 546 2873 et
558 2845 641 2881 gloria
653 2844 701 2871 Dei
713 2844 738 2879 (l
750 2843 808 2870 Cor.
821 2850 857 2874 ιι,
874 2841 918 2877 7).
934 2842 1000 2869 Pro-

256 2905 267 2916 τ’
283 2896 308 2924 id
325 2895 394 2930 quod
411 2895 491 2920 homo
505 2892 609 2919 cunctis
628 2889 828 2918 irrationalibus
849 2887 999 2915 antefertur

284 2943 367 2970 alibus
390 2940 486 2973 quibus
499 2938 661 2970 dominatur,
681 2944 729 2972 per
745 2935 795 2962 ltoc
814 2934 900 2969 ipsum
916 2933 996 2961 etiam

324 3060 387 3073 I¥

1047 295 1107 322 dem
1124 295 1260 326 animalia,
1278 294 1348 320 sicut
1362 293 1469 327 Moyses
1489 292 1589 324 docuit,
1604 300 1636 319 ex
1654 297 1723 319 terra
1736 295 1764 320 et
1776 299 1844 327 aqua

1045 347 1147 371 creata,
1171 348 1202 367 ex
1225 340 1264 366 eis
1281 344 1333 366 tam
1360 340 1478 366 animam
1503 346 1583 372 qttatn
1609 344 1708 373 corpus
1733 337 1842 365 habent.

1046 386 1132 413 Ποτιιο
1146 390 1235 412 autem
1248 392 1348 420 corpus
1361 385 1470 419 quidem
1486 385 1593 411 videtur
1606 392 1665 412 cum
1678 384 1783 411 caeteris
1797 383 1843 411 Ita-

1046 432 1110 459 bcre
1126 439 1289 464 commune;
1306 431 1422 457 anitnatn
1438 437 1501 458 vero
1516 430 1599 457 tnnlto
1614 431 1841 465 prinstantiorem.

1045 477 1231 513 sicutMoyses
1247 477 1343 504 iterum
1360 476 1425 503 dicit
1440 475 1491 503 hoc
1507 475 1587 503 modo
1601 475 1683 511 (Gen.
1697 484 1725 508 Il,
1743 476 1776 510 7)
1789 486 1796 504 :
1808 475 1842 502 Et

1046 523 1183 559 plasmauit
1201 522 1268 549 Deus
1284 522 1411 549 hominem
1426 523 1457 549 de
1471 522 1532 548 limo
1557 526 1640 554 terrm,
1660 527 1684 548 et
1706 522 1843 557 insufﬂauit

1047 569 1073 596 in
1089 569 1181 602 [aciem
1194 570 1248 604 ejus
1262 568 1382 602 spiritum
1392 568 1460 601 υἱιιιν,
1476 572 1500 594 et
1514 568 1598 603 factus
1611 572 1647 594 est
1659 566 1737 594 homo
1750 568 1776 594 in
1786 566 1843 593 ani-

1046 623 1114 641 mam
1128 615 1259 641 viventem.

1084 681 1204 709 llominis
1219 685 1340 708 naturam
1356 679 1460 711 laudat,
1475 679 1547 714 quod
1568 678 1657 707 fecere
1673 683 1765 714 postea
1783 685 1842 705 ma-

1046 716 1118 751 ligne
1135 716 1284 751 Pelagiani;
1308 716 1368 750 quia
1384 720 1426 743 est
1438 722 1506 749 opus
1524 715 1675 751 divinarum
1692 722 1841 751 manuum;

1045 750 1105 786 quia
1124 750 1208 779 factus
1222 751 1255 778 ad
1270 751 1413 786 imaginem
1427 755 1455 778 et
1471 750 1676 778 similitudinem
1692 750 1755 786 Dei;
1775 750 1840 786 quia

1046 785 1201 814 dominatur
1223 787 1328 813 caeteris
1348 786 1544 818 animantibus;
1562 786 1623 820 quia
1640 785 1750 812 rationis
1765 785 1840 820 etii-

1045 822 1104 850 beri
1120 822 1225 849 arbitrii
1242 822 1391 855 particeps;
1405 822 1466 855 quia
1481 819 1579 855 corpus
1590 826 1616 848 et
1627 822 1744 848 animam
1759 828 1775 848 a
1786 819 1842 847 Deo

1046 859 1160 892 accepit,
1174 863 1227 885 etc.
1245 858 1338 885 Tantis
1349 856 1492 892 praeconiis
1507 857 1628 884 fraudem
1643 861 1730 890 parat.

1081 922 1126 949 2'4.
1148 923 1233 951 Homo
1248 923 1329 959 igitur
1342 923 1402 951 ideo
1414 924 1503 958 potinr
1516 923 1642 950 omnibus
1652 927 1704 956 est,
1714 923 1840 958 quapiam

1046 970 1200 998 sensibilem
1217 976 1244 998 et
1266 970 1425 997 rationalem
1446 971 1561 997 animam
1588 970 1689 998 habere
1705 970 1843 1005 dignosci-

1047 1021 1101 1049 tur,
1124 1022 1152 1044 et
1174 1024 1233 1044 eam
1260 1016 1336 1044 liberi
1361 1016 1477 1044 arbitrii.
1503 1016 1572 1051 Ergo
1597 1017 1672 1050 quasi
1697 1016 1843 1051 prudentes

1047 1062 1164 1098 Moysem
1188 1062 1328 1090 audiamus
1355 1062 1490 1089 dicentem
1516 1062 1746 1097 quemadmodum
1772 1062 1843 1090 Deus

1047 1108 1183 1136 hominem
1196 1109 1343 1140 creaverit;
1360 1109 1400 1135 sic
1415 1107 1486 1135 enim
1510 1108 1588 1135 nobis
1607 1108 1715 1144 Moyses
1738 1109 1844 1136 czeteri-

1046 1162 1099 1189 que
1121 1155 1261 1189 propheta:
1276 1154 1310 1182 de
1326 1155 1381 1182 Deo
1395 1158 1515 1187 narrant,
1540 1154 1617 1182 sicuti
1633 1161 1776 1189 possumus
1800 1155 1843 1182 in-

1047 1200 1179 1235 telligere.
1206 1200 1298 1235 Neque
1319 1199 1391 1227 enim
1409 1204 1437 1227 ttt
1452 1199 1534 1227 homo
1553 1206 1592 1227 est
1608 1200 1688 1232 Deus,
1705 1207 1737 1227 ex
1753 1200 1842 1227 anima

1046 1246 1134 1274 factus
1149 1251 1176 1273 et
1189 1254 1315 1281 corpore,
1333 1250 1361 1273 ut
1375 1247 1416 1273 vel
1432 1247 1554 1273 manibus
1576 1247 1712 1274 hominem
1727 1246 1841 1280 formet,

1045 1297 1073 1319 et
1089 1293 1181 1326 fingat,
1197 1292 1239 1319 vel
1252 1299 1283 1319 ex
1296 1299 1359 1319 aere
1371 1292 1493 1326 Spiritum
1511 1291 1620 1319 trahens
1633 1291 1660 1318 in
1676 1291 1769 1319 faciem
1780 1292 1840 1326 ejus

1046 1337 1174 1370 insufﬂet,
1192 1341 1220 1365 et
1235 1338 1272 1365 sie
1288 1345 1349 1365 eum
1365 1337 1495 1369 vivilicet;
1512 1337 1601 1364 omnia
1618 1337 1689 1364 enim
1709 1345 1757 1372 per
1780 1338 1841 1365 uni-

1046 1391 1107 1411 cum
1123 1383 1239 1411 Verbum
1256 1388 1282 1411 et
1297 1383 1425 1418 Spiritum
1441 1387 1562 1410 sattctum
1579 1383 1716 1411 voluntate
1733 1383 1796 1410 facit
1809 1386 1837 1411 et

1046 1429 1120 1455 iecit.

1082 1475 1175 1502 Solent
1189 1483 1254 1503 vero
1268 1477 1348 1502 etiam
1360 1475 1497 1510 prophetae
1511 1482 1565 1502 non
1581 1474 1667 1503 s’olum
1687 1475 1821 1502 hominem
1834 1496 1842 1507 ,

1046 1521 1094 1548 sed
1107 1521 1186 1549 etiam
1199 1524 1296 1549 cretum
1309 1526 1337 1548 et
1350 1526 1461 1550 terram.
1475 1526 1502 1548 et
1516 1529 1575 1556 qua:
1590 1523 1616 1548 in
1631 1522 1688 1548 istis
1700 1526 1761 1548 sunt
1774 1530 1843 1555 prm-

1046 1574 1127 1602 cepto
1141 1567 1189 1594 Dei
1203 1572 1305 1600 creata,
1328 1575 1408 1601 opera
1424 1574 1551 1594 manuum
1568 1567 1673 1594 Domini
1694 1568 1842 1595 nominare.

1048 1613 1136 1640 Testis
1161 1617 1203 1639 est
1230 1612 1311 1639 David
1338 1613 1468 1647 propheta
1484 1613 1516 1640 ad
1534 1613 1618 1640 Dettm
1634 1613 1726 1640 dicens
1748 1613 1843 1649 (Ptol.

1049 1666 1105 1691 \‘Hl,
1120 1657 1155 1693 4)
1169 1666 1175 1684 :
1192 1658 1224 1684 Et
1241 1657 1329 1685 videbo
1343 1658 1420 1684 catos
1436 1665 1539 1691 operam
1563 1658 1701 1694 digitorum
1723 1664 1823 1685 tuorum
1835 1681 1842 1692 ,

1048 1704 1138 1730 tunam
1153 1708 1176 1730 et
1191 1702 1278 1730 stellas
1292 1710 1349 1738 quin
1364 1707 1392 1729 tu
1411 1702 1538 1737 fundasti.
1554 1702 1588 1729 Et
1606 1703 1701 1730 iterum
1718 1702 1783 1739 (Ps.
1796 1711 1822 1731 ct
1835 1724 1843 1736 ,

1047 1749 1099 1783 26)
1109 1758 1116 1776 :
1128 1747 1161 1775 In
1174 1748 1301 1783 principio
1313 1752 1351 1780 tu,
1362 1747 1483 1781 Domine,
1496 1752 1588 1775 terram
1599 1745 1726 1782 fundasti,
1736 1753 1757 1774 et
1767 1757 1844 1783 opera

1047 1803 1170 1822 manuum
1191 1801 1296 1822 tuarum
1309 1799 1368 1822 sunt
1383 1794 1449 1821 mli.
1475 1794 1605 1821 Similiter
1618 1798 1709 1821 autem
1721 1799 1747 1821 et
1763 1794 1844 1821 Isaias

1046 1841 1177 1877 propheta
1192 1849 1224 1869 ex
1240 1841 1286 1868 Dei
1302 1847 1416 1875 persona
1427 1840 1467 1867 sic
1478 1840 1544 1868 dicit
1558 1839 1639 1876 (lsm‘.
1654 1848 1750 1871 vam.
1768 1840 1799 1867 l2
1812 1840 1821 1875 )
1835 1850 1842 1866 :

1047 1887 1117 1915 Audi
1137 1896 1185 1919 me,
1209 1886 1290 1914 Iacob
1310 1891 1334 1913 et
1348 1886 1451 1920 Israel,
1467 1893 1542 1920 quem
1557 1894 1602 1922 ego
1625 1894 1696 1913 voco.
1712 1884 1769 1921 Ego
1784 1894 1841 1912 sum

1046 1935 1104 1969 ipse
1116 1942 1164 1969 ego
1178 1934 1286 1969 primus,
1299 1936 1322 1960 et
1334 1941 1379 1968 ego
1390 1932 1554 1959 novissimus.
1571 1931 1666 1958 Manus
1679 1940 1734 1958 mea
1749 1933 1843 1965 funda-

1047 1980 1082 2006 vit
1094 1985 1196 2011 terram,
1214 1984 1237 2005 et
1257 1978 1363 2005 dextera
1377 1985 1434 2004 mea
1449 1977 1558 2011 ﬁrmauit
1580 1977 1680 2003 ctutum.
1698 1977 1729 2003 Et
1743 1980 1842 2004 iterum

1046 2026 1085 2052 sic
1099 2025 1164 2052 dicit
1175 2024 1304 2052 Dominus
1319 2024 1401 2059 (Isai.
1417 2030 1490 2055 uvt,
1507 2022 1554 2057 l):
1569 2021 1666 2049 Caium
1679 2023 1742 2049 mihi
1755 2022 1840 2056 sedes,

1046 2077 1070 2099 et
1085 2076 1154 2098 terra
1166 2070 1304 2098 scabellum
1318 2071 1411 2106 pedum
1425 2077 1548 2096 meorum.
1564 2069 1648 2101 Quam
1663 2069 1766 2095 domum
1778 2068 1843 2096 tedi-

1046 2117 1155 2151 ﬁcabitis
1169 2116 1242 2149 mihi,
1263 2121 1289 2143 ει
1304 2116 1346 2150 qui
1367 2116 1437 2143 locus
1461 2115 1624 2150 requietionis
1647 2115 1733 2142 ηιοωῖ
1754 2116 1842 2142 omnia

1046 2164 1112 2190 cuitu
1128 2163 1176 2190 ista
1190 2171 1280 2190 manus
1295 2171 1352 2189 mea
1367 2164 1435 2197 fecti.

1083 2231 1223 2258 Hominem
1240 2229 1336 2265 probat
1359 2236 1418 2257 esse
1432 2235 1501 2265 opus
1511 2228 1552 2265 rad
1570 2228 1711 2265 imaginem
1731 2226 1776 2265 Dei
1789 2227 1842 2265 _fa-

1046 2271 1130 2298 ctum,
1158 2275 1210 2293 non
1227 2262 1328 2292 tantum
1346 2265 1473 2292 adversus
1494 2264 1671 2295 Manichmos,
1696 2263 1743 2289 sed
1758 2262 1841 2289 etiam

1049 2308 1143 2329 contra
1159 2301 1324 2333 catholicos;
1347 2300 1471 2327 nimirum
1492 2303 1521 2326 ut
1535 2307 1568 2326 ex
1582 2299 1694 2325 veritate
1717 2297 1840 2325 confessa

1050 2337 1163 2365 subdole
1189 2335 1313 2364 conﬁciat
1331 2340 1423 2370 postea
1439 2335 1542 2361 nullum
1562 2341 1621 2361 esse
1636 2338 1841 2370 peceatunLua-

1050 2378 1126 2399 turm.
1143 2372 1219 2399 Unde
1230 2372 1280 2398 sub
1291 2368 1370 2397 tinem
1384 2371 1456 2397 addit
1470 2379 1475 2396 :
1490 2370 1583 2396 Omnia
1599 2377 1639 2402 per
1654 2369 1757 2395 unicum
1773 2368 1839 2395 Ver-

1049 2409 1107 2435 bum
1119 2413 1142 2434 et
1156 2407 1282 2443 Spiritum
1300 2412 1415 2433 sanctum
1432 2406 1559 2443 rolnntate
1574 2405 1635 2438 facit
1649 2409 1673 2431 et
1687 2404 1745 2439 fecit
1753 2412 1774 2443 ,'_
1785 2411 1839 2443 quo

1049 2438 1251 2471 callidius'nihil
1266 2442 1356 2469 dicere
1369 2440 1452 2476 potuit
1465 2440 1497 2467 ad
1511 2447 1567 2468 rem
1583 2447 1657 2476 suam
1669 2448 1676 2472 ;
1688 2438 1749 2466 nam
1762 2438 1841 2465 facile

1048 2479 1154 2505 videtur
1166 2478 1255 2504 minus
1272 2477 1446 2510 prudentibus
1462 2476 1534 2502 nullo
1553 2475 1617 2501 vitio
1637 2475 1759 2510 laborare
1769 2481 1840 2507 opus

1048 2513 1131 2544 illud,
1159 2513 1229 2546 quod
1252 2513 1324 2539 Deus
1351 2512 1468 2546 optimus
1497 2511 1629 2537 maximus
1653 2516 1702 2543 per
1722 2509 1840 2537 Verbum

1050 2545 1186 2579 tamquam
1202 2556 1250 2581 per
1265 2547 1351 2574 ideam
1368 2545 1514 2578 artificem,
1531 2550 1559 2573 et
1575 2545 1703 2579 Spiritum
1718 2549 1841 2581 sanetum

1051 2580 1213 2618 principium
1236 2583 1323 2610 omnis
1337 2582 1417 2618 boui,
1442 2582 1579 2618 voluntate
1604 2586 1687 2613 recta,
1704 2580 1792 2618 _simul
1814 2584 1842 2605 ct

1051 2614 1246 2653 omnipotente,
1264 2626 1315 2644 non
1332 2617 1393 2644 fecit
1408 2621 1511 2653 tantum
1527 2616 1604 2653 olim,
1626 2622 1687 2653 cum
1704 2614 1839 2653 hominem

1052 2650 1192 2685 formarct,
1212 2653 1260 2680 scd
1277 2653 1423 2680 etiamnum
1443 2652 1515 2683 facit,
1529 2651 1555 2678 in
1575 2651 1689 2685 singulis
1704 2650 1841 2684 concepti-

1051 2690 1111 2717 bus.
1128 2689 1204 2716 Hunc
1217 2689 1303 2715 locum
1313 2688 1434 2715 Julianus
1446 2687 1530 2714 videri
1543 2690 1629 2720 potest
1640 2686 1769 2716 imitatus,
1778 2692 1839 2712 cum

1050 2725 1182 2752 scriberet
1192 2723 1299 2759 (Libelli
1309 2728 1378 2759 part.
1388 2731 1417 2755 ll,
1430 2730 1500 2759 nunt.
1513 2722 1547 2759 7)
1561 2731 1566 2748 :
1579 2722 1619 2748 Ad
1631 2721 1767 2759 imaginem
1777 2727 1840 2755 quo-

1051 2769 1099 2793 que
1114 2760 1161 2786 Dei
1175 2756 1225 2785 non
1242 2756 1324 2785 solum
1339 2759 1434 2792 factum
1458 2757 1695 2793 hominemtsedret
1708 2756 1764 2793 [ἴεῄ
1776 2763 1838 2793 cort-

1051 2790 1161 2830 fitemur.
1177 2794 1244 2822 Tum
1262 2790 1369 2821 adducit
1393 2793 1574 2821 testimonium
1596 2792 1688 2819 Jacobi
1708 2799 1723 2818 a
1742 2790 1840 2818 Rufino

1050 2831 1172 2858 allatum.

1084 2886 1129 2914 25.
1151 2885 1197 2912 Est
1220 2885 1300 2920 igitur
1316 2887 1407 2917 homo,
1427 2884 1497 2912 sicut
1519 2883 1609 2911 divina
1636 2884 1775 2918 Scriptura
1789 2889 1838 2908 nos

1049 2932 1152 2966 docuit,
1164 2938 1262 2966 corpus
1272 2930 1379 2966 quidem
1392 2930 1493 2958 habens
1504 2938 1535 2958 ex
1553 2935 1633 2964 terra,
1648 2930 1764 2957 animam
1776 2935 1842 2956 vero
1872 2937 1878 2942 -
