3948 6188
242 368 330 424 ιδδ
409 366 716 423 DlSSERT.
761 366 824 422 ν.
870 365 955 418 ΟΕ
996 362 1301 417 LlBELLlS
1343 360 1522 415 FlDlil
1563 358 1866 413 StllllPTlS
1907 357 1994 411 AB
2033 353 2467 411 AUCTORIBUS
2506 351 2826 408 HIERESIS
2866 349 3301 406 PELAGIANAC.
3384 351 3489 405 ωδ

237 486 324 539 sibi
365 492 601 537 creatam
640 498 702 534 ex
737 480 926 541 nihilo,
959 488 1012 531 et
1041 495 1157 532 eam
1202 478 1358 531 sicnti
1404 475 1715 529 sensibilein
1747 483 1801 526 et
1835 484 1873 533 Α
1907 490 1936 526 e
1969 490 2024 527 se
2069 486 2264 539 corpus
2312 474 2546 533 lirmtnn,
2598 469 2737 522 sicut
2782 469 2883 522 hoc
2926 468 3071 538 quod
3116 468 3354 534 videtur,
3396 468 3491 523 sed

248 577 569 639 rationalem,
600 574 676 626 sic
709 576 867 625 etiam
904 572 1285 633 intritortalem,
1322 578 1379 622 ut
1400 582 1680 636 utrumque
1710 580 1806 619 nos

239 673 378 724 docet
406 671 833 730 Testamentum,
878 676 982 717 tam
1019 680 1213 716 novum
1255 662 1379 716 dico
1420 678 1581 731 quam
1627 669 1804 713 vetus.

240 763 350 815 .‘lim
378 774 433 815 et
463 745 727 813 D‘ominus
776 770 957 811 noster
989 756 1145 811 Jesus
1189 754 1438 809 Christus
1483 754 1558 807 ait
1583 749 1807 821 (Matth.

242 872 287 917 ι,
305 852 402 923 ΞΒ)
424 870 436 904 :
472 850 651 906 Nolite
675 851 853 903 timere
878 863 962 901 eos
985 847 1070 917 qui
1096 847 1329 901 occidunt
1352 861 1559 913 corpus,
1582 844 1809 896 animam

236 955 384 998 autem
417 960 524 996 non
548 952 761 1011 possunt
788 940 1049 1004 occidere,-
1076 938 1164 992 sed
1190 938 1357 1008 potius
1385 952 1495 990 eum
1524 936 1694 989 timete
1720 933 1810 1004 qui

240 1043 519 1095 potestatem
540 1032 692 1085 habet
722 1032 944 1089 animam
976 1037 1021 1084 et
1049 1044 1232 1097 corpus
1255 1027 1464 1097 perdere
1485 1027 1536 1080 in
1554 1025 1806 1096 gelienna.

238 1129 436 1196 igneum
467 1128 789 1196 supplicium
816 1126 1094 1180 interitum
1130 1122 1481 1192 nuncupavit.
1514 1123 1644 1177 Nam
1672 1136 1807 1190 quo-

236 1219 377 1272 modo
402 1218 522 1272 ﬁeri
556 1230 750 1286 poleSl,
777 1218 851 1271 uti
882 1216 1022 1285 quod
1050 1215 1259 1284 penitus
1292 1215 1447 1283 perit,
1474 1224 1527 1267 et
1551 1227 1808 1283 nusquam

237 1326 442 1377 prorsus
469 1320 725 1365 constare
754 1318 951 1379 potest,
992 1320 1247 1363 aeternam
1290 1309 1495 1377 perpeti
1531 1308 1699 1361 valeat
1731 1307 1810 1360 ul-

235 1408 451 1471 tionem,
486 1419 607 1458 cum
656 1403 912 1457 Dominus
955 1403 1147 1457 iterum
1196 1401 1339 1457 dicat
1374 1399 1605 1465 (Matth.
1654 1415 1804 1467 xxv,

234 1496 359 1565 ili):
392 1495 459 1551 Et
484 1496 630 1550 ibunt
666 1496 749 1548 isti
787 1496 840 1548 in
867 1511 1067 1567 pinnam
1108 1504 1371 1561 teternam,
1394 1494 1526 1565 justi
1554 1505 1726 1546 autent
1759 1495 1809 1545 ir

235 1590 375 1640 vitam
406 1588 692 1641 retentam?
866 1622 891 1639 ι

290 1680 376 1737 ἳϐ.
420 1680 533 1736 Nec
578 1680 868 1735 dicendum
900 1688 984 1734 cst
1013 1679 1244 1733 animam
1281 1687 1483 1747 partem
1525 1678 1612 1729 Dei
1644 1689 1765 1729 esse
1794 1716 1809 1737 ,

235 1777 356 1830 sicut
381 1774 787 1845 imprudentum
818 1785 871 1829 et
893 1774 1230 1828 indoctorum
1258 1785 1439 1826 sermo
1469 1770 1645 1823 habet.
1676 1768 1807 1821 Nam

1909 578 2067 616 omne
2090 561 2190 614 hoc
2206 560 2513 612 sensibilein
2533 559 2954 626 rationalcmque
2972 572 3094 613 esse
3111 559 3489 623 snbstantiam,

1911 664 1963 706 et
1991 667 2108 705 eam
2148 652 2305 703 unius
2334 649 2680 717 ejusdemque
2708 657 2931 713 naturae,
2960 649 3011 701 in
3046 649 3129 701 his
3152 648 3491 703 rationabili-

1910 742 2009 796 bus
2038 740 2490 807 sensibilibusque
2534 739 2848 793 substantiis
2878 739 3039 793 etiam
3068 738 3277 793 animas
3316 739 3494 793 homi-

1911 850 2036 889 num
2066 830 2552 900 comprehenderis.
2600 830 2663 883 Et
2692 838 2810 897 post
2848 829 2984 893 haec,
3028 830 3341 885 animalium
3369 844 3490 899 quas

1910 932 2066 979 sexta
2098 923 2184 977 die
2214 931 2393 975 creata
2423 928 2547 974 sunt
2574 917 2777 973 faciens
2818 919 3163 984 mentionem,
3211 921 3264 974 iu
3294 935 3356 975 ea
3391 922 3489 974 lio-

1912 1018 2106 1071 minem
2136 1028 2349 1083 quoque
2370 1020 2607 1067 creatum
2637 1013 2935 1079 reperiens,
2957 1025 3109 1065 suum
3130 1014 3240 1082 jam
3263 1027 3369 1068 non
3396 1028 3503 1083 po--

1912 1111 2015 1163 tuit
2057 1106 2327 1161 affirmare
2359 1108 2688 1177 figmentum,
2736 1125 2909 1177 neque
2937 1110 3205 1178 propriam
3233 1110 3493 1165 roborare

1912 1200 2206 1264 fallaciam;
2234 1200 2350 1267 sed,
2382 1203 2529 1269 quasi
2558 1202 2768 1255 illorum
2795 1217 2917 1270 qua:
2950 1212 3073 1257 ante
3111 1202 3366 1256 docuerat
3396 1217 3492 1271 pe-

1912 1296 2054 1348 nitus
2088 1294 2273 1347 fuisset
2314 1294 2533 1357 oblitus,
2578 1294 2778 1349 invitus
2818 1296 3011 1349 fatetur
3040 1297 3245 1349 animas
3289 1304 3493 1349 creatas

1912 1401 2053 1452 ese,
2084 1396 2138 1440 et
2166 1401 2260 1441 eas
2291 1388 2481 1442 iterum
2515 1388 2879 1456 incorporeas.
2917 1390 3294 1457 ReSpOiideatit
3332 1388 3494 1459 igitur

1914 1479 2071 1533 nobis
2099 1482 2188 1547 qui
2214 1478 2497 1534 nefandam
2527 1480 2779 1550 Origenis
2808 1480 3053 1535 hmresint
3085 1490 3412 1535 venerantur
3439 1490 3493 1536 et

1912 1572 2120 1635 colunt,
2154 1580 2209 1625 et
2236 1571 2355 1639 ejus
2385 1572 2752 1640 expositiones
2783 1572 2849 1627 de
2879 1574 3058 1626 divina
3105 1573 3379 1640 Scriptura
3426 1573 3492 1626 ad

1912 1662 2108 1715 omium
2142 1675 2311 1730 usque
2342 1663 2569 1717 summis
2600 1663 2883 1732 praeoniis
2930 1664 3119 1717 tollere
3168 1664 3492 1729 moliuntur,

1912 1752 2182 1821 quomodo
2225 1753 2416 1806 anima:
2457 1756 2575 1809 sine
2615 1754 2933 1822 corporibus
2978 1756 3186 1823 possint
3228 1755 3450 1824 intelligi
3478 1797 3491 1817 .

233 1869 393 1921 (“me
429 1868 502 1921 iu
532 1874 699 1932 esset,
739 1880 1028 1935 numquam
1074 1864 1216 1917 Deus
1261 1872 1464 1931 partem
1497 1875 1645 1914 suam
1681 1874 1803 1927 per-
1841 1857 1886 1915 Β
1912 1859 2033 1898 cum
2063 1846 2273 1915 Moyses
2305 1860 2401 1898 nos
2429 1846 2619 1900 doceat
2661 1846 2884 1902 dicens:
2914 1846 2983 1900 Et
3010 1848 3127 1916 fecit
3160 1847 3299 1901 Deus
3328 1849 3491 1901 Itami-

235 1961 338 2012 i-nui
383 1958 650 2027 supplicio
699 1956 1031 2025 subjugaret.
1075 1953 1179 2008 Sed
1226 1968 1292 2007 ne
1328 1966 1547 2020 peccare
1588 1951 1804 2021 quidem

234 2052 439 2105 omnino
471 2051 591 2118 ipsa
632 2049 929 2118 potuisset,
963 2046 1113 2117 quasi
1158 2058 1281 2114 pars
1312 2044 1429 2108 Dei,
1460 2041 1657 2112 quippe
1684 2056 1804 2095 cum

242 2148 365 2199 licus
397 2143 471 2199 sit
500 2140 848 2199 immutabilis
877 2154 1091 2211 semper
1117 2137 1273 2193 sicuti
1305 2146 1511 2200 natura,
1538 2135 1615 2188 sic
1643 2134 1803 2189 etiam

240 2237 526 2290 ioluntate.
558 2233 628 2289 Et
650 2233 868 2297 iterum,
891 2231 937 2286 si
956 2230 1134 2284 anima
1162 2236 1342 2284 nostra
1368 2243 1491 2297 pars
1520 2227 1611 2281 Dei
1634 2234 1802 2291 esset,

236 2329 370 2384 nullo
418 2326 631 2397 penitus
658 2324 928 2395 corporali
967 2323 1102 2378 vitio
1130 2321 1471 2385 domaretur;
1499 2334 1623 2375 nam
1665 2317 1809 2371 Divi-

234 2421 359 2475 nitas
389 2427 473 2475 est
500 2429 715 2486 semper
771 2416 987 2481 invicta,
1028 2422 1083 2469 et
1129 2413 1264 2468 nulli
1310 2427 1561 2483 umquam
1594 2408 1807 2467 subdita

237 2512 354 2566 tilio
376 2508 673 2579 corporali.

292 2623 407 2678 Non
440 2622 761 2677 calumniam
792 2621 915 2675 facit
946 2619 1185 2689 Origent.
1221 2633 1342 2671 cum
1373 2617 1440 2671 ab
1468 2633 1531 2689 eo
1562 2617 1807 2673 traditam

234 2687 1117 2770 scribitauimorumIrpob‘rrapgiv;
1153 2689 1283 2743 nihil
1307 2687 1809 2770 enhnfrequetitius

234 2766 459 2818 occurrit
486 2779 608 2817 eum
642 2765 693 2817 iit
716 2757 838 2817 aliis
868 2757 1157 2831 Opc'ribus,
1190 2772 1296 2813 tum
1331 2758 1560 2831 maxime
1585 2760 1635 2811 in
1661 2757 1810 2812 libris

235 2840 338 2911 Περὶ
361 2843 591 2908 ’Δρχῶν.
624 2836 693 2911 At
717 2834 857 2911 quod
886 2829 1057 2902 ipsum
1089 2832 1209 2885 ideo
1252 2829 1540 2897 impietatis
1569 2838 1808 2893 accusat,

236 2904 345 2974 quia
394 2904 531 2959 dixit
566 2907 776 2958 animas
825 2904 989 2957 factas
1049 2912 1174 2974 ante
1230 2916 1487 2974 corpora,
1527 2915 1631 2974 non
1680 2916 1812 2974 cou-

232 2971 385 3030 s’entit
431 2975 624 3030 Rufino
668 2974 999 3042 Aquileiensi
1029 2971 1131 3045 (In
1176 2972 1382 3041 apofog.
1418 2971 1807 3045 ad‘Anastas.)

236 3062 388 3101 immo
417 3062 516 3101 nec
541 3046 839 3117 Augustino
882 3041 1144 3099 dubitanti
1191 3057 1435 3117 quautam
1482 3041 1550 3095 de
1583 3050 1811 3117 quatuor

238 3118 552 3187 tervulgatis
611 3112 953 3187 opinionibus
1004 3118 1169 3187 circa;
1199 3112 1808 3187 origiiiem__aitimorum

234 3182 595 3243 Vitrior'foret
647 3186 852 3258 (Epist.
896 3187 968 3241 28
1006 3188 1073 3239 ad
1117 3182 1303 3258 Hiera,
1333 3193 1379 3258 et
1414 3182 1513 3236 157
1546 3184 1614 3258 ad
1648 3182 1811 3258 Opta-

234 3260 404 3328 tum);

236 3324 354 3395 mis,
407 3338 462 3384 et
506 3329 832 3399 Hieronymo
882 3329 1082 3398 (Epist.
1119 3328 1186 3382 59
1215 3337 1259 3381 et
1291 3324 1399 3396 61)
1448 3328 1810 3399 qucmrnagi-

233 3411 393 3453 strum
426 3400 691 3466 sequitur,
711 3397 779 3453 ’ct
803 3397 927 3453 aliis
956 3399 1320 3453 Orientalibus
1341 3438 1354 3461 ,
1387 3398 1473 3465 qui
1506 3397 1688 3450 acrius
1732 3406 1812 3450 in-

236 3470 363 3545 vecti
406 3480 533 3545 sunt
579 3471 635 3545 in
682 3471 1005 3545 apobrapﬁng
1047 3468 1642 3545 animorum._l’ossent
1689 3484 1814 3521 vero

236 3540 394 3595 tideri
432 3542 637 3596 invecti
678 3538 819 3609 jtire,
850 3538 1295 3610 si'Origenianam
1327 3538 1495 3591 solum
1530 3548 1771 3605 peterent
1798 3579 1812 3610 ,

235 3611 294 3664 de
333 3626 439 3681 qua
489 3611 727 3665 diximus
766 3612 819 3665 in
854 3612 991 3665 n0tis
1027 3609 1101 3663 ad
1134 3610 1645 3681 anathematisinos,
1682 3609 1813 3662 nihil

234 3679 370 3736 enim
399 3697 460 3738 ca
482 3682 787 3738 absurdius.
820 3681 924 3736 Sed
953 3681 998 3735 si
1028 3680 1317 3750 quamlibet
1349 3679 1730 3750 intellexerint,
1760 3686 1817 3732 et

238 3768 343 3806 eam
375 3768 591 3822 quoque
622 3754 689 3806 de
717 3767 817 3821 qua
842 3767 899 3805 se
928 3751 1172 3805 dubitare
1203 3749 1816 3822 Augustinuscoiistan-

240 3833 311 3874 ter
339 3818 574 3893 scripsit,
611 3818 857 3891 injuriam
889 3822 1133 3877 fecerunt
1175 3818 1381 3889 magnis
1415 3818 1631 3874 ornnino
1664 3820 1811 3893 viris,

239 3890 536 3962 sanctisque
569 3890 691 3948 fidei
724 3893 1139 3957 defensoribus;
1175 3906 1504 3962 quamquam
1536 3906 1677 3962 nunc
1715 3890 1817 3945 du-

239 3964 430 4017 bitandi
454 3961 620 4019 causa
649 3963 862 4017 sublata
893 3974 995 4030 est,
1026 3965 1143 4017 sive
1184 3962 1437 4016 Ecclesia:
1478 3961 1813 4027 definitione,

239 4038 344 4104 sive
384 4037 645 4104 Opinione
672 4034 930 4099 fidelimn,
974 4036 1087 4088 sive
1124 4036 1479 4104 consensione
1508 4032 1812 4087 doctorum.

241 4103 718 4160 l‘orro’malitiose
746 4105 970 4159 Rufinus
1011 4105 1255 4158 meminit
1296 4103 1712 4157 Manichaeorum
1762 4114 1814 4157 et

237 4175 500 4246 Origenis,
533 4178 602 4230 ad
636 4175 1064 4246 ρταξνυιιίεηιίος
1089 4174 1339 4227 nimirum
1383 4175 1591 4227 animos
1629 4178 1811 4243 legen-

242 4245 390 4309 tium,
420 4247 870 4315 abducendosque
913 4245 1108 4300 callide
1138 4246 1190 4298 in
1236 4259 1498 4309 errorem,
1550 4260 1654 4312 quo
1697 4262 1817 4298 cre-

240 4318 384 4378 dant,
415 4328 503 4371 aut
537 4334 659 4371 cum
693 4314 995 4371 Manicbzeis
1021 4317 1244 4379 sentire,
1269 4326 1360 4368 aut
1389 4332 1511 4369 cum
1541 4314 1772 4384 Origene
1797 4356 1812 4380 ,

240 4404 333 4441 eos
359 4389 445 4456 qui
474 4389 799 4442 confitentur
831 4399 1106 4454 peccatum
1141 4385 1332 4439 Adami
1360 4387 1607 4439 nocuisse
1636 4394 1816 4454 postc-

245 4460 343 4521 iis,
374 4467 429 4512 et
464 4459 611 4525 ipsos
637 4459 798 4513 etiam
828 4460 1053 4513 infantes
1081 4459 1135 4511 in
1165 4456 1539 4511 remissionem
1571 4469 1817 4525 peceato-

247 4543 355 4582 tum
387 4528 662 4598 baptizari.

1908 1954 2045 2004 rtem,
2075 1937 2141 1989 ad
2182 1939 2457 2009 imaginem
2487 1938 2583 1992 Dei
2615 1941 2734 2009 fecit
2764 1956 2898 2008 eum,
2948 1942 3233 1994 masculum
3274 1950 3317 1994 et
3350 1941 3493 2008 {enti-

1909 2045 2029 2081 uam
2053 2030 2172 2097 fecit
2202 2046 2286 2083 eos
2318 2029 2485 2099 (Gen.
2518 2046 2553 2095 ι,
2584 2031 2705 2101 9.7).
2738 2031 2869 2086 Nam
2895 2033 2995 2087 hoc
3018 2034 3267 2088 omnibus
3298 2032 3491 2097 claret,

1908 2122 2050 2191 quod
2080 2121 2270 2176 anima}
2299 2138 2460 2176 sexus
2501 2124 2779 2192 utriusque
2817 2139 3043 2193 capaces
3086 2140 3206 2179 esse
3234 2140 3336 2179 non
3368 2140 3493 2193 pns-

1909 2227 2054 2282 sunt,
2107 2216 2208 2269 nisi
2254 2217 2365 2269 sola
2418 2232 2668 2285 corpora,
2711 2232 2829 2286 qum
2877 2219 3120 2286 graviora
3174 2227 3493 2273 noscuntur.

1910 2309 2188 2375 Quomodo
2214 2309 2402 2364 iterum
2427 2318 2480 2363 et
2506 2310 2633 2363 illud
2660 2310 2859 2364 dictum
2883 2310 3070 2365 audire
3095 2320 3344 2380 poterant
3367 2313 3494 2365 δοιιε

1910 2401 2029 2455 sine
2058 2401 2371 2470 corporibus
2399 2402 2594 2456 anima-
2625 2420 2636 2456 :
2668 2401 2920 2466 Crescite,
2952 2412 2999 2455 et
3026 2402 3439 2471 multiplicamini
3471 2406 3494 2458 ἱ)

1910 2496 2196 2564 siquidem,
2229 2496 2388 2550 etiam
2421 2495 2715 2551 secundum
2748 2497 2924 2564 ipsum
2961 2496 3270 2567 Origenem,
3318 2500 3493 2552 incor-

1912 2588 2178 2657 poraliuni
2207 2598 2398 2643 natura
2446 2603 2618 2658 neque
2665 2588 3009 2658 multiplicari
3054 2598 3267 2659 potest,
3320 2606 3494 2660 neque

1910 2693 2177 2734 crescere.
2205 2678 2301 2736 Vel
2322 2679 2592 2749 quomodo
2610 2680 2727 2735 sine
2750 2680 3066 2750 corporibus
3087 2682 3278 2737 anima:
3300 2690 3495 2738 creata:

1912 2771 1967 2825 in
1986 2772 2141 2827 oculis
2164 2770 2405 2826 habitare
2432 2781 2695 2840 poterant,
2719 2787 2839 2827 cum
2869 2773 3012 2828 Deus
3043 2774 3361 2830 benedicens
3388 2778 3493 2830 illis

1911 2877 2057 2932 quos
2098 2862 2299 2918 fecerat
2342 2865 2637 2918 masculum
2689 2875 2747 2920 et
2793 2864 3075 2930 feminam,
3126 2866 3205 2919 sic
3248 2867 3491 2921 dixerit:

1912 2954 2148 3021 Crescite,
2177 2965 2225 3009 et
2253 2956 2700 3028 multiplicamini,
2728 2967 2775 3011 et
2804 2957 3012 3024 implete
3054 2968 3242 3010 terram
3286 2957 3457 3029 (Ibid.
3480 3002 3493 3024 ,

1912 3047 1981 3103 28
2000 3048 2054 3121 )‘l
2084 3048 2191 3103 Sed
2216 3046 2475 3118 Origenes
2505 3049 2695 3104 iterum
2718 3048 2942 3118 ejusque
2968 3048 3101 3104 socii
3132 3048 3494 3105 dimittantur.

1970 3162 2117 3219 ‘Cum
2158 3163 2446 3233 Origenem
2496 3164 2572 3218 ait
2618 3175 2831 3231 captum
2881 3180 3068 3220 errore
3114 3167 3393 3235 gentilium
3442 3168 3494 3221 in

454 3235 965 3314 eous-entirtanteitv
984 3235 1037 3312 et
1061 3258 1158 3312 sibi
1193 3235 1303 3323 ipsi,
1332 3256 1382 3308 in
1430 3235 1809 3309 atuttliematis-

1921 3235 2059 3323 ltanc
2095 3236 2402 3316 Opinionem
2439 3236 2654 3323 yenissg
2690 3250 2849 3323 quam
2890 3236 3283 3323 ‘repreliepdit,
3323 3238 3497 3307 genti-

1920 3306 2049 3378 lium
2075 3306 2292 3360 nomine
2320 3307 2589 3377 significat
2616 3306 3017 3374 Empedoclem,
3041 3306 3421 3378 Pythagoram,
3445 3317 3497 3364 et

1921 3377 2219 3450 Platonem,
2236 3393 2369 3447 quos
2391 3378 2490 3450 sibi
2517 3377 2789 3446 pr'JBlViaSG
2807 3377 3064 3447 Origenes
3086 3377 3308 3432 testatur
3324 3379 3457 3450 (Lib.
3483 3396 3499 3435 ι

1918 3458 2094 3501 contra
2118 3445 2363 3518 Celsum).
2400 3445 2614 3502 Poterat
2645 3450 2773 3513 ipsis
2804 3445 3093 3503 aerenserc
3122 3445 3491 3518 Aristotelem,

1915 3519 2008 3587 qui
2039 3533 2145 3573 non
2175 3520 2347 3593 solum
2379 3520 2453 3572 ait
2472 3518 2609 3589 (Lib.
2631 3535 2694 3593 tu
2724 3520 2787 3593 de
2810 3520 2982 3573 Anim.
3017 3536 3135 3587 cap.
3162 3522 3197 3575 6
3224 3530 3346 3577 teat.
3379 3521 3492 3593 ‘20),

1919 3600 2154 3661 tuentem
2202 3590 2536 3645 extrinsecus
2575 3590 2855 3661 advenire,
2882 3606 3004 3645 cum
3034 3593 3268 3661 gignitur
3295 3590 3494 3657 homo;

1918 3660 2011 3714 sed
2040 3660 2199 3713 etiam
2228 3674 2350 3714 esse
2377 3658 2731 3730 separabilem
2751 3702 2765 3725 ,
2800 3658 3113 3716 immixtaiif
3140 3672 3195 3716 et
3228 3664 3491 3729 impatibi-

1918 3730 2046 3793 lem,
2072 3741 2229 3805 atque
2257 3731 2921 3805 essenttialiter_€vép72iav;
2953 3732 3493 3805 immo‘iuunortalcm

1918 3810 1973 3855 et
1996 3801 2397 3866 sempiternam,
2422 3814 2538 3870 qum
2560 3800 2765 3853 infinito
2792 3810 3033 3870 tempore
3060 3802 3296 3857 existens
3320 3805 3371 3856 in
3393 3805 3494 3856 alia

1920 3870 2149 3927 subinde
2192 3884 2413 3938 corpora
2453 3870 2719 3937 illahatur,
2754 3886 2852 3925 nec
2882 3882 3057 3926 tamen
3102 3877 3154 3927 in
3187 3890 3291 3927 uno
3316 3890 3498 3928 rectir-

1920 3941 2076 3996 tletur
2098 3950 2370 4008 gestorum
2398 3942 2449 3994 in
2474 3940 2946 4012 alteroiquoniain
2996 3958 3119 4010 pars
3163 3959 3281 4012 qure
3323 3959 3495 3999 recor-

1920 4012 2077 4089 datur
2094 4013 2455 4089 corruptibilis
2477 4024 2557 4089 c_st
2577 4030 2588 4063 :
2605 4008 2766 4089 Οὗτός
2784 4012 2967 4089 ὁ-νοῆς,
2992 4008 3193 4089 inquit;
3208 4018 3495 4089 χωριστὸς,

1919 4086 2001 4138 καὶ
2027 4085 2243 4155 ἀμιγὴς,
2274 4086 2355 4163 γριί
2382 4086 2583 4145 ἀπαθής
2712 4086 2858 4163 οτξσίᾳ
2892 4083 2958 4138 ὢν
2987 4083 3362 4163 ἐνεργείᾳῘςᾹεὶ
3400 4089 3497 4163 γάρ

1918 4159 2218 4232 gmina-spor
2256 4156 2330 4232 ’τὸ⁸
2352 4163 2528 4213 ποιοῦν
2571 4156 2670 4209 τοῦ
2705 4156 3039 4232 πάςνχονςςδς3
3065 4156 3158 4210 irai
3187 4156 3383 4232 iridipxr)
3406 4156 3497 4232 ei;

2212 4225 2369 4301 paulo
2410 4236 2528 4294 post
2562 4243 2573 4276 :
2604 4229 2878 4301 ᾎωρισρξζς
2920 4225 2970 4280 δέ
3015 4228 3124 4281 ἔστι
3166 4225 3498 4301 μὸγρὐτοῦσ

1919 4294 2043 4372 ὃπέρ
2088 4294 2232 4360 Ean,
2263 4300 2347 4372 καξ
2381 4303 2535 4372 τος)το
2574 4294 2720 4366 primo
2767 4297 3043 4372 ᾁοᾴνατφ,
3076 4294 3175 4372 κριξ
3204 4298 3384 4354 ἀΐδιον.
3429 4303 3499 4354 Οὐ

1918 4365 2290 4437 μνημονεύομεν
2324 4366 2398 4425 δὲ,
2427 4365 2508 4437 ᾅτι
2545 4365 2696 4419 τ’ὸῦτο
2726 4368 2814 4435 μέν
2849 4368 3070 4429 ἀπαθές,
3098 4368 3123 4423 ὁ
3147 4368 3199 4424 δέ
3223 4372 3498 4431 παθητικὰς

1917 4434 2034 4497 ζνοτ.ἰέ
2058 4434 2296 4511 spectat-oc,
2325 4440 2411 4491 καὶ
2438 4434 2557 4491 ἄνευ
2584 4434 2768 4492 ratirati
2795 4438 2939 4491 οὐθὲν
2964 4446 3072 4494 νοεῖ
3079 4479 3092 4493 .

1982 4538 2080 4603 98.
2120 4548 2251 4613 Quia
2290 4548 2451 4616 igitur
2491 4548 2729 4603 nonnulli
2770 4559 2895 4604 sunt
2935 4551 3057 4620 qui,
3100 4553 3367 4609 dementia
3412 4570 3499 4608 ca.

308 4640 396 4695 27.
436 4640 586 4697 Sicut
606 4656 734 4712 ergo
758 4641 849 4710 qui
870 4640 943 4696 ita
963 4639 1217 4708 credunt,
1242 4639 1403 4711 impie
1424 4639 1647 4695 credere
1670 4656 1814 4694 com—
1840 4615 1893 4675 Ῑ)
1922 4640 1995 4711 pti
2020 4682 2033 4703 ,
2063 4640 2249 4695 dicunt
2277 4615 2417 4707 quod
2445 4655 2509 4695 ex
2540 4656 2645 4694 una
2680 4643 2855 4696 anima
2885 4615 3295 4711 primihominis
3326 4646 3494 4701 Adam

246 4732 561 4799 probantur;
595 4732 671 4788 sic
699 4732 859 4787 etiam
893 4732 966 4786 illi
988 4734 1078 4802 qui
1106 4734 1312 4788 animas
1340 4734 1526 4789 dicunt
1553 4742 1679 4789 ante
1698 4748 1819 4789 cor-

248 4837 371 4889 pora
396 4822 561 4880 factas
579 4822 768 4887 fuisse,
795 4824 1021 4879 multum
1045 4841 1072 4879 a
1101 4826 1295 4895 pietate
1315 4826 1514 4882 distare
1538 4827 1817 4882 inveniun-

250 4924 351 4967 tur.
379 4912 529 4971 Unde
556 4914 753 4985 impius
781 4917 1042 4987 Origenes
1080 4918 1357 4987 gentilium
1386 4928 1577 4988 captus
1599 4936 1816 4986 errore,

1920 4732 2096 4785 anima
2138 4731 2261 4785 Eva:
2305 4731 2546 4787 mulieris
2582 4744 2859 4802 assumpta
2902 4733 2999 4800 sit;
3033 4736 3274 4790 nonnulli
3304 4737 3496 4801 etiam,

1919 4824 2061 4895 quod
2085 4840 2149 4880 ex
2176 4824 2293 4879 solo
2320 4824 2487 4879 Adam
2520 4840 2641 4878 cum
2670 4825 2893 4879 seminis
2921 4825 3066 4893 jactu
3106 4820 3157 4879 in
3196 4842 3384 4882 omnes
3408 4829 3499 4897 qui

1923 4933 1989 4972 ex
2030 4931 2095 4973 eo
2135 4919 2243 4971 nati
2286 4919 2500 4973 fuerunt
2537 4919 2730 4970 anima:
2773 4919 3102 4972 transmissa:
3139 4919 3278 4983 sint;
3306 4930 3359 4974 et
3384 4921 3498 4987 alii,

246 5017 298 5061 et
326 5007 397 5064 ab
420 5024 484 5065 eo
514 5010 706 5066 nolens
729 5011 941 5079 penitus
987 5012 1303 5079 abscedere,
1350 5028 1611 5067 novarum
1656 5012 1827 5069 etiam
1927 5010 2070 5079 quod
2105 5026 2169 5065 ex
2199 5011 2310 5065 Eva
2350 5011 2464 5065 sola
2501 5011 2672 5080 magis
2712 5010 2904 5063 animae
2942 5010 3090 5064 fuere
3120 5012 3413 5078 translatio,
3448 5028 3503 5069 et

247 5099 461 5157 studens
498 5110 689 5159 auctor
733 5118 857 5159 esse
896 5112 1188 5172 sectarum,
1229 5105 1558 5175 coniecturis
1603 5107 1818 5162 illorum

247 5194 353 5248 alio
378 5194 531 5252 modo
572 5197 848 5252 translatis
886 5197 1098 5255 edocuit
1130 5198 1235 5253 :de
1262 5199 1456 5269 quibus
1487 5199 1538 5253 in
1568 5200 1821 5270 prmsenti

248 5282 618 5353 disputandum
650 5302 774 5345 esse
802 5304 909 5344 non
939 5288 1193 5355 arbitror,
1220 5305 1288 5345 ne
1317 5306 1416 5347 nos
1440 5292 1664 5346 multum
1693 5308 1819 5349 vcr-

248 5375 430 5435 horutu
460 5382 735 5436 mittamus
756 5380 811 5436 in
833 5381 1041 5435 silvam.
1066 5381 1200 5448 Quia
1228 5380 1389 5450 igitur
1407 5382 1473 5437 ad
1499 5384 1821 5438 confirman-

249 5468 370 5523 dam
398 5470 644 5529 heresim
672 5487 825 5527 suam
857 5472 1113 5527 nefariam
1157 5471 1443 5542 praedictus
1473 5474 1731 5543 Origenes
1753 5490 1821 5531 ex

250 5560 424 5619 divina
443 5562 729 5635 Scriptum
752 5578 970 5621 sumere
994 5573 1222 5621 conatur
1238 5565 1507 5635 exempla,
1532 5566 1826 5637 redargua-

253 5668 371 5708 mus
393 5671 509 5713 eum
539 5658 871 5726 Scripturam
896 5657 1112 5727 penitus
1136 5656 1415 5726 ignorasse
1458 5657 1724 5726 divinam,
1769 5670 1824 5715 et

253 5762 371 5801 eam
396 5752 508 5808 sine
546 5766 711 5808 sensu
750 5749 1022 5818 docuisse,
1064 5766 1187 5805 nam
1219 5767 1342 5806 eum
1372 5752 1489 5822 ipse
1526 5752 1730 5808 diceret
1770 5755 1821 5808 in

258 5841 421 5907 primo
442 5856 702 5903 creatura:
729 5845 884 5902 initio
907 5846 1102 5904 calum
1133 5859 1255 5901 cum
1285 5853 1428 5903 terra
1452 5856 1688 5904 creatum
1718 5861 1821 5904 n0n

1924 5105 2002 5159 sic
2027 5120 2053 5157 a
2085 5103 2395 5172 parentibus
2418 5103 2484 5157 ad
2516 5118 2699 5156 eorum
2728 5102 2923 5156 liberos
2956 5103 3193 5157 deducta:
3224 5106 3331 5159 sint
3365 5123 3375 5157 :
3412 5124 3502 5160 ri:-

1923 5194 2297 5265 spondcndum
2328 5204 2410 5249 est
2439 5194 2521 5247 his
2554 5194 2657 5248 hoc
2681 5194 2858 5248 modo.
2885 5194 2995 5249 Cur
3019 5212 3146 5265 ergo
3175 5198 3342 5250 Adam
3366 5239 3380 5263 ,
3414 5202 3501 5269 qui

1927 5292 2128 5359 primus
2164 5288 2232 5343 de
2273 5296 2411 5342 terra
2448 5298 2661 5343 creatus
2700 5297 2781 5343 est
2816 5289 3110 5343 secundum
3149 5304 3394 5357 Carnem,
3435 5293 3504 5347 de

1926 5392 2073 5435 costa
2102 5395 2217 5450 qua
2250 5394 2317 5434 ex
2344 5380 2461 5448 ipso
2491 5381 2661 5434 fuerat
2684 5379 2890 5433 sublata
2925 5380 2976 5434 in
3009 5382 3211 5449 Spiritu
3245 5382 3338 5437 Dei
3383 5399 3505 5452 pro-

1926 5474 2197 5545 phetando
2236 5474 2488 5528 dicebat:
2524 5472 2640 5527 Iloc
2679 5491 2815 5527 nunc
2845 5492 2900 5528 os
2944 5491 3008 5528 ea:
3039 5475 3234 5527 ossibus
3269 5477 3414 5541 meis,
3458 5486 3507 5531 et

1926 5584 2047 5620 caro
2070 5570 2132 5621 de
2154 5583 2309 5621 carne
2338 5584 2470 5633 mea,
2501 5566 2611 5621 hare
2634 5568 2892 5621 rocabitur
2915 5568 3120 5632 mulier,
3152 5568 3273 5637 quia
3302 5583 3367 5621 ea:
3394 5568 3504 5621 viro

1925 5679 2019 5716 suo
2055 5672 2259 5733 sumpta
2293 5672 2400 5725 est,
2443 5676 2703 5732 nusquam
2741 5659 2865 5715 fecit
2900 5660 3094 5715 anima:
3137 5660 3506 5714 mentionem?

1929 5769 2051 5807 nam
2084 5752 2131 5807 si
2161 5753 2337 5808 anima
2366 5769 2577 5823 quoque
2607 5763 2751 5809 esset
2779 5770 2844 5807 ex
2874 5753 3049 5807 anima
3070 5793 3084 5814 ,
3110 5751 3404 5806 secundum
3440 5752 3509 5804 il<

1932 5849 2104 5905 lorum
2128 5861 2289 5903 vanas
2311 5848 2616 5915 opiniones,
2642 5861 2927 5914 numquam
2950 5843 3192 5914 profecto
3216 5844 3314 5897 hoc
3338 5842 3507 5896 Adam
