3972 6180
312 318 319 325 '
376 336 479 391 uri

809 339 902 394 AD
941 338 1219 395 PARTEM
1259 336 1526 391 PRIMAM
1566 335 1847 392 OPERUS‘I
1889 335 1960 390 Μ.
2003 330 2447 389 MERCATORIS
2487 329 2832 387 AI’PENDIX
2871 326 3217 387 SECUNDA.

3537 324 3647 380 468

378 453 748 521 praeteriissct.
783 454 913 507 Nam
943 454 1079 508 sicut
1108 470 1164 507 os
1184 470 1248 507 ea;
1273 454 1470 508 ossibus
1501 457 1648 520 meis,
1678 466 1727 508 et
1753 471 1874 507 caro
1901 455 1962 507 de
1990 457 2039 513 Α
2066 450 2313 516 discipul-i
2349 460 2531 518 postea
2558 450 2803 521 Pelagius
2833 448 3041 519 (Libelli
3071 464 3221 521 num.
3248 445 3368 515 l5),
3399 438 3655 504 Julianus

380 561 536 598 carne
560 562 704 610 mea,
739 545 950 599 dicebat
972 589 986 613 ,
1016 546 1095 598 sic
1132 546 1289 599 etiam
1328 547 1501 600 anima
1540 564 1603 600 ex
1637 548 1809 599 anima
1848 563 1959 599 mea

380 636 564 690 dicere
608 635 868 704 potuisset
909 650 925 689 :
966 635 1061 690 sed
1098 645 1301 691 tantum
1350 637 1450 691 hoc
1486 638 1648 713 diuit,
1684 637 1825 706 quod
1857 637 1959 691 sibi

380 728 628 781 videlicet
669 728 874 781 sciebat
913 727 1173 782 ablatum.
1215 732 1381 783 Porro
1411 739 1586 783 autem
1616 730 1960 783 Consenticus

374 821 544 891 Moysi
568 819 728 873 etiam
760 820 1049 876 Zacharias
1081 822 1340 891 propheta
1365 822 1443 876 sic
1471 823 1598 876 dicit
1623 841 1634 874 :
1663 821 1961 874 Extendens

379 914 584 976 (telum,
613 922 659 964 et
691 912 916 981 {nudans
947 923 1154 976 terram,
1183 923 1229 966 et
1255 915 1452 982 ﬁngens
1482 914 1717 982 spiritum
1741 912 1963 964 hominis

377 1006 430 1056 iu
456 1006 565 1073 ipsi)
590 1003 773 1073 (Zach.
801 1021 894 1068 xu,
923 1004 1000 1075 l).
1031 1004 1161 1058 Nam
1194 1009 1237 1058 si
1270 1020 1373 1059 non
1396 1020 1460 1059 ex
1483 1006 1756 1074 supposita
1790 1015 1962 1056 mate-

382 1096 457 1147 ria
494 1111 637 1149 nunc
678 1105 954 1151 crearetur
992 1096 1224 1150 hominis
1251 1112 1400 1165 caro,
1432 1096 1567 1150 sicut
1596 1096 1757 1149 etiam
1791 1094 1963 1148 Adam

466 1185 590 1238 Eva:
611 1227 624 1250 ,
652 1193 707 1239 et
742 1187 821 1239 sic
866 1195 1049 1254 postea
1092 1188 1143 1239 in
1178 1188 1295 1253 ipso
1326 1202 1431 1240 non
1463 1196 1738 1241 crearetur
1762 1187 1959 1251 anima,

382 1294 489 1330 non
519 1294 583 1331 ex
614 1279 890 1347 supposita
920 1281 1164 1343 materia,
1198 1290 1464 1350 tamquam
1493 1280 1660 1334 Adam
1696 1282 1892 1348 pariter
1912 1289 1968 1333 et

384 1368 535 1431 Erae,
571 1387 859 1440 numquam
890 1375 1149 1441 propheta
1176 1372 1462 1427 Zacharias
1493 1375 1558 1426 ita
1593 1373 1816 1427 dixisset
1851 1391 1864 1425 :
1902 1373 1966 1425 Et

382 1480 557 1516 rreuns
598 1464 839 1533 spiritum
883 1464 1105 1517 hominis
1144 1468 1195 1518 in
1224 1467 1336 1532 ipso
1367 1464 1561 1536 (lbid.)
1593 1466 1842 1535 Apertius
1870 1480 1966 1518 au-

388 1564 493 1606 tem
519 1554 774 1607 Salomon
802 1557 851 1608 in
878 1555 1210 1611 Ecclesiaste
1228 1556 1387 1612 docet
1414 1556 1621 1611 animas
1646 1574 1673 1609 a
1698 1557 1811 1612 Deo
1834 1574 1968 1627 prae-

384 1647 515 1699 stari
560 1646 838 1715 omnibus,
877 1664 996 1717 qua:
1033 1649 1102 1704 ab
1138 1650 1255 1717 ipso
1299 1659 1554 1703 creantur
1587 1664 1652 1703 ex
1691 1650 1969 1718 supposita

387 1739 609 1792 materia
634 1740 973 1808 corporibus,
999 1741 1325 1797 solutionem
1352 1740 1597 1796 humanae
1624 1741 1969 1809 compositio-

386 1827 468 1883 nis
497 1844 778 1896 enarratis,
812 1847 935 1885 cum
959 1832 1091 1886 dicit
1120 1849 1133 1885 :
1168 1832 1234 1885 Et
1258 1840 1573 1885 convertatur
1598 1833 1763 1901 pulvis
1787 1833 1839 1885 in
1868 1844 1968 1887 ler-
1998 1829 2044 1887 Β

384 1938 663 1987 rainsuam
683 1964 697 1985 ,
728 1932 776 1977 et
820 1933 1098 1977 revertetur
1137 1923 1349 1991 spiritus
1380 1923 1449 1975 ad
1481 1922 1674 1988 Deum,
1698 1924 1789 1993 qui
1826 1924 1967 1977 dedit

386 2031 500 2065 tum
540 2010 766 2081 (Eccles.
810 2029 916 2083 xu,
958 2015 1039 2086 7).
1084 2015 1217 2069 Cum
1267 2015 1369 2069 hoc
1417 2014 1671 2069 Salomon
1718 2015 1964 2083 dixisset,

386 2115 575 2173 aperte
604 2106 783 2160 docuit
807 2106 948 2176 quod
976 2106 1115 2161 Deus
1146 2107 1371 2176 pulveri,
1399 2122 1556 2176 quem
1584 2106 1649 2160 ad
1677 2106 1967 2161 creandum

386 2197 661 2251 hominem
691 2198 757 2252 de
791 2208 934 2253 terra
962 2198 1177 2269 tulerat,
1203 2199 1453 2269 spiritum
1479 2200 1725 2268 praestitit
1747 2215 1851 2254 non
1877 2201 1972 2253 ha-

386 2290 555 2343 benti.
583 2289 712 2344 Ideo
740 2301 920 2345 autem
947 2298 1150 2345 tantum
1180 2291 1430 2361 spiritum
1475 2291 1539 2345 ad
1571 2291 1737 2347 Deum
1771 2292 1970 2347 reverti

388 2382 609 2451 dicitur,
635 2386 761 2439 licet
788 2386 1068 2456 utriusque
1096 2386 1166 2440 sit
1192 2396 1404 2441 creator
1425 2385 1705 2453 Dominus,
1731 2396 1835 2440 tam
1860 2400 1972 2440 car-

390 2481 473 2535 nis
496 2496 654 2550 quatn
684 2481 937 2550 spiritus,
976 2482 1230 2551 quoniam
1262 2496 1367 2535 non
1405 2496 1470 2536 ex
1498 2482 1772 2551 supposita
1801 2488 1975 2536 matc—

389 2575 467 2627 ria
497 2574 741 2643 spiritum
772 2583 951 2641 creat,
985 2576 1124 2629 sicut
1148 2584 1201 2628 et
1232 2590 1451 2644 corpus.
1485 2575 1551 2628 Et
1576 2576 1798 2637 iterum,
1830 2572 1973 2641 quod

392 2682 495 2718 una
532 2680 653 2720 cum
695 2667 804 2721 Deo
849 2666 1011 2719 homo
1051 2666 1262 2720 videtur
1300 2666 1514 2735 operari
1540 2666 1607 2720 ad
1639 2666 1971 2721 nativitatem

389 2758 634 2828 corporis
665 2757 979 2824 procreandi
999 2802 1015 2827 ,
1046 2758 1290 2826 spiritum
1322 2768 1502 2811 autem
1544 2758 1692 2812 solus
1720 2764 1975 2827 procreat

394 2855 540 2911 Deus
583 2872 596 2909 :
639 2855 836 2927 quippe
873 2870 994 2909 cum
1038 2853 1311 2909 hominum
1352 2852 1567 2923 quidem
1605 2854 1679 2907 sit
1713 2851 1975 2908 submini-

393 2960 567 3003 strare
592 2950 863 3011 materias,
898 2947 987 3009 Dei
1018 2954 1195 3001 autem
1227 2960 1417 3001 creare
1439 2945 1733 3001 hominem.

465 3040 618 3105 Quod
646 3049 822 3095 autem
849 3040 991 3095 Deus
1018 3049 1101 3095 est
1123 3040 1212 3111 qui
1237 3039 1432 3094 format
1457 3054 1521 3093 ea
1548 3054 1665 3109 qum
1688 3038 1741 3093 in
1767 3046 1977 3092 uterum

396 3129 603 3184 semina
626 3130 923 3200 iaciuntur,
955 3131 1115 3185 simul
1146 3131 1304 3186 etiam
1334 3141 1530 3185 cmtera
1560 3130 1769 3184 diversa
1802 3129 1976 3183 viviti-

2069 521 2263 591 (Epist.
2295 524 2361 574 ad
2392 521 2607 590 llufmn)
2639 519 2841 584 etalii,
2876 521 2967 587 qui
2999 520 3069 573 ad
3098 519 3408 573 latebrarum
3433 535 3655 591 suarum

2062 594 2291 653 nebulas,
2324 593 2386 644 de
2409 592 2603 660 origine
2632 592 2814 643 animle
2836 608 2934 643 non
2957 590 3295 644 necessariam
3315 590 3648 659 quaestionem

2064 674 2347 723 moverunt,
2379 674 2431 713 ut
2459 679 2537 715 res
2561 664 2857 730 manifestas
2880 662 3099 714 aliarum
3130 676 3298 713 rerum
3332 660 3655 714 obscuritate

2062 732 2338 797 turbando,
2374 735 2669 785 molirentur
2700 734 2897 785 latendi
2930 734 3132 796 locum;
3162 731 3362 783 aiebant
3392 732 3527 784 enim
3552 747 3644 783 ca-

2065 802 2277 854 tholicos
2300 806 2587 855 animarum
2619 804 2881 855 traducem
2909 820 3022 854 cum
3050 802 3260 854 traduce
3292 801 3490 866 peccati
3523 818 3645 854 con-

2065 876 2216 927 tueri.
2246 874 2417 927 Verba
2458 885 2580 926 sunt
2614 873 2892 943 Augustini
2936 870 3084 943 (Lib.
3115 888 3171 925 ιιι
3211 872 3279 924 ad
3316 868 3490 942 Bonif.
3524 888 3644 938 cap.

2066 944 2177 1012 10),
2212 944 2277 997 ad
2318 960 2437 1013 qnze
2476 944 2749 1008 Spectabat
2778 945 3050 1005 Julianus,
3081 958 3200 1013 cum
3234 943 3529 1013 Augustino
3560 944 3645 995 di-

2064 1010 2213 1067 ceret
2258 1010 2404 1084 (Lib.
2439 1030 2473 1068 ιι
2509 1014 2666 1081 Oper.
2717 1013 2931 1083 Imperf.
2972 1030 3019 1068 c.
3052 1012 3177 1083 178)
3208 1029 3223 1084 ξ
3264 1010 3410 1064 Illud
3441 1022 3642 1077 autem,

2064 1088 2198 1152 quod
2228 1081 2276 1137 te
2303 1101 2565 1154 opponere
2585 1085 2865 1147 credidisti,
2894 1081 2972 1136 vel
2992 1085 3048 1154 in
3073 1081 3169 1154 isto
3205 1081 3358 1147 libro,
3391 1084 3474 1135 cui
3506 1100 3657 1137 nunc

2065 1157 2365 1225 respondeo,
2398 1155 2475 1207 vel
2505 1152 2565 1208 in
2590 1155 2670 1207 his
2696 1171 2821 1224 quos
2850 1155 2918 1206 ad
2950 1152 3643 1225 Marcellinumscripseras,

2068 1224 2175 1277 tum
2198 1227 2457 1278 transiLse
2480 1236 2754 1289 peccatmn,
2773 1226 2975 1289 quando
3000 1241 3170 1276 omnes
3193 1224 3443 1289 homines,
3466 1233 3522 1277 ut
3545 1226 3645 1276 tuis

2068 1295 2228 1348 verbis
2267 1306 2404 1358 utar,
2437 1297 2526 1348 ille
2555 1313 2687 1348 unus
2719 1301 2955 1364 fuerunt;
2986 1296 3098 1346 sine
3130 1294 3425 1363 difficultate
3459 1295 3647 1364 veritas

2068 1367 2279 1431 deterit,
2312 1377 2357 1421 et
2391 1368 2618 1419 irrisioni
2657 1363 2902 1435 cujusque
2941 1365 3204 1435 prudentis
3243 1366 3473 1429 exponit.
3501 1363 3645 1417 Nam

2071 1436 2163 1507 tali
2196 1444 2498 1507 argumento
2527 1445 2707 1504 prteter
2729 1437 3035 1506 impietatem
3071 1446 3209 1488 tuam
3236 1435 3367 1487 nihil
3390 1436 3536 1488 aliud
3565 1437 3653 1488 in-

2070 1506 2302 1572 dicatur;
2328 1509 2666 1576 impietatem,
2699 1509 2910 1576 inquam
2929 1548 2942 1567 ,
2970 1521 3071 1569 qua
3105 1507 3370 1576 credisita
3396 1522 3501 1576 esse
3531 1508 3651 1559 ani-

2069 1592 2267 1630 marum
2291 1575 2570 1645 traducem,
2603 1579 2656 1629 in
2682 1575 2988 1630 Tertulliani
3011 1576 3131 1629 olim
3158 1586 3205 1629 et
3232 1575 3507 1630 Manichwi
3526 1593 3647 1647 pro-

2071 1650 2283 1713 fanitate
2303 1650 2621 1709 damnatam,
2636 1650 2768 1701 sicut
2789 1649 2944 1701 etiam
2964 1662 3241 1710 corporum
3263 1648 3451 1700 tradux
3468 1663 3487 1699 :
3506 1649 3644 1710 quod

2071 1727 2176 1788 tam
2200 1720 2457 1786 nefarium
2487 1728 2578 1782 est,
2607 1727 2663 1771 ut
2685 1735 2799 1770 cum
2823 1735 2854 1771 a
2881 1718 3025 1771 nobis
3050 1719 3102 1770 in
3132 1718 3370 1788 epistola,
3396 1734 3547 1784 quam
3578 1718 3647 1771 ad

2075 1787 2337 1842 Orientem
2380 1790 2641 1860 misimus,
2675 1789 2851 1857 fuisset
2884 1787 3168 1860 objectum,
3213 1798 3320 1841 tum
3360 1789 3438 1841 his
3477 1788 3646 1855 libris,

2072 1876 2199 1927 quos
2227 1876 2390 1927 nuper
2417 1861 2483 1912 ad
2508 1858 2836 1928 Rom’facium
2865 1858 3076 1919 misisti,
3110 1860 3343 1928 negando
3380 1875 3412 1911 a
3448 1867 3494 1913 te
3526 1874 3649 1926 pro-

2076 1934 2283 1996 pulsare
2307 1932 2524 1983 coneris.
2554 1931 2647 1983 Ais
2670 1932 2807 1984 enim
2834 1946 2852 1984 :
2880 1928 3101 1993 Dicunt,
3128 1945 3218 1983 nos
3256 1939 3423 1982 autem
3452 1930 3649 1983 anima-

2072 2018 2185 2053 rum
2221 2004 2481 2055 traducem
2515 2001 2786 2067 conﬁteri;
2808 2001 2945 2067 quod
2974 2001 3026 2053 in
3051 2003 3198 2070 cujus
3227 1999 3374 2053 libris
3400 2000 3646 2070 legerint,

2074 2073 2242 2124 nescio
2256 2088 2275 2135 ;
2299 2082 2354 2125 ut
2377 2089 2407 2124 a
2429 2082 2475 2126 te
2495 2072 2724 2125 videlicet
2750 2072 2879 2125 nihil
2901 2070 3001 2124 dici
3026 2068 3127 2124 tale
3146 2071 3361 2136 deferes.
3384 2068 3575 2135 Porro,
3594 2080 3651 2125 ut

2075 2142 2274 2211 falsitas
2297 2153 2387 2196 tua
2414 2152 2617 2195 tuorum
2641 2140 2908 2195 verborum
2927 2142 3197 2195 collatione
3220 2141 3493 2211 prodatur,
3522 2157 3653 2208 quo-

2073 2214 2226 2266 modo
2265 2217 2523 2267 traducem
2560 2214 2879 2277 animarum,
2919 2217 3189 2283 profanam
3228 2228 3405 2265 revera
3447 2212 3654 2283 Opinio-

2077 2300 2227 2349 nem,
2269 2287 2371 2339 tuis
2405 2283 2535 2338 dicis
2573 2283 2799 2337 sensibus
2832 2282 2932 2336 non
2975 2284 3167 2347 teneri,
3206 2299 3322 2336 cum
3362 2282 3660 2351 proﬁtearis

2076 2370 2249 2408 onmes
2275 2356 2504 2408 homines
2534 2356 2678 2407 illum
2711 2370 2868 2406 unum
2890 2354 3085 2422 fuisse?
3111 2353 3173 2408 Si
3192 2355 3327 2406 enim
3349 2355 3512 2407 credis
3532 2370 3654 2420 par-

2076 2435 2173 2477 tem
2198 2426 2383 2478 anima:
2407 2425 2678 2479 seminibus
2707 2426 2969 2493 illigatum
2986 2466 3001 2490 ,
3031 2440 3129 2494 quo
3155 2440 3244 2478 ore
3268 2425 3451 2477 scribis
3478 2439 3654 2476 omnes

2076 2494 2306 2550 homines
2326 2496 2489 2548 Adam
2511 2497 2676 2548 solum
2705 2497 2883 2562 fuisse,
2908 2511 3023 2548 cum
3049 2495 3201 2547 homo
3232 2496 3402 2561 utique
3422 2495 3518 2548 nisi
3536 2495 3657 2546 ani-

2077 2582 2160 2637 ma
2202 2576 2249 2620 et
2290 2583 2476 2634 corpus
2514 2566 2670 2619 simul
2709 2583 2815 2623 esse
2852 2582 2954 2619 non
2992 2566 3196 2637 possit?
3233 2569 3448 2633 Anceps
3492 2578 3657 2633 porro

2078 2636 2176 2689 fuit
2208 2652 2374 2706 usque
2402 2641 2466 2689 ad
2494 2637 2653 2690 finem
2677 2637 2799 2689 vita:
2831 2636 3049 2690 sanctus
3071 2636 3418 2705 Augustinus,
3443 2647 3501 2689 ut
3522 2650 3658 2688 eon-

2078 2716 2184 2777 gat
2230 2723 2297 2761 ex
2350 2710 2708 2777 reSponsione
2755 2708 2818 2759 ad
2866 2707 3028 2761 verba
3066 2706 3268 2760 Juliani
3309 2722 3432 2759 mox
3467 2706 3656 2777 allata.

2079 2772 2164 2830 Ea:
2201 2777 2423 2846 qualibet
2445 2772 2587 2847 vergo
2628 2789 2670 2831 et
2705 2777 3019 2847 quantalibet
3056 2787 3219 2845 parte,
3252 2794 3425 2830 omnes
3461 2776 3546 2844 qui
3588 2791 3661 2828 ea:

2080 2848 2172 2899 illo
2198 2849 2310 2918 nati
2338 2858 2478 2911 sunt,
2504 2847 2593 2901 ille.
2619 2865 2751 2901 unus
2778 2853 3005 2918 fuerunt,
3029 2849 3131 2901 sive
3154 2848 3436 2901 secundum
3460 2857 3662 2918 utram-

2078 2934 2174 2989 que
2193 2917 2415 2972 hominis
2442 2929 2660 2988 partem,
2684 2916 2818 2987 quod
2840 2935 2917 2973 me
2942 2918 3136 2972 nescire
3156 2918 3421 2985 conﬁteor.
3446 2916 3555 2989 Nec
3577 2932 3663 2970 me

2080 2990 2270 3058 pudet,
2303 2998 2356 3041 ut
2386 3005 2504 3057 vos,
2536 2991 2686 3060 fateri
2716 2991 2908 3042 nescire
2931 2990 3071 3059 quod
3098 2989 3295 3055 nescio,
3324 3005 3424 3060 nec
3437 2988 3549 3041 ideo
3578 2996 3665 3039 ta-

2080 3057 2197 3113 men
2232 3061 2401 3113 nescio
2426 3060 2488 3112 de
2514 3057 2652 3113 omni
2678 3060 2879 3112 homine
2905 3057 3150 3129 scriptum
3181 3076 3287 3113 esse
3321 3074 3340 3111 :
3371 3057 3425 3111 11
3430 3076 3545 3112 omo
3571 3074 3665 3111 va-

2081 3132 2232 3183 nitati
2251 3130 2433 3184 similis
2460 3131 2625 3198 factus
2641 3140 2716 3184 est
2734 3174 2747 3198 ,
2775 3130 2886 3183 dies
2915 3133 3027 3201 ejus
3062 3130 3195 3183 velut
3227 3129 3410 3182 umbra
3435 3138 3661 3201 prater—

396 3232 521 3287 cat,
545 3239 666 3293 qua:
694 3223 765 3278 ab
783 3223 1036 3293 agricolis
1076 3232 1331 3278 seruntur
1372 3224 1421 3276 in
1456 3233 1684 3288 terram,
1716 3223 1870 3276 testis
1895 3231 1978 3276 est
2006 3206 2051 3269 Ο
2080 3201 2654 3293 ῗῖξθξῇ-βξερξξξίξεξξξῇί
2682 3201 3477 3293 fuit};93%!933fﬁgbiwm:
3521 3201 3667 3254 im“

395 3315 586 3373 beatus
606 3316 728 3381 Joh,
758 3331 877 3370 cum
910 3315 1035 3369 dicit
1065 3316 1130 3368 ad
1165 3316 1329 3370 Deum
1358 3332 1371 3369 :
1408 3313 1598 3369 Manus
1626 3322 1729 3369 tute
1758 3315 1987 3385 fecerunt

395 3420 501 3475 me,
526 3418 571 3461 et
594 3409 973 3477 plasmaverunt
1008 3424 1084 3461 me
1115 3404 1255 3477 (Job.
1289 3424 1344 3473 x,
1370 3408 1442 3478 8).
1469 3408 1669 3462 Eadem
1694 3408 1855 3461 etiam
1881 3408 1987 3463 Da-

398 3502 489 3555 vid
521 3502 782 3571 propheta
809 3500 958 3555 dicit.
994 3500 1197 3555 Rursus
1222 3501 1382 3554 etiam
1414 3500 1553 3554 Deus
1582 3500 1834 3555 Jeremia:
1861 3515 1986 3570 pro-

400 3593 579 3664 phetat
607 3594 687 3647 sic
715 3592 846 3647 dicit
874 3610 886 3645 :
920 3590 1233 3661 Priusquam
1255 3600 1301 3645 te
1326 3596 1604 3662 formarem
1630 3593 1683 3645 in
1712 3602 1877 3657 utero,
1902 3608 1989 3645 co-

399 3685 552 3753 gnovi
581 3693 629 3739 te
653 3683 866 3755 (Jerem.
890 3700 931 3751 ι,
959 3684 1040 3753 5).
1064 3684 1324 3740 Similiter
1343 3692 1518 3739 autem
1541 3684 1707 3739 Isaias
1726 3685 1991 3756 propheta

402 3779 474 3832 de
505 3776 721 3846 populo,
751 3776 841 3847 qui
879 3777 1045 3832 Jacob
1086 3778 1303 3832 nomine
1340 3777 1660 3841 vocabatur,
1704 3779 1846 3833 inter
1884 3792 1988 3833 cm-

404 3880 518 3922 tera
560 3868 723 3921 etiam
764 3868 843 3922 sic
881 3868 1010 3922 dicit
1041 3884 1054 3920 :
1090 3867 1336 3921 Dominus
1359 3869 1447 3938 qui
1482 3868 1691 3922 redemit
1722 3879 1800 3936 te,
1830 3878 1882 3924 et
1904 3870 1992 3938 qui

403 3961 641 4031 formavit
667 3969 715 4015 te
735 3972 803 4015 ea:
826 3969 970 4014 utero
1004 3958 1161 4032 (Isai.
1191 3977 1337 4029 xuv,
1367 3959 1480 4032 24).
1519 3960 1773 4028 Apertius
1807 3965 1990 4012 autem

403 4054 565 4106 etiam
615 4052 806 4108 beatus
852 4053 1067 4121 Paulus,
1111 4052 1178 4108 ad
1220 4053 1479 4108 Hebraeos
1520 4053 1792 4117 scribens,
1832 4051 1992 4107 docet

403 4145 683 4214 quod-non
709 4143 867 4200 sicuti
893 4158 1126 4214 corpora
1158 4160 1224 4200 ex
1254 4143 1597 4200 successione
1631 4142 1988 4211 descendunt,

404 4238 483 4291 sic
512 4238 673 4294 etiam
702 4238 952 4307 spiritus,
982 4238 1085 4294 hoc
1113 4246 1224 4306 est,
1257 4246 1456 4293 nostra:
1490 4238 1711 4303 animae,
1744 4252 1865 4293 cum
1908 4236 1991 4292 di-

405 4329 480 4381 cit
511 4346 526 4382 :
559 4326 741 4381 Patres
761 4330 963 4398 quidem
988 4329 1154 4383 carnis
1183 4338 1373 4383 nostra:
1397 4325 1664 4382 habuimus
1684 4312 1990 4392 erlrditores,

406 4431 454 4473 et
482 4422 867 4484 reverebamur;
895 4436 1001 4474 non
1024 4420 1192 4476 multo
1216 4422 1377 4493 magis
1405 4421 1862 4491 obtemperabimus
1888 4423 1994 4475 Pa-

407 4514 474 4568 tri
494 4514 792 4585 spirituum,
810 4522 857 4567 et
879 4514 1094 4568 vivemus
1117 4514 1278 4586 (Heb.
1304 4532 1409 4583 xu,
1434 4516 1523 4587 9)?
1552 4516 1813 4585 Quoniam
1848 4517 1991 4571 Deus

405 4580 531 4661 cum
570 4606 916 4662 benediceret
956 4580 1142 4676 primis
1182 4580 1519 4673 hominibus,
1549 4580 1651 4665 hoc
1676 4620 1787 4675 est,
1824 4608 1991 4665 Adam
2021 4580 2070 4639 θ

406 4711 461 4752 et
492 4698 649 4765 Evae,
679 4699 814 4754 dixit
847 4717 860 4753 :
891 4700 1135 4764 Crescite,
1164 4710 1214 4755 et
1241 4701 1688 4769 multiplicamini,
1721 4710 1770 4754 et
1793 4701 1995 4773 implete

406 4801 594 4846 terram
619 4790 770 4863 (Gen.
795 4808 834 4860 ι,
857 4792 970 4863 27),
998 4792 1097 4847 hac
1128 4793 1195 4847 de
1216 4808 1378 4848 causa
1411 4804 1662 4863 parentes
1688 4804 1859 4866 patres
1879 4811 1995 4847 car-

406 4885 486 4937 nis
514 4884 805 4953 Apostolus
834 4884 1151 4939 nominavit.
1197 4884 1263 4939 Et
1289 4885 1538 4954 quoniam
1566 4901 1674 4941 non
1700 4901 1766 4940 ex
1796 4901 1998 4955 suppo-

408 4976 509 5029 sita
552 4975 771 5030 materia
815 4984 1026 5030 creatas
1074 4992 1103 5028 a
1152 4976 1263 5030 Deo
1311 4977 1520 5031 animas
1561 4976 1845 5044 habemus,
1872 4978 1995 5033 ideo

409 5063 581 5119 Deum
609 5063 819 5119 Patrem
839 5066 1112 5137 spirituum
1143 5065 1453 5136 appellavit.

481 5155 686 5208 Cuncta
715 5156 877 5225 igitur
905 5157 1042 5211 sicut
1071 5158 1316 5225 primitus
1347 5166 1529 5215 creata
1558 5167 1702 5225 sunt,
1725 5158 1805 5214 sic
1830 5159 1996 5214 etiam

408 5260 508 5314 per
536 5245 657 5300 dies
682 5247 921 5318 singulos
957 5259 1309 5318 procreantur
1344 5269 1356 5305 :
1390 5250 1495 5306 alia
1520 5250 1733 5320 quidem
1770 5266 1839 5306 ex
1869 5266 1999 5322 sup-

409 5340 586 5407 posita
610 5340 857 5407 materia,
872 5341 1012 5395 sicut
1027 5342 1339 5397 animalium
1360 5343 1751 5398 irrationalium
1771 5338 1997 5411 animae;

409 5431 514 5483 alia
541 5441 720 5485 autem
749 5446 857 5485 non
883 5447 949 5486 es
976 5433 1275 5503 supposita,
1302 5434 1438 5489 sicut
1469 5434 1747 5489 hominum
1775 5435 1995 5491 animae.

410 5522 518 5578 Sed
549 5533 603 5577 et
630 5523 699 5579 de
725 5524 902 5579 anima
928 5524 1082 5581 nobis
1106 5524 1440 5582 sufficienter
1468 5526 1690 5581 dictum.

486 5679 735 5751 Disputat
762 5681 1023 5738 adversus
1054 5685 1325 5740 traducem
1359 5686 1693 5749 animarum,
1721 5686 1859 5740 viam
1893 5684 1996 5739 sibi

413 5753 692 5819 muniens,
730 5765 785 5806 ιιι
813 5757 1028 5823 quidem
1062 5767 1242 5823 putat,
1272 5758 1335 5809 ad
1380 5760 1791 5823 impugnandam
1834 5757 1993 5809 fidem

416 5826 618 5892 peccati
658 5826 956 5897 originalis.
999 5831 1180 5886 Secuti
1224 5841 1346 5884 sunt
1394 5831 1631 5898 magistri
1681 5828 1995 5885 tnethodum

2089 3286 2362 3326 armorum
2389 3272 2646 3337 strepitus
2676 3281 2730 3326 et
2754 3271 2948 3325 Africae
2980 3270 3307 3325 vastitatem.

2161 3342 2297 3396 Nota
2323 3351 2431 3407 tres
2460 3342 2749 3411 Scriptum}
2779 3342 2925 3395 locos
2950 3357 2978 3394 a
3006 3342 3199 3394 Rufino
3228 3343 3419 3394 allatos
3443 3340 3508 3394 ad
3538 3356 3669 3409 pro-

2091 3413 2318 3477 bandam
2348 3414 2644 3467 animarum
2676 3428 2705 3466 a
2736 3414 2842 3467 Deo
2865 3413 2915 3466 in
2946 3412 3262 3479 corporibus
3287 3413 3614 3466 creationem
3645 3428 3666 3467 :

2090 3482 2404 3553 frequenter
2426 3485 2567 3537 enim
2598 3493 2779 3553 postea
2805 3483 3201 3538 adhibebuntur
3222 3485 3289 3536 ab
3312 3483 3432 3550 ejus
3457 3483 3670 3551 opinio-

2092 3556 2176 3608 nis
2205 3554 2615 3621 defensorihus,
2653 3564 2710 3608 ut
2748 3555 2930 3608 videre
2964 3563 3049 3608 est
3088 3553 3230 3623 apud
3270 3555 3671 3621 Augustinum,

2090 3631 2201 3679 tum
2226 3625 2348 3678 alibi
2377 3626 2597 3694 passim,
2634 3637 2742 3679 tum
2771 3625 3037 3693 praecipue
3070 3624 3120 3677 in
3153 3624 3470 3694 epistola_ad
3502 3625 3672 3694 0pta~

2092 3706 2203 3750 tum
2232 3692 2425 3765 (Epist.
2452 3692 2576 3764 157)
2606 3706 2661 3750 et
2687 3692 2790 3748 alia
2818 3695 2883 3748 ad
2916 3694 3300 3765 Hieronymum
3329 3692 3523 3765 (Epist.
3546 3693 3669 3761 28),

2091 3781 2213 3836 quae
2241 3767 2692 3821 consultationem
2722 3768 2961 3820 continet
2989 3780 3150 3832 super
3175 3779 3238 3819 ea
3268 3780 3346 3818 re.

2161 3836 2399 3891 Observa
2432 3838 2629 3905 etiam,
2662 3836 2968 3890 testimonia
2994 3837 3187 3906 quibus
3220 3838 3386 3889 utitur
3427 3834 3510 3906 ad,
3539 3848 3673 3902 pro-

2090 3906 2325 3961 bandum
2348 3925 2375 3960 a
2397 3908 2512 3962 Deo
2536 3909 2750 3961 formari
2784 3907 2987 3961 semina
3013 3905 3075 3960 ex
3097 3905 3293 3977 quibus
3316 3905 3551 3975 quotidie
3575 3907 3681 3977 ho-

2092 3979 2265 4049 mines
2296 3979 2610 4049 gignuntur,
2637 3977 2882 4031 adhiberi
2916 3994 2943 4030 a
2965 3974 3177 4031 Juliauo
3200 3974 3385 4030 eadem
3414 3974 3675 4049 arte_(Li-

2092 4047 2190 4102 bel.
2223 4046 2373 4120 parte
2393 4064 2429 4102 ιι
2457 4066 2597 4102 num.
2627 4049 2706 4117 ϐ),
2729 4058 2787 4102 ιιι
2809 4049 3149 4120 nimiruntcx
3172 4049 3402 4120 veritate
3424 4046 3678 4120 confessa

2091 4135 2121 4172 a
2148 4118 2431 4175 catholicis
2459 4120 2689 4188 maligne
2716 4118 2980 4175 catholica
3006 4118 3139 4173 ﬁdes
3163 4118 3369 4186 peccati
3398 4118 3681 4185 originalis

2131 4201 2386 4253 eteretur,
2418 4198 2474 4244 et
2502 4190 2772 4245 mentibus
2803 4205 2907 4243 non
2930 4191 3065 4243 satis
3087 4189 3308 4243 eruditis
3334 4188 3673 4242 illuderetur.

2145 4260 2238 4314 ihil
2267 4262 2409 4315 enim
2438 4262 2612 4314 visum
2654 4268 2739 4315 est
2763 4261 3062 4329 Augustino
3089 4259 3368 4315 difficilius
3397 4260 3679 4313 intellcetu

2092 4347 2251 4400 quam
2292 4332 2432 4402 quod
2474 4338 2529 4385 et
2566 4346 2793 4400 corpora
2840 4341 2895 4402 et
2935 4332 3130 4385 anima:
3172 4330 3448 4384 hominum
3489 4345 3517 4382 a
3565 4329 3680 4383 Deo

2093 4404 2236 4469 sint,
2268 4401 2323 4457 et
2355 4403 2603 4458 homines
2637 4412 2816 4456 tamen
2845 4401 3064 4456 obnoxii
3099 4413 3319 4471 peccato
3359 4409 3677 4456 nascantur.

2719 4510 2947 4568 CAPUT
2984 4511 3049 4567 ν.

2504 4638 2511 4651 η.
2593 4602 2670 4659 De
2696 4602 2918 4659 hominis
2947 4619 3178 4675 corpore.

2165 4718 2257 4774 ‘29.
2301 4717 2429 4773 illos
2468 4716 2629 4787 igitur
2677 4717 2881 4786 primos
2929 4717 3198 4784 homines,
3239 4715 3412 4771 Adam
3460 4713 3584 4769 dico
3629 4724 3681 4768 et

2097 4810 2265 4865 Evam
2285 4848 2301 4875 ,
2332 4810 2459 4864 licet
2490 4808 2826 4863 immortales
2860 4811 3157 4863 secundum
3202 4808 3437 4861 animam
3469 4814 3684 4860 creatos

2096 4918 2221 4957 esse
2242 4901 2495 4967 dixerim,
2513 4899 2766 4955 mortales
2786 4914 2919 4956 vero
2940 4900 3237 4955 secundum
3263 4912 3490 4968 corpus;
3523 4912 3685 4951 num-

2098 5009 2258 5063 quam
2295 5002 2524 5048 mortem
2559 5000 2901 5062 gustassent,
2934 4991 3200 5062 siquidem
3247 4988 3557 5044 mandatum
3590 4986 3684 5041 Dei

2097 5099 2317 5141 servare
2343 5085 2672 5151 voluissent,
2703 5084 2843 5138 sicut
2878 5083 3072 5140 beatus
3105 5082 3293 5136 Enoeh
3321 5081 3518 5135 meruit
3549 5098 3565 5135 :
3597 5079 3684 5134 hic

2100 5194 2361 5250 namque,
2394 5178 2521 5233 licet
2562 5178 2810 5232 mortalis
2850 5184 3028 5243 esset,
3066 5186 3244 5232 tamen
3276 5175 3553 5229 translatus
3578 5180 3684 5241 est,

2098 5283 2154 5326 ut
2182 5281 2397 5326 mortem
2426 5271 2625 5340 penitus
2654 5286 2756 5326 non
2781 5270 2973 5324 videret
3004 5268 3193 5339 (Hebr.
3226 5282 3302 5332 ιι,
3326 5265 3407 5338 5).

2169 5362 2325 5431 Quod
2346 5371 2528 5417 autem
2553 5361 2808 5417 mortales
2830 5360 3128 5416 secundum
3152 5354 3349 5428 corpus
3371 5358 3541 5413 creati
3562 5364 3687 5412 sunt

2102 5456 2275 5511 Adam
2306 5466 2359 5511 et
2390 5454 2535 5521 Eva,
2564 5463 2626 5508 ut
2645 5454 2793 5520 dixi,
2835 5453 2991 5509 testis
3026 5460 3111 5507 est
3147 5451 3359 5522 Moyses
3396 5464 3521 5506 cum
3560 5448 3691 5503 dicit

2105 5548 2256 5621 (Gen.
2283 5564 2342 5616 ιι,
2374 5548 2429 5618 8)
2467 5566 2480 5602 :
2516 5546 2581 5601 Et
2612 5546 2865 5617 plantavit
2894 5544 3037 5600 Deus
3081 5545 3385 5613 paradisum
3426 5547 3483 5598 in
3524 5544 3685 5599 Edent

2103 5643 2172 5696 nd
2206 5641 2500 5702 Orientem.
2534 5650 2581 5693 et
2601 5641 2768 5710 posuit
2792 5639 2864 5693 ibi
2892 5638 3149 5692 hominem
3171 5682 3186 5706 ,
3215 5653 3367 5707 quem
3395 5636 3690 5705 plasmauit.

2104 5732 2173 5789 Et
2206 5732 2453 5803 produxit
2482 5731 2656 5786 adhuc
2682 5734 2746 5785 de
2766 5740 2903 5786 terra
2926 5746 3075 5784 omne
3104 5730 3296 5800 lignum
3322 5729 3597 5801 pulchrum
3625 5726 3688 5776 ad

2104 5829 2288 5896 visum,
2317 5836 2362 5878 et
2391 5824 2577 5880 bonum
2606 5828 2672 5880 ad
2702 5825 2988 5892 edendum,
3014 5834 3061 5879 et
3085 5823 3282 5896 lignum
3309 5824 3422 5877 vita
3444 5822 3499 5876 iu
3534 5820 3690 5875 medie
