3948 6188
241 228 336 288 “9
409 224 716 287 DISSERT.
759 224 824 279 ν.
863 221 953 277 DE
991 215 1302 275 LIBELLIS
1337 209 1521 271 FIDE!
1558 196 1866 263 SCRIPTIS
1908 198 1995 253 AB
2036 193 2475 253 AUCTORIBUS
2516 190 2831 250 ".‘ERESIS
2870 186 3310 246 PELAGIANIE.
3385 185 3489 239 470

243 349 479 420 "mihi,
506 357 553 401 ει
578 347 769 418 tignum
793 341 862 395 ad
886 337 1289 411 cognoscendum
1315 334 1504 388 bonum
1522 338 1571 383 et
1590 326 1801 380 malum.
1835 324 1883 383 Α
1911 326 2151 420 vassent,
2212 330 2518 419 numquam
2554 313 2807 420 profecto,
2842 317 3149 416 gustassent
3198 316 3426 420 mortem
3472 322 3491 365 :

243 443 529 510 Numquam
560 440 699 493 enim
731 438 870 490 Deus
898 435 1099 502 lignum
1128 430 1252 485 vita
1292 428 1343 482 in
1373 424 1622 496 paradiso
1651 421 1803 491 plan-

241 543 409 597 tasset,
441 531 706 600 siquidem
732 529 900 583 Adam
923 523 1244 579 immortalis
1264 518 1561 576 secundum
1582 528 1799 568 carnem

240 633 436 679 creatus
477 621 690 677 fuisset.
718 620 931 674 Rursus
968 625 1143 670 autem
1180 615 1225 669 si
1256 613 1426 667 Adam
1467 618 1521 666 et
1550 610 1661 667 Eva
1705 608 1804 660 im-

240 715 482 769 mortales
512 721 695 768 essent
723 709 1021 766 secundum
1052 720 1270 761 carnem
1299 703 1488 765 creati,
1514 712 1802 767 numquam

240 808 500 862 audissent
542 820 572 858 a
604 806 751 860 Deo:
785 802 1006 858 Crescite
1039 809 1087 854 et
1130 796 1580 868 multiplicamini,
1619 801 1667 848 et
1701 793 1804 845 im-

241 902 358 968 plete
383 908 572 953 terram
607 896 759 968 (Gen.
785 896 959 966 1,28).
988 890 1239 963 Nam‘qui
1266 890 1613 957 manducare,
1641 895 1698 941 ct
1726 886 1805 941 bi-

242 997 381 1061 bere,
409 1002 463 1047 et
504 991 653 1045 coire
674 1032 689 1055 ,
724 1002 781 1045 et
808 1004 1081 1057 crescere,
1111 997 1166 1042 et
1194 997 1388 1040 terram
1418 983 1643 1052 implere
1667 980 1804 1050 jnssi

241 1097 371 1153 sunt,
399 1087 449 1140 lti
478 1086 696 1155 penitus
721 1082 1053 1138 immortales
1078 1094 1199 1135 esse
1228 1093 1332 1132 non
1366 1084 1630 1145 poterant.
1658 1074 1805 1127 Sicut

239 1181 384 1234 etiam
416 1177 681 1231 Dominus
712 1184 897 1229 noster
923 1174 1083 1228 Jesus
1100 1170 1346 1226 Christus
1375 1169 1573 1223 docens
1595 1163 1806 1221 Saddn-

241 1283 365 1323 veos
382 1267 597 1321 dicebat
619 1265 773 1336 (an.
800 1280 891 1329 xx,
918 1262 1007 1333 54)
1035 1280 1048 1316 :
1075 1261 1203 1316 Filii
1233 1260 1409 1316 saeculi
1432 1259 1583 1329 hujus
1607 1258 1804 1311 nubunt

243 1368 282 1411 et
307 1358 577 1410 traduntur
607 1356 675 1409 ad
705 1356 943 1424 nuptias;
974 1354 1054 1407 illi
1074 1369 1190 1406 vero
1217 1351 1302 1422 qui
1324 1350 1470 1421 digni
1491 1349 1804 1402 habebuntur

246 1447 409 1502 seculo
436 1445 532 1499 illo
563 1456 611 1500 et
639 1446 1006 1499 resurrectione
1031 1459 1093 1498 ea:
1117 1443 1366 1510 mortuis,
1397 1458 1560 1510 neque
1589 1441 1803 1505 nubent,

245 1555 385 1608 neque
404 1540 592 1592 ducent
626 1552 851 1601 uxores;
877 1552 1037 1607 neque
1061 1536 1194 1589 enim
1221 1535 1357 1589 ultra
1385 1534 1516 1587 mori
1543 1542 1801 1604 poterunt,

244 1630 441 1703 annales
465 1632 606 1685 enim
628 1629 826 1701 angelis
844 1636 982 1684 sunt.

301 1764 394 1819 init
439 1765 676 1819 mediam
724 1764 1011 1834 quamdam
1060 1762 1199 1817 viam
1252 1769 1394 1834 inter
1441 1760 1797 1834 AuguStiuutn

246 1837 529 1902 epinantetn
560 1832 769 1904 primos
800 1843 1046 1904 parentes
1070 1836 1137 1887 ah
1162 1833 1313 1887 initio
1334 1832 1614 1887 donandus
1635 1849 1663 1885 a
1689 1833 1799 1887 Deo

246 1908 656 1969 inmortalitate,
687 1922 791 1973 qua
823 1905 1085 1973 spoliandi
1117 1904 1294 1959 forent
1321 1906 1363 1957 si
1396 1914 1713 1972 peccat-ent.
1746 1912 1801 1957 et

246 1978 527 2032 Celestiutn
571 1978 972 2032 existimantem
1014 1991 1107 2029 eos
1152 1976 1265 2028 sive
1302 1984 1650 2042 peccassent.
1689 1974 1801 2028 sive

248 2064 332 2100 run
361 2056 700 2116 peccassent,
734 2049 1057 2112 morituros;
1091 2046 1252 2100 sentit
1275 2047 1416 2100 enim
1443 2044 1697 2116 mortales
1726 2045 1802 2098 fa-

249 2127 369 2183 ctos;
397 2120 489 2174 sed
519 2121 566 2173 si
598 2133 707 2172 non
739 2130 1069 2187 peccassent,
1106 2133 1226 2171 cunt
1254 2118 1435 2187 visum
1454 2115 1644 2169 fuisset
1667 2115 1797 2181 Deo,

247 2188 288 2241 in
313 2191 478 2244 sedem
506 2186 932 2243 immortalitatis
959 2187 1382 2241 transferendos;
1411 2186 1540 2252 Qu:e
1578 2194 1801 2240 senten—

249 2259 307 2312 tia
344 2262 530 2327 placuit
569 2261 757 2313 multis
788 2260 1138 2312 Orientalium
1184 2259 1411 2325 partium
1444 2257 1715 2321 l’atrihus,
1747 2268 1803 2310 et

249 2342 427 2399 arrepta
469 2340 553 2385 est
596 2348 630 2383 a
668 2330 1071 2399 Pelagianorum
1116 2329 1406 2394 nonnullis,
1440 2338 1623 2382 contra
1665 2342 1803 2399 quos

246 2395 546 2467 Augustinus
580 2395 823 2470 disputat
848 2400 1041 2471 (Serm.
1072 2400 1107 2452 2
1133 2401 1193 2453 de
1224 2398 1400 2453 Verbis
1428 2400 1606 2468 Apost.
1635 2415 1682 2451 c.
1701 2395 1758 2468 6)
1784 2415 1798 2452 :

247 2485 332 2526 nec
354 2473 655 2535 iunnerito,
686 2486 805 2525 cum
835 2471 958 2525 inde
986 2478 1242 2538 sequatur
1272 2477 1497 2523 mortem
1540 2485 1642 2521 non
1680 2484 1802 2523 esse

247 2544 424 2605 peccati
446 2542 802 2611 pinnam,st
826 2543 1282 2597 immortalitatem
1313 2541 1365 2595 itt
1388 2542 1670 2610 prmtnium
1696 2539 1805 2594 vir-

246 2613 352 2668 tutis
372 2614 505 2669 dari.

303 2770 383 2826 50.
412 2769 717 2825 Probatum
751 2778 834 2826 est
872 2770 1225 2838 sufﬁcienter,
1258 2778 1317 2826 ut
1354 2786 1498 2838 reor,
1530 2768 1802 2826 hominem

245 2861 519 2934 secundum
555 2877 781 2917 carnem
822 2872 1059 2917 creatum
1103 2878 1221 2918 esse
1261 2865 1537 2919 mortalem
1561 2907 1575 2933 ,
1618 2874 1805 2932 aperte

249 2954 449 3010 Domino
485 2955 760 3020 docente,
802 2955 1060 3009 mortales
1096 2971 1218 3010 esse
1255 2971 1349 3012 eos
1388 2958 1476 3027 qui
1519 2958 1663 3012 coitu
1712 2959 1805 3013 tali

248 3047 532 3118 nuptiisqne
578 3048 854 3101 lmtantur.
886 3045 1039 3102 Unde
1067 3047 1282 3113 Enoch,
1312 3048 1403 3118 qui
1445 3049 1645 3118 placuit
1672 3052 1801 3115 Deo,

245 3146 496 3207 postquam
541 3137 781 3193 diversis
821 3153 889 3192 ex
929 3136 1189 3194 uxoribus
1237 3138 1436 3194 liberos
1482 3142 1804 3210 procreavit,

248 3232 516 3288 translatus
539 3241 653 3298 est,
682 3238 742 3285 ut
770 3240 1000 3287 mortem
1033 3234 1248 3301 penitus
1268 3248 1378 3288 non
1406 3233 1635 3299 videret,
1667 3235 1807 3290 sicut

245 3323 381 3378 etiam
402 3325 593 3380 beatus
616 3324 813 3379 Paulus
838 3325 1078 3380 llebrteis
1102 3327 1344 3382 scribens
1366 3327 1494 3382 dicit
1520 3325 1704 3397 (Hebr.
1727 3344 1802 3396 ιιι,

247 3416 299 3483 5)
330 3433 345 3468 :
382 3415 512 3471 Fide
546 3414 741 3471 Enoclt
781 3414 1057 3473 translatus
1092 3428 1201 3486 est,
1241 3437 1303 3473 ne
1339 3422 1524 3475 videret
1559 3433 1803 3488 mortem;

247 3523 344 3558 nam
369 3517 480 3562 ante
510 3509 908 3563 translationem
933 3508 1042 3565 Deo
1082 3510 1337 3580 placuisse
1375 3514 1682 3581 perhibetur.
1714 3514 1804 3570 Sic

247 3599 381 3665 igitur
403 3615 697 3670 possumus
724 3600 906 3657 dicere
936 3602 1099 3658 etiam
1124 3604 1192 3659 de
1214 3603 1383 3659 Adam
1414 3613 1467 3660 et
1496 3607 1625 3672 Eva,
1660 3606 1803 3675 quod

246 3692 280 3741 si
315 3700 639 3767 praeceptum
682 3690 776 3747 Dei
815 3692 1233 3763 mandatumque
1271 3703 1610 3761 servassent,
1639 3698 1799 3750 etiam

246 3790 348 3846 pust
383 3782 683 3838 liberorum
730 3785 1187 3853 procreationem,
1216 3795 1427 3854 gustato
1467 3786 1615 3853 ligno
1654 3786 1797 3856 vitm,

244 3866 553 3930 immortales
592 3873 793 3944 jugiter
834 3876 1288 3944 permansissent,
1333 3892 1443 3931 non
1487 3886 1708 3947 egentes
1746 3878 1799 3932 in

245 3973 490 4028 posterum
522 3964 724 4032 victus,
757 3974 811 4019 et
842 3965 1182 4032 incrementi,
1214 3967 1301 4022 vel
1329 3968 1657 4037 nuptiarum.

303 4054 384 4109 Sin
411 4072 542 4113 vero
566 4056 812 4127 quidam,
836 4057 1104 4125 imperitia
1125 4060 1288 4130 capti,
1318 4060 1371 4115 in
1399 4060 1587 4117 eadem
1619 4074 1801 4131 perse—

246 4157 409 4202 verant
445 4150 696 4205 dicentes
735 4149 876 4219 quod
916 4150 1085 4204 Adam
1113 4160 1167 4205 et
1196 4152 1304 4205 Eva
1325 4193 1342 4217 ,
1372 4152 1536 4213 semel
1578 4160 1799 4222 accepta

247 4234 435 4295 licentia
464 4240 791 4296 comedendi
819 4241 887 4296 de
912 4242 1057 4295 omni
1086 4242 1231 4312 ligno
1252 4243 1393 4312 quod
1424 4252 1539 4297 erat
1568 4243 1625 4297 in
1648 4257 1801 4310 para-

247 4328 363 4397 diso,
391 4344 591 4398 prater
630 4347 791 4385 unum
836 4340 1038 4387 tantum
1072 4333 1211 4401 quod
1239 4348 1267 4386 a
1299 4334 1410 4388 Deo
1439 4334 1609 4388 fuerat
1634 4334 1800 4389 inter-

245 4418 441 4490 dctum,
463 4439 589 4478 ctnn
622 4423 766 4478 inter
791 4425 969 4479 omnia
996 4425 1159 4479 etiam
1196 4424 1266 4479 de
1295 4425 1440 4494 ligno
1478 4428 1605 4480 vitae
1643 4442 1791 4481 cont—

244 4514 945 4592 edissent,immortalitatcm
970 4516 1245 4572 consecuti
1273 4518 1405 4583 sint,
1421 4517 1628 4573 discant
1652 4519 1794 4587 quod

245 4607 319 4673 qui
362 4609 679 4664 immortalis
731 4610 899 4663 factus
945 4616 1031 4664 est
1073 4610 1194 4663 cibo
1240 4609 1452 4679 penitus
1501 4626 1606 4663 non
1653 4618 1795 4679 eget.

245 4697 391 4752 Adam
422 4700 585 4769 igitur
612 4709 669 4754 et
696 4700 802 4753 Eva
830 4741 845 4768 ,
872 4700 1135 4770 siquidem
1165 4701 1498 4756 immortales
1537 4703 1795 4755 naturali-

245 4795 313 4841 ter
342 4802 555 4859 essent,
592 4807 877 4861 numquam
921 4793 989 4847 de
1030 4792 1173 4862 ligno
1214 4801 1553 4862 gustassent,
1584 4794 1727 4863 quod
1767 4808 1798 4847 a

247 4879 341 4934 Deo
367 4882 691 4951 prohibitum
718 4883 911 4948 fuerat,
935 4884 1131 4953 quippe
1149 4898 1271 4938 cum
1302 4886 1631 4939 immortales
1655 4885 1797 4940 desi-

244 4970 424 5026 derium
453 4989 595 5029 esca
625 4989 730 5027 non
752 4973 1007 5042 habeant,
1038 4973 1175 5029 sicut
1202 4975 1363 5029 etiam
1388 4974 1574 5029 beatus
1596 4975 1795 5030 Paulus

245 5070 447 5117 testatur
476 5065 579 5119 hoc
606 5064 766 5120 modo
791 5081 805 5119 :
839 5064 961 5119 Non
987 5072 1061 5119 est
1087 5082 1299 5134 regnum
1330 5063 1427 5119 Dei
1456 5067 1597 5119 cibtts
1622 5075 1669 5120 et
1700 5084 1795 5135 po-

245 5160 309 5204 hu
337 5155 509 5224 (Rom.
541 5174 652 5226 xiv,
692 5160 804 5230 i7).
846 5157 1088 5228 Regnum
1127 5169 1305 5213 autem
1352 5159 1443 5215 Dei
1486 5161 1791 5215 mortalium

243 5257 333 5297 non
362 5254 459 5312 est,
490 5249 585 5302 sed
614 5249 1015 5315 immortalium,
1047 5250 1185 5304 sicut
1214 5251 1375 5305 etiam
1405 5250 1661 5305 Dominus
1691 5268 1792 5304 no-

242 5344 337 5389 ater
355 5337 507 5395 Jesus
536 5340 783 5397 Christus
809 5342 993 5397 docuit
1016 5342 1200 5399 dicens
1228 5343 1381 5415 (Luc.
1404 5360 1499 5409 xx,
1520 5343 1610 5415 55)
1642 5362 1654 5397 :
1691 5345 1793 5411 Qui

241 5438 392 5484 autent
410 5434 554 5507 digni
583 5436 899 5492 habebuntur
927 5438 1117 5491 surculo
1143 5436 1236 5492 illo
1265 5445 1312 5492 et
1334 5439 1701 5493 resurrectione
1729 5455 1792 5493 ex

241 5523 460 5589 mortuis,
502 5542 659 5598 neque
698 5528 911 5595 nubent,
956 5545 1117 5599 neque
1153 5528 1336 5583 ducent
1376 5545 1582 5585 uxores.
1614 5528 1793 5600 Neque

241 5612 356 5663 enim
376 5614 508 5669 ultra
534 5620 658 5673 mori
679 5629 918 5690 poterunt
937 5662 950 5684 ,
975 5622 1196 5691 cequales
1223 5622 1357 5675 enim
1383 5623 1580 5694 angelis
1605 5633 1742 5677 sunt.

301 5699 463 5761 Atiam
492 5708 646 5777 igitur
672 5722 725 5769 et
755 5712 887 5779 Eva,
918 5710 1180 5780 siquidem
1222 5712 1529 5771 mandatum
1556 5716 1647 5772 Dei
1676 5731 1788 5773 scr-

1908 413 2160 467 ntandato
2187 419 2366 464 autem
2382 408 2621 463 .tninime
2634 415 2869 472 servato,
2893 420 2999 460 non
3016 420 3081 459 ex
3104 401 3492 458 immortalibus

1908 502 2164 557 mortales
2189 499 2309 554 facti
2335 509 2489 563 sunt;
2513 497 2604 552 sed
2624 513 2747 550 cunt
2773 496 3025 551 mortales
3043 502 3251 559 essent,
3266 492 3496 562 promis-

1906 608 1965 647 sa
1996 592 2098 646 sibi
2127 608 2154 644 a
2200 592 2308 644 Deo
2339 589 2746 645 immortalitate
2795 588 3118 656 semetipsos
3160 586 3492 641 alienarunt.

1908 682 2061 740 ‘Jnde
2085 681 2255 738 Adam
2287 681 2492 751 audivit
2513 695 2542 734 a
2572 680 2683 734 Deo
2715 677 2869 750 (Gen.
2902 694 2981 743 nt,
3012 678 3131 747 19):
3162 676 3323 731 Terra
3346 692 3422 742 es,
3447 685 3495 728 et

1908 775 1964 828 in
1995 782 2181 827 terram
2212 773 2339 839 ibis;
2370 771 2423 826 id
2465 778 2586 826 est:
2624 770 3001 839 Corruptibilis
3031 784 3111 832 es,
3146 777 3201 823 et
3224 770 3276 822 in
3309 782 3495 823 corru-

1911 863 2109 934 ptelam
2142 863 2276 927 ibis;
2326 877 2446 917 cum
2475 861 2588 931 jam
2630 861 2881 931 indignus
2921 870 3064 915 esset
3093 859 3160 914 de
3188 861 3330 929 ligno
3369 860 3494 912 vitae

1908 954 2255 1019 manducare,
2294 964 2348 1009 et
2403 960 2663 1023 perpetuo
2711 954 2915 1007 vivere.
2963 951 3030 1006 Ut
3078 963 3256 1005 autem
3305 964 3494 1005 rursus

1907 1045 2113 1111 dicam,
2135 1044 2281 1114 quod
2327 1043 2497 1099 Adam
2525 1054 2582 1098 et
2613 1044 2742 1110 Eva,
2774 1042 2819 1096 sl
2852 1042 2906 1095 in
2930 1040 3199 1095 servando
3243 1040 3493 1095 mandato

1909 1137 2003 1193 Dei
2049 1144 2527 1207 perseverassent,
2580 1151 2690 1189 non
2746 1134 3063 1189 habuissent
3110 1133 3493 1187 discretionem

1908 1227 2268 1283 manducandi
2307 1227 2374 1281 de
2405 1226 2549 1295 ligno
2581 1226 2726 1291 vitae,
2758 1239 2928 1295 usque
2971 1224 3037 1278 ad
3076 1224 3206 1278 illud
3246 1222 3495 1279 videlicet

1909 1330 2119 1390 tempus
2140 1334 2247 1389 quo
2279 1320 2415 1375 Deus
2443 1318 2574 1388 ipsis
2600 1318 2943 1372 revelaturus
2969 1325 3105 1371 erat.
3137 1316 3249 1384 Qua
3273 1330 3337 1370 ex
3364 1330 3495 1370 cau-

1908 1428 1967 1467 sa
1997 1413 2161 1468 etiam
2187 1427 2217 1466 a
2249 1412 2460 1466 caeteris
2492 1410 2652 1480 lignis
2695 1408 2871 1464 fuerat
2915 1419 3245 1477 separatum,
3274 1423 3397 1463 cum
3439 1408 3492 1462 iit

1908 1503 2087 1558 medio
2139 1511 2285 1559 esset
2340 1502 2574 1571 paradisi
2612 1502 2876 1571 positum,
2926 1500 3019 1555 ubi
3072 1500 3233 1555 etiam
3292 1499 3493 1569 lignum

1904 1597 2039 1652 illud
2086 1596 2229 1667 quod
2275 1594 2558 1650 scientiam
2609 1593 2845 1649 habebat
2882 1594 3008 1648 boni
3046 1602 3100 1648 et
3150 1593 3275 1647 mali
3324 1593 3494 1647 fuerat

1906 1689 2278 1755 constitutum,
2304 1696 2363 1742 ut
2386 1686 2728 1742 interdictum
2762 1685 2961 1755 lignum
2999 1694 3220 1754 tangere
3243 1694 3491 1739 metuen-

1906 1786 2009 1844 tes,
2041 1780 2202 1834 etiam
2242 1770 2277 1832 la
2322 1778 2473 1833 licito
2523 1783 2780 1831 caverent
2826 1776 3175 1830 manducare.
3204 1775 3337 1829 Nam
3390 1774 3491 1829 hoc

1901 1870 2062 1923 etiam
2097 1871 2236 1924 Deus
2262 1881 2447 1938 aperte
2478 1869 2680 1938 docuit,
2700 1869 2885 1924 dicens
2907 1865 3073 1939 (Gen.
3102 1884 3181 1936 nt,
3205 1866 3296 1937 '22)
3323 1886 3334 1920 :
3357 1866 3491 1920 Ecce

1903 1962 2073 2015 Adam
2099 1963 2265 2032 factus
2293 1972 2365 2016 est
2387 1964 2534 2034 quasi
2559 1979 2688 2017 unus
2717 1979 2781 2016 ex
2809 1962 2953 2017 nobis
2981 1962 3049 2016 ad
3079 1961 3489 2034 cognoscendum

1902 2052 2087 2106 bonum
2129 2062 2173 2107 et
2204 2054 2416 2107 malum.
2453 2053 2522 2107 Et
2551 2070 2688 2107 nunc
2715 2070 2776 2107 ne
2803 2057 2934 2124 forte
2969 2052 3142 2107 tendat
3178 2068 3407 2119 manum,
3441 2060 3490 2106 ct

1903 2144 2049 2198 tollat
2079 2144 2141 2197 de
2170 2145 2308 2214 ligno
2337 2145 2471 2211 vitae,
2494 2153 2543 2198 et
2587 2144 2842 2211 comedat,
2868 2153 2917 2199 et
2955 2145 3088 2198 vivat
3127 2146 3179 2197 in
3218 2153 3484 2198 internum.

1902 2235 1957 2290 in
1984 2250 2091 2305 quo
2114 2234 2250 2291 dixit
2280 2235 2420 2290 Deus
2449 2253 2460 2288 :
2496 2233 2630 2289 Ecce
2658 2237 2824 2305 [actus
2850 2245 2925 2290 est
2960 2250 3271 2305 cognoscens
3298 2234 3487 2288 bonum

1902 2335 1950 2381 et
1979 2328 2191 2396 malum,
2223 2334 2269 2380 et
2311 2343 2446 2381 nunc
2475 2343 2536 2381 ne
2564 2330 2696 2398 forte
2742 2326 2915 2381 tendat
2962 2342 3203 2391 manum;
3250 2326 3487 2381 ostendit

1902 2420 2042 2489 quod
2090 2430 2375 2489 antequam
2423 2421 2771 2489 experiretur
2822 2419 2950 2474 mali
3006 2419 3320 2486 scientiam,
3374 2435 3484 2475 non

1905 2522 2115 2582 poterat
2165 2529 2231 2568 ex
2271 2513 2560 2584 semetipso
2592 2512 2902 2584 intelligens
2940 2522 3218 2583 acceptum
3244 2512 3312 2569 de
3339 2513 3484 2583 ligno

1905 2608 2026 2662 vitae
2053 2622 2288 2663 sumere.

1974 2722 2272 2778 Artiﬁciosa
2286 2723 2541 2792 declinat,
2557 2739 2654 2793 per
2665 2724 3093 2795 occupationem,
3108 2732 3483 2795 argumentum

1907 2807 2013 2861 quo
2062 2810 2128 2848 ex
2179 2795 2494 2849 verecundia
2543 2798 2834 2863 primorum
2881 2797 3153 2851 hominum
3186 2797 3484 2866 probabant

1906 2866 2156 2918 catholici
2187 2875 2493 2935 corruptam
2524 2866 2686 2922 fuisse
2722 2875 2944 2935 peccato
2985 2877 3249 2932 naturam,
3278 2882 3400 2921 cum
3430 2867 3482 2921 in

1908 2935 2163 3006 operibus
2190 2936 2282 2989 Dei
2314 2952 2408 3005 per
2448 2952 2505 2991 se
2533 2937 2684 3003 nihil,
2722 2948 2778 2991 ut
2812 2940 2888 2993 ait
2916 2938 3244 3006 Augustinus
3277 2937 3413 3005 (Lib.
3448 2952 3484 2992 ιι

1909 3006 1972 3059 de
2016 3005 2180 3074 Napi.
2225 3016 2272 3059 et
2322 3006 2549 3072 Concup.
2583 3023 2632 3061 c.
2676 3005 3217 3073 9),erubescendum
3266 3010 3481 3063 existat.

1835 3090 1879 3153 ρ
1914 3075 2045 3129 Dicit
2076 3092 2181 3130 non
2224 3077 2506 3131 erubuisse
2536 3078 2829 3153 nuditatem
2861 3094 3011 3153 suam
3064 3080 3266 3153 primos
3304 3080 3481 3133 homi-

1914 3160 2032 3213 nes,
2066 3161 2186 3218 cum
2241 3163 2304 3201 eo
2350 3157 2491 3201 statu
2542 3148 2716 3202 forent
2745 3164 2849 3218 quo
2882 3149 3111 3203 infantes
3158 3150 3482 3216 impotentes

1910 3217 2238 3286 generandi;
2263 3219 2542 3272 erubuisse
2577 3234 2702 3273 vero
2739 3217 2945 3286 postea,
2978 3234 3098 3273 cum
3155 3230 3344 3273 natura
3392 3234 3484 3273 co-

1910 3289 2069 3341 eundi
2110 3289 2458 3354 cupiditatem
2504 3289 2855 3346 adultioribus
2897 3288 3257 3344 indiditJlrec
3300 3290 3485 3356 opinio

1910 3359 2149 3426 pluribus
2193 3359 2546 3414 Orientalium
2587 3361 2808 3429 placuit,
2838 3369 2891 3415 et
2924 3376 2952 3413 a
3002 3360 3301 3429 Pelagianis
3334 3373 3483 3429 post-

1909 3429 2125 3483 modum
2168 3430 2386 3484 defensa
2423 3438 2526 3493 est,
2557 3432 2621 3485 ad
2662 3431 3055 3501 infringendam
3094 3431 3480 3487 catholicorum

1908 3502 2192 3554 rationem.
2227 3501 2359 3554 Vide
2401 3502 2659 3569 prolixam
2703 3502 2802 3557 hac
2851 3503 2917 3557 de
2974 3518 3029 3557 re
3072 3504 3479 3556 altercationem

1906 3569 2103 3624 Juliani
2134 3581 2187 3625 et
2220 3573 2514 3643 Augustini
2550 3571 2684 3643 (Lib.
2722 3587 2759 3626 tt
2811 3572 2912 3641 0p.
2945 3572 3213 3643 Impia/2).
3241 3574 3477 3626 Observa

1906 3655 2117 3710 quoque
2144 3642 2311 3695 videri
2339 3642 2609 3695 Jttlianum
2646 3642 2782 3694 libro
2815 3648 2974 3698 tertio
3010 3646 3204 3711 prioris
3232 3647 3312 3697 sui
3339 3644 3483 3708 Ope-

1904 3712 1981 3783 ris
2010 3721 2197 3766 contra
2233 3712 2590 3780 Augustinum
2621 3711 2812 3766 eadem
2843 3713 2954 3768 fere
2984 3724 3326 3783 prosecutum
3362 3732 3482 3781 qth

1909 3782 2159 3855 lintinus,
2188 3793 2247 3855 ut
2268 3791 2484 3855 constat
2512 3798 2582 3838 ex
2611 3785 2960 3852 responsione
2987 3783 3269 3854 Augustini
3298 3784 3481 3855 (Lib.v

1904 3850 2101 3905 advers.
2128 3851 2379 3923 Iuliam).

1973 3962 2061 4018 51.
2097 3963 2164 4019 Et
2189 3980 2293 4037 non
2326 3965 2540 4032 mirum,
2575 3981 2697 4021 cum
2728 3966 2891 4022 etiam
2921 3966 3095 4022 Adam
3123 3967 3339 4034 dixerit,
3360 3983 3480 4021 cum

1900 4054 1969 4110 de
1992 4056 2537 4127 ttxorerpmphetaret
2560 4058 2662 4114 hoc
2691 4058 2852 4114 modo
2888 4076 2900 4112 :
2938 4057 3351 4113 Hcecvocabitur
3372 4075 3483 4111 mu-

1900 4143 2017 4213 lier,
2049 4147 2169 4215 quia
2194 4165 2257 4201 ea:
2286 4150 2393 4203 viro
2430 4166 2524 4204 suo
2555 4158 2761 4220 sumpta
2787 4159 2892 4217 est;
2923 4158 2970 4205 et
2997 4159 3200 4223 propter
3220 4149 3314 4204 hoc
3339 4150 3483 4203 dere-

1902 4236 2091 4305 linquet
2132 4236 2284 4292 homo
2333 4250 2529 4309 patrem
2559 4250 2606 4293 et
2642 4250 2882 4306 matrem,
2914 4250 2961 4294 et
2999 4241 3276 4297 adlrarebit
3307 4242 3479 4308 uxori,

1900 4338 1948 4380 et
1987 4336 2135 4381 erunt
2180 4330 2327 4383 ambo
2368 4331 2422 4384 in
2468 4346 2623 4385 carne
2661 4349 2764 4386 una
2799 4331 2962 4405 (Gen.
2988 4351 3047 4404 tt,
3089 4334 3202 4407 23),
3236 4335 3351 4392 Non
3395 4356 3481 4395 so-

1902 4416 2009 4472 lum
2038 4417 2157 4483 hoc,
2184 4419 2288 4474 sed
2308 4422 2467 4475 etiam
2496 4435 2615 4476 cum
2657 4423 2933 4480 audissent
2962 4426 3131 4481 Deum
3166 4428 3270 4483 sibi
3299 4430 3482 4486 dicen-

1904 4518 2009 4564 tem
2042 4510 2213 4565 Adam
2239 4519 2295 4567 et
2322 4511 2431 4566 Eva
2462 4530 2477 4568 :
2513 4510 2734 4567 Crescite
2762 4524 2810 4569 et
2831 4516 3272 4588 multiplicamini,
3303 4530 3350 4575 et
3380 4522 3483 4575 int-

1900 4604 2032 4670 plete
2077 4612 2269 4658 terram
2300 4603 2461 4673 (Gen.
2486 4620 2526 4672 ι,
2555 4606 2677 4676 28);
2715 4618 2839 4663 ante
2880 4609 3321 4678 inobedientiam,
3353 4614 3481 4682 quid

1899 4704 2046 4751 esset
2071 4695 2365 4752 liberorum
2389 4698 2745 4753 creandorum
2776 4700 3062 4769 cupiditas,
3087 4703 3302 4771 penitus
3331 4704 3480 4773 igno-

1900 4789 2109 4843 rabant.
2142 4788 2280 4844 Dicit
2300 4789 2442 4845 enim
2474 4790 2688 4862 Moyses
2722 4807 2735 4843 :
2763 4789 2932 4845 Erant
2961 4800 3131 4845 autem
3155 4793 3302 4847 ambo
3324 4795 3477 4861 nudi,

1901 4889 2007 4935 tam
2030 4881 2223 4948 Adam,
2246 4897 2407 4952 quam
2432 4898 2568 4937 uxor
2593 4882 2730 4952 ejus,
2760 4890 2807 4936 et
2827 4899 2930 4936 non
2950 4883 3303 4937 erubescebant
3323 4883 3473 4956 (Gen.

1901 4990 1960 5039 tt,
1990 4975 2108 5046 25).
2142 4975 2256 5030 Non
2284 4975 2493 5047 Moyses
2516 4975 2617 5031 hoc
2648 4975 2804 5041 dixit,
2836 4977 2985 5047 quasi
3018 4976 3115 5044 illi,
3140 4977 3477 5033 incontinen-

1902 5068 1987 5122 tia:
2017 5069 2261 5123 caecitate
2285 5068 2522 5137 decepti,
2550 5070 2807 5138 pudorem
2837 5079 3160 5139 spernerent
3184 5070 3473 5139 nuditatis;

1898 5159 1991 5212 sed
2020 5159 2255 5213 ostendit
2293 5174 2387 5215 eos
2434 5169 2702 5231 tamquam
2735 5158 2966 5216 infantes
3000 5162 3229 5218 necdum
3270 5163 3478 5233 cupidi-

1900 5260 2061 5306 tatem
2106 5252 2338 5307 coeundi
2386 5253 2604 5308 habere.
2635 5253 2784 5309 Unde
2814 5260 2931 5323 post
2974 5254 3473 5323 praevaricationem

1897 5343 2139 5399 nuditate
2182 5352 2485 5414 perSpecta,
2539 5358 2645 5398 non
2692 5342 2855 5399 totius
2905 5343 3026 5398 dico
3069 5346 3333 5415 corporis,
3379 5345 3475 5401 sed

1893 5434 2038 5497 illius
2070 5437 2239 5505 partis
2276 5450 2433 5506 quam
2469 5434 2633 5491 etiam
2670 5432 2861 5499 Cham,
2890 5434 3003 5490 Noe
3033 5434 3359 5500 dormiente,
3388 5437 3472 5491 vi-

1894 5527 2067 5594 derat,
2101 5537 2227 5581 tunc
2258 5527 2475 5582 demum
2506 5525 2858 5582 creandorum
2891 5526 3183 5583 liberorum
3205 5527 3473 5597 cupidita-

1897 5628 2001 5674 tem
2024 5618 2223 5688 adepti,
2254 5629 2307 5673 et
2331 5619 2689 5689 intelligentcs
2713 5618 3010 5678 nuditatem
3038 5636 3214 5691 suam,
3244 5620 3475 5675 ﬁcorum

1896 5714 2037 5771 foliis
2064 5712 2298 5770 verenda
2334 5719 2605 5770 texerunt.
