3948 6188
421 282 520 338 ΠΙ

858 285 952 339 AD
987 283 1267 340 PARTEM
1307 285 1575 341 PRIMAM
1614 285 1898 342 OPEllUM
1939 286 1985 341 M

2104 286 2488 344 ERCATOIHS
2527 287 2876 345 ΔΡΡΕΝΒΙΣ.
2911 287 3254 346 SECUNDA.

3588 293 3701 348 472

488 396 578 455 3‘2.
610 399 752 455 Deus
796 401 959 470 igitur
988 401 1276 456 consulens
1319 401 1650 470 hominibus,
1680 419 1801 460 cum
1833 404 2000 459 sciret
2027 404 2076 464 Α
2105 411 2161 455 ιιι
2185 417 2374 458 omnes
2400 402 2541 460 hanc
2563 405 2726 460 vitam
2761 418 3082 475 spernerent
3108 410 3482 480 temporalem,
3508 410 3699 479 utique

419 505 516 546 eos
560 492 627 548 ad
675 493 933 548 malitiam
967 505 1191 561 pronos,
1217 502 1271 548 et
1299 495 1636 564 voluptatum
1680 511 1742 551 ac
1783 496 2002 552 deside-

418 584 621 639 riorum
651 583 831 639 carnis
859 593 1158 651 amatores,
1191 595 1245 640 et
1289 587 1452 642 vellet
1491 587 1557 642 ad
1605 589 1882 643 honestam
1910 604 2003 654 ιιο-

419 677 526 731 tius
555 689 810 731 revocare
855 675 1133 745 virtutem,
1177 677 1304 732 sinit
1350 695 1520 749 usque
1562 680 1629 735 ad
1663 692 1872 750 tempus
1898 681 1999 736 ali-

415 766 556 836 quod
586 765 941 822 dominationi
995 771 1186 824 mortis
1229 771 1423 839 addici,
1456 773 1652 844 quippe
1695 788 1816 830 cum
1868 775 2000 830 nihil

414 857 563 913 aliud
591 868 777 914 nosset
805 869 911 914 tam
935 859 1092 916 facile
1113 861 1357 918 homines
1385 879 1639 921 coercere
1661 881 1820 935 posse
1841 881 1998 933 quam

414 960 676 1017 mortem;
729 952 920 1008 mortis
976 955 1118 1008 enim
1179 965 1325 1010 metu
1382 957 1701 1026 plerumque
1764 962 1916 1014 multi
1969 978 1998 1016 a

415 1041 620 1096 malitia
648 1045 858 1110 penitus
889 1045 1162 1101 abstinere
1188 1059 1502 1102 noscuntur.
1530 1049 1685 1106 Un'de
1717 1053 1997 1108 mundana

415 1131 562 1200 leges
610 1145 719 1185 non
769 1131 924 1187 aliter
955 1145 1179 1202 possunt
1228 1137 1486 1208 pleraque
1536 1140 1816 1196 hominum
1865 1143 1995 1199 vitia

415 1235 687 1288 resecare,
721 1224 822 1278 nisi
856 1223 1295 1283 interminatione
1334 1231 1524 1284 mortis
1553 1240 1608 1286 et
1637 1247 1842 1301 pietate;
1877 1251 1994 1289 om-

413 1328 510 1369 nes
558 1315 701 1369 enim
745 1315 968 1386 hujusce
1021 1319 1147 1373 vitae
1187 1324 1488 1378 communis
1536 1339 1721 1382 amore
1766 1327 1994 1396 detenti,

411 1415 606 1460 cavent
637 1416 981 1476 peccatorum
1021 1421 1277 1478 praestare
1322 1428 1536 1481 Causas,
1575 1432 1641 1472 ne
1671 1433 1856 1476 carere
1907 1436 1994 1488 ea,

413 1497 793 1569 delinquentes
823 1503 1041 1571 propria
1074 1505 1368 1576 voluntate,
1401 1523 1680 1580 cogantur.

484 1590 600 1647 Non
625 1592 792 1663 igitur
811 1594 1120 1653 hominibus
1147 1609 1374 1656 mortem
1405 1603 1583 1658 datam
1607 1621 1707 1675 pro
1731 1609 1991 1663 malorum

411 1684 528 1738 vice
584 1685 836 1753 dicimus,
888 1688 1028 1744 sicut
1077 1692 1468 1750 ratiocinantur
1519 1699 1742 1767 indocti,
1792 1701 1886 1756 sed
1926 1703 1992 1758 ad

2107 495 2186 551 sic
2223 494 2414 552 dicens
2444 515 2458 551 :
2492 499 2753 553 Audentes
2783 499 2943 567 igitur
2971 516 3194 570 semper,
3220 513 3267 555 et
3299 502 3537 568 scientes,
3566 518 3698 572 quo-

2104 589 2244 641 niam
2273 589 2396 642 dum
2429 606 2604 646 sumus
2633 592 2689 646 in
2726 608 2960 664 corpore,
2989 595 3377 664 peregrinantur
3404 613 3439 650 a
3469 596 3699 654 Domino

2105 679 2174 752 (ll
2196 678 2318 735 Cor.
2341 695 2394 746 ν,
2423 680 2501 751 6).
2527 681 2684 738 Unde
2716 685 3052 754 peregrinari
3091 686 3280 742 volens
3309 703 3340 742 a
3365 702 3618 758 corpore,
3640 698 3699 752 et

2107 769 2267 826 finem
2297 771 2581 841 imponere
2615 789 2911 843 properans
2939 777 3224 831 certamini
3255 793 3379 845 suo,
3400 789 3456 835 et
3487 780 3694 851 inprae-

2103 864 2403 920 sentiarum
2464 880 2586 920 esse
2653 870 2878 936 cupiens
2934 869 3078 938 apud
3123 871 3313 941 Deum,
3365 873 3695 930 vociferatur

2102 955 2286 1010 dicens
2343 956 2410 1028 (ll
2459 957 2596 1012 Tim.
2633 973 2711 1028 tv,
2738 959 2795 1030 6)
2827 958 2979 1032 :Ego
3019 963 3155 1016 enim
3191 967 3308 1036 jam
3373 967 3593 1035 delibor,
3645 979 3697 1023 et

2101 1054 2296 1117 tempus
2332 1049 2661 1102 resolutionis
2697 1067 2823 1105 mea:
2856 1052 3036 1106 instat.
3070 1051 3340 1110 Certamen
3369 1056 3554 1113 bonum
3577 1075 3696 1114 cer-

2099 1139 2222 1204 taui,
2271 1154 2478 1193 cursum
2519 1143 2889 1208 consummavi,
2938 1144 3098 1212 [idem
3139 1147 3358 1216 servavi,
3387 1150 3439 1202 in
3488 1150 3698 1218 reliqua

2099 1230 2322 1300 reposita
2367 1241 2442 1290 est
2481 1233 2607 1286 mihi
2636 1235 2862 1304 justitia:
2901 1253 3112 1302 corona,
3142 1255 3296 1309 quant
3332 1241 3509 1294 reddet
3559 1243 3694 1297 mihi

2102 1320 2356 1377 Dominus
2398 1325 2453 1378 in
2495 1325 2585 1378 illa
2626 1325 2708 1380 die
2730 1328 2901 1396 justus
2937 1331 3136 1398 judex;
3163 1348 3265 1384 non
3306 1334 3474 1390 solum
3516 1348 3694 1390 autem

2098 1415 2245 1480 mihi,
2274 1416 2363 1471 sed
2389 1427 2436 1471 et
2466 1419 2700 1473 omnibus
2723 1421 2811 1490 qui
2839 1420 3064 1492 diligunt
3087 1425 3358 1479 adventum
3386 1430 3514 1498 ejus.
3539 1429 3694 1485 Solet

2097 1506 2258 1560 etiam
2281 1507 2471 1564 beatus
2493 1507 2596 1564 Job
2624 1512 2888 1566 malorum
2913 1515 3154 1570 omnium
3184 1517 3512 1575 solutionem
3541 1537 3692 1577 mor-

2099 1607 2204 1652 tem
2233 1599 2432 1667 smpius
2462 1602 2760 1670 appellare,
2792 1618 2911 1662 eum
2944 1604 3074 1659 dicit
3109 1625 3121 1660 :
3155 1607 3303 1663 Mors
3333 1611 3441 1665 viro
3463 1615 3688 1683 requies.

2098 1689 2361 1746 Conclusit
2389 1693 2524 1747 enim
2550 1694 2687 1750 Deus
2710 1706 2888 1750 contra
2917 1697 3081 1769 ipsum
3097 1698 3239 1771 (Job.
3265 1705 3449 1774 ut,‘25,
3470 1708 3690 1761 secund.

410 1775 695 1832 delendam
721 1780 920 1835 mentis
949 1784 1296 1850 pravitatem.
1325 1785 1457 1842 Nam
1489 1790 1534 1844 si
1576 1791 1767 1846 victuri
1802 1809 1991 1864 perpe-
2029 1787 2074 1847 Β
2103 1780 2298 1853 LXX)-

413 1881 504 1920 tuo
535 1868 782 1926 homines
805 1885 1009 1941 essent,
1043 1890 1334 1949 numquam
1362 1882 1604 1949 profecto
1629 1898 1816 1940 eorum
1844 1888 1996 1943 mali-

411 1958 482 2013 tia
513 1959 778 2018 ﬁniretur.

483 2052 690 2110 Rursus
717 2057 880 2112 etiam
913 2074 1009 2114 cur
1040 2077 1136 2131 pro
1163 2063 1425 2120 malorum
1453 2067 1823 2126 vicissitudine
1851 2087 1995 2127 mor-

411 2153 518 2200 tem
549 2145 730 2202 datam
759 2164 882 2206 esse
911 2154 1216 2221 credamus,
1249 2173 1372 2213 cum
1411 2160 1455 2214 si
1488 2163 1608 2230 quis
1643 2172 1859 2220 centum
1893 2167 1993 2220 ho-

411 2236 583 2292 mines
614 2239 751 2296 furte
778 2243 864 2298 vel
903 2247 1135 2314 amplius
1176 2252 1461 2322 occiderit,
1490 2264 1567 2309 tot
1613 2265 1668 2312 et
1713 2259 1872 2314 tantis
1897 2260 1994 2316 ho-

409 2329 644 2385 micidiis
673 2347 961 2406 exaequare
989 2339 1190 2394 nullam
1224 2343 1396 2398 valeat
1431 2345 1734 2404 ultionem?

484 2463 736 2544 solemne
768 2470 867 2524 fuit
912 2471 1215 2544 Pelagianae
1244 2478 1488 2537 factionis
1536 2483 1842 2542 hominibus
1890 2487 1991 2543 im-

407 2536 621 2622 peritiae.
694 2554 949 2597 acetisare
1019 2536 1343 2615 catholicus,
1397 2536 1872 2622 praesertim-tcum
1921 2561 1988 2615 de

409 2607 734 2692 mortalitate
765 2607 1358 2692 ageretttr_et_peccato
1393 2607 1990 2692 origitialii'iltaﬁ'fbeo:

407 2676 646 2756 durusin
691 2676 962 2756 excerptis
990 2676 1274 2756 Marianis;
1311 2694 1379 2747 ita
1413 2676 1784 2752 Rti‘fiuusiaiiis
1823 2676 1984 2755 etiam

406 2745 656 2829 i-n‘lpcis;
690 2752 761 2829 ita
785 2745 1036 2829 l’elagius
1061 2759 1111 2810 in
1147 2745 1296 2816 libris
1329 2745 1985 2829 d'e'tibéi};"aiiisi}t6'£

405 2815 905 2910 d‘ul‘ianusghubique
920 2815 1147 2910 'passim
1166 2872 1181 2894 ,
1202 2815 1308 2910 sed
1335 2815 1653 2910 iprvzecipud
1680 2815 1986 2910 posteriore

405 2885 614 2975 Op‘e're;
646 2891 717 2944 ita
746 2885 1026 2975 Atiniau'us
1040 2885 1537 2975 hin‘suisiepisttdis.‘

476 2957 632 3038 ΝοιιιΔ
651 2977 780 3017 vero
811 2964 994 3038 Patres
1033 2957 1664 3036 Orientale'side'umrtis
1706 2981 1848 3037 bono
1874 2998 1982 3038 non

405 3027 721 3121 ἓξὲξ-..ρῳ
768 3037 1001 3121 sensisse
1025 3056 1202 3121 quam
1256 3027 1669 3108 Rufinus-.Wiide
1699 3027 1981 3121 Basiiiuni;

423 3095 444 3113 .,

404 3099 872 3194 Chrysostonmm,
906 3119 961 3163 et
991 3099 1128 3166 alios
1155 3099 1383 3172 Gem-sis
1400 3099 1774 3194 enarratores,
1801 3099 1983 3194 quam:

403 3184 562 3251 quam
592 3173 702 3227 alia
747 3173 867 3230 fuit
893 3194 1048 3236 meus
1087 3196 1420 3251 sanctorum,
1451 3173 1981 3251 aliaqv'etcraiorum

405 3240 712 3332 hqminum,
748 3253 1106 3332 consensione
1151 3271 1273 3310 cum
1307 3240 1574 3332 falci—bus
1619 3240 1982 3332 abuvtentium,

403 3310 471 3364 ad
496 3318 857 3402 occupandos
901 3324 1134 3402 animos,
1175 3342 1241 3381 ue
1270 3310 1720 3402 viiii—Vargumeuti
1745 3310 1778 3389 ξ
1808 3310 1982 3393 morte

404 3381 556 3449 petiti
582 3381 1008 3457 adprobandum
1033 3381 1318 3463 peccatum
1342 3381 1976 3476 ότίςὶῖἲίἔρῐὲξρῖοέὶεὲιῖἶ

471 3519 563 3574 3'5.
601 3519 715 3577 Non
771 3523 931 3596 igitur
983 3528 1230 3601 malignis
1284 3541 1488 3588 tantum
1530 3535 1861 3606 hominibus,
1913 3541 1978 3596 ad

401 3609 686 3668 delendam
714 3631 904 3672 eorum
935 3622 1271 3692 pravitatem,
1306 3626 1447 3684 bona
1493 3646 1638 3686 mors
1683 3647 1805 3688 esse
1847 3633 1982 3689 dici-

401 3711 522 3768 tur;
553 3703 650 3760 sed
680 3708 840 3762 etPam
874 3709 1035 3780 justis
1067 3714 1212 3770 utilis
1243 3734 1256 3770 :
1291 3718 1433 3774 sicut
1469 3722 1613 3776 enim
1643 3724 1820 3779 malus
1866 3740 1986 3795 pec-

400 3809 526 3850 care
554 3794 755 3854 desinit
784 3801 884 3857 hac
913 3803 1031 3860 luce
1063 3807 1329 3876 privatus,
1361 3812 1440 3868 sic
1471 3815 1630 3869 etiam
1659 3815 1836 3884 justus
1857 3794 1983 3872 dor-

400 3887 582 3944 miens
635 3892 868 3948 assiduis
921 3897 1382 3970 impugnationum
1442 3906 1882 3966 afllictationibus
1927 3920 1983 3967 et

399 3980 637 4038 miseriis
659 3985 825 4041 animi
846 3987 1126 4046 liberatur.
1145 3993 1331 4050 Soluta
1358 3997 1500 4051 enim
1519 4001 1733 4068 proprio
1751 4015 1982 4070 corpore

398 4071 526 4141 justi
568 4076 746 4132 anima
793 4081 954 4136 nullis
1006 4093 1195 4152 postea
1238 4098 1513 4157 premetur
1556 4093 1838 4162 angustiis,
1875 4111 1979 4148 non

401 4166 636 4224 miseri-is
664 4171 832 4227 animi
859 4174 1180 4245 suhjacebit,
1212 4193 1316 4234 non
1361 4183 1716 4238 necessitates
1753 4185 1978 4255 videbit,

363 4255 370 4262 ’
400 4273 507 4315 ιιοη
543 4266 946 4333 persecutiones
974 4269 1282 4338 sustinebit,
1317 4286 1422 4328 non
1463 4273 1603 4328 ultra
1649 4274 1979 4346 insurgentia

401 4351 504 4405 sibi
534 4357 715 4410 carnis
755 4359 883 4415 vitia
927 4363 1181 4433 patietur,
1214 4380 1321 4421 non
1347 4366 1498 4422 ultra
1539 4367 1742 4424 videbit
1771 4370 1821 4425 in
1864 4372 1980 4428 dies

401 4441 641 4513 singulos
674 4459 863 4515 agmen
894 4455 1304 4522 suggestionum
1336 4460 1618 4528 malarum,
1647 4476 1752 4517 non
1783 4463 1851 4518 ad
1900 4465 1984 4520 lu-

2170 1874 2258 1931 34.
2283 1875 2377 1933 Sin
2401 1887 2579 1934 autem
2610 1881 2853 1936 nonnulli
2883 1881 3065 1939 dicere
3090 1885 3380 1958 voluerint,
3406 1888 3694 1958 Quomodo

2101 1966 2213 2022 ﬁeri
2247 1977 2424 2037 potest
2448 1978 2507 2024 ut
2538 1986 2684 2028 mors
2725 1974 2930 2028 homini
2970 1977 3185 2046 requies
3216 1979 3309 2046 sit,
3336 1995 3455 2036 cum
3493 1983 3694 2038 beatus

2098 2057 2262 2114 David
2285 2060 2479 2116 dixerit
2504 2063 2623 2135 (Ps.
2645 2080 2842 2132 xxxut,
2870 2068 2963 2139 2:7.)
2991 2085 3006 2122 :
3041 2069 3184 2124 Mors
3211 2083 3533 2141 peccatorum
3565 2093 3690 2145 pes-

2096 2151 2264 2205 sima?
2284 2151 2494 2208 discant
2515 2171 2620 2210 non
2643 2156 2768 2212 ideo
2799 2159 2876 2212 sic
2897 2159 3100 2215 dictum
3134 2176 3292 2218 esse:
3327 2164 3472 2219 Mors
3503 2184 3690 2238 pecca-

2094 2249 2262 2296 torum
2299 2245 2539 2314 pessima,
2565 2249 2717 2317 quasi
2765 2266 2873 2306 non
2918 2253 3156 2322 peccatis
3187 2270 3375 2311 eorum
3418 2260 3695 2318 terminus

2094 2335 2426 2406 imponatur,
2458 2352 2523 2393 ac
2547 2339 2696 2407 linis;
2721 2341 2814 2396 sed
2843 2343 2984 2413 quod
3021 2355 3140 2414 post
3172 2358 3424 2416 mortem,
3454 2349 3688 2407 delicto-

2095 2439 2210 2480 rum
2235 2442 2452 2484 suorum
2471 2445 2655 2496 causa,
2679 2437 3034 2504 gravissimas
3053 2438 3155 2508 ipsi
3177 2441 3408 2497 subeunt
3425 2444 3680 2500 ultiones.

2163 2515 2426 2575 Similiter
2470 2533 2649 2578 autem
2690 2527 2879 2582 beatus
2921 2527 3024 2584 Job
3068 2531 3211 2587 sicut
3267 2534 3545 2604 requiem,
3595 2538 3682 2595 sic

2090 2610 2255 2664 etiam
2301 2627 2573 2681 somnum,
2606 2628 2836 2674 mortem
2885 2624 3166 2681 nominare
3208 2633 3510 2696 consuevit,
3550 2648 3680 2688 cum

2090 2701 2219 2757 dicit
2249 2703 2392 2774 (Job.
2431 2721 2513 2773 tu,
2553 2707 2638 2779 1'2)
2671 2727 2683 2762 :
2716 2711 2885 2777 Quare
2930 2715 3086 2770 ubera
3123 2720 3278 2774 suxi?
3322 2738 3459 2776 nunc
3500 2725 3685 2794 utique

2089 2792 2347 2850 dormiens
2393 2799 2725 2866 quiescerem,
2755 2813 2800 2855 et
2825 2807 2992 2859 somni
3017 2811 3292 2863 securitate
3320 2813 3519 2881 fruerer
3559 2832 3680 2871 cum

2090 2885 2289 2955 regibus
2332 2890 2646 2945 consiliariis
2674 2901 2843 2958 terrae,
2873 2898 2962 2967 qui
3002 2899 3433 2970 gloriabanturin
3460 2904 3682 2978 gladiis,

2087 2988 2177 3030 aut
2204 2994 2322 3032 cum
2345 2981 2662 3053 principibus
2684 2987 2865 3053 quibus
2895 2990 3110 3044 multum
3137 2992 3237 3060 fuit
3263 3010 3466 3050 auram.

2088 3251 2229 3308 hanc
2267 3264 2323 3310 et
2372 3260 2726 3327 temporalem
2779 3273 3009 3319 mortem
3066 3280 3312 3324 somnum
3356 3272 3680 3342 nominavit,

2084 3345 2272 3403 dicens
2302 3347 2460 3419 (Isai.
2492 3368 2601 3414 xw.
2621 3352 2676 3425 7)
2702 3372 2713 3405 :
2752 3354 2933 3410 Omnis
2961 3368 3095 3412 terra
3115 3361 3305 3418 clamat
3332 3380 3446 3417 cum
3462 3366 3672 3436 (iutilia,

2084 3449 2132 3492 et
2159 3440 2297 3511 ligna
2321 3440 2505 3497 Libani
2532 3461 2688 3516 supra
2717 3458 2762 3500 te
2785 3450 3047 3519 gratulata
3074 3463 3214 3522 sunt,
3243 3464 3291 3508 et
3321 3456 3462 3511 cedri
3487 3457 3682 3516 Libani

2084 3532 2290 3588 dicent:
2311 3533 2395 3588 Ex
2422 3553 2522 3602 quo
2557 3548 2610 3591 tu
2649 3539 2903 3613 dormisti,
2939 3560 3040 3598 non
3069 3549 3296 3604 ascendit
3323 3551 3413 3622 qui
3439 3553 3682 3609 succidat

2083 3638 2194 3678 nos.
2238 3622 2482 3695 Infernus
2523 3629 2586 3683 ab
2628 3631 2744 3684 imis
2773 3635 3119 3692 amaritudine
3164 3650 3344 3706 captus
3383 3654 3458 3697 est
3488 3659 3680 3700 occur-

2081 3732 2198 3771 rens
2223 3718 2334 3771 tibi.

2153 3806 2362 3862 Pariter
2391 3810 2554 3865 etiam
2582 3812 2766 3869 Daniel
2799 3817 3055 3886 prOpheta
3084 3819 3214 3874 dicit
3242 3821 3404 3890 (Dan.
3438 3841 3535 3891 xu,
3566 3825 3630 3896 2)
3657 3846 3670 3881 :

2085 3897 2152 3950 Et
2179 3900 2328 3953 multi
2365 3902 2726 3960 dormientium
2753 3907 2806 3961 in
2837 3919 2974 3962 terra
3017 3927 3045 3964 e
3081 3914 3291 3983 pulvere
3319 3929 3559 3989 surgent;
3584 3917 3682 3975 isti

2081 3988 2136 4041 in
2180 3991 2337 4044 vitam
2381 4003 2645 4062 (sternam,
2679 4007 2725 4050 et
2757 3999 2842 4052 isti
2882 4000 2951 4052 ad
2993 4004 3345 4077 opprobrium,
3371 3988 3421 4061 et
3446 4009 3516 4062 ad
3543 4026 3678 4064 con-

2083 4085 2334 4155 fusionem
2354 4099 2619 4143 wternam.

2153 4174 2299 4230 idem
2330 4187 2508 4233 autem
2551 4181 2712 4236 etiam
2759 4182 2948 4241 beatus
2979 4186 3178 4244 Paulus
3225 4189 3403 4257 docet,
3431 4207 3552 4248 cum
3584 4194 3677 4250 di-

2081 4265 2155 4321 cit
2185 4267 2229 4336 (i
2258 4265 2492 4324 Tltessat.
2522 4287 2594 4338 tv,
2629 4271 2714 4344 1‘2)
2752 4293 2764 4327 :
2792 4275 3052 4334 Nolumus
3081 4291 3249 4336 autem
3288 4283 3527 4355 ignorare
3556 4303 3672 4354 eos,

2083 4361 2290 4429 fratres,
2325 4365 2390 4418 de
2413 4365 2799 4431 dormientibus,
2831 4381 2885 4424 ut
2912 4389 3013 4426 non
3042 4377 3433 4446 contristemini,
3463 4380 3597 4434 sicut
3623 4391 3678 4436 et

2085 4456 2256 4508 ceteri
2284 4457 2373 4526 qui
2401 4473 2542 4527 spem
2579 4477 2681 4516 non
2725 4460 2929 4518 habent.
2964 4465 3026 4520 Si
3051 4467 3185 4520 enim
3226 4469 3501 4538 credimus,
3527 4475 3678 4542 quod

401 4543 544 4590 ctam
597 4537 902 4595 nudabitur.
940 4543 1081 4600 Nihil
1134 4563 1318 4604 secum
1378 4556 1596 4612 trahens
1640 4559 1982 4616 stecularium

2098 4543 2238 4600 Iesus
2285 4558 2516 4604 mortuus
2561 4563 2656 4621 est,
2685 4564 2730 4606 et
2758 4559 3068 4624 resurrexit;
3098 4559 3171 4612 ita
3216 4571 3264 4615 et
3294 4557 3435 4617 Deus
3466 4581 3550 4619 eos
3581 4568 3675 4636 qui

401 4628 848 4704 sollicitudinum,
897 4651 1003 4693 non
1045 4643 1222 4696 carnis
1274 4657 1574 4703 maceratur
1615 4651 1979 4727 abstinentia,

397 4737 562 4780 causa
601 4729 978 4798 certaminum,
1015 4747 1122 4787 non
1155 4734 1292 4789 ultra
1319 4747 1512 4807 certat,
1538 4757 1646 4797 non
1667 4759 1828 4801 cursu
1850 4761 1979 4802 cou-

399 4816 570 4872 tendit
591 4829 684 4875 aut
704 4830 888 4891 caestu,
916 4839 1022 4879 non
1053 4824 1166 4894 jam
1189 4828 1424 4885 luctatur
1448 4848 1568 4888 cum
1593 4835 1982 4908 principatibus

396 4923 461 4964 ac
490 4913 864 4984 potestatibus,
891 4917 1278 4989 spiritibusque
1309 4923 1593 4992 nequitiae;
1624 4928 1718 4983 sed
1742 4930 1977 4986 stadium

397 4999 445 5054 ci
475 5003 708 5059 solutum
737 5017 840 5076 est,
867 5018 1145 5066 certamen
1171 5012 1395 5081 destitit,
1418 5025 1473 5072 et
1497 5022 1691 5088 adepta
1720 5023 1970 5093 victoria,

397 5094 463 5148 ad
486 5099 884 5170 percipiendam
905 5119 1160 5162 coronam
1178 5108 1403 5178 iustitia:
1427 5113 1676 5182 protinus
1692 5131 1976 5187 properat,

394 5186 608 5243 beatam
652 5188 707 5245 in
747 5192 898 5248 caelis
927 5204 980 5250 et
1017 5205 1276 5254 aeternam
1308 5201 1472 5258 vitam
1523 5186 1814 5277 consequi,
1850 5224 1982 5264 cum

395 5283 1039 5350 receperitimmortalem
1069 5305 1286 5349 carnem
1314 5311 1488 5352 suam.

465 5373 594 5432 ideo
633 5386 810 5435 autem
841 5392 896 5436 et
935 5383 1123 5442 beatus
1168 5387 1388 5455 Paulus,
1421 5393 1544 5446 talia
1578 5393 1720 5449 bella
1767 5397 1982 5467 perspi~

391 5466 568 5537 ciens,
590 5484 710 5540 qua;
729 5471 800 5527 ab
827 5473 1194 5534 invisibilibus
1225 5481 1455 5538 inimicis
1472 5485 1632 5554 justis
1657 5486 1970 5545 hominibus

393 5560 722 5634 indicuntur,
755 5576 1003 5624 metuens
1052 5585 1121 5627 ne
1161 5575 1514 5643 quorumdam
1546 5576 1686 5634 forte
1730 5581 1970 5649 pruden-

391 5654 519 5708 tiam
557 5665 653 5710 aut
679 5657 885 5714 malitia
911 5673 1290 5730 commutaret,
1318 5674 1412 5721 aut
1439 5667 1596 5724 dolus
1637 5685 1825 5725 sanam
1875 5672 1982 5727 [εις

390 5745 532 5806 lcret
568 5759 838 5821 mentem,
874 5755 1208 5822 potocandzc
1239 5759 1455 5816 virtutis
1483 5762 1679 5832 gratia,
1711 5765 1978 5836 suadebat

2089 4638 2402 4693 dormierunt
2444 4658 2534 4713 per
2555 4642 2735 4697 Jcsum
2765 4647 2983 4702 adducet
3008 4666 3124 4702 cum
3149 4667 3229 4706 eo.
3271 4651 3456 4709 Multis
3504 4657 3675 4726 igitur

2089 4731 2319 4786 teStibus
2352 4732 2532 4790 edocti
2557 4737 2698 4806 quod
2739 4754 2882 4795 mors
2915 4741 3016 4796 ista
3049 4747 3351 4801 communis
3383 4750 3523 4804 mala
3556 4767 3670 4807 non

2084 4820 2176 4887 sit,
2197 4823 2306 4890 jam
2336 4825 2492 4897 longe
2515 4829 2696 4884 valere
2724 4830 2967 4887 dicamus
2989 4835 3054 4889 iis
3081 4835 3170 4906 qui
3195 4849 3426 4894 mortem
3466 4841 3675 4900 malant

2084 4917 2378 4986 appellant.

2680 5011 2912 5068 CAPUT
2959 5015 3043 5070 Vl.

2401 5099 2477 5153 De
2503 5102 2783 5172 primorum
2815 5119 3081 5174 parentum
3115 5121 3339 5177 peccato.

2151 5211 2241 5265 55.
2275 5212 2515 5268 Dicimus
2540 5225 2740 5278 autem,
2759 5218 2901 5287 quod
2934 5219 2986 5273 in
3018 5221 3215 5276 bonum
3243 5223 3383 5277 Deus
3408 5226 3667 5294 praestitit

2084 5301 2256 5369 primo
2306 5303 2512 5359 homini
2561 5307 2732 5362 Adam
2785 5311 3010 5365 sudores
3077 5316 3279 5382 pariter
3321 5329 3386 5369 ac.
3446 5317 3668 5376 labores

2081 5409 2215 5463 quos
2241 5395 2309 5450 de
2340 5407 2479 5451 terra
2514 5409 2810 5468 pateretur,
2841 5403 3043 5476 quippe
3081 5422 3202 5461 cum
3239 5424 3347 5464 non
3382 5409 3544 5466 aliter
3579 5411 3664 5468 iu-

2081 5488 2320 5546 visibiles
2365 5491 2637 5557 inimicos.
2661 5505 2851 5550 contra
2881 5513 3020 5568 quos
3055 5499 3316 5557 habemus
3343 5505 3660 5562 continuam

2080 5582 2451 5653 luctationem,
2475 5588 2782 5644 veneranda
2816 5588 2922 5646 fide
2949 5605 3206 5662 superare
3231 5596 3526 5665 possimus,
3556 5597 3659 5653 uisi

2076 5675 2320 5744 corporis
2345 5675 2625 5734 laboribus
2655 5679 2893 5753 fatigati;
2929 5683 3011 5739 his
3049 5686 3193 5741 enim
3244 5687 3506 5744 docemur
3562 5704 3656 5758 per

2080 5767 2321 5827 divinam
2361 5769 2703 5842 Scripturam
2751 5779 3114 5852 nosmetipsos
3161 5780 3397 5841 hostium
3443 5782 3661 5843 fallacia
