3972 6180
219 312 331 365 473
409 306 714 366 DlSSEBT.
759 304 824 359 V.
864 302 956 358 DE
999 300 1310 358 LIBELLIS
1350 301 1527 356 FIDE!
1563 299 1810 354 SCMPT}

1918 297 1998 351 AB
2037 293 2475 352 AUCTORIBUS
2514 291 2830 350 lleRESlS
2867 290 3309 350 ΡΕιΑσιΔΝΑε.

3393 291 3503 348 474

221 425 486 488 liberare,
505 434 555 478 et
581 432 671 478 aut
695 421 905 479 salvam
927 417 1201 476 custodire
1226 418 1504 484 virtutem,
1531 426 1623 471 aut
1645 415 1806 470 amis-
1843 419 1888 474 Α
1919 412 2130 478 ﬁcilium
2166 419 2443 488 portuum,
2468 410 2814 488 agricolarum
2843 410 3161 488 sudantium,
3187 419 3237 488 et
3263 409 3500 488 spinoso-

224 533 350 572 sam
379 515 608 586 perinde
627 528 906 569 revocare.

305 611 395 667 Sic
434 609 623 668 beatus
655 605 824 666 David
864 604 1142 669 virtutem,
1171 617 1332 672 quam
1363 600 1698 670 perdiderat,
1728 616 1816 653 re-

225 717 497 774 cuperare
525 699 812 765 festinans,
837 697 997 752 docet
1029 696 1216 752 dicens
1238 693 1358 766 (Ps.
1394 711 1446 760 ι,
1481 693 1572 764 l9)
1606 712 1617 746 ε
1648 692 1819 748 Sacri-

227 797 411 862 ﬁcium
462 793 592 858 Deo,
639 792 855 863 spiritus
902 786 1306 852 contribulatus;
1338 803 1425 842 cor
1467 787 1741 840 contritum
1769 795 1816 838 et

225 885 565 940 ltuntiliatum
613 881 751 936 Deus
782 898 882 936 non
910 889 1130 945 spernet.
1163 880 1225 934 Et
1254 881 1448 934 iterum
1488 878 1602 952 (Ps.
1629 893 1700 943 vt,
1727 878 1814 947 7):

226 981 490 1036 Laboravi
537 981 590 1033 in
632 977 827 1051 gemitu
870 992 1008 1043 meo,
1039 975 1219 1028 lavabo
1249 989 1338 1038 per
1383 971 1618 1042 singulas
1648 978 1819 1023 noctes

228 1074 423 1128 lectum
449 1086 639 1135 meum,
669 1070 724 1122 in
756 1067 998 1138 lacrymis
1027 1067 1152 1119 meis
1179 1073 1396 1118 stratum
1424 1079 1588 1116 meum
1619 1061 1818 1131 rigabo.

229 1167 305 1222 Et
330 1165 523 1220 iterum
556 1149 676 1232 (Ps.
705 1175 854 1228 cvm,
885 1156 980 1228 2i)
1013 1175 1026 1212 ι
1057 1155 1237 1212 Genua
1263 1172 1375 1209 mea
1410 1155 1672 1223 inﬁrmata
1701 1162 1820 1208 sunt

224 1273 343 1326 pro:
383 1254 612 1328 jejunio,
647 1262 693 1306 et
738 1267 860 1306 caro
889 1265 1001 1303 mea
1030 1256 1229 1302 mutata
1273 1257 1348 1301 est
1389 1255 1595 1317 praptcr
1627 1246 1816 1298 oleum.

228 1347 448 1402 Doceus
477 1345 642 1399 etiam
689 1340 1143 1410 quemadmodum
1180 1339 1428 1393 virtutem
1470 1353 1691 1392 servare
1721 1337 1818 1392 de-

225 1439 484 1504 beamus,
518 1435 651 1490 dicit
680 1434 865 1506 (Psal.
917 1447 1102 1498 xxstv,
1154 1429 1292 1501 i5):
1334 1429 1446 1502 Ego
1488 1440 1660 1484 autent
1704 1447 1820 1484 cunt

228 1529 370 1583 mihi
398 1529 595 1584 molesti
622 1536 814 1593 essent,
839 1524 1114 1580 induebam
1146 1541 1225 1578 me
1266 1523 1458 1590 cilicio,
1491 1533 1537 1579 et
1577 1524 1820 1577 humilia-

228 1622 352 1676 bam
379 1621 435 1676 in
475 1619 685 1694 jejunio
715 1621 943 1672 animum
967 1634 1154 1682 meant.

302 1713 564 1775 Similiter
610 1720 788 1767 autem
836 1710 1099 1766 Dominus
1147 1719 1331 1766 noster
1371 1709 1530 1766 Jesns
1573 1708 1820 1770 Christus

227 1803 534 1875 discipulos
572 1818 706 1861 suos
734 1803 982 1868 docebat,
1027 1817 1132 1858 non
1177 1803 1335 1858 aliter
1369 1813 1464 1859 aut
1507 1805 1734 1872 salvam,
1763 1794 1819 1862 ut
1851 1789 1896 1849 Β

225 1897 370 1962 dixi,
403 1896 629 1964 servari,
659 1903 751 1951 aut
775 1895 1037 1968 perditam
1067 1897 1311 1953 revocari
1354 1912 1514 1966 posse
1541 1898 1818 1966 virtutem,

228 1991 336 2044 nisi
372 2005 468 2058 per
512 1989 728 2046 labores
769 1989 1013 2058 corporis
1059 1998 1116 2044 et
1143 1989 1380 2046 dolores.
1431 1991 1520 2046 Sic
1555 1992 1698 2048 enim
1745 1993 1821 2051 ait

228 2079 451 2150 (Matth.
485 2095 582 2145 vu,
631 2080 756 2151 i5):
789 2077 1130 2150 Ingredimini
1169 2098 1258 2151 per
1297 2093 1570 2154 angustam
1595 2094 1818 2152 portum,

227 2175 357 2241 quia
385 2172 494 2227 lata
515 2183 668 2244 porta
697 2181 744 2227 et
774 2174 1000 2243 spatiosa
1026 2173 1108 2228 via
1136 2190 1251 2244 qua:
1273 2175 1415 2228 ducit
1443 2177 1512 2230 ad
1533 2177 1817 2242 interitum,

224 2266 380 2319 multi
417 2275 538 2320 sunt
581 2266 667 2335 qui
702 2265 1066 2338 ingrediuntur
1102 2282 1193 2336 per
1245 2282 1358 2321 eam
1371 2282 1392 2330 ;
1437 2268 1560 2336 quia
1597 2279 1819 2339 angusta

224 2369 383 2428 porta
425 2368 473 2412 et
500 2368 646 2412 arcta
683 2358 765 2412 via
805 2373 919 2427 quae
944 2356 1085 2412 ducit
1120 2358 1188 2412 ad
1226 2359 1406 2427 vitam,
1431 2369 1478 2414 et
1517 2362 1672 2431 pauci
1701 2371 1819 2416 sunt

222 2453 318 2520 qui
345 2452 613 2505 inveniunt
633 2468 764 2504 eam.

299 2540 431 2597 ideo
463 2552 517 2598 et
556 2543 749 2599 beatus
777 2543 998 2610 Paulus,
1035 2558 1157 2598 eum
1204 2553 1418 2614 rogaret
1449 2545 1729 2600 Dominum
1760 2556 1818 2601 ut

225 2636 305 2690 ab
339 2636 457 2705 ἱρω
496 2639 706 2706 penitus
733 2637 821 2692 ille
861 2636 1185 2702 discederet,
1218 2639 1309 2707 qui
1338 2636 1611 2695 stimulum
1639 2638 1817 2694 carnis

225 2728 460 2798 inﬁgere
489 2729 808 2794 conabatur,
839 2744 946 2784 non
977 2729 1308 2798 impetravit,
1339 2730 1434 2784 sed
1467 2731 1636 2801 magis
1665 2731 1816 2786 audio.

225 2818 310 2875 vit
342 2835 370 2872 a
401 2820 626 2874 Domino
655 2819 722 2891 (ll
751 2818 872 2877 Cor.
896 2836 992 2887 xu,
1025 2819 1326 2890 9):Suﬁicit
1356 2821 1446 2875 tibi
1476 2823 1646 2892 gratia
1671 2839 1816 2889 mea;

227 2912 396 2964 virtus
419 2911 554 2964 enim
581 2914 635 2965 in
676 2912 974 2980 inﬁrmitate
1015 2913 1292 2980 perﬁcitur.
1343 2913 1496 2969 Unde
1533 2915 1687 2970 hctus
1715 2929 1815 2984 po-

224 3017 351 3057 stea
372 3003 582 3058 dicebat
610 3003 886 3060 :Libenter
912 3021 1031 3073 ergo
1059 3005 1318 3076 gloriabor
1345 3007 1398 3059 in
1436 3008 1814 3074 inﬁrmitatibus

227 3099 382 3164 meis,
426 3107 480 3152 ut
517 3099 760 3152 inhabitet
805 3099 858 3152 in
886 3115 966 3152 me
1001 3099 1160 3152 virtus
1188 3099 1400 3155 Christi.
1435 3099 1656 3168 Propter
1677 3102 1814 3170 quod

226 3190 411 3258 placeo
450 3189 573 3242 mihi
602 3190 655 3244 iu
684 3189 1070 3258 inﬁrmitatibus
1101 3190 1244 3257 meis,
1291 3192 1346 3246 in
1382 3194 1720 3258 contumeliis,
1757 3193 1812 3247 in

227 3281 639 3346 necessitatibus,
664 3282 716 3335 in
740 3280 1174 3352 persecutionibus
1201 3290 1246 3334 et
1272 3283 1525 3354 angustiis
1547 3299 1640 3351 pro
1663 3282 1814 3338 Chri-

227 3383 336 3426 sto.
365 3370 494 3426 Cum
523 3373 654 3426 enim
681 3373 914 3440 in/irmor
957 3382 1075 3426 tunc
1103 3383 1280 3441 potens
1321 3390 1456 3427 sunt.
1482 3372 1608 3428 Ideo
1632 3385 1811 3430 autem

228 3463 438 3517 docens
464 3463 597 3518 dicit
627 3463 691 3533 (ll
718 3461 838 3517 Cor.
873 3478 940 3528 tv,
971 3461 1059 3534 lli)
1099 3481 1112 3517 :
1148 3461 1368 3530 Propter
1393 3465 1530 3534 quod
1555 3481 1656 3519 non
1679 3466 1811 3534 deﬁ-

227 3557 431 3622 cimus;
455 3556 541 3611 sed
554 3557 679 3626 licet
705 3557 747 3609 is
773 3557 859 3626 qui
887 3556 1013 3626 foris
1042 3537 1117 3610 est
1140 3565 1309 3610 noster
1329 3555 1480 3610 homo
1504 3573 1812 3625 corrumpa-

228 3659 343 3716 tur,
374 3659 540 3704 (arma
559 3649 606 3704 is
631 3651 718 3718 qui
758 3650 896 3704 intus
931 3659 1004 3703 est
1042 3658 1311 3704 renovatur
1347 3651 1410 3704 de
1438 3651 1521 3704 die
1551 3652 1602 3704 in
1644 3653 1812 3719 diem;

228 3757 356 3792 nam
375 3742 506 3811 quod
534 3741 589 3794 in
619 3742 852 3812 prtesenti
873 3750 944 3794 est
966 3749 1372 3795 montentaneum
1393 3749 1444 3794 et
1466 3741 1569 3794 leve
1597 3740 1812 3794 tribula-

220 3832 391 3886 tionis
437 3841 645 3896 nostraz,
676 3847 832 3903 supra
869 3832 1081 3886 modum
1123 3833 1177 3885 in
1212 3833 1524 3886 sublimitate
1565 3842 1813 3888 internum

215 3925 418 3999 gloria
443 3925 645 3996 pondus
670 3935 912 3997 aperatur
932 3926 986 3979 in
1029 3925 1193 3990 nobis,
1225 3941 1330 3978 non
1357 3924 1813 3992 contemplantibus

217 4017 379 4071 nobis
407 4032 519 4087 quia
555 4017 812 4083 videntur,
845 4016 932 4071 sed
967 4032 1080 4086 quae
1108 4032 1208 4069 non
1237 4016 1488 4070 videmur.
1517 4017 1645 4082 Quae
1678 4019 1813 4072 enim

220 4109 489 4176 videntur,
526 4108 832 4180 temporalia
875 4118 1028 4174 sunt;
1057 4123 1171 4178 quin
1195 4118 1368 4163 autem
1414 4125 1518 4162 nou
1551 4107 1809 4179 videntur,

219 4211 424 4256 eterna
449 4211 590 4254 sunt.

305 4292 398 4346 Sic
443 4293 606 4361 igitur
650 4289 898 4357 dicimus,
959 4289 1165 4360 primos
1217 4289 1480 4357 homines,
1537 4288 1707 4345 Adam
1759 4299 1814 4345 et

223 4383 426 4448 Evam,
473 4396 504 4436 a
549 4392 767 4451 peccato
808 4397 910 4438 suo
955 4381 1124 4436 fuisse
1165 4380 1408 4436 salvatos
1460 4396 1553 4450 per
1598 4382 1812 4439 labores

223 4473 476 4541 corporis
519 4481 573 4526 et
602 4471 819 4527 dolores
858 4486 992 4540 quos
1038 4470 1119 4524 eis
1170 4469 1426 4523 Dominus
1466 4471 1809 4536 przcstiterat,

1916 500 2030 535 runt
2059 484 2336 543 novalium,
2368 482 2556 534 crimen
2587 481 2822 534 naturale
2844 482 3103 548 credatur,
3133 483 3284 552 cujus
3313 481 3498 533 merito

1920 571 2008 618 per
2050 562 2123 606 tot
2164 554 2486 605 incommoda
2527 565 2686 621 genus
2725 559 3042 616 exerceatur,
3087 553 3224 621 quod
3263 552 3501 621 quidam,

1918 641 2007 694 per
2033 624 2160 678 Atta:
2183 633 2470 694 peccatum,
2491 620 2709 676 mortale
2735 624 3012 691 apinantur
3032 620 3288 688 effectum,
3318 630 3424 676 etc.

1992 736 2082 791 36.
2136 735 2287 802 Quod
2340 742 2517 788 autem
2569 733 2710 788 Deus
2762 733 3024 788 dimiserit
3077 735 3153 788 eis
3198 744 3504 804 peccatum,

1919 825 2056 881 sicut
2092 813 2252 881 etiam
2291 826 2448 892 Cain,
2492 826 2580 892 qui
2612 826 2842 895 primum
2873 834 3210 895 peccaverat,
3258 825 3503 889 indulsit,

1918 934 2038 972 cum
2073 917 2302 972 dixisset
2331 917 2393 969 ad
2439 931 2564 970 cum
2597 933 2610 968 :
2644 914 2897 976 Pet-casti,
2920 916 3140 980 quiesce,
3177 916 3245 966 ad
3271 924 3318 968 te
3337 930 3504 968 rever-

1917 1011 1994 1064 sio
2035 1010 2166 1080 ejus,
2206 1009 2308 1062 hoc
2345 1017 2447 1071 est,
2499 1005 2747 1075 peccati:
2781 1004 2844 1058 Et
2885 1015 2941 1057 tu
2977 1004 3501 1075 dominaberis(Gen.

1920 1119 1994 1169 tv,
2017 1104 2103 1174 7);
2137 1110 2320 1172 aperte
2345 1101 2552 1172 Moyses
2579 1099 2818 1154 ostendit
2841 1113 2936 1168 per
2967 1097 3377 1163 lnnuanitateu'i,
3408 1113 3502 1152 seu

1922 1192 2368 1256 miscricordiam,
2400 1206 2562 1262 quam
2599 1192 2735 1245 Deus
2766 1191 2901 1260 ipsis
2933 1201 3118 1258 postea
3151 1191 3383 1244 libenter
3414 1191 3498 1242 iit-

1920 1288 2104 1341 dnlslt.
2134 1286 2269 1353 Quid
2299 1287 2442 1339 enim
2475 1286 2603 1339 dicit
2632 1285 2841 1354 Moyses
2873 1283 3025 1350 (Gen.
3054 1299 3132 1345 ut,
3161 1283 3287 1346 2|)?
3333 1280 3400 1334 Et
3427 1283 3504 1351 fe-

1917 1381 1984 1431 cit
2017 1378 2261 1430 Dominus
2310 1377 2444 1431 Deus
2483 1378 2647 1429 Adam
2690 1386 2735 1428 tt
2779 1377 2929 1428 uxori
2962 1378 3073 1446 ejus
3105 1386 3306 1428 tunicas
3353 1375 3505 1444 pelli-

1919 1489 2053 1535 ceas,
2085 1482 2132 1526 et
2161 1472 2354 1524 vestivit
2386 1487 2488 1523 ros.
2533 1469 2664 1524 Nam
2695 1470 2738 1524 si
2775 1469 3027 1521 Dominus
3057 1468 3188 1535 ip~is
3221 1478 3503 1536 peccatum

1921 1580 2026 1618 non
2056 1565 2366 1631 dimisisset,
2416 1579 2702 1631 numquam
2738 1560 2980 1629 profecto
3021 1575 3114 1627 per
3151 1558 3504 1628 semctipsqu

1921 1657 2145 1712 veStiret
2171 1672 2264 1711 eos
2300 1655 2492 1708 tunicis
2533 1667 2666 1722 quas
2707 1651 2812 1706 illis
2843 1652 2956 1720 ipse
2993 1652 3312 1717 perfecerat.

1991 1749 2070 1804 Ne
2105 1748 2221 1818 quis
2251 1749 2410 1818 igitur
2437 1745 2654 1802 easdem
2694 1744 2950 1816 pelliccas
2977 1743 3211 1806 tunicas,
3246 1757 3378 1812 quas
3411 1741 3507 1795 ha-

1924 1843 2171 1909 buerunt,
2220 1841 2508 1894 humanum
2554 1854 2748 1908 corpus
2789 1838 3082 1898 existimet,
3129 1837 3266 1889 sicut
3309 1835 3507 1900 impius

1922 1934 2180 2003 Origenes
2207 1933 2476 2000 exposuit.
2515 1931 2644 1984 Nam
2675 1938 2802 1984 ante
2842 1931 2989 1994 istas,
3024 1943 3158 1997 quas
3189 1927 3322 1988 dixi,
3353 1926 3507 1996 pulli-

1920 2039 2044 2086 cens
2076 2025 2282 2079 tunicas
2310 2025 2426 2093 ipse
2451 2023 2618 2077 Adam
2651 2037 2867 2076 carnem
2899 2021 3099 2075 habere
3130 2035 3188 2074 sc
3217 2020 3399 2074 docuit
3425 2020 3507 2072 di-

1920 2132 2049 2172 cens
2080 2115 2230 2184 (Gen.
2262 2131 2318 2181 tt,
2350 2113 2442 2185 ‘23)
2480 2132 2492 2168 :
2520 2113 2635 2168 IIoc
2665 2130 2800 2167 nunc
2841 2130 2894 2166 os
2925 2112 2987 2165 de
3033 2111 3231 2166 ossibus
3279 2111 3426 2175 meis,
3457 2118 3506 2164 et

1919 2225 2040 2261 cara
2079 2208 2143 2260 de
2181 2222 2336 2260 carne
2362 2222 2495 2260 mea.
2544 2205 2806 2260 Pelliceas
2839 2205 3002 2273 igitur
3038 2205 3248 2257 tunicas
3295 2203 3446 2256 datas
3476 2219 3505 2258 τι

1920 2299 2031 2353 Deo
2073 2299 2237 2354 fuisse
2285 2299 2514 2353 dicimus
2564 2308 2785 2366 propter
2832 2296 3179 2365 asperitatem
3225 2295 3366 2359 vitm,
3422 2295 3504 2352 vel

1921 2392 2064 2461 quod
2099 2401 2367 2462 tamquam
2397 2407 2456 2446 se
2481 2389 2860 2458 exercentibus
2888 2390 2952 2444 ad
2983 2390 3258 2454 virtutem,
3290 2405 3382 2444 cas
3412 2389 3510 2443 da-

1919 2485 2008 2538 bat
2037 2499 2156 2552 qua
2177 2498 2430 2552 congrua:
2458 2483 2798 2549 videbantur,
2825 2493 2882 2535 ut
2911 2482 3182 2535 discerent
3205 2497 3310 2534 non
3343 2483 3504 2535 aliter

1920 2590 2079 2646 posse
2131 2576 2349 2629 vincere
2396 2573 2691 2628 invisibiles
2735 2573 3004 2638 inimicos,
3065 2573 3167 2626 nisi
3221 2572 3504 2630 laboribus

1919 2668 2184 2737 corporis.
2231 2667 2299 2722 Et
2346 2666 2487 2735 quod
2531 2677 2650 2736 post
2693 2666 3208 2736 praevaricationem,
3240 2682 3397 2737 quam
3449 2667 3502 2724 in

1920 2761 2170 2831 paradiso
2198 2761 2513 2827 admiserat,
2549 2760 2920 2828 perseveravit
2941 2760 3112 2814 Adam
3141 2761 3192 2814 in
3222 2772 3502 2830 poSIerum

1919 2871 2090 2924 usque
2137 2855 2202 2909 ad
2237 2856 2396 2910 ﬁnem
2441 2856 2567 2908 vitm
2599 2869 2710 2908 sum
2755 2855 3134 2921 obtemperans
3174 2854 3308 2920 Deo,
3352 2857 3504 2910 testis

1917 2957 2000 3003 est
2030 2946 2304 3012 Salomon,
2337 2962 2460 3001 cum
2488 2945 2554 3000 dc
2598 2946 2859 3014 sapientia
2904 2947 3040 3014 ejus,
3070 2962 3189 3014 qua:
3221 2947 3398 3015 ipsum
3443 2947 3497 3001 in

1918 3040 2112 3094 timore
2145 3039 2238 3094 Dei
2269 3039 2524 3103 servavit,
2566 3038 2772 3092 diceret
2801 3037 2903 3091 hoc
2928 3044 3089 3094 modo
3113 3039 3274 3111 (Sap.
3308 3056 3364 3104 ι,
3400 3040 3449 3108 l)
3479 3057 3493 3093 :

1920 3130 2046 3188 Haec
2064 3132 2284 3203 primum
2305 3132 2480 3198 fictum
2519 3142 2715 3199 patrem
2751 3129 2884 3182 orbis
2913 3139 3184 3193 terrarum,
3218 3147 3330 3184 cum
3363 3130 3504 3186 solus

1915 3234 2114 3277 creatus
2129 3231 2274 3288 esset,
2292 3221 2584 3287 custodivit,
2598 3232 2643 3274 et
2658 3219 2888 3276 liberavit
2901 3239 2930 3275 a
2944 3220 3162 3286 delicto;
3181 3221 3320 3274 dedit
3333 3233 3500 3275 autent

1914 3318 1958 3369 ei
1992 3315 2350 3384 fortitudinem
2389 3313 2693 3368 dominandi
2733 3313 2988 3368 omnibus.
3029 3313 3291 3368 Similiter
3318 3325 3498 3368 autem

1914 3411 2076 3466 etiam
2107 3410 2175 3465 de
2201 3409 2374 3464 salute
2408 3407 2538 3462 Eva:
2577 3408 2766 3462 beatus
2801 3407 2999 3462 Paulus
3028 3407 3230 3462 docens
3265 3406 3336 3460 ita
3369 3406 3500 3465 dicit

1914 3502 1958 3574 (l
1994 3502 2129 3556 Titii.
2175 3517 2237 3567 tt,
2298 3500 2384 3571 1⁸5)
2423 3501 2627 3554 :Adam
2671 3502 2806 3555 enim
2852 3501 3046 3572 primus
3100 3504 3347 3572 [armatus
3393 3510 3496 3564 est,

1914 3595 2095 3649 deinde
2126 3593 2272 3658 Eva;
2297 3602 2344 3648 et
2381 3592 2545 3648 Adam
2574 3611 2674 3646 non
2717 3601 2788 3648 est
2817 3594 3073 3658 seductus,
3122 3593 3305 3646 mulier
3329 3602 3503 3645 autent

1912 3686 2122 3739 seducta
2162 3686 2213 3737 in
2242 3685 2656 3755 prevaricatione
2694 3683 2808 3751 fuit.
2860 3683 3158 3739 Salvabitur
3201 3694 3369 3738 autem
3407 3696 3494 3752 per

1912 3777 2138 3846 ﬁliorum
2177 3776 2578 3848 generationem,
2616 3777 2663 3829 si
2691 3777 3024 3844 permanserit
3099 3777 3151 3829 in
3177 3776 3300 3843 fide,
3343 3787 3390 3831 et
3415 3776 3495 3829 di‘

1914 3869 2146 3943 lectione,
2183 3878 2231 3923 et
2262 3870 2688 3939 sanctiﬁcatione,
2718 3885 2834 3924 cum
2862 3866 3154 3922 sobrietate.

1983 3987 2357 4040 Commentum
2400 3983 2648 4054 Origenis
2685 3982 2754 4038 de
2781 3981 3028 4054 pelliceis
3057 3980 3305 4054 vestilms
3328 3994 3490 4054 nemo

1913 4056 2131 4112 Patrum
2159 4071 2264 4112 non
2296 4050 2612 4118 inscctaiur,
2640 4064 2696 4108 et
2721 4050 2918 4108 acriter
2947 4051 3160 4121 quidem
3186 4050 3490 4105 Methodius

1913 4128 2051 4202 apud
2084 4128 2353 4202 Photium,
2392 4125 2728 4202 Epiphanius
2756 4127 2807 4178 in
2832 4124 3178 4202 _Anchoratp,
3215 4121 3348 4202 etin
3378 4122 3492 4202 epi-

1912 4190 2049 4252 stola
2092 4199 2156 4250 ad
2185 4190 2452 4251 Joannem
2488 4195 3053 4264 llicrosolymitanum.
3101 4190 3490 4264 Prtrtcrco,_in-

1913 4269 2048 4336 quit,
2083 4269 2320 4338 frivolam
2341 4271 2454 4339 ejus
2471 4260 2834 4339 expositionem
2856 4279 3010 4330 super
3035 4263 3216 4339 tunicis
3237 4260 3486 4339 pelliceis,

1911 4333 2101 4406 quanto
2123 4349 2332 4400 conatu,
2361 4333 2664 4407 quantisque
2691 4335 2849 4405 egerit
2881 4335 3215 4407 argumentis,
3255 4342 3311 4386 ut
3351 4333 3488 4407 tuni-

1913 4401 1998 4462 cas
2029 4407 2263 4478 pelltccas
2294 4401 2516 4478 humana
2545 4401 2651 4461 esse
2683 4401 2898 4474 corpora
2919 4401 3236 4478 crederemus
3251 4401 3386 4478 {qui
3413 4403 3490 4456 in-

1913 4488 1989 4532 ter
2018 4474 2178 4532 multa
2201 4481 2273 4532 ait
2300 4494 2318 4531 :
2348 4477 2610 4547 Numquid
2639 4477 2892 4547 coriarius
2919 4485 3006 4527 aut
3028 4474 3350 4527 scortisarius
3377 4482 3486 4526 erat

226 4581 330 4635 pro
368 4565 630 4621 beneﬁcio
677 4565 884 4620 scilicet
928 4564 1250 4618 animarum.
1285 4562 1436 4619 Unde
1470 4575 1651 4632 postea
1685 4579 1810 4619 nus-

1918 4549 2076 4632 Qeus,
2117 4560 2174 4630 ut
2211 4548 2477 4635 conficeret
2501 4545 2662 4635 pelles
2701 4545 3020 4635 animalium.
3127 4555 3391 4635 consueret
3422 4561 3486 4635 es.

224 4671 393 4725 quam
424 4655 552 4710 facit
597 4671 782 4712 eorum
812 4656 990 4710 divina
1031 4655 1331 4725 Scriptura,
1363 4657 1514 4724 quasi
1555 4673 1808 4724 peccave-

226 4750 361 4818 rint,
394 4749 742 4804 mentionem.

299 4860 543 4927 Occupat
565 4857 954 4931 argnmentum'
973 4876 1001 4914 a
1035 4859 1306 4915 laboribus
1351 4869 1404 4914 et
1429 4861 1681 4915 mrumnis
1709 4878 1802 4929 pe-

226 4933 410 4998 titum,
437 4931 631 5000 quibus
663 4933 876 5000 punitos
902 4931 1148 4986 catholici
1175 4931 1572 4986 contendebant
1599 4933 1802 5002 primos

228 5012 484 5067 parentes
503 5002 572 5057 ob
597 5015 897 5072 peccatum,
928 5003 1155 5070 indeque
1179 5003 1567 5056 traductiooem
1593 5005 1798 5070 peccati

225 5075 280 5127 in
317 5083 564 5142 posteros
609 5073 924 5142 arguebant,
956 5073 1151 5142 quippe
1178 5089 1313 5144 quos
1341 5074 1503 5127 simili
1536 5089 1688 5140 pwna
1721 5074 1799 5127 al-

223 5146 312 5196 tit-i
364 5155 665 5198 cernerent.
720 5145 974 5199 Eumdem
1019 5146 1293 5199 materiem
1338 5157 1517 5198 versat
1555 5144 1799 5199 Julianus

223 5214 326 5267 lib.
365 5230 396 5266 v
420 5216 733 5282 posterioris
761 5216 947 5284 Uperis
977 5213 1216 5285 (August.
1248 5215 1335 5270 lib.
1362 5229 1415 5266 vt
1445 5213 1544 5281 ορ.
1577 5215 1796 5284 imperi.

224 5301 270 5336 ε.
303 5285 377 5338 25
403 5296 448 5337 et
476 5285 629 5355 seq.),
670 5287 989 5353 videturque
1033 5302 1062 5339 e
1107 5285 1301 5339 Rnlino
1333 5287 1647 5354 sumpsisse,
1678 5302 1798 5352 qua:

226 5356 510 5409 verbosius
553 5369 877 5423 eXponeret.
912 5355 1048 5423 Quid
1075 5373 1188 5419 nos,
1233 5357 1426 5425 inquit,
1469 5369 1573 5410 tam
1604 5358 1797 5423 obstipa

225 5427 454 5478 veritatis
481 5427 639 5480 solius
666 5428 910 5480 rationem
942 5428 1244 5496 sequendum
1271 5438 1528 5496 putamus,
1554 5445 1666 5479 cum
1692 5429 1798 5481 ini-

226 5499 478 5570 micorum
505 5509 792 5570 nostrorum
819 5497 1050 5568 phalanx
1077 5499 1200 5570 ipsis
1241 5499 1487 5550 innitatur
1515 5515 1799 5570 rerumfpc-

225 5565 425 5631 riculis,
454 5577 498 5620 et
516 5569 748 5638 insurgat
771 5565 827 5622 in
849 5586 940 5622 nos
967 5565 1318 5623 arrumnarum
1342 5570 1589 5620 instructa
1609 5565 1800 5634 suffra-

223 5641 327 5711 giis
352 5653 370 5690 .'
399 5638 716 5711 vultquippe
743 5641 936 5711 pudore
979 5639 1288 5702 coeuntium,
1324 5640 1499 5691 dolore
1526 5641 1797 5705 parientis,

223 5709 414 5762 sudore
443 5709 752 5772 laborantis,
785 5711 1216 5764 transmissioncm
1252 5712 1515 5779 culparum
1553 5720 1598 5762 et
1626 5727 1798 5778 poena-

227 5796 344 5836 ’ἀει
367 5783 421 5836 in
447 5783 642 5836 semina
667 5781 1017 5848 cmprobare,
1057 5791 1112 5835 ut
1141 5781 1218 5834 liis
1244 5779 1474 5834 videlicet
1500 5781 1658 5846 siqnis
1688 5782 1791 5847 dif-

1913 4622 1986 4674 eis
2033 4622 2228 4674 tunicas
2259 4614 2497 4686 pelliceas
2534 4618 2702 4671 Adam
2747 4629 2794 4670 et
2838 4616 3001 4670 Even?
3040 4614 3372 4686 Manifestum
3407 4625 3484 4686 e_s_t

1913 4707 2053 4762 ergo,
2092 4683 2278 4756 inquit.
2303 4692 2437 4760 quod
2471 4689 2534 4762 de
2575 4688 2870 4762 corporibus
2907 4685 3378 4762 nostri_s_loquatur_.
3413 4683 3482 4738 Et

1910 4763 1953 4814 si
1970 4757 2068 4813 ltoc
2096 4763 2168 4815 ita
2189 4771 2285 4824 est,
2314 4757 2566 4825 quomodo
2586 4758 2820 4830 legimus,
2849 4770 2967 4812 ante
2993 4757 3483 4830 pelliceastnnicas,

1908 4845 1954 4883 et
1975 4843 2092 4884 ante
2112 4832 2504 4885 inobedientiam
2526 4840 2572 4883 et
2604 4826 2664 4883 de
2685 4830 2927 4896 paradiso
2959 4826 3182 4886 ruinam,
3213 4827 3378 4896 didam
3405 4826 3482 4876 lo-

1906 4913 2136 4970 quentem
2159 4920 2259 4956 non
2278 4903 2556 4956 secundum
2575 4901 2892 4971 allegoriam,
2927 4899 3012 4951 sed
3032 4914 3144 4950 vere
3163 4895 3328 4971 :“Hoc
3343 4910 3481 4948 nunc

1906 4967 1962 5025 os
1991 4989 2054 5026 ex
2081 4973 2275 5026 ossibus
2305 4973 2449 5040 meis,
2497 4981 2544 5024 et
2579 4967 2700 5024 raro
2727 4973 2789 5024 de
2815 4985 2968 5022 carne
3008 4985 3136 5020 mea.
3172 4967 3365 5020 Verum
3387 4977 3480 5040 aut

1904 5044 2050 5097 varie
2093 5046 2303 5096 locutus
2349 5036 2445 5097 est
2472 5045 2754 5110 Origenes.
2799 5052 2890 5094 aut
2919 5040 3288 5093 Theodorctus
3337 5036 3478 5091 male

1900 5113 2073 5183 ipsum
2105 5115 2356 5184 exposuit
2385 5115 2438 5168 in
2467 5114 2579 5179 QQ.
2607 5113 2675 5167 de
2701 5111 2917 5168 Genesi.

1970 5229 2056 5282 57.
2088 5227 2239 5295 Quod
2270 5227 2425 5294 dixit,
2471 5243 2566 5298 per
2605 5226 2834 5280 ﬁliorum
2875 5223 3302 5294 generationem,
3349 5235 3474 5276 eum

1899 5318 2130 5372 ﬁliorum
2169 5319 2518 5387 generatioae
2558 5316 2910 5386 signiﬁcavit;
2940 5315 3076 5369 solet
3119 5315 3263 5368 enim
3295 5312 3474 5364 divina

1890 5412 2176 5479 .Scriptura
2209 5409 2622 5480 prmpositioncs
2664 5409 2977 5478 plerumque
3018 5415 3250 5460 mutare.
3297 5402 3477 5456 Testis

1898 5515 1980 5556 cst
2028 5502 2327 5571 patriarcha
2355 5500 2554 5570 .loseph
2585 5499 2652 5554 de
2692 5499 2902 5552 somnio
2941 5497 3006 5551 ad
3038 5495 3357 5550 Eunuchum
3387 5492 3474 5547 di-

1897 5610 2025 5650 cens
2058 5611 2072 5650 :
2108 5593 2228 5648 Non
2253 5611 2340 5662 per
2364 5593 2530 5648 Deum
2550 5593 2845 5662 explanatio
2871 5594 2981 5663 ejus
3005 5589 3155 5660 (Cen.
3189 5605 3277 5654 XL,
3307 5587 3390 5653 8),
3421 5586 3476 5640 id

1898 5699 2002 5753 est,
2037 5704 2140 5741 non
2166 5703 2196 5741 a
2228 5688 2358 5741 Deo.
2389 5686 2651 5741 Similiter
2690 5695 2867 5740 autem
2914 5683 3076 5738 etiam
3115 5682 3302 5736 beatus
3331 5679 3472 5733 Pan-

1902 5783 2007 5847 lus,
2065 5796 2189 5838 cum
2236 5780 2302 5838 ad
2343 5779 2597 5837 Hebraeos
2647 5776 2927 5847 scriberet,
2968 5775 3096 5832 dicit
3128 5793 3141 5828 :
3170 5773 3274 5827 Per
3323 5783 3474 5839 quem
