3948 6188
440 380 546 442 675

442 499 601 553 etiam
628 493 744 563 fecit
773 486 958 542 saecula
981 480 1138 554 (Heb.
1170 491 1209 542 t,
1233 475 1316 544 2),
1350 487 1448 542 pro
1477 485 1542 524 eo
1571 465 1711 538 quod
1741 472 2007 563 estacqu
2037 460 2090 519 Α

442 601 553 656 quo
600 553 761 636 etiam
804 574 928 628 fecit
969 553 1185 625 szncula.
1223 566 1407 631 Neque
1452 561 1594 617 enim
1643 553 2021 612 subministra-

448 640 620 729 t‘orem
652 662 879 724 dicimus
922 660 1098 717 Patris
1146 672 1271 713 esse
1314 654 1532 717 Filium,
1570 657 1787 717 propter
1812 644 1913 697 hoc
1938 640 2021 695 di-

862 370 954 425 AD
991 359 1271 422 PARTEM
1299 350 1577 411 .PRIMAM
1616 343 1899 404 OPERUM
1938 340 2008 397 M.
2051 330 2494 395 MERCATORIS
2530 322 2873 385 APPENDIX
2913 322 3252 381 SECUNBA.

2114 452 2342 507 steriore
2371 447 2510 518 (Lib.
2543 460 2600 518 ut
2627 445 2739 518 0p._
2759 441 2981 511 Imperi.
3010 456 3056 518 c_.
3090 439 3168 518 lg
3200 448 3248 493 et
3273 436 3701 518 seq.),‘utroque

2118 538 2245 579 usus
2272 528 2356 574 est
2377 507 2698 572 Theodorus
2726 513 2782 567 in
2809 507 3075 581 escerptis
3095 507 3484 583 (Excerpto'Z).

3576 321 3697 377 λιτῦ

2191 657 2280 712 39.
2312 654 2444 709 Post
2470 652 2585 705 haec
2616 649 2775 720 igitur
2803 646 2901 701 Dei
2932 644 3259 711 testimonia,
3288 644 3563 699 insaniunt
3599 644 3691 713 qui

449 779 616 830 ctum,
649 760 794 832 quod
838 766 964 813 est:
1000 754 1103 807 Per
1150 766 1295 821 quem
1334 748 1485 801 etiam
1513 744 1629 814 fecit
1660 739 1880 800 swcula;
1926 733 2021 790 sed

2181 768 2219 806 2r
2247 763 2411 803 unum
2440 744 2712 800 hominem
2744 740 2937 808 Adam,
2967 755 3182 795 omnem
3209 738 3391 793 orbem
3423 749 3703 793 terrarum

452 828 622 926 magis
650 828 1088 922 cooperatorem.
1127 843 1247 898 Non
1274 854 1401 909 ergo
1434 836 1544 891 Eva
1576 841 1797 904 propter
1826 828 2025 882 liberos

452 949 747 1005 salvabitur
793 958 944 1007 suos,
992 952 1167 1008 neque
1212 934 1328 1004 ejus
1374 928 1589 985 soboles
1636 924 1826 980 matris
1865 932 2027 975 causa

455 1040 821 1104 damnabitur,
856 1044 947 1087 aut
976 1030 1146 1101 patris
1190 1026 1385 1089 Adam,
1424 1022 1563 1077 sicut
1605 1012 2026 1087 imprudentium

457 1132 691 1185 sestimat
718 1123 988 1194 opinatio;
1030 1134 1151 1174 nam
1184 1113 1552 1183 unusquisque
1581 1108 1877 1171 hominum,
1909 1115 2029 1157 cum

463 1221 617 1277 liberi
656 1216 865 1271 arbitrii
914 1214 1005 1277 sit,
1054 1225 1121 1265 es
1160 1220 1380 1263 suorum
1427 1201 1685 1273 qualitate
1731 1203 2029 1265 gestorum,

462 1320 557 1365 aut
576 1306 876 1363 laudandus
898 1301 1179 1363 nimirum,
1202 1304 1293 1350 aut
1320 1289 1705 1362 vituperandus
1727 1285 2032 1341 habebitur.

466 1401 642 1460 Simili
679 1396 839 1453 modo
868 1395 1031 1450 etiam
1079 1392 1131 1446 in
1177 1389 1266 1443 die
1298 1383 1505 1455 judicii,
1546 1389 1640 1435 aut
1662 1374 2035 1449 juStilicaudus

466 1494 594 1560 erit,
626 1502 716 1546 aut
739 1487 1001 1558 supplicio
1027 1480 1417 1552 subjugandus,
1444 1478 1586 1532 sicut
1613 1484 1665 1528 et
1686 1474 1871 1526 beatus
1902 1468 2041 1522 Pau-

469 1590 554 1643 lus
583 1587 740 1642 docet
765 1584 841 1638 ita
869 1580 1056 1635 dicens
1090 1577 1156 1648 (ll
1180 1575 1301 1630 Cor.
1332 1590 1384 1640 v,
1411 1570 1500 1641 10)
1531 1586 1544 1622 :
1578 1568 1768 1621 Omnes
1788 1562 1921 1616 enim
1946 1575 2039 1613 nos

471 1675 793 1746 manifestari
835 1678 1029 1743 Oportet
1071 1677 1191 1722 ante
1233 1663 1458 1719 tribunal
1496 1658 1707 1721 Christi,
1754 1663 1810 1709 ut
1852 1655 2042 1721 referat

472 1769 816 1838 unusquisque
835 1762 1045 1836 propria
1067 1761 1321 1831 corporis,
1336 1762 1487 1830 prout
1510 1753 1682 1825 gessit,
1707 1750 1810 1803 sive
1831 1747 2043 1810 bonum,

471 1862 575 1915 sive
601 1858 814 1911 malum.

546 1970 743 2040 Incipit
788 1980 1098 2038 Oppuguare
1149 1971 1424 2040 peccatum
1464 1956 1746 2040 originale,
1788 1953 2049 2040 primum-

476 2059 583 2113 que
630 2021 1202 2113 aiénmetituunlsum'it
1245 2035 1409 2113 abneo
1439 2021 1746 2113 testim‘onio
1775 2021 2046 2113 ΑρῖὶεχιοιίΞ

479 2092 927 2181 tamen;
973 2103 1556 2181 umorwaxcerw-
1590 2096 1651 2181 βλ
1693 2092 1955 2181 nimia.
1997 2096 2053 2144 οι

481 2163 710 2259 initiae
729 2163 948 2259 tradidit
976 2176 1163 2259 (Part.
1180 2190 1215 2228 ιι
1238 2163 1378 2256 utet.
1409 2163 1548 2259 "pm.
1568 2168 1674 2250 με,
1701 2175 1747 2259 et
1776 2163 1899 2246 alibi
1931 2177 2051 2259 pas-

480 2234 630 2321 sint),
660 2234 812 2321 quasi
862 2234 1060 2321 nemini
1098 2246 1318 2321 alterius
1369 2241 1541 2321 culpa
1568 2236 1817 2321 imputari
1858 2234 2049 2313 possit.

485 2302 822 2390 Per'g'itjvero
851 2318 1098 2390 injuriam
1132 2316 1305 2389 facere
1349 2302 1662 2390 catholicis;
1683 2316 1738 2359 ut
1779 2319 1911 2371 quos
1943 2302 2053 2383 iut-

487 2373 689 2462 periotus
724 2373 880 2445 antea
901 2373 1149 2462 'dixerat,
1186 2388 1331 2462 nune
1377 2380 1743 2462 imprudentes
1775 2384 1944 2462 vocet,
1976 2373 2055 2425 in-

487 2443 867 2531 san—ite‘postea
901 2443 1248 2531 damnaturus
1273 2472 1286 2507 :
1320 2455 1379 2531 in_
1401 2443 1503 2531 quo
1527 2456 1742 2531 secutus
1770 2454 1855 2525 est
1880 2443 2059 2522 Theo—

485 2515 701 2595 dorum:
724 2532 815 2602 qui
841 2530 1154 2602 defensores
1176 2524 1384 2602 peccati
1407 2515 1681 2602 originalis
1712 2515 2056 2596 perironiam

488 2586 720 2673 primum
742 2586 1193 2673 'sapientissimps'
1209 2606 1285 2673 _et
1316 2586 1589 2673 mirabiles
1614 2586 1821 2669 peccati
1855 2594 2059 2673 patres,

493 2656 603 2727 iniu
618 2656 1019 2726 inexercitatos
1037 2669 1088 2721 in
1107 2664 1398 2733 Scripturis
1425 2656 1645 2733 divinis,
1670 2656 2063 2733 imprudentes-

491 2761 595 2813 que
623 2752 675 2796 et
705 2722 1111 2813 inverecundos,
1131 2722 1432 2813 _tlcme_ri_tes
1459 2722 2060 2813 deniqueonominathiu

490 2794 762 2881 encerptis
781 2794 907 2879 quasi
930 2825 993 2863 ex
1017 2794 1180 2881 Mario
1204 2805 1504 2881 edidimus;
1530 2794 1738 2881 punivit
1760 2794 2060 2881 autemnl’e-

494 2864 643 2952 labs—io
658 2864 930 2948 imperitos
948 2888 1009 2952 _et
1031 2879 1249 2952 insanos
1274 2864 1562 2952 appellanti
1583 2888 1597 2935 ;
1615 2870 1827 2952 Iuliano
1857 2864 2063 2952 nullum

503 2934 606 3005 ιιὸἰι
629 2934 925 3005 convicium
946 2949 998 3003 in
1023 2947 1237 3002 eosdem
1261 2934 1563 3011 conjicieuti
1583 2934 1597 3005 ζ
1621 2940 1847 3011 aliisque
1880 2934 2067 3011 tactio-

498 3026 574 3075 sis
603 3024 719 3075 sine
746 3020 980 3080 nomine.
1006 3033 1231 3086 quorum
1262 3005 1507 3083 proprius
1528 3012 1805 3086 character
1824 3005 1920 3059 fuit
1944 3015 2070 3056 suos

502 3093 739 3155 laudare,
769 3092 899 3145 alios
928 3081 1226 3158 despicere,
1259 3081 1422 3139 immo
1449 3081 1747 3137 maledictis
1777 3090 2023 3132 onerare.

2126 839 2419 912 iniquitatis
2444 836 2871 904 flagitiorumque
2900 831 3291 894 condemnant;
3316 844 3437 883 nam
3468 828 3557 897 qui
3580 826 3699 881 hazc

2128 934 2335 997 dicunt,
2375 939 2467 983 aut
2510 926 2765 995 iujustnm
2820 924 2986 977 Deum
3017 920 3390 992 pronuntiant,
3419 924 3511 974 aut
3548 928 3709 974 certe

2132 1026 2244 1081 Deo
2287 1020 2562 1078 diabolum
2602 1017 2866 1071 aestimant
2908 1013 3217 1082 fortiorem;
3264 1028 3330 1068 eo
3358 1011 3496 1083 quod
3545 1023 3708 1066 natu-

2132 1129 2270 1180 ram,
2299 1126 2458 1182 quam
2494 1109 2634 1163 Dens
2661 1106 2863 1161 creavit
2893 1105 3109 1171 bonam,
3154 1119 3273 1159 eam
3314 1104 3576 1172 djabolus,
3606 1117 3710 1172 per

2135 1206 2626 1277 praevaricationem
2652 1200 2824 1256 Adam
2850 1209 2902 1254 et
2927 1196 3074 1266 Eva»,
3107 1199 3300 1252 malam
3328 1196 3557 1266 potuerit
3583 1197 3713 1251 elﬁ-

2135 1311 2281 1362 cere,
2305 1292 2592 1364 siquidem,
2618 1289 3057 1359 prtevaricatione
3079 1288 3237 1358 primi
3259 1286 3486 1342 hominis
3507 1287 3723 1355 Adam,

2136 1400 2193 1446 et
2219 1390 2335 1458 ejus
2367 1385 2549 1438 uxoris
2588 1383 2736 1447 Eva),
2780 1395 2968 1433 omnes
2996 1378 3243 1432 homines
3284 1388 3501 1445 peccato
3541 1377 3712 1431 obno-

2140 1483 2214 1537 xii
2237 1490 2381 1535 sunt.
2416 1476 2746 1544 Semetipsos
2776 1470 3015 1542 profecto
3042 1470 3243 1526 debent
3268 1482 3562 1539 agnoscere
3590 1482 3729 1524 esse

2141 1574 2364 1645 cupidos
2392 1572 2740 1637 delictorum;
2787 1569 2983 1638 quippe
3019 1581 3139 1622 eum
3188 1565 3296 1620 sint
3344 1565 3443 1634 ipsi
3471 1564 3725 1633 volupta-

2144 1674 2258 1721 tum
2286 1672 2574 1728 amatores,
2606 1671 2662 1715 et
2705 1660 2907 1723 carnis,
2940 1672 3044 1713 non
3072 1656 3270 1711 debent
3297 1671 3479 1710 eorum
3526 1666 3731 1711 causas

2146 1758 2267 1812 aliis
2299 1764 2609 1816 aunectere,
2642 1766 2872 1820 quorum
2917 1748 3016 1817 ipsi
3054 1747 3308 1802 videntur
3336 1745 3502 1801 fuisse
3529 1755 3728 1800 aucto-

2078 1835 2126 1895 B
2153 1856 2261 1897 res.
2293 1842 2398 1895 Aut
2424 1848 2570 1895 certe
2598 1838 2782 1892 dicant
2804 1834 2981 1895 nobis.
3013 1833 3104 1904 qui
3138 1847 3257 1887 sese
3283 1846 3403 1887 esse
3433 1832 3741 1900 prudentes

2149 1932 2474 1995 existimant,
2498 1944 2674 2000 neque
2700 1943 2761 1983 ea
2791 1942 2907 1997 qua:
2929 1926 3119 1981 dicunt
3147 1924 3445 1995 intelligere
3472 1935 3726 1994 possunt,

2150 2037 2329 2092 neque
2374 2022 2440 2075 de
2484 2020 2677 2090 quibus
2714 2018 2989 2087 diSputant
3024 2018 3225 2071 sentire
3282 2024 3596 2079 noscuntur,
3630 2032 3739 2069 ειη·

2154 2116 2322 2173 Adam
2362 2121 2417 2168 et
2447 2111 2582 2179 Eva,
2621 2124 2743 2164 cum
2786 2108 2957 2177 primo
3003 2106 3319 2170 ceciderint,
3364 2106 3601 2161 secundo
3642 2121 3739 2160 ca-

2156 2210 2285 2265 dere
2311 2206 2534 2262 minirne
2558 2210 2941 2274 apposuerunt,
2971 2200 3016 2256 si
3038 2216 3226 2255 eorum
3260 2208 3468 2265 natura,
3500 2214 3564 2255 ex
3593 2213 3743 2269 pra:-

2156 2298 2483 2355 varicatione
2515 2299 2647 2350 facta
2687 2294 2986 2364 peccatrix,
3025 2308 3053 2347 a
3084 2292 3237 2345 malis
3263 2306 3321 2346 se
3356 2292 3564 2360 penitus
3595 2290 3744 2344 abs-

2160 2392 2332 2446 tinere
2380 2405 2485 2443 non
2529 2394 2761 2457 poterat.
2804 2384 2987 2453 Neque
3032 2384 3175 2438 enim
3224 2382 3469 2438 meminit
3507 2398 3751 2452 nsquam

2160 2483 2339 2537 divina
2366 2480 2663 2549 Scriptura,
2687 2476 2839 2548 quasi
2869 2476 2970 2545 ipsi
2990 2474 3227 2529 secundo
3252 2473 3609 2543 peccaverint,
3630 2473 3750 2527 sic-

2165 2574 2239 2627 uti
2278 2572 2345 2626 de
2384 2569 2535 2636 Cain,
2582 2568 2722 2639 quod
2768 2567 3006 2623 secundo
3058 2566 3327 2636 peccavit,
3370 2580 3593 2619 narrare
3632 2580 3750 2619 non

2165 2665 2370 2721 distulit
2395 2681 2410 2719 :
2438 2663 2638 2733 quippe
2667 2676 2787 2717 cum
2828 2660 2990 2713 etiam
3022 2658 3088 2712 de
3121 2657 3274 2722 Abel,
3307 2656 3448 2724 quod
3492 2672 3521 2709 a
3548 2670 3755 2725 pecces-

2167 2756 2235 2812 tis
2265 2755 2427 2809 fuerit
2469 2752 2700 2816 alienus,
2744 2758 2931 2818 aperte
2960 2748 3221 2803 docuerit.
3254 2747 3388 2814 Quid
3424 2760 3549 2799 vero
3577 2747 3763 2800 etiam

2168 2849 2236 2902 de
2258 2846 2440 2901 Enoch
2474 2853 2633 2913 atque
2665 2842 2778 2896 Elia
2803 2840 3003 2903 dicent,
3035 2838 3176 2909 quod
3204 2854 3323 2893 cum
3355 2838 3489 2891 bene
3514 2836 3758 2906 placuis-

2170 2945 2291 2992 sent
2321 2936 2451 2998 Deo,
2485 2933 2728 2988 translati
2762 2939 2905 2994 sunt,
2940 2939 2998 2984 ut
3024 2939 3249 2984 mortem
3278 2929 3489 2998 penitus
3521 2944 3632 2982 non
3665 2930 3759 2982 vi-

2172 3028 2382 3091 derent,
2421 3040 2525 3077 non
2565 3024 2632 3077 ab
2661 3023 2831 3077 Adam
2864 3021 3300 3091 praevaricatione
3330 3019 3581 3089 prohibiti
3626 3034 3764 3085 per-

2181 3138 2397 3178 manere
2424 3120 2777 3185 immortales,
2812 3134 2932 3174 cum
2957 3132 3051 3188 per
3081 3116 3296 3171 eosdem
3331 3116 3476 3169 clare
3505 3113 3763 3169 docuerit

573 3206 662 3260 58’
706 3202 858 3271 Qum!
911 3211 1090 3257 amem
1137 3199 1292 3253 hbe”
1342 3213 1447 3251 mm
1497 3210 1594 3264 pro
1635 3191 1941 3262 parem‘b‘”
1975 3200 2144 3262 pu'C
2177 3215 2484 3285 unigenitus
2538 3214 2677 3266 Deus
2743 3219 2869 3265 ante
2931 3208 3202 3264 carnalem
3252 3195 3540 3273 adventum
3594 3220 3769 3260 suum

501 3299 738 3361 niantur,
771 3310 947 3365 neque
994 3300 1245 3363 parentes
1294 3304 1389 3359 pro
1418 3286 1623 3350 liberis,
1662 3294 1847 3353 aperte
1888 3291 2072 3333 rursus

504 3388 719 3443 edocuit
746 3386 905 3450 Deus,
954 3398 1075 3438 cum
1116 3381 1180 3435 ad
1224 3380 1461 3451 Moysen)
1510 3376 1825 3446 prophetam
1868 3372 2077 3425 diceret

504 3477 687 3549 (Deut.
713 3491 863 3541 XXIV,
896 3474 984 3545 16)
1017 3491 1029 3527 :
1062 3472 1181 3526 Non
1209 3473 1484 3525 morientur
1506 3478 1674 3536 patres
1700 3481 1792 3536 pro
1817 3464 1961 3531 ﬁliis,
1990 3474 2077 3515 nc-

505 3589 602 3637 que
645 3570 740 3634 filii
777 3586 871 3641 pro
908 3565 1221 3639 parentibus,
1264 3561 1607 3630 unusquisque
1649 3558 1701 3609 in
1740 3564 1939 3628 peccato
1985 3570 2078 3606 suo

509 3663 771 3715 morietur.
804 3660 973 3713 Porro
1019 3665 1195 3710 autem
1238 3665 1469 3723 arguens
1498 3650 1635 3703 Deus
1667 3644 2078 3714 imprudentiam

511 3753 745 3806 ﬁliorum
780 3749 966 3815 lsrael,
1005 3762 1071 3802 eo
1102 3755 1344 3814 tempore
1372 3757 1479 3813 quo
1508 3739 1644 3810 apud
1672 3738 1955 3792 Chaldaeos
1997 3749 2082 3789 se-

511 3845 748 3901 cundum
789 3843 993 3898 scelera
1044 3854 1137 3895 sua
1179 3837 1379 3908 captivi
1424 3845 1599 3898 erant,
1633 3841 1688 3887 et
1725 3830 2084 3886 causabantur

514 3956 620 3994 non
649 3939 718 3994 de
745 3953 802 3993 se
828 3938 1060 4007 penitus,
1090 3934 1181 3988 sed
1216 3933 1284 3987 de
1310 3930 1622 4001 parentibus
1658 3928 1794 3991 suis,
1823 3924 1973 3995 quasi
2005 3923 2083 3977 illi

516 4031 681 4085 totius
721 4044 907 4084 eorum
934 4024 1149 4081 nefandi
1194 4023 1419 4078 sceleris
1440 4021 1672 4094 inissent
1705 4032 1887 4082 causa,
1923 4017 2084 4068 Deum

514 4124 585 4178 de
612 4120 920 4192 captivitate
946 4130 1041 4169 sua
1072 4112 1497 4168 criminabantur
1525 4107 1744 4176 injuste,
1789 4121 1910 4160 cum
1942 4104 2089 4159 dice-

518 4224 638 4269 rent
685 4209 893 4283 (Ezech.
938 4218 1093 4271 xvm,
1125 4202 1181 4270 2)
1224 4216 1239 4255 :
1286 4200 1383 4253 Via
1421 4197 1629 4250 Domini
1670 4212 1771 4248 non
1819 4204 1892 4247 est
1929 4205 2086 4261 recta,

519 4304 764 4375 quoniam
803 4306 970 4367 patres
999 4294 1163 4359 nostri
1190 4292 1516 4348 comederunt
1555 4304 1703 4343 uvam
1750 4288 2005 4350 acerbam,
2044 4298 2092 4341 et

522 4394 749 4463 ﬁliorum
791 4390 963 4443 dentes
1007 4387 1409 4457 obstupuerunt;
1450 4381 1581 4436 dicit
1608 4379 1673 4433 ad
1713 4394 1806 4432 eos
1837 4393 1932 4446 per
1962 4377 2091 4431 Eze-

521 4482 1006 4555 cliiel,prophetam
1035 4480 1220 4552 (Ibid.,
1244 4479 1330 4549 5):
1359 4476 1480 4531 Vivo
1508 4492 1627 4546 ego,
1660 4474 1785 4526 dicit
1817 4472 2087 4537 Dominus,

2176 3324 2326 3379 spem
2358 3308 2527 3377 ipsam
2574 3303 3015 3359 resurrectionis?
3054 3301 3190 3368 Ouid
3229 3304 3387 3355 etiam
3426 3300 3493 3355 de
3523 3298 3639 3353 Noe
3668 3300 3766 3353 di-

2179 3409 2326 3465 cent,
2347 3414 2504 3469 quem
2535 3398 2890 3466 Deusjustum
2913 3411 3033 3450 esse
3059 3394 3317 3450 testatur?
3347 3394 3561 3448 Necnon
3591 3393 3765 3447 etiam

2180 3508 2300 3548 cum
2333 3492 2443 3547 suis
2471 3488 2718 3544 omnibus
2744 3488 2831 3542 hic
2855 3487 3100 3542 eamdem
3129 3486 3354 3539 salutem
3380 3484 3573 3538 meruit
3595 3497 3765 3551 quam

2185 3602 2285 3641 nos
2311 3599 2528 3654 quoque
2554 3598 2648 3652 per
2685 3582 2944 3647 baptisma
2977 3593 3372 3649 promeremur,
3400 3578 3542 3631 sicut
3567 3577 3769 3631 beatus

2186 3682 2387 3736 Petrus
2421 3678 2474 3731 in
2512 3692 2606 3731 sua
2635 3674 2872 3742 Epistula
2902 3672 3080 3738 docet,
3114 3686 3235 3726 cum
3268 3670 3398 3736 dicit
3426 3669 3469 3738 (l
3501 3668 3648 3722 Petr.
3680 3683 3769 3735 ιη,

2186 3777 2278 3847 i9)
2311 3793 2325 3829 :
2360 3774 2426 3829 In
2451 3791 2550 3844 quo
2580 3781 2625 3825 et
2651 3771 2731 3824 his
2755 3770 2841 3838 qui
2880 3769 2934 3821 in
2979 3781 3180 3820 carcere
3220 3773 3363 3818 erant
3391 3762 3655 3831 spiritibus
3677 3778 3774 3815 re-

2188 3871 2331 3923 niens
2349 3864 2675 3935 prardicauit;
2715 3861 2802 3930 qui
2827 3858 3080 3912 increduli
3116 3862 3321 3924 fuerant
3361 3854 3639 3923 aliquando
3675 3870 3776 3907 e1:-

2185 3953 2837 4029 spectabantDeipatientia
2873 3952 2927 4003 in
2953 3950 3129 4003 diebus
3162 3946 3299 4010 Noe,
3350 3963 3466 4001 cum
3489 3945 3780 4017 fabricare-

2191 4062 2275 4105 tur
2299 4065 2448 4114 arca,
2482 4064 2537 4101 m
2574 4061 2674 4115 qua
2704 4042 2880 4113 pauci,
2920 4041 2977 4094 id
3015 4048 3110 4105 est,
3156 4048 3270 4093 octo
3297 4039 3482 4091 anima:
3508 4036 3669 4089 salute
3690 4040 3784 4105 fa-

2192 4154 2287 4197 cta:
2330 4148 2447 4195 sunt
2478 4154 2568 4209 per
2595 4151 2804 4204 aquam,
2834 4133 2970 4205 quod
3012 4141 3061 4185 et
3108 4146 3193 4185 vos
3235 4146 3371 4183 nunc
3413 4128 3568 4184 simili
3598 4132 3782 4195 [arma

2192 4231 2359 4289 salvos
2388 4230 2509 4301 facit
2539 4227 2814 4298 baptisma.

2269 4346 2393 4402 Hmc
2413 4342 2599 4406 verba,
2621 4339 2883 4394 insaniunt
2905 4336 2991 4404 qui
3018 4349 3106 4401 per
3136 4349 3294 4406 unum
3324 4330 3605 4406 hominem,
3626 4338 3782 4406 “etc,

2197 4398 2471 4472 con—traxit
2513 4398 2833 4477 compendio
2885 4398 3452 4477 Pelagiustlncepist.
3501 4400 3567 4452 ad
3618 4398 3780 4477 llam.

2341 4485 2421 4553 7).
2451 4470 2751 4560 Insaniunt,
2773 4477 2964 4560 inquit,
2988 4470 3077 4560 qui
3111 4475 3177 4527 de
3202 4470 3367 4526 Adam
3393 4486 3483 4541 per
3507 4470 3786 4523 traducens

521 4580 568 4634 si
598 4579 734 4632 ultra
763 4574 917 4647 fuerit
938 4550 1053 4645 jam
1095 4572 1231 4624 dicta
1257 4569 1498 4639 parabole
1527 4569 1625 4620 ista
1669 4567 1723 4618 in
1753 4564 1941 4625 Israel,
1970 4578 2087 4631 quae
2126 4576 2175 4635 ι)
2199 4550 2431 4647 asserunt
2460 4554 2649 4633 adortos
2676 4550 2857 4647 uenirel
2874 4556 3155 4617 peccatum.

522 4673 667 4728 etiam
697 4685 869 4725 omnes
897 4668 1082 4722 anima:
1107 4678 1233 4719 mea:
1270 4670 1406 4727 sunt,
1449 4662 1579 4714 sicut
1607 4660 1777 4712 anima
1806 4656 1987 4728 patris,
2024 4657 2095 4707 sic

523 4777 575 4821 et
594 4766 765 4818 anima
793 4763 890 4833 ﬁlii
912 4774 1034 4814 metu
1052 4766 1201 4823 sunt;
1230 4755 1401 4808 anima
1424 4769 1536 4819 qua:
1558 4761 1751 4820 peccat,
1779 4752 1889 4816 ipsa
1918 4750 2100 4803 morie-

528 4872 636 4915 tur.
670 4859 737 4912 Et
762 4858 957 4912 iterum
1000 4851 1189 4923 (Ibid.,
1218 4849 1310 4918 20)
1344 4866 1357 4900 :
1389 4844 1580 4907 Filius,
1615 4846 1806 4914 inquit,
1837 4860 1935 4896 non
1966 4843 2101 4896 acci-

530 4954 633 5024 piet
663 4950 981 5017 iniquitatem
1008 4944 1188 5015 patris,
1232 4956 1392 5008 neque
1419 4949 1565 5010 pater
1602 4938 1817 5004 accipiet
1862 4935 2104 5003 iniquita-

532 5053 631 5096 tem
672 5041 788 5112 ﬁlii.
834 5038 901 5092 Et
937 5038 1128 5090 iterum
1174 5030 1361 5099 (Ibid.,
1397 5028 1489 5097 50)
1520 5044 1533 5081 :
1570 5027 1985 5096 Unumquemque
2022 5039 2106 5075 ve-

533 5144 697 5186 strum
751 5127 1031 5184 secundum
1086 5126 1219 5179 viam
1272 5137 1421 5176 suam
1462 5118 1707 5191 judicabo
1757 5132 1872 5182 vos,
1927 5115 2107 5166 domus

536 5224 726 5291 Israel,
754 5222 876 5277 dicit
902 5219 1172 5274 Dominus.
1204 5216 1337 5270 Cum
1365 5214 1590 5269 dixisset
1621 5210 1758 5263 Deus
1788 5204 1975 5279 (Ibid,
2001 5205 2059 5273 5)
2088 5221 2100 5256 ;

547 5315 674 5370 Vivo
698 5314 872 5387 ego,si
900 5312 1038 5366 ultra
1066 5309 1220 5381 fuerit
1259 5308 1397 5360 dicta
1427 5303 1677 5376 parabola
1702 5304 1801 5356 ista
1827 5302 1881 5354 in
1913 5299 2110 5363 Israel;

537 5417 725 5479 aperte
754 5405 936 5462 docuit
962 5418 1057 5461 eos
1083 5404 1138 5458 in
1165 5401 1355 5458 eadem
1380 5396 1739 5468 imprudentia
1768 5408 2105 5465 permanere.

609 5519 913 5578 Secundum
967 5526 1337 5589 argumentum
1389 5512 1662 5589 speciatim
1719 5512 1991 5589 pertinens
2032 5507 2107 5589 ad

537 5606 757 5649 causam
790 5579 1077 5644 liberorum
1101 5597 1154 5642 et
1180 5579 1460 5657 parentum
1465 5583 1655 5657 _sumit_
1678 5596 1740 5657 es
1770 5579 2106 5657 testimonio,

540 5673 655 5718 tum
696 5660 857 5716 Mosis
902 5648 1247 5729 Iegislatoris,
1299 5666 1409 5710 tum
1441 5651 1763 5729 Ezechielis
1802 5648 2107 5729 prophetae.

541 5735 842 5790 litt-umque
884 5720 1106 5785 adduxit
1131 5720 1399 5790 Julianus,
1441 5726 1604 5777 immo
1641 5721 1949 5788 exscripsit,
1999 5720 2112 5775 sive

543 5807 600 5862 iss
630 5793 811 5859 libello
838 5803 1011 5867 (Part.
1043 5816 1079 5857 u
1108 5800 1247 5855 libcl.
1289 5815 1429 5853 num.
1467 5797 1576 5864 ﬂ),
1600 5795 1714 5850 sive
1735 5793 1788 5847 in
1813 5794 1987 5861 Opere
2017 5805 2108 5859 po-

2268 4609 2455 4682 VOluit
2484 4624 2643 4677 etiam
2678 4623 2729 4673 in
2761 4609 2951 4672 eodem
2981 4623 3296 4683 argumento
3322 4610 3577 4683 adhibere
3605 4609 3787 4683 Julia-

2202 4681 2322 4764 nus,
2354 4696 2431 4750 ait
2456 4695 2601 4764 enim
2642 4691 2994 4764 Augustinum
3037 4681 3327 4764 alloquens
3354 4681 3493 4764 (ιλιι
3520 4696 3549 4730 ν
3594 4681 3791 4764 oppri;

2203 4750 2421 4838 imperti
2451 4783 2499 4838 c_.
2521 4762 2613 4838 64)
2647 4780 2659 4814 :
2686 4750 2898 4838 [insanis
2927 4773 3045 4825 ergo
3081 4750 3198 4838 cum
3228 4750 3553 4838 dicisLCreat
3580 4750 3795 4832 malum

2207 4822 2490 4902 Deus,'sed
2524 4822 2638 4902 plus
2680 4828 2896 4893 insanis,
2946 4822 3075 4880 cum.
3090 4826 3143 4877 id
3171 4822 3460 4894 evangelica
3488 4824 3795 4875 testimonio

2209 4909 2423 4981 primore
2447 4906 2669 4964 conaris.
2704 4912 2811 4956 etc.

2283 4978 2521 5033 Tertium
2560 4979 2930 5041 argumentum
2950 4986 2980 5041 ᾖ
2994 4966 3051 5021 Si
3094 4964 3282 5041 tradux
3319 4972 3400 5041 est
3426 4963 3657 5041 peccati,
3693 4970 3799 5015 aut

2214 5051 2354 5103 Deus
2404 5032 2649 5113 injustas"
2674 5051 2787 5103 est,
2813 5048 2905 5113 aut
2928 5038 3061 5113 __Deo
3106 5036 3295 5090 fortior
3342 5032 3615 5098 diabolus,
3650 5042 3796 5098 etc.,

2211 5107 2591 5183 adhibuit'ipse
2622 5125 2832 5180 quoque
2859 5107 3121 5183 Julianus.

2279 5172 2562 5255 Quartum,
2610 5172 2760 5251 q'uod'
2792 5178 2993 5255 peccati
3035 5174 3311 5255 originalis
3339 5172 3522 5243 opinio
3567 5172 3803 5252 inventa

2211 5243 2392 5313 sit~ab
2435 5243 2737 5309 hominibus
2779 5243 2987 5313 cupidis
3015 5243 3369 5311 voluptatum,
3418 5243 3807 5313 etc.._tragi«e

2213 5311 2459 5383 dilatavit
2500 5326 2744 5378 Julianus
2772 5311 2910 5391 (Lib.
2940 5333 2973 5372 ιι
3011 5317 3193 5386 ορενξε
3224 5312 3445 5386 Imperf.
3481 5328 3532 5368 c.
3566 5311 3604 5366 5
3632 5325 3681 5365 ιι
3716 5314 3806 5384 6).

2216 5400 2443 5455 Delectat
2468 5397 2704 5450 subantes
2729 5393 2950 5445 animas.

2288 5512 2379 5568 ιο.
2408 5510 2501 5568 Sin
2544 5523 2697 5574 vero,
2729 5514 2784 5560 ut
2815 5503 2915 5573 ipsi
2944 5508 3213 5567 asserunt,
3254 5507 3477 5569 propter
3502 5506 3813 5568 peccatum

2218 5605 2391 5662 Adam
2431 5602 2731 5657 moriuntur
2770 5598 3019 5660 infantes,
3050 5593 3233 5647 dicant
3278 5591 3436 5645 nobis
3462 5605 3560 5645 cur
3608 5594 3816 5644 statim

2221 5696 2475 5767 baptizati
2505 5700 2732 5754 mortem
2770 5696 2986 5758 gustare
3015 5682 3419 5754 permittuntur,
3444 5682 3646 5749 quippe
3670 5695 3819 5735 cum

2220 5765 2412 5846 omnes
2452 5783 2539 5856 qui
2586 5778 2841 5854 baptizati
2869 5785 3019 5846 sunt,
3074 5783 3129 5830 et
3160 5780 3380 5844 propter
3429 5772 3531 5827 hoc
3570 5765 3671 5826 lilii
3712 5776 3823 5828 Dei
