3972 6180
137 322 228 378 177
296 314 612 373 DISSERT.
654 314 721 369 Υ.
764 315 853 371 DE
891 314 1206 373 LIBELLIS
1244 318 1428 375 FIDE!
1466 319 1777 378 SCRIPTIS
1814 319 1907 376 AB
1943 317 2378 377 AUCTUIHBUS
2418 316 2733 373 UERESIS
2770 316 3217 378 PELAGIANIE.

138 431 268 498 facti,
319 441 600 500 peccatum
643 430 844 486 habere
897 446 1005 486 non
1052 431 1278 500 possint.
1327 432 1392 486 Et
1435 432 1700 502 siquidem

137 534 340 596 propter
364 530 643 590 peccatum
672 521 845 575 Adam
870 521 1213 591 baptizantur
1241 521 1496 590 infantes,
1524 523 1615 591 qui
1638 537 1706 577 ex

138 617 441 689 parentibus
468 615 793 670 Christianis
838 618 949 671 nati
997 625 1145 684 sunt,
1190 616 1451 685 baptizari
1482 617 1705 691 minime

139 713 415 779 debebunt,
446 721 502 765 et
521 711 673 780 quasi
718 711 892 766 sancti
931 712 1153 776 perinde
1196 712 1541 777 haberentur,
1573 714 1699 782 quia
1734 739 1755 749 ο

140 810 192 861 de
223 805 542 873 parentibus
584 813 708 857 sunt
733 804 980 858 fidelibus
1018 805 1307 872 procreati,
1340 806 1479 858 sicut
1518 804 1705 858 beatus

140 899 313 952 Paulus
347 895 509 951 docet
535 894 639 950 hoc
686 895 848 949 modo
874 895 1062 950 dicens
1092 913 1105 949 :
1137 896 1377 963 Alioquin
1406 896 1506 964 ﬁlii
1551 896 1705 949 vestri

138 988 368 1042 immundi
397 996 542 1054 sunt,
574 1004 708 1040 nunc
737 1003 857 1040 vero
894 989 1061 1041 sancti
1096 998 1215 1041 sunt
1240 988 1284 1057 (ι
1304 988 1429 1042 Cor.
1460 1003 1552 1043 vn.
1588 987 1700 1055 14).

139 1080 385 1135 Similiter
415 1087 599 1133 autem
628 1081 789 1134 etiam
819 1079 1007 1135 beatus
1041 1079 1280 1134 Joannes
1309 1080 1441 1134 dicit
1465 1082 1533 1134 de
1577 1095 1701 1148 pro-

140 1170 369 1226 creandis
417 1170 566 1235 filiis,
591 1171 717 1240 quia
758 1171 919 1226 simul
959 1180 1123 1241 atque
1156 1182 1469 1237 nascuntur,
1500 1172 1705 1226 illumi-

141 1266 390 1320 nstionem
440 1262 890 1319 sanctiﬁcationis
919 1264 987 1319 ab
1018 1263 1292 1335 unigenito
1325 1264 1502 1319 Verbo
1530 1265 1706 1333 perci-

141 1359 288 1427 piunt,
316 1371 443 1410 cum
482 1355 615 1410 dicit
644 1373 659 1409 :
692 1354 821 1410 Erat
859 1356 955 1412 lux
994 1373 1133 1425 vera,
1166 1374 1279 1428 qute
1304 1358 1564 1411 illuminat
1596 1374 1705 1412 om-

142 1465 236 1502 nem
272 1448 533 1500 hominem
563 1448 840 1501 venientem
882 1449 935 1501 in
975 1448 1113 1502 hunc
1157 1448 1407 1501 mundum
1450 1446 1631 1519 (loan.
1660 1464 1701 1515 ι,

141 1542 203 1611 9).
249 1539 527 1608 Baptisms
572 1538 737 1609 igitur
782 1538 1017 1594 infantes
1064 1555 1171 1593 non
1213 1547 1434 1608 propter
1482 1546 1702 1608 peccata

140 1633 439 1703 percipiunt,
476 1631 574 1688 sed
621 1642 679 1686 ut
705 1632 1003 1702 Spiritalem
1035 1633 1463 1702 procreationem
1492 1632 1702 1687 haben-

140 1739 225 1795 tes,
277 1727 425 1797 quasi
480 1741 576 1796 per
622 1726 889 1796 baptisma
945 1726 1001 1781 in
1057 1726 1274 1781 Christo
1324 1737 1594 1792 creentur,
1643 1734 1699 1781 et

143 1824 283 1891 ipsius
317 1820 478 1891 regni
521 1819 760 1876 caelestis
799 1818 1089 1889 participes
1125 1820 1278 1886 ﬂant,
1329 1820 1468 1874 sicut
1512 1819 1704 1874 beatus

147 1914 308 1969 Paulus
330 1913 492 1969 docet
522 1912 627 1968 hoc
654 1912 817 1967 modo
845 1929 859 1965 :
892 1912 953 1968 Si
978 1929 1080 1982 qua
1106 1913 1158 1965 in
1176 1910 1377 1966 Christo
1406 1929 1534 1967 nova
1562 1929 1705 1966 crea-

153 2017 243 2060 tura
266 2006 303 2075 (l
330 2004 449 2059 Cor.
476 2021 563 2073 ιιι,
596 2006 720 2076 1ης
751 2015 807 2061 et
827 2005 1018 2061 iterum
1042 2023 1056 2059 :
1088 2005 1186 2060 Sin
1214 2014 1383 2060 autem
1410 2006 1508 2075 ﬁlii
1528 2015 1574 2060 et
1599 2007 1704 2060 ha:-

155 2098 282 2163 mles,
306 2097 539 2152 hteredes
561 2097 774 2167 quidem
802 2095 923 2165 Dei,
976 2097 1267 2151 cohteredes
1309 2106 1475 2151 autem
1516 2097 1706 2151 Christi

154 2187 308 2257 (Rom.
343 2202 476 2253 vui,
519 2188 647 2258 i7).
699 2187 857 2243 Unde
894 2186 1179 2243 Cornelius
1203 2231 1223 2257 ,
1268 2190 1359 2257 qui
1388 2172 1704 2243 testimonio

152 2278 226 2333 Dei
244 2280 437 2347 justitia
470 2279 702 2347 nitebat,
734 2281 934 2349 quique
973 2280 1241 2349 baptisma
1269 2280 1527 2349 Spiritus,
1567 2280 1705 2334 sicut

148 2380 191 2423 et
222 2372 436 2440 apostoli
489 2380 832 2441 perceperat,
885 2382 941 2429 et
968 2374 1141 2428 sancti
1176 2373 1409 2443 Spiritus
1436 2374 1703 2443 particeps

148 2471 258 2530 erat,
279 2454 384 2532 quo
412 2464 471 2518 in
503 2478 565 2519 se
591 2462 925 2520 inbabitante
953 2474 1231 2534 peccatum
1264 2466 1476 2536 penitus
1506 2467 1705 2523 habere

146 2568 232 2609 non
275 2563 515 2624 poterat;
570 2556 881 2612 necessario
932 2566 1109 2613 tamen
1159 2558 1321 2613 etiam
1374 2558 1471 2612 illo
1527 2559 1700 2627 bapti-

147 2654 310 2711 smate,
337 2647 483 2716 quod
512 2661 609 2716 per
634 2663 829 2718 aquam
854 2648 1105 2716 traditur,
1136 2649 1330 2720 dignus
1355 2650 1569 2705 habitus
1597 2661 1701 2717 est,

147 2749 191 2791 ut
218 2740 508 2796 secundum
547 2722 763 2796 beatum
802 2742 1047 2811 Paulum,
1077 2744 1455 2814 complantatus
1496 2752 1705 2816 propter

147 2843 327 2887 mortem
354 2834 719 2889 similitudinis
746 2834 957 2902 Christi,
995 2838 1147 2891 etiam
1174 2837 1335 2908 ipsius
1376 2838 1705 2891 resurrectio-

147 2926 210 2979 nis
226 2925 435 2982 cohteres
467 2927 708 2983 existeret
737 2927 912 2998 (Rom.
938 2944 1013 2997 vr,
1037 2929 1115 3000 5).

203 3061 432 3136 Quintum
465 3076 842 3133 argumentum
870 3085 883 3119 :
907 3067 962 3122 Si
985 3067 1157 3122 infans
1180 3075 1399 3136 propter
1427 3074 1701 3135 peccatum

148 3133 308 3206 Adami
356 3136 659 3191 tollendum
704 3139 1031 3205 baptizatur,
1072 3133 1330 3206 baptizari
1370 3133 1553 3204 utique
1594 3152 1699 3192 non

3291 318 3406 376 ΠΒ

1732 434 1784 491 Α
1806 431 2003 485 divinis
2033 430 2348 500 Scripturts,
2375 433 2514 500 quod
2548 432 2685 501 ignis
2709 439 2897 486 aeterm
2930 446 3087 501 paena
3131 448 3402 491 innocen-

1810 519 1972 583 tibus,
2003 535 2067 575 ac
2107 521 2325 590 penitus
2358 531 2635 590 peccatum
2664 522 3070 591 ignorantibus,
3101 538 3402 596 praeparata

1807 626 1914 665 non
1940 610 2029 679 sit,
2064 612 2159 667 sed
2193 613 2291 675 eis,
2331 614 2421 683 qui
2465 614 2635 684 legem
2670 615 2765 670 Dei
2799 619 3138 684 prmvaricati
3167 636 3403 675 noscun-
3476 688 3479 691 δ

1804 711 1916 769 iur,
1949 704 2089 757 sicut
2125 703 2316 759 beatus
2362 705 2561 760 Paulus
2605 706 2765 761 docet
2812 710 2912 763 hoc
2952 710 3113 765 modo
3144 729 3158 766 :
3193 713 3403 770 Scimus

1804 796 2047 864 quoniam
2079 812 2406 866 quacumque
2436 798 2521 851 lea:
2554 799 2801 870 loquitur,
2840 800 2920 855 his
2949 804 3038 872 qui
3066 804 3118 856 in
3154 804 3259 876 lege
3282 816 3404 860 sunt

1807 888 2035 958 loquitur
2074 888 2254 960 (Rom.
2296 905 2383 955 ιιι,
2421 891 2544 961 19);
2575 901 2629 946 et
2667 892 2858 946 iterum
2893 911 2905 946 :
2940 893 3041 947 Per
3071 896 3232 966 legem
3263 899 3400 950 enim

1807 981 2028 1051 cognitio
2059 982 2252 1050 peccati
2281 981 2440 1052 (Rom
2469 1000 2560 1048 ιιι,
2592 985 2724 1055 21);
2773 995 2827 1040 et
2856 986 3050 1041 iterum
3087 1006 3100 1041 :
3137 988 3237 1043 Ubi
3266 992 3405 1045 enim

1806 1087 1911 1125 non
1944 1082 2017 1125 est
2058 1073 2161 1140 lex,
2200 1090 2290 1127 nec
2332 1077 2685 1145 prmvaricatio
2726 1076 2902 1149 (Rom.
2937 1094 3019 1145 tv,
3051 1076 3178 1149 15);
3208 1090 3261 1134 et
3293 1082 3398 1136 ite-

1805 1181 1923 1220 rum
1957 1184 1971 1219 :
2004 1165 2280 1221 Peccatum
2322 1179 2495 1243 (autem
2526 1187 2626 1224 non
2662 1171 2970 1241 imputatur,
3004 1189 3119 1225 cum
3165 1174 3250 1227 lex
3296 1190 3401 1229 non

1805 1265 1877 1311 est
1907 1256 2085 1327 (Rom.
2112 1273 2169 1323 ν,
2195 1259 2319 1329 15);
2348 1270 2403 1315 et
2423 1261 2618 1315 iterum
2645 1280 2656 1314 :
2688 1262 2818 1316 Sine
2838 1262 2948 1333 lege
2972 1264 3110 1316 enim
3134 1274 3409 1336 peccatum

1805 1361 2063 1404 mortuum
2095 1361 2186 1407 est.
2222 1352 2333 1423 Ego
2362 1364 2536 1407 autem
2574 1356 2797 1410 vivebam
2823 1357 2935 1411 sine
2978 1358 3087 1428 lege
3122 1358 3403 1428 aliquando

1806 1442 1985 1514 (Rom.
2016 1462 2122 1512 vn,
2163 1448 2225 1510 8,
2259 1448 2343 1518 9).
2370 1448 2633 1505 Similiter
2660 1461 2716 1506 et
2745 1451 2888 1505 Deus
2932 1450 3102 1522 Moysi
3146 1450 3214 1506 de
3240 1451 3400 1521 juve-

1806 1537 1965 1592 nibus
1995 1539 2165 1607 legem
2200 1542 2445 1597 condens
2469 1542 2601 1598 dicit
2633 1561 2647 1598 :
2680 1543 2808 1597 Vivo
2837 1560 2962 1617 ego,
2993 1554 3040 1597 et
3069 1545 3186 1599 vivit
3215 1562 3404 1599 nomen

1806 1646 1994 1700 meum,
2027 1641 2075 1684 et
2102 1632 2330 1703 implevit
2358 1634 2528 1711 gloria
2558 1633 2766 1689 Domini
2803 1652 2999 1690 omnem
3029 1645 3235 1704 terram,
3277 1638 3403 1708 quia

1808 1738 1981 1776 omnes
2013 1724 2132 1790 viri,
2172 1727 2259 1793 qui
2296 1726 2469 1780 vident
2509 1729 2727 1799 gloriam
2766 1744 2951 1796 meam,
3002 1738 3051 1781 et
3095 1730 3243 1797 signa
3285 1745 3404 1801 quas

1733 1799 1784 1861 Β
1810 1813 1906 1882 feci
1925 1813 1978 1866 in
2009 1814 2259 1884 JEggpto,
2287 1825 2333 1870 et
2365 1817 2417 1869 in
2442 1818 2640 1871 deserto
2667 1819 2784 1884 isto,
2815 1829 2861 1872 et
2883 1827 3201 1873 tentaverunt
3233 1799 3312 1872 me
3339 1820 3403 1876 de

1808 1906 1904 1957 hoc
1944 1905 2108 1959 decies
2130 1948 2145 1971 ,
2189 1916 2237 1961 et
2276 1925 2378 1962 non
2415 1911 2689 1963 audierunt
2716 1927 2887 1963 vocem
2928 1927 3113 1975 meam,
3149 1913 3397 1982 quoniam

1807 2011 1911 2049 non
1936 1995 2174 2051 videbunt
2203 2007 2392 2051 terram
2417 2016 2572 2069 quant
2591 2002 2767 2071 juravi
2803 2001 3036 2067 patribus
3065 2017 3273 2067 eorum,
3300 2003 3401 2056 nisi

1806 2088 1903 2157 ﬁlii
1932 2105 2131 2157 eorum,
2163 2092 2250 2160 qui
2278 2102 2395 2145 sunt
2418 2110 2616 2147 mecum
2642 2094 2722 2146 hic
2758 2095 2931 2161 hodie,
2973 2097 3278 2165 quicumque
3306 2112 3401 2149 ne-

1805 2179 1970 2232 sciunt
2010 2196 2103 2233 nec
2141 2182 2292 2246 bona,
2329 2198 2421 2235 nec
2448 2184 2604 2236 mala.
2641 2182 2819 2237 Omnis
2834 2186 3043 2256 juvenis
3075 2201 3254 2253 expers
3274 2230 3289 2254 ,
3318 2185 3400 2240 his

1808 2273 1941 2327 dabo
1985 2287 2173 2327 terram
2212 2274 2400 2345 (Num.
2442 2283 2556 2344 iw,
2607 2277 2680 2329 22
2724 2294 2889 2348 seqq.,
2937 2278 3145 2333 secund.
3196 2277 3395 2350 LXX).

1808 2362 2017 2419 Pariter
2043 2365 2204 2420 etiam
2234 2367 2491 2422 Dominus
2516 2378 2701 2423 noster
2726 2367 2884 2424 Jesus
2911 2370 3157 2424 Christus
3182 2370 3250 2425 de
3271 2386 3397 2441 par-

1806 2458 1947 2512 vulis
1975 2459 2152 2528 docet,
2184 2460 2326 2530 quod
2365 2461 2433 2515 ab
2463 2461 2611 2516 omni
2644 2470 2867 2531 peccato
2912 2462 3017 2517 sint
3047 2462 3231 2530 alieni,
3265 2479 3387 2518 cum

1807 2548 1940 2603 dicit
1971 2568 1984 2604 :
2019 2552 2177 2605 Amen
2208 2553 2322 2606 dico
2360 2554 2533 2621 vobis,
2577 2554 2678 2607 nisi
2707 2556 2937 2608 conversi
2971 2555 3175 2622 [ueritis
3210 2564 3256 2608 et
3294 2556 3399 2624 επις

1807 2643 2015 2695 ciantini
2048 2644 2182 2696 sicut
2211 2643 2435 2711 parvuli,
2469 2662 2569 2698 non
2608 2645 2869 2699 intrabitis
2898 2647 2951 2698 in
2993 2661 3206 2717 regnum
3240 2646 3398 2701 ctelo-

1807 2752 1921 2788 rum
1959 2736 2172 2807 (Matth.
2203 2753 2352 2801 xvut,
2384 2739 2459 2805 5).
2505 2737 2575 2791 Et
2603 2738 2797 2793 iterum
2831 2738 2897 2791 ad
2934 2738 3228 2807 discipulos
3270 2752 3400 2793 suos

1808 2825 1937 2881 dicit
1975 2845 1988 2879 :
2033 2827 2203 2883 Sinite
2247 2831 2489 2899 parvulos
2537 2830 2709 2883 venire
2749 2830 2817 2883 ad
2850 2846 2951 2896 me,
2998 2839 3048 2884 et
3088 2831 3241 2883 nolite
3281 2848 3401 2898 pro-

1807 2918 1979 2973 hibere
2017 2936 2132 2981 eos,
2165 2921 2346 2973 talium
2386 2921 2524 2974 enim
2564 2932 2637 2975 est
2679 2938 2893 2992 regnum
2932 2922 3194 2975 caelorum.
3238 2923 3401 2976 Amen

1808 3011 1921 3063 dico
1950 3010 2117 3077 vobis,
2144 3012 2451 3083 quicumque
2484 3029 2582 3066 non
2611 3014 2863 3082 acceperit
2899 3030 3113 3086 regnum
3146 3012 3242 3068 Dei
3269 3016 3403 3069 sicut

1810 3102 2079 3171 parvulus,
2110 3119 2209 3155 non
2240 3104 2454 3157 intrabit
2486 3105 2538 3156 in
2563 3102 2695 3157 illud
2731 3103 2923 3172 (Marc.
2956 3120 3019 3171 χ,
3054 3104 3165 3175 14).
3199 3104 3403 3160 Simili-

700 3182 1553 3278 5,”;.';,'.;g“iia',;{,}'{;
1730 3182 1774 3243 (ἶ
1807 3205 1891 3250 ter
1925 3204 2102 3249 autem
2142 3196 2303 3249 etiam
2352 3196 2540 3251 beatus
2582 3194 2780 3251 Paulus
2823 3196 2951 3251 dicit
2982 3214 2997 3250 :
3034 3195 3214 3251 Nolite
3253 3199 3402 3267 pueri

149 3276 372 3349 cati,_nisi
402 3276 550 3349 forte
574 3276 869 3347 baptismus
894 3281 1104 3334 dicatur
1129 3276 1235 3334 non
1266 3279 1454 3335 tollere
1482 3289 1700 3349 peccata

151 3346 296 3418 omnia
312 3364 327 3411 ;
345 3346 896 3406 atlhibuitleestius
910 3351 962 3405 in
982 3350 1119 3405 libro
1140 3368 1323 3418 quem,
1341 3359 1475 3406 teste
1485 3346 1703 3406 Praede-

152 3416 576 3486 stinato(11teres.
606 3420 717 3491 88),
745 3421 934 3490 edidit,
964 3416 1249 3491 antequam
1285 3422 1528 3490 Pelagius
1554 3436 1703 3476 com-
1745 3445 1749 3448 ~

154 3492 406 3561 tnentarios
419 3488 695 3546 scriberet
710 3492 764 3545 in
779 3488 1052 3561 Epistolas
1062 3488 1244 3546 Pauli.
1263 3492 1396 3546 Illud
1417 3488 1593 3560 ipsum
1618 3508 1704 3547 re—

156 3558 250 3633 tulit
275 3562 323 3614 in
348 3563 777 3618 commentarios
823 3558 1104 3633 Pelagius,
1138 3563 1366 3633 testibus
1404 3558 1703 3631 Augustino

154 3627 343 3704 (l.ib._tn
367 3632 431 3685 de
461 3650 601 3701 ρει-ε.
634 3633 808 3704 Merit.
832 3649 876 3687 c.
894 3627 977 3703 2),
990 3627 1282 3688 Mercatore
1300 3627 1628 3704 (Commonit.
1653 3652 1700 3688 c.

152 3700 194 3775 2)
209 3711 254 3775 et
269 3700 656 3758 PraedeStiuato
683 3704 843 3775 (Loco
868 3700 989 3759 mox
1016 3700 1327 3775 citato),sed
1358 3705 1703 3759 delevitCas-

152 3769 386 3841 siodorus,
432 3783 500 3828 ut
542 3791 648 3829 non
690 3769 865 3830 semel
911 3769 1235 3830 monuimus.
1281 3776 1418 3830 Hinc
1462 3776 1704 3830 Julianus
1759 3833 1765 3841 ,

152 3838 314 3901 (Libet.
344 3860 399 3898 ιιι
430 3854 599 3914 part.,
630 3863 775 3918 num.
809 3845 877 3900 15
900 3856 948 3900 et
970 3848 1063 3918 20)
1101 3847 1373 3902 exsecrari
1410 3863 1469 3900 se
1516 3847 1706 3918 scribit

152 3924 249 3990 {08,
275 3918 354 3982 qui
367 3926 614 3990 (asserunt
641 3919 693 3970 in
716 3917 966 3990 baptismo
1011 3916 1114 3990 non
1150 3920 1349 3990 penitus
1378 3926 1583 3989 peccata
1616 3916 1706 3970 de-

154 3982 259 4059 leri;
293 3988 473 4059 quique
512 3999 699 4059 negant
732 3982 796 4042 de
827 3988 1025 4041 duobus
1068 3982 1338 4058 baptizatis
1374 3982 1583 4050 natum,
1628 3990 1707 4043 vel

152 4052 418 4131 de‘muliere
436 4052 701 4131 baptizata
726 4071 996 4131 pronatum
1014 4052 1331 4131 baptismatis
1353 4060 1519 4131 gratia
1538 4076 1702 4127 egere.

210 4123 429 4201 Observa
472 4123 736 4184 traditum
776 4145 804 4181 a
836 4129 1030 4183 Rufino
1071 4123 1374 4201 Pelagianis
1413 4123 1700 4198 effugium,

154 4208 243 4272 quo
269 4196 599 4272 declinarent
621 4211 990 4269 argumentum
1018 4196 1404 4255 catholicarum
1427 4215 1494 4255 ex
1520 4196 1707 4255 neces;

155 4269 292 4344 suate
330 4269 951 4344 baptismiprobantium
993 4273 1335 4340 parvulorum
1380 4282 1653 4338 peccatum
1689 4289 1702 4344 ξ

157 4336 344 4392 aiebant
387 4336 534 4395 enim
586 4336 866 4412 baptizari,
908 4336 1012 4396 non
1065 4351 1123 4396 ut
1156 4336 1565 4406 mttndarentur,
1615 4343 1703 4408 qui

158 4417 316 4462 essent
341 4412 674 4478 innocentes,
717 4414 811 4467 sed
844 4421 901 4466 ut
940 4412 1326 4478 adoptarentur
1357 4414 1408 4465 in
1445 4413 1582 4466 lilios
1610 4412 1704 4467 Dei

160 4478 469 4552 ethaaredes
513 4484 664 4552 regni
702 4483 986 4539 cmlorum.
1025 4478 1307 4539 Caelestius
1345 4482 1482 4552 (Lib.
1528 4484 1707 4537 Romae

1804 3288 1929 3358 cﬂici
1967 3288 2221 3353 sensibus,
2253 3290 2341 3353 sed
2387 3281 2587 3341 malitia
2617 3289 2820 3358 parvuli
2865 3298 3016 3342 estote
3045 3289 3088 3359 (Ι
3121 3287 3242 3341 Cor.
3286 3305 3399 3355 XIV,

1803 3383 1923 3453 20).
1954 3384 2019 3438 Et
2051 3384 2247 3438 iterum
2293 3384 2359 3438 de
2393 3382 2533 3438 Esau
2565 3392 2618 3437 et
2645 3382 2812 3437 Jacob
2855 3382 3016 3437 docet
3056 3382 3134 3437 sic
3163 3381 3349 3437 dicens
3381 3399 3397 3437 :

1805 3472 1931 3527 Cant
1958 3475 2175 3528 necdum
2205 3477 2315 3527 nati
2337 3482 2523 3539 essent,
2555 3490 2647 3527 nec
2666 3472 2865 3543 aliquid
2899 3474 3138 3541 fecissent
3173 3474 3297 3527 boni
3320 3476 3401 3527 vel

1805 3565 1930 3619 mali
1969 3566 2147 3636 (Rom.
2181 3581 2268 3631 rx,
2299 3564 2411 3636 11).
2443 3566 2604 3619 Pueri
2648 3565 2841 3635 igitur,
2874 3565 3013 3619 sicut
3054 3565 3166 3633 ipsa
3212 3564 3398 3620 divina

1805 3659 2081 3727 Scriptura
2129 3657 2429 3727 perdocuit,
2478 3658 2628 3726 quasi
2678 3657 2893 3725 penitus
2942 3656 3167 3723 innoxii,
3220 3672 3397 3726 neque

1806 3752 2059 3805 malitiam
2085 3766 2303 3820 prorsus
2329 3751 2561 3819 experti,
2592 3750 2713 3803 boni
2738 3750 2899 3804 etiam
2926 3751 3009 3804 vel
3037 3748 3160 3803 mali
3189 3749 3398 3804 discre-

1806 3844 2006 3899 tionem
2037 3845 2373 3914 ignorantes,
2403 3843 2541 3912 ignis
2579 3843 2768 3897 mterni
2801 3858 2976 3911 paena:
3000 3844 3217 3898 minime
3244 3860 3399 3898 man-

1804 3936 2053 4005 cipantur
2102 3952 2115 3988 :
2163 3935 2361 4004 quippe
2413 3949 2533 3988 cum
2580 3933 2720 4003 ignis
2767 3942 3027 3989 aeternum
3071 3934 3391 4003 supplicium

1805 4028 1989 4097 impiis
2028 4035 2083 4081 et
2125 4027 2497 4096 peccatoribus
2539 4034 2894 4097 praeparatum
2938 4028 3027 4081 sit.
3061 4026 3167 4082 Sed
3214 4036 3269 4082 et
3306 4027 3397 4083 isti

1807 4121 2021 4193 quidem
2052 4137 2174 4177 cum
2205 4136 2299 4176 sua
2331 4121 2598 4192 imperitia
2626 4121 2986 4177 dimittantur.

1878 4258 2039 4312 Aliud
2078 4257 2332 4327 eli‘ugium
2375 4258 2580 4326 aperit,
2614 4272 2719 4324 quo
2749 4272 2809 4311 se
2847 4255 3211 4327 subducerent
3244 4256 3397 4327 Pela-

1805 4329 1972 4397 giani,
2004 4343 2125 4381 cum
2160 4326 2530 4396 premerentur
2550 4344 2578 4380 a
2604 4327 2881 4381 catholicis
2906 4326 3104 4380 Christi
3131 4326 3393 4395 judicium

1807 4398 2338 4468 argumentantibus,
2382 4406 2437 4452 et
2476 4397 2798 4452 sententiam
2833 4412 3021 4451 omnes
3049 4398 3101 4450 in
3131 4400 3236 4451 duo
3278 4406 3397 4451 tan-

1810 4479 1918 4523 tum
1971 4469 2087 4522 loca
2137 4468 2574 4522 distribuentem.
2632 4470 2893 4522 Dixerunt
2940 4469 3083 4522 enim
3130 4468 3390 4537 judicium

160 4548 510 4627 oblato,_apud
536 4538 685 4627 ΔΑἰιρ.
719 4538 851 4627 ιεάε
877 4554 1028 4627 Pecc.
1066 4556 1214 4627 Orig.
1256 4570 1305 4609 c.
1333 4538 1388 4623 ἑ)
1420 4570 1437 4607 ι
1468 4552 1703 4623 Infantes
1731 4552 1786 4612 D
1810 4538 2169 4627 eiusmodied
2197 4540 2361 4627 59199;
2376 4538 2593 4627 9031,1975,
2611 4539 2848 4627 rationi-ﬁ
2888 4538 3294 4627 νει-ιξςὶραξηει
3316 4539 3400 4627 ξς-

162 4630 303 4696 atttem
323 4623 504 4678 debere
528 4624 777 4694 baptizari
813 4627 869 4679 in
896 4623 1242 4696 remissionem
1274 4635 1596 4696 peccatorum
1625 4642 1707 4677 se—

163 4694 636 4771 cundumnregulant
678 4697 978 4771 universalis
1016 4694 1294 4771 Ecclesiae“,
1334 4696 1706 4771 et_secundum

167 4758 398 4835 Evangelii
414 4758 719 4821 sententiam
743 4767 1077 4838 conﬁtemur;
1102 4769 1221 4835 quia
1248 4765 1500 4820 Dominus
1527 4768 1705 4819 statuit

165 4846 343 4908 regnum
385 4837 627 4891 caelorum
679 4839 886 4892 nonnisi
937 4839 1210 4907 baptizatis
1261 4854 1406 4908 posse
1458 4839 1702 4907 conferri,

167 4905 297 4971 tmod,
323 4910 605 4979 quiagvires
640 4920 840 4963 naturte
878 4925 981 4962 non
1006 4905 1215 4974 habent,
1251 4905 1471 4979 conferri
1506 4905 1706 4963 necesse

169 4985 223 5051 est
244 4976 524 5051 per'gratite
563 4981 872 5051 largitatem.
900 4980 1143 5035 Julianus
1171 4976 1357 5050 (Apud
1386 4979 1516 5051 Aug.
1553 4980 1593 5051 l.
1621 4994 1700 5046 Ill,

167 5047 481 5105 cdvers.‘Jul.
512 5065 559 5104 c.
584 5047 669 5121 5)}
703 5050 939 5106 Christus
976 5052 1062 5120 qui
1090 5060 1163 5104 est
1182 5047 1358 5118 operis
1395 5047 1483 5102 sui
1505 5050 1705 5103 redem-

168 5126 277 5190 ptor,
310 5132 455 5189 auget
497 5123 633 5175 circa
671 5122 948 5190 imaginem
990 5138 1138 5175 suam
1182 5122 1424 5174 continua
1464 5121 1704 5190 largitate

169 5185 396 5255 beneficia,
428 5202 473 5245 et
509 5210 634 5258 quos
669 5185 861 5261 fecerat
888 5193 1155 5245 condendo
1190 5194 1366 5260 bonos,
1403 5191 1523 5261 facit
1547 5185 1708 5244 inno-

167 5261 307 5312 tando
332 5263 721 5334 adoptandoque
742 5263 993 5316 mlieres.
1022 5263 1152 5317 Vide
1178 5279 1295 5332 quae
1318 5262 1521 5330 prolixe
1541 5277 1708 5315 anuo-

172 5337 254 5381 tata
280 5345 396 5385 sunt
419 5333 471 5388 in
502 5336 639 5389 hanc
668 5349 783 5389 rem
805 5333 870 5387 ad
900 5343 1060 5403 caput
1088 5334 1121 5389 8
1147 5335 1618 5390 SubnOtationum.

222 5442 301 5499 ιι.
341 5448 468 5515 Quia
517 5450 678 5519 igitur
722 5448 941 5519 quidam
991 5446 1386 5516 Scripturarum
1428 5448 1709 5503 inscientia

176 5531 469 5605 divinarum,
501 5540 554 5595 in
588 5541 846 5595 nefariam
888 5549 943 5595 et
973 5539 1227 5609 injustam
1268 5540 1335 5594 de
1370 5540 1584 5595 Christo
1615 5554 1712 5595 vo-

176 5638 268 5681 cent
307 5632 495 5687 audent
532 5648 849 5703 erumpere,
878 5642 1186 5687 asserentes
1219 5647 1341 5687 eum
1386 5647 1581 5701 pueros
1612 5634 1718 5687 mi-

177 5719 294 5778 nime
335 5725 618 5795 baptizatos
672 5727 859 5783 :cterni
905 5726 1042 5797 ignis
1088 5739 1264 5796 ptenaa
1302 5723 1585 5794 deputare,
1628 5727 1719 5795 qui

1810 4614 1912 4676 gis,
1937 4625 2096 4679 quam
2121 4611 2413 4668 novissent.
2436 4610 2650 4663 violatae
2674 4625 2792 4663 reos
2818 4608 3108 4678 pertinere.
3148 4609 3277 4662 Vide
3303 4608 3398 4662 Ju-

1809 4681 1939 4734 liani
1971 4681 2181 4743 eadem,
2230 4695 2349 4749 quae
2378 4679 2727 4742 Theodorus,
2758 4681 3063 4734 testimonia
3110 4680 3395 4734 tractatttis

1807 4752 2214 4807 altercationem
2239 4749 2377 4822 (Lib.
2401 4766 2437 4804 ιι
2469 4749 2571 4821 0p.
2594 4749 2861 4821 [mpm-)2).

2414 4862 2641 4920 CAPUT
2682 4864 2795 4919 Vll.

2093 4956 2170 5012 De
2190 4954 2555 5011 Incarnatione
2587 4955 2756 5026 Verbi,
2782 4973 2869 5011 seu
2888 4956 3111 5013 Christo.

1878 5070 1969 5125 42.
1989 5071 2197 5126 Rursus
2218 5078 2394 5124 autem
2418 5069 2699 5133 docemur,
2725 5068 2863 5138 quod
2887 5069 2938 5123 in
2967 5066 3258 5123 novissimo
3284 5065 3398 5122 die-

1813 5179 1930 5218 rum
1951 5162 2254 5232 unigenitus
2278 5161 2419 5215 Deus
2439 5160 2694 5227 Verbum,
2712 5160 2985 5217 voluntate
3005 5160 3175 5214 Patris
3192 5169 3247 5214 et
3277 5157 3399 5227 Spi-

1815 5260 1950 5313 ritus
1978 5258 2168 5321 sancti,
2189 5255 2690 5324 complacuithomo
2719 5255 2857 5310 ﬁeri.
2885 5256 2945 5309 Et
2965 5254 3103 5324 quod
3128 5254 3401 5307 voluntate

1823 5351 1997 5408 Patris
2024 5350 2192 5405 factus
2221 5361 2325 5413 est,
2357 5357 2545 5419 aperte
2573 5349 2752 5404 docuit
2780 5350 2967 5404 beatus
2995 5348 3190 5402 Paulus
3218 5348 3290 5401 ita
3320 5345 3403 5400 di-

1817 5459 1950 5501 cens
1988 5461 2002 5499 :
2044 5444 2109 5497 At
2149 5442 2236 5495 ubi
2272 5442 2408 5496 venit
2446 5440 2710 5512 plenitudo
2755 5441 3030 5510 temporis,
3078 5438 3217 5491 misit
3263 5436 3402 5490 Deus

1820 5536 2019 5593 Filium
2056 5551 2206 5591 suum
2244 5534 2439 5604 factum
2467 5549 2530 5587 ea:
2560 5532 2803 5596 muliere,
2835 5536 3024 5602 factum
3055 5531 3144 5585 sub
3177 5530 3316 5599 lege,
3348 5536 3403 5581 ut

1822 5611 1907 5687 eos
1944 5631 2034 5702 qui
2062 5630 2156 5684 sub
2186 5628 2299 5701 lege
2333 5636 2477 5682 erant
2504 5628 2810 5692 redimeret,
2843 5635 2890 5680 et
2918 5625 3239 5695 adeptionem
3270 5623 3405 5691 ﬁlio-

1824 5741 1940 5779 rum
1970 5724 2325 5793 reciperemus.
2358 5718 2499 5789 (Gal.
2529 5734 2600 5786 tv,
2633 5719 2714 5790 4).
2746 5720 2813 5775 Et
2851 5719 2992 5789 quod
3032 5718 3197 5773 etiam
3240 5716 3407 5772 Filius

193 5817 362 5875 assolet
398 5820 449 5875 in
490 5819 775 5889 Scriptutis
801 5818 1043 5889 geitenna
1084 5817 1379 5876 nominari:
1412 5816 1617 5874 discant
1657 5832 1723 5874 ex
1828 5816 2018 5873 volens
2046 5813 2216 5870 factus
2237 5821 2319 5871 est
2345 5811 2529 5883 hom",
2553 5812 2800 5870 similiter
2831 5811 3020 5868 beatus
3058 5810 3252 5868 Paulus
3278 5805 3405 5863 edo-
