3948 6188
175 381 239 434 lSl
296 368 562 430 blSSERT.
605 366 670 422 V.
714 365 805 421 DE
845 363 1155 422 LlBELLlS
1194 362 1374 418 FIDE!
1412 362 1721 418 SCRIPTIS
1760 363 1850 416 AB
1889 362 2326 420 AUCTORIBUS
2363 363 2686 423 IIERESIS
2723 365 3164 424 PELAGIANE.

3238 370 3348 424 48?.

216 489 281 544 l6.
303 486 388 540 Per
413 481 562 538 multa
598 478 760 547 igitur
791 477 1094 531 testimonia
1124 474 1283 530 docet
1308 472 1485 528 divina
1511 472 1660 527 Scri-
1695 475 1739 534 Α
1770 472 2146 541 peccatoribus
2177 473 2328 528 obire
2355 483 2584 529 mortem
2627 475 2875 546 dignatus
2900 466 3006 542 est,
3037 478 3179 534 sicut
3221 477 3349 534 bea-

169 595 292 648 ptura,
319 573 437 645 quod
471 573 774 641 unigenitus
805 569 899 623 Dei
934 568 1101 622 Filius
1131 567 1301 620 tactus
1344 573 1430 620 est
1469 565 1654 629 homo,

167 685 201 725 et
220 669 400 738 primum
433 663 638 733 quidem
670 669 729 713 ιιι
759 657 1109 713 humilitatem
1155 656 1382 712 doceret
1410 654 1657 709 caelestes

169 764 348 822 virtutes,
380 772 435 810 ac
460 762 767 809 terrestrem
811 751 1083 806 hominem
1137 764 1424 818 numquam
1462 748 1660 802 debere

161 851 358 920 superbia:
382 846 496 901 vitio
517 845 785 908 laborare,
809 843 947 898 sicut
966 841 1215 897 diabolus
1235 852 1288 896 et
1304 839 1422 910 ejus
1447 839 1658 922 angeli;

163 919 270 1000 uide
291 951 458 996 cauere
482 939 722 992 videntes
751 937 946 992 Filium
994 936 1090 992 Dei
1141 935 1366 990 formam
1396 919 1538 990 δοτιῗί
1570 934 1664 988 ha-

159 1041 335 1100 bcnlem,
358 1045 630 1102 numquam
662 1031 715 1084 in
748 1045 966 1084 sensum
1008 1028 1275 1097 superbiae
1305 1030 1489 1081 venire
1519 1024 1663 1096 cogi-

161 1139 305 1190 tarent,
331 1126 453 1180 sicut
480 1124 668 1177 beatus
692 1121 890 1178 Paulus
921 1121 1101 1190 docet,
1129 1135 1249 1174 cum
1276 1118 1406 1174 dicit
1434 1117 1662 1190 (Philip.

157 1238 194 1280 lt.
219 1222 285 1286 5):
317 1215 414 1270 Hoc
441 1216 574 1270 enim
621 1214 805 1269 sentite
849 1215 905 1268 in
957 1213 1118 1280 vobis,
1145 1211 1282 1283 quod
1307 1223 1352 1266 et
1382 1213 1433 1265 in
1463 1211 1666 1265 Christo

157 1311 263 1373 lrstt,
291 1309 364 1380 qui
399 1323 509 1361 cum
536 1308 588 1361 in
626 1309 794 1375 {arma
817 1305 917 1359 Dei
941 1313 1093 1372 esset,
1124 1321 1226 1358 non
1264 1305 1498 1374 rapinam
1529 1303 1667 1356 arbi-

156 1415 275 1455 tratus
295 1410 378 1468 est,
407 1416 508 1453 esse
543 1415 598 1452 se
621 1398 870 1468 rrqualem
906 1395 1034 1463 Deo,
1067 1396 1157 1450 sed
1187 1396 1512 1465 semetipsum
1559 1395 1667 1448 exi-

156 1493 316 1556 nanirit,
343 1492 548 1558 formam
578 1488 710 1542 servi
739 1487 1016 1559 accipiens.
1049 1486 1115 1540 Et
1135 1488 1346 1556 qualem
1377 1485 1533 1539 istam
1560 1484 1668 1542 fore

155 1584 287 1637 mam?
311 1599 400 1634 non
425 1580 726 1636 caelestium
757 1579 1017 1632 virtutum
1043 1575 1194 1642 dicit,
1221 1576 1315 1630 sed
1347 1577 1542 1630 terreni
1569 1573 1668 1629 ho-

157 1676 290 1736 minis,
315 1689 418 1743 quae
442 1671 694 1726 omnibus
720 1668 1075 1724 rationalibus
1100 1665 1411 1721 substantiis
1444 1665 1672 1720 habetur

159 1765 367 1836 humilior,
398 1764 551 1836 quasi
581 1778 701 1835 qua:
749 1779 814 1819 ex
842 1762 1021 1816 anima
1071 1759 1319 1816 rationali
1348 1769 1401 1812 et
1430 1757 1672 1815 terrestri

1760 574 1843 618 tus
1875 566 2074 620 Paulus
2095 566 2254 622 docet
2283 581 2403 622 cum
2429 568 2558 622 dicit
2581 569 2757 638 (llam.
2787 586 2836 635 ν,
2872 570 2957 642 6);
2991 571 3056 626 Ut
3075 573 3199 642 quid
3219 576 3350 628 enim

1759 653 2023 721 Christus,
2051 673 2167 710 cum
2195 657 2362 712 adhuc
2377 658 2570 726 inﬁrmi
2594 675 2836 725 essemus,
2856 664 3135 740 secundum
3151 672 3348 735 tempus

1761 764 1854 816 pro
1877 749 2047 817 impiis
2077 758 2306 803 mortuus
2331 751 2446 805 est?
2482 749 2577 803 Via;
2598 752 2731 804 enim
2755 768 2848 820 pro
2866 755 3012 824 justo
3046 755 3164 824 quis
3193 759 3352 809 mori-

1761 849 1882 905 tur;
1911 855 2028 894 nam
2052 857 2144 910 pro
2171 839 2301 894 bono
2334 841 2551 911 forsitan
2578 843 2691 910 quis
2713 850 2762 896 et
2801 845 2986 898 audeat
3018 846 3182 900 mori?
3203 846 3355 900 Com-

1764 933 1969 987 mendat
1997 944 2171 987 autem
2199 950 2343 988 suam
2371 933 2672 988 charitatem
2690 933 2830 988 Deus
2852 937 2904 990 in
2924 938 3088 1004 nobis,
3115 941 3355 1009 quoniam

1763 1042 1878 1080 cum
1907 1026 2074 1079 adhuc
2097 1036 2386 1096 peccatores
2413 1042 2659 1090 essemus,
2676 1027 2909 1082 Christus
2935 1045 3028 1096 pro
3051 1030 3194 1083 nobis
3219 1048 3358 1084 mor-

1766 1126 1884 1170 tuus
1911 1125 2002 1171 est.
2027 1117 2291 1172 Similiter
2313 1126 2518 1184 autem,
2547 1117 2689 1187 quod
2719 1117 2880 1172 etiam
2909 1119 2994 1175 his
3023 1121 3112 1188 qui
3133 1122 3360 1176 credunt

1768 1208 1820 1262 in
1846 1207 2020 1278 ipsum
2050 1208 2387 1278 spiritualem
2415 1209 2760 1278 adoptionem
2791 1210 3020 1264 liliorum
3054 1211 3278 1282 largitur
3307 1225 3362 1266 ct

1769 1301 1930 1366 dona,
1961 1308 2013 1356 et
2034 1297 2202 1354 efﬁcit
2233 1301 2379 1370 rcgni
2406 1301 2487 1354 sui
2516 1301 2757 1356 cmlestis
2785 1302 3050 1368 lneredes,
3081 1304 3221 1359 sicut
3247 1304 3362 1374 ipse

1769 1393 2032 1448 Dominus
2075 1401 2258 1446 noster
2285 1391 2442 1447 Jesus
2482 1391 2729 1448 Christus
2769 1394 2973 1450 docens
3009 1394 3360 1452 Nicodamum

1771 1485 1900 1540 dicit
1925 1484 2102 1556 (Joan.
2140 1499 2218 1548 ιιι,
2245 1485 2328 1554 3):
2364 1484 2547 1549 Amen,
2572 1501 2740 1551 amen,
2768 1486 2884 1540 dico
2907 1487 3016 1554 tibi,
3045 1489 3089 1541 si
3116 1490 3230 1560 quis
3260 1508 3363 1543 non

1773 1577 1940 1630 denuo
1978 1587 2130 1628 natus
2173 1576 2348 1644 fuerit,
2399 1592 2503 1630 non
2557 1585 2721 1648 potest
2769 1579 2937 1632 ridere
2984 1595 3196 1652 regnum
3240 1580 3361 1638 Dei.

1774 1666 1930 1723 Unde
1971 1666 2203 1722 infantes
2239 1667 2328 1736 qui
2380 1667 2432 1721 in
2469 1669 2706 1736 pccratis
2756 1684 2861 1723 non
2911 1681 3058 1736 sunt,
3089 1683 3366 1727 merentur

1777 1766 1954 1812 tamen
1988 1757 2323 1826 baptiunatis
2346 1759 2599 1827 gratiam,
2630 1769 2688 1812 ut
2717 1760 2769 1812 in
2793 1760 3006 1816 Christo
3035 1777 3169 1816 nova
3197 1778 3364 1834 gene-

153 1876 326 1928 corporc
362 1860 426 1914 sit
464 1868 671 1912 creata.
715 1856 869 1912 Unde
915 1854 1104 1926 adjicit
1145 1855 1330 1909 dicens
1358 1851 1546 1924 (ΗΜΛ,
1577 1851 1670 1923 7):
1706 1856 1750 1916 Β
1781 1851 1990 1906 ratione
2015 1853 2205 1917 creati,
2239 1851 2401 1905 etiam
2433 1852 2583 1921 regni
2615 1854 2733 1922 ejus
2777 1853 3091 1911 eohmredes
3121 1857 3362 1913 efﬁcian-

161 1949 204 2003 ln
224 1950 569 2004 similitudinem
593 1949 854 2003 hominum
885 1949 1073 2018 factus,
1099 1958 1144 2000 et
1169 1947 1344 1999 habitu
1368 1947 1596 1999 inventus
1619 1953 1672 1998 ut

163 2043 278 2106 homo,
303 2039 574 2094 humiliavit
598 2041 948 2107 semetipsum,
977 2041 1144 2106 factus
1166 2034 1402 2090 obediens
1423 2051 1582 2106 usque
1604 2036 1674 2088 ad

165 2140 328 2183 martem.
359 2132 417 2184 Et
445 2131 620 2200 ips‘us
667 2130 860 2183 iterum
895 2115 1096 2181 mortis
1116 2126 1335 2196 qualis?
1382 2141 1501 2194 quae
1531 2126 1671 2196 apud

162 2224 340 2274 homines
361 2221 607 2274 omnibus
638 2219 875 2273 deterior
922 2227 1026 2284 cst,
1060 2234 1290 2288 namque
1337 2219 1535 2286 adjecit
1589 2217 1669 2273 di-

157 2327 268 2366 cens:
290 2312 483 2368 Mortem
504 2322 682 2368 autem
703 2314 883 2366 crucis.

205 2447 260 2501 De
277 2448 428 2500 causis
447 2462 551 2501 cur
578 2445 878 2514 unigenitus
907 2443 997 2498 Dei
1015 2443 1184 2514 Filius
1208 2442 1376 2496 fatuus
1397 2442 1468 2496 sit
1491 2442 1670 2507 homo,

155 2520 319 2571 oninino
344 2513 693 2587 pelagianizat
718 2533 732 2580 ;
767 2531 864 2570 sex
891 2515 1034 2568 enim
1073 2513 1227 2587 ali'ert
1257 2515 1420 2587 solas,
1455 2529 1589 2582 quas
1619 2524 1676 2569 et

154 2591 225 2654 ipsi
247 2585 518 2658 Pelagiani:
562 2598 615 2639 ut
668 2588 912 2640 homines
942 2587 1163 2658 doceret
1193 2585 1583 2645 humilitatem;
1619 2594 1676 2638 nt

153 2674 264 2713 suam
284 2657 392 2728 erga
429 2675 526 2713 nos
554 2659 900 2713 dilectionem
922 2657 1254 2728 ostenderet
1281 2671 1294 2718 ;
1329 2663 1391 2728 ut
1413 2670 1512 2728 pro
1543 2671 1673 2722 pec-

151 2726 362 2784 catoribus
385 2739 720 2792 moreretur;
747 2739 802 2782 ut
833 2727 932 2781 sibi
960 2726 1304 2782 credentibus
1329 2726 1672 2794 adoptionem

153 2799 397 2866 largiretur,
426 2812 477 2855 et
501 2802 660 2870 regni
695 2799 1094 2870 hmreditatem;
1128 2799 1535 2870 ut_exemplum
1573 2799 1676 2849 vir-

154 2864 245 2922 tutis
268 2864 598 2936 exercendu‘:
640 2880 694 2924 et
725 2869 967 2923 vincemli
1018 2864 1222 2936 peccati
1274 2869 1566 2936 praeberet;
1621 2877 1676 2919 ut

151 2950 257 2994 esset
281 2945 522 2996 mediator
560 2935 721 3011 atque
769 2935 1164 3011 reconciliator.
1194 2938 1437 2991 Julianus
1475 2935 1562 3011 (In
1607 2937 1673 2990 li-

152 3013 222 3066 (πει.
242 3023 352 3077 part.
382 3029 397 3066 l
423 3031 572 3066 nunt.
606 3007 648 3066 7'
675 3022 723 3066 et
748 3009 900 3080 seq.).
954 3008 1202 3062 Nascitur
1241 3023 1364 3080 ergo
1405 3007 1567 3071 nobis,
1620 3017 1674 3060 ut

154 3084 381 3136 universum
410 3087 664 3137 mundum
694 3100 725 3134 a
756 3080 972 3151 peccatis
998 3090 1044 3132 rt
1073 3079 1306 3149 exemplo
1327 3089 1604 3151 reuocaret,
1629 3090 1675 3133 et

152 3154 333 3218 patiendo
355 3157 659 3218 redimeret;
682 3147 800 3206 dum
816 3161 1097 3221 peccatum,
1122 3159 1168 3201 et
1191 3147 1336 3217 quasi
1363 3147 1677 3221 Deusigno-

1777 1953 1886 2006 tur,
1917 1943 2212 1998 secundum
2237 1943 2447 1998 beatum
2481 1943 2702 1998 Paulum
2725 1945 2792 2014 (ll
2816 1945 2938 2000 Cor.
2968 1963 3021 2012 v,
3050 1947 3365 2019 t7):Siqna

1776 2036 1830 2089 in
1857 2034 2062 2089 Christo
2090 2050 2223 2088 nova
2245 2045 2503 2090 creatura.

1847 2126 1934 2180 49.
1963 2124 2097 2179 Nam
2127 2135 2411 2195 preptcrea
2436 2126 2597 2180 etiam
2621 2127 2847 2184 virtutes
2873 2130 3126 2186 ccelestes
3151 2146 3250 2202 per
3271 2149 3366 2190 so-

1779 2217 1884 2272 lam
1916 2219 2074 2272 iidem
2101 2228 2359 2272 creantur
2393 2220 2444 2273 in
2485 2217 2725 2294 Chgisto,
2750 2223 2876 2291 quia
2906 2233 2960 2277 et
2991 2225 3123 2278 istas
3153 2242 3366 2296 quoque

1778 2327 1968 2366 omnes
2001 2311 2050 2364 in
2085 2310 2379 2380 semetipso
2410 2314 2720 2378 renovavit;
2745 2322 2798 2369 et
2840 2325 3059 2385 prapter
3090 2319 3190 2373 hoc
3221 2320 3365 2374 enim

1779 2403 1873 2472 qui
1903 2402 1955 2455 in
1985 2401 2198 2456 Christo
2219 2403 2448 2457 credunt
2482 2419 2615 2458 nova
2648 2416 2894 2461 creatura
2940 2408 3214 2473 dicuntur,
3242 2412 3364 2480 quia

1778 2495 2117 2565 unigenitum
2152 2495 2314 2549 Deum
2348 2495 2582 2551 Verbum
2606 2499 2854 2554 similiter
2875 2515 2994 2555 cum
3025 2502 3166 2558 servi
3196 2503 3365 2559 lormu

1777 2603 1934 2658 quam
1953 2587 2112 2641 habet
2137 2600 2463 2643 venerantur
2483 2591 2757 2646 etcolunt.
2785 2591 2939 2659 Quod
2963 2603 3141 2650 autem
3172 2607 3368 2652 creauit

1778 2691 1903 2734 sunt
1933 2680 2182 2735 caelestes
2223 2681 2450 2734 virtutes
2480 2680 2532 2734 in
2559 2681 2805 2748 Christo,
2859 2685 3011 2738 testis
3051 2696 3136 2740 est
3177 2687 3368 2744 beatus

1779 2772 1977 2828 Paulus
2007 2773 2194 2828 dicens
2225 2771 2444 2846 (Ephes.
2501 2790 2538 2837 ι,
2592 2773 2702 2844 lli),
2750 2773 3052 2831 Instaurare
3101 2781 3274 2833 omnia
3314 2783 3368 2835 in

1779 2864 2005 2929 Christo,
2038 2883 2153 2937 qute
2184 2866 2237 2920 in
2268 2865 2407 2920 (telis
2433 2875 2477 2920 et
2506 2868 2558 2919 in
2591 2877 2726 2921 terra
2751 2878 2868 2921 sunt
2900 2870 2952 2923 in
2980 2871 3111 2940 ipso.
3164 2872 3370 2930 Rursus

1783 2958 1942 3012 etiam
1972 2957 2108 3012 sicut
2130 2965 2291 3026 caput
2322 2957 2581 3013 Ecclesia:
2626 2960 2844 3022 dicitur,
2893 2962 2971 3016 sic
3008 2965 3171 3017 etiam
3204 2965 3372 3022 cmic-

1779 3051 1943 3103 stium
1975 3050 2227 3103 virtutum
2253 3050 2490 3105 ninnium
2516 3062 2680 3120 caput
2701 3067 2820 3107 esse
2847 3065 3201 3114 monstratur.
3229 3058 3369 3127 Quid

1783 3143 1926 3196 enim
1958 3142 2081 3197 dicit
2116 3143 2306 3197 beatus
2335 3143 2533 3198 Paulus
2554 3142 2780 3218 (Coloss.
2807 3162 2867 3212 ιι,
2891 3148 2982 3219 9);
3014 3150 3152 3214 Quia
3173 3154 3228 3205 in
3254 3154 3371 3221 ipso

153 3225 290 3277 uendo
312 3227 522 3296 auferret
547 3233 645 3311 ,ιρι
675 3220 823 3311 quasi
850 3223 1000 3275 homo
1030 3231 1344 3303 per'na'ura:
1383 3220 1674 3311 similitudi-

1783 3233 2034 3286 inhabitat
2074 3235 2240 3287 omnis
2285 3233 2548 3302 plenitudo
2596 3238 2878 3292 divinitatis
2923 3220 3284 3311 corporaliter,
3322 3255 3372 3298 et

156 3310 248 3359 item,
266 3292 769 3363 quemadmodumde
794 3303 975 3363 caetero
1007 3292 1136 3344 vinci
1163 3292 1342 3363 possit,
1368 3293 1668 3363 ostenderet.

199 3361 419 3434 Incipiens
449 3385 479 3418 a
507 3368 818 3432 baptismate
843 3362 1082 3430 Joannis,
1114 3377 1222 3434 quo
1259 3361 1546 3434 baptizatus
1576 3373 1673 3425 est,

154 3434 266 3486 dandi
281 3432 478 3506 exempli
499 3438 699 3509 gratia,
724 3452 826 3487 non
845 3435 1084 3509 sui,_sicut
1101 3433 1312 3509 quidam
1327 3432 1523 3509 volunt,
1548 3449 1676 3509 catt-

153 3518 190 3553 sa
213 3510 390 3571 peccati,
410 3501 542 3560 sicut
577 3510 685 3570 ipse
715 3509 785 3557 ait
813 3507 879 3557 ad
915 3503 1167 3558 Joannem
1201 3517 1219 3555 :
1251 3501 1379 3556 Sine
1406 3503 1577 3567 modo,
1603 3504 1676 3556 sic

151 3575 244 3648 {situ
265 3589 437 3646 Oportet
467 3578 689 3648 implere
711 3576 1185 3648 omnemjustitiam
1209 3573 1424 3648 (Matth.
1452 3588 1528 3635 ut,
1565 3573 1671 3643 15).

152 3643 330 3712 Subiecit
353 3665 402 3701 se
435 3643 677 3702 omnibus
705 3643 1024 3714 passionibus
1073 3646 1265 3704 carnis,
1323 3644 1532 3712 ferendo
1560 3661 1677 3698 esu-

150 3714 254 3780 riem,
281 3720 422 3783 sitim,
455 3717 840 3779 lassitudinem,
873 3717 1125 3780 dolorem,
1159 3722 1390 3776 mortem,
1424 3725 1467 3766 et
1495 3726 1677 3767 cratera

149 3784 388 3853 Imjusmodi
406 3807 421 3842 :
440 3787 645 3842 Factus
666 3788 904 3842 obedirns
934 3801 1089 3853 usque
1117 3785 1184 3837 ad
1208 3795 1440 3850 mortem,
1467 3795 1676 3837 mortem

149 3866 275 3930 autem
292 3862 438 3914 crucis
462 3860 691 3930 (Philip.
723 3874 783 3919 ll,
809 3856 885 3927 8).
917 3856 1211 3930 secundum
1255 3855 1393 3921 quod
1430 3872 1523 3908 nos
1565 3854 1678 3909 bea-

146 3935 206 3978 tus
232 3926 394 3984 Petrus
420 3926 650 3992 edocuit,
696 3930 869 3982 dicens
897 3944 916 3981 :
958 3927 1190 3981 Christus
1236 3941 1419 3993 passus
1467 3935 1538 3980 est
1586 3943 1678 3994 pro

147 3999 276 4072 nobis,
303 4002 433 4055 nobis
457 4002 756 4072 relinquens
773 3999 1084 4072 exemplum,
1101 4007 1155 4072 ut
1170 4012 1448 4072 sequamur
1471 4000 1680 4072 uestigia

147 4070 232 4134 tjus
253 4073 327 4138 qui
356 4067 617 4136 peccatum
653 4087 753 4122 non
783 4067 926 4140 fecit,
956 4085 1047 4123 nec
1090 4068 1240 4120 dolus
1270 4067 1502 4121 inventus
1525 4077 1596 4121 est
1629 4069 1679 4121 in

144 4142 308 4210 crerjus
332 4142 367 4210 (Ι
393 4143 533 4196 Petr.
565 4158 627 4204 tl,
651 4141 766 4209 9-1)-

201 4209 508 4285 ilunc'igitur
535 4214 600 4285 ob
630 4221 859 4285 nostram
904 4210 1125 4285 salutem
1154 4209 1433 4285 secuudum
1474 4223 1680 4261 carnem

146 4293 313 4338 timum
338 4281 386 4336 ei
404 4283 688 4350 sepultum,
718 4283 866 4334 tertia
899 4281 983 4335 die
1011 4284 1349 4335 resurrexisse
1369 4292 1414 4332 et
1447 4291 1503 4333 ut
1544 4297 1679 4332 mor-

144 4357 218 4400 tem
242 4355 523 4422 destrueret,
553 4366 600 4408 et
632 4362 686 4406 ut
711 4353 852 4406 nobis
873 4353 1005 4405 viam
1025 4352 1411 4406 resurrectionis
1441 4352 1678 4420 aperiret.

196 4481 267 4534 47.
288 4481 357 4537 Ne
379 4485 500 4554 quis
527 4493 730 4549 autem,
750 4482 979 4538 audiens
1007 4483 1220 4540 beatum
1247 4482 1467 4537 Paulum
1499 4482 1682 4538 dicen-

146 4578 228 4625 tem
249 4576 377 4643 quod
396 4577 707 4631 humiliavit
733 4591 792 4631 se
821 4591 990 4644 usque
1011 4576 1076 4629 ad
1105 4583 1354 4638 mortem,
1380 4575 1680 4642 passionem

147 4665 282 4718 crucis
312 4666 416 4722 Deo
456 4677 734 4731 annectat,
784 4667 946 4722 sicuti
979 4665 1167 4721 nefarii
1199 4665 1416 4734 sapiunt
1446 4664 1632 4720 Ariani
1659 4682 1674 4722 :

148 4754 231 4810 sine
254 4761 489 4826 passione
532 4761 678 4814 enim
710 4759 1016 4829 unigenitus
1043 4759 1185 4812 Deus
1217 4768 1330 4826 est,
1359 4772 1420 4810 ac.
1467 4758 1682 4826 penitus

150 4849 336 4910 tissimi
365 4854 653 4922 subjacere
679 4868 784 4905 non
812 4861 1008 4920 potest.
1033 4852 1398 4921 Quaecumque
1427 4849 1590 4920 igitur
1614 4850 1684 4904 de

144 4937 319 4999 Christo
346 4945 569 4999 humilia
615 4944 775 4998 verba
821 4943 1092 5010 dicuntur,
1144 4942 1259 4998 hzec
1302 4943 1480 4997 omnia
1519 4956 1688 4996 anne-

145 5035 293 5088 ttcnda
317 5045 444 5090 s-tnt
466 5036 611 5090 servi
645 5033 850 5087 formai.

193 5146 570 5203 Nestorianizat
598 5159 716 5201 cum
746 5146 854 5199 ait:
888 5144 1229 5210 Quacumque
1255 5145 1414 5215 igitur
1441 5142 1505 5196 de
1532 5142 1682 5198 Chri-

145 5224 200 5266 t'o
221 5217 420 5272 humilia
449 5219 606 5273 verba
629 5219 889 5278 dicuntur,
907 5217 1022 5266 luet;
1041 5217 1211 5268 omnia
1234 5215 1549 5269 annecteuda
1569 5222 1689 5268 sunt

145 5292 289 5357 (arma
307 5292 455 5344 servi.
491 5291 828 5357 Quamquam
851 5285 995 5340 enim
1023 5287 1188 5340 verba
1218 5285 1332 5339 hinc
1361 5285 1686 5339 catholicum

147 5354 308 5412 habent
331 5354 578 5420 sensum,
610 5354 732 5412 sunt
775 5366 953 5411 tamen
983 5361 1178 5410 merito
1199 5366 1471 5425 suSpecta,
1505 5372 1625 5410 cum
1657 5371 1686 5408 a

145 5429 369 5498 discipulo
388 5431 666 5484 Theodori
699 5427 1062 5497 proferuntur.

196 5539 273 5596 48.
293 5543 481 5598 Postea
514 5552 714 5604 autem,
743 5548 801 5595 ut
827 5537 1141 5595 ostenderet
1171 5547 1425 5608 quantam
1467 5537 1692 5593 haberet

146 5629 254 5684 circa
282 5648 373 5687 sua
419 5648 594 5704 opera
642 5631 1018 5695 dilectionem,
1059 5645 1180 5684 cum
1228 5629 1486 5685 Dominus
1524 5640 1689 5696 esset,

149 5723 318 5787 maluit,
347 5733 573 5795 accepta
610 5725 746 5780 servi
776 5724 967 5789 forma,
996 5722 1107 5776 ﬁeri
1145 5730 1413 5792 tamquam
1460 5738 1596 5776 unus
1623 5738 1692 5777 ex

151 5811 370 5875 mbiszet
397 5816 625 5882 iterum,
651 5814 792 5887 quod
825 5816 985 5869 homo
1038 5812 1213 5870 factus
1262 5828 1358 5883 pro
1411 5813 1588 5883 impiis
1639 5821 1695 5870 et

1778 3329 1900 3380 estis
1929 3327 1982 3381 in
2024 3328 2116 3382 illo
2157 3327 2360 3400 repleti,
2389 3330 2476 3399 qui
2497 3339 2570 3384 est
2597 3340 2753 3401 caput
2781 3333 2947 3388 cumis
2970 3336 3294 3406 principatus
3319 3348 3372 3392 et

1779 3423 2040 3489 potestatis
2063 3422 2087 3474 ?

1854 3515 1918 3569 Et
1949 3517 2158 3579 iterum,
2196 3524 2478 3586 propterea
2511 3516 2680 3573 iactus
2705 3527 2789 3573 est
2820 3518 3002 3586 homo,
3035 3532 3090 3574 ut
3117 3522 3373 3577 damnato

1780 3610 1831 3664 in
1853 3625 2012 3664 carne
2045 3617 2284 3678 peccato,
2313 3611 2803 3679 relinqueretnobis
2823 3615 3150 3683 exemplum,
3173 3631 3370 3685 quem.

1781 3701 2069 3754 admodum
2103 3701 2330 3769 quisque
2367 3701 2563 3755 debent
2589 3703 2896 3757 carnalibus
2925 3706 3196 3773 superatis
3226 3707 3372 3761 vitiis

1783 3809 1888 3846 non
1935 3794 2069 3847 ultra
2101 3793 2300 3846 diaboli
2350 3792 2574 3847 fallaciis
2601 3793 2800 3862 decipi.
2832 3795 2898 3848 Et
2942 3796 3158 3861 iterum,
3191 3805 3249 3852 ut
3277 3813 3372 3866 per

1781 3885 1924 3939 servi
1958 3884 2187 3937 fortnam
2214 3884 2475 3938 nzediator
2497 3883 2654 3938 ﬁeret
2678 3884 2823 3938 Patri
2855 3895 2908 3938 et
2929 3885 3154 3954 Spiritui
3185 3898 3371 3943 sancto

1781 3987 1837 4030 et
1857 3991 1915 4030 se
1939 3976 2135 4046 dignis,
2167 3984 2223 4030 et
2251 3975 2329 4029 sic
2359 3975 2411 4028 in
2443 3986 2760 4044 perpetuum
2789 3987 2885 4030 eos
2922 3977 3192 4031 custodiat
3223 3978 3368 4046 pacis

1783 4069 2020 4132 vinculo,
2062 4069 2198 4122 sicut
2229 4067 2416 4122 beatus
2437 4067 2630 4122 Paulus
2659 4067 2819 4124 docet
2835 4067 2936 4123 hoc
2960 4067 3120 4123 modo
3145 4066 3366 4139 (Coloss.

1785 4177 1821 4226 ι,
1853 4161 1973 4231 l9):
2007 4160 2141 4226 Quia
2179 4161 2232 4215 in
2263 4162 2373 4230 ipso
2402 4159 2712 4232 complacuit
2758 4177 2956 4215 omnem
2997 4161 3372 4231 plenitudinem

1785 4254 2034 4317 habitare,
2056 4262 2102 4307 et
2123 4270 2213 4322 per
2237 4270 2352 4307 eum
2378 4251 2710 4306 reconciliare
2731 4254 2923 4320 omnia,
2941 4254 3111 4306 omnia
3131 4254 3184 4308 in
3203 4255 3370 4324 ipsum

1785 4345 2064 4416 paciﬁcans
2090 4362 2180 4415 per
2203 4344 2509 4415 sanguinem
2534 4344 2704 4395 crucis
2731 4345 2864 4414 ejus,
2906 4344 3010 4398 sive
3040 4357 3156 4413 qua:
3182 4344 3238 4399 in
3265 4353 3369 4400 ter-

1785 4437 1878 4499 ris,
1903 4437 2004 4489 sive
2028 4451 2140 4504 quae
2162 4436 2214 4487 in
2234 4434 2374 4488 cretis
2401 4444 2538 4487 sunt.

1859 4525 1946 4580 50.
1996 4525 2146 4581 Sicut
2193 4525 2352 4594 igitur
2407 4533 2677 4580 tantorum
2730 4524 2992 4581 bonorum
3043 4527 3160 4596 ipsa
3207 4542 3368 4583 causa

1717 4615 1764 4674 D
1791 4618 2042 4674 omnibus
2064 4618 2412 4673 credentibus
2445 4618 2564 4681 luit,
2593 4618 2672 4673 sic
2700 4619 2858 4674 etiam
2892 4635 2997 4675 non
3025 4621 3369 4677 csedentilms

1787 4711 1846 4765 lit
1863 4712 2041 4781 justus
2072 4711 2385 4766 retributor.
2420 4709 2546 4764 ideo
2591 4711 2751 4780 igitur
2781 4726 2874 4779 per
2921 4713 3084 4766 multa
3127 4713 3372 4768 teStimo-

1789 4807 1876 4861 nia
1925 4819 2022 4859 nos
2049 4804 2245 4859 docent
2277 4804 2470 4858 divinae
2501 4802 2796 4876 Scriptura:
2850 4804 2991 4873 quod
3044 4805 3179 4859 nolit
3225 4805 3372 4860 Deus

1789 4909 2017 4953 tnortem
2068 4896 2216 4963 impii
2264 4906 2318 4952 et
2347 4899 2666 4966 peccatoris,
2713 4896 2814 4950 nisi
2847 4907 2902 4950 ut
2937 4905 3291 4952 convertatur
3315 4909 3374 4952 et

1787 4990 1954 5042 vivat.
1986 4988 2249 5054 Quamdiu
2284 4987 2442 5055 igitur
2475 5002 2662 5039 suntus
2695 4986 2745 5066 in
2789 4987 2888 5040 hac
2931 4983 3055 5051 vita,
3089 5001 3374 5056 possumus

1794 5079 2168 5149 pmuitcntiam
2199 5092 2380 5147 agere,
2411 5088 2466 5132 et
2496 5077 2733 5131 futuram
2777 5077 2921 5132 illam
2951 5077 3161 5132 beatam
3207 5081 3371 5135 vitam

1789 5171 2172 5238 sempiternam
2206 5169 2423 5224 mereri.
2453 5167 2640 5238 Neque
2670 5169 2814 5224 enim
2839 5169 2948 5237 jam
2993 5179 3112 5238 post
3133 5173 3377 5240 corporis

1789 5265 2115 5317 solutionem
2135 5260 2474 5332 paenitentiae
2505 5261 2826 5330 relinquitur
2856 5261 3026 5327 locus,
3061 5277 3184 5318 cum
3209 5264 3375 5318 David

1793 5355 1962 5423 proph
2002 5366 2051 5408 ta
2083 5356 2164 5408 sic
2194 5353 2407 5419 doceat,
2437 5352 2626 5408 dicens
2652 5353 2718 5408 ad
2749 5353 2921 5410 Deum
2956 5353 3128 5424 (Psal.
3163 5371 3238 5420 vt,
3285 5355 3375 5426 6).:

1796 5445 1930 5511 Quia
1968 5461 2070 5497 non
2114 5451 2188 5497 est
2220 5443 2272 5496 in
2316 5453 2478 5496 morte
2512 5444 2600 5514 qui
2643 5459 2834 5499 memor
2872 5445 2939 5497 sit
2969 5445 3066 5510 tui,
3093 5446 3145 5498 in
3176 5447 3380 5516 inferno

1792 5547 1958 5589 autem
1987 5535 2100 5602 quis
2127 5535 2456 5602 conﬁtebitur
2486 5534 2575 5588 tibi
2603 5532 2777 5606 (Psal.
2813 5551 2964 5601 cxut,
3001 5536 3134 5606 l7)?
3167 5538 3238 5592 Et
3283 5538 3381 5592 ite-

1795 5643 1913 5683 rum
1938 5646 1950 5682 :
1984 5627 2105 5681 Non
2131 5627 2316 5681 mortui
2348 5625 2635 5679 laudabunt
2667 5637 2734 5691 te,
2763 5642 2927 5696 neque
2963 5644 3140 5682 animo
3165 5630 3256 5698 qui
3283 5629 3381 5680 de-

1793 5724 2042 5776 scendunt
2068 5722 2122 5775 in
2149 5722 2431 5791 infernum.
2456 5717 2610 5786 Quod
2634 5729 2810 5774 autem
2841 5718 3088 5775 Christus
3115 5719 3378 5786 iudicam-

1797 5827 1890 5868 rus
1915 5813 1989 5867 sit
2012 5814 2160 5868 vivos
2188 5827 2251 5867 ac
2283 5820 2544 5877 mortuos,
2569 5809 2722 5866 docet
2754 5820 2940 5878 aperte
2975 5811 3160 5864 bcatus
3184 5809 3378 5864 Paulus
