3948 6188
528 401 644 461 I83

535 603 666 659 stari
690 608 884 672 oportet
923 606 1042 653 ante
1079 598 1304 653 tribunal
1332 599 1545 666 Christi,
1577 609 1633 654 ut
1665 602 1881 673 recipiat
1908 604 2121 674 quisque

533 694 743 765 propria
761 692 1016 761 corporis,
1032 700 1183 761 prout
1207 692 1383 761 gessit,
1410 692 1514 745 sive
1542 691 1752 759 bonum,
1781 695 1885 747 sive
1904 696 2117 750 malum.

530 785 659 840 Ideo
681 785 828 839 enim
859 784 1054 839 dicitur
1081 782 1335 839 Christus
1361 785 1412 838 in
1437 783 1658 840 dextera
1687 785 1863 841 Patris
1905 788 1985 841 sui
2029 804 2118 843 se-

530 875 661 931 dere
688 876 841 945 quasi
866 875 1035 945 judex
1070 885 1176 930 tam
1200 876 1451 930 vivorum
1480 892 1638 945 quam
1666 887 2036 944 mortuorum;
2066 887 2122 934 et

528 967 671 1036 quod
705 966 862 1022 Pater
887 968 1139 1021 neminem
1153 968 1377 1038 judicat,
1407 969 1497 1021 sed
1526 984 1673 1021 omne
1688 969 1946 1039 judicium
1978 966 2120 1024 Filio

529 1059 692 1126 dedit,
716 1067 899 1127 aperte
926 1058 1183 1112 Dominus
1212 1068 1401 1113 noster
1442 1056 1600 1113 Iesus
1625 1058 1875 1113 Christus
1904 1058 2123 1115 edocuit

532 1148 712 1217 (Joan.
740 1163 798 1213 v,
827 1147 947 1219 εἳ).

603 1260 881 1315 Adversus
901 1258 1230 1314 Novatianos
1256 1259 1384 1331 agit,
1403 1258 1544 1329 quod
1567 1260 1960 1316 faciuntomnes
1979 1260 2119 1328 ejus-

535 1332 655 1387 dem
677 1332 852 1385 aitatis
874 1333 1189 1399 scriptores,
1208 1331 1593 1395 Nazianzenus,
1618 1333 1956 1399 Ambrosius,
1978 1331 2123 1384 llila-

535 1404 648 1456 rius
680 1401 958 1465 diaconus,
994 1402 1374 1471 Hieronymus,
1405 1410 1463 1455 et
1490 1401 1579 1454 alii
1610 1416 1744 1467 quos
1777 1403 1994 1469 longum
2026 1416 2117 1454 es-

535 1480 621 1527 set
648 1486 934 1526 receuscre
960 1488 974 1535 ;
1007 1472 1114 1540 agit
1137 1486 1267 1526 vero
1297 1486 1402 1524 non
1427 1473 1616 1525 eodem
1646 1487 1753 1539 quo
1783 1472 1977 1541 reliqui
2006 1471 2123 1524 aui-

537 1559 649 1608 mo,
682 1541 775 1596 sed
798 1557 901 1609 quo
929 1542 1172 1610 Pelagius
1195 1553 1246 1597 et
1266 1542 1533 1604 Julianus,
1561 1557 1680 1596 cum
1709 1540 1911 1607 aiunt,
1935 1540 2121 1594 ﬂanti-

539 1626 676 1673 nem,
704 1614 751 1664 si
781 1621 892 1682 post
922 1613 1229 1680 baptismum
1260 1614 1433 1681 lapsus
1455 1610 1628 1679 fuerit,
1660 1628 1749 1682 per
1774 1613 2123 1682 pmnitentiam

538 1683 796 1736 credimus
828 1698 974 1750 posse
1023 1682 1252 1747 salvari;
1298 1697 1491 1749 nempe
1534 1691 1591 1734 ut
1621 1681 1874 1736 invidiam
1923 1682 2123 1737 couﬂet

537 1752 819 1807 catholicis
865 1752 1161 1823 fatentibus
1201 1767 1305 1804 non
1340 1766 1498 1821 posse
1527 1750 1801 1807 hominem
1854 1754 2122 1823 paeniten-

540 1824 669 1878 tiam
700 1838 881 1893 agere,
915 1822 1016 1876 nisi
1046 1823 1185 1877 Deus
1210 1823 1323 1877 det.
1414 1864 1419 1865 ν

605 1958 696 2012 5|.
729 1956 939 2011 Rursus
962 1956 1123 2010 etiam
1144 1954 1404 2009 docemur
1430 1954 1578 2025 quod
1610 1964 1895 2025 resurgant
1923 1956 2123 2010 mortui

541 2050 598 2104 in
630 2049 820 2105 eadem
843 2063 1009 2103 carne
1036 2048 1088 2102 in
1121 2060 1226 2117 qua
1251 2046 1413 2103 etiam
1441 2047 1495 2101 in
1520 2034 1674 2102 utero
1698 2048 1885 2103 matris
1913 2047 2126 2103 formati

537 2150 685 2204 sunt.
717 2142 770 2196 in
801 2155 1028 2210 corpore
1063 2140 1262 2210 pariter
1291 2155 1355 2194 ac
1386 2142 1575 2210 ﬁgura,
1604 2141 1746 2195 sicut
1768 2142 1956 2211 beatus
1986 2141 2127 2195 Pau-

536 2236 620 2290 lus
646 2234 716 2289 ad
742 2234 1052 2289 Corinthios
1080 2233 1325 2288 scribens
1350 2233 1481 2289 dicit
1515 2233 1557 2304 (l
1588 2233 1708 2288 Cor.
1735 2250 1824 2298 xv,
1855 2234 1946 2303 55)
1978 2251 1991 2287 :
2021 2234 2129 2289 Sed

538 2326 662 2378 dicit
691 2324 908 2395 aliquis:
938 2322 1206 2388 Quomodo
1234 2334 1502 2396 resurgent
1524 2327 1712 2379 mortui
1735 2326 1759 2379 ?
1787 2326 1943 2391 Quali
1959 2336 2129 2379 autem

540 2432 757 2486 corpore
783 2416 1017 2470 venient?
1043 2414 1325 2485 Insipiens,
1360 2425 1415 2470 tu
1439 2416 1579 2487 quod
1605 2418 1848 2483 seminus,
1877 2435 1978 2471 non
2000 2418 2129 2471 vivi-

541 2510 766 2580 ﬁcatur,
815 2508 915 2562 nisi
960 2508 1103 2579 prius
1143 2508 1414 2561 moriatur.
1464 2506 1532 2560 Et
1581 2508 1718 2579 quod
1755 2510 1997 2573 seminus,
2028 2526 2128 2563 non

540 2618 726 2672 corpus
758 2601 896 2671 quod
919 2601 1151 2670 futurum
1176 2609 1252 2655 est
1279 2601 1523 2666 seminus,
1550 2600 1638 2654 sed
1664 2601 1861 2654 nudum
1886 2617 2127 2671 granum,

547 2705 674 2764 puta
702 2692 879 2758 tritici,
909 2700 1000 2745 aut
1027 2692 1251 2762 alicujus
1273 2698 1593 2745 creterorum.
1644 2691 1785 2747 Deus
1829 2690 1998 2746 autem
2043 2694 2131 2746 dat

544 2785 630 2839 illi
650 2800 839 2856 corpus
861 2784 991 2837 sicut
1020 2782 1199 2837 voluit.
1231 2783 1346 2837 Hoc
1370 2798 1492 2838 cum
1541 2785 1833 2855 Apostolus
1881 2785 2129 2855 dixisset,

542 2876 686 2947 quod
715 2876 858 2931 Deus
893 2874 987 2929 dat
1032 2874 1109 2928 illi
1141 2888 1360 2944 corpus,
1406 2890 1510 2930 non
1545 2876 1685 2930 sicut
1707 2876 1841 2944 vult,
1866 2876 1963 2932 sed
1990 2876 2133 2931 sicut

547 2970 739 3034 voluit,
780 2968 1020 3024 ostendit
1045 2968 1187 3039 quod
1228 2969 1367 3023 sicut
1419 2982 1449 3022 a
1493 2969 1757 3039 principio
1796 2982 2011 3024 creatus
2050 2977 2134 3025 est

548 3061 735 3126 homo,
785 3061 863 3114 sic
891 3062 1053 3114 etiam
1109 3061 1163 3114 in
1213 3061 1616 3115 resurrectione
1660 3072 1929 3131 resurget,
1960 3076 2133 3131 neque

546 3152 757 3217 habitu,
785 3167 962 3222 neque
981 3166 1211 3221 corpore
1234 3162 1560 3222 permutato,
1590 3154 1731 3209 sicut
1752 3156 2008 3209 Dominus
2039 3171 2135 3208 nn-

544 3252 663 3300 ster
683 3242 841 3299 Jesus
868 3242 1141 3308 Christus,
1174 3252 1455 3313 postquam
1488 3247 1789 3300 resurrexit
1831 3262 1860 3300 a
1887 3248 2109 3301 mortuis

550 3349 654 3390 nec
681 3348 903 3404 corpus,
948 3348 1053 3388 nec
1103 3334 1326 3403 ﬁguram
1379 3335 1593 3403 penitus
1644 3336 1968 3391 immutavit.
2002 3337 2133 3391 Nam

551 3424 693 3480 sicut
717 3439 941 3495 granum
990 3422 1264 3488 frumenti,
1293 3427 1497 3479 amisso
1526 3439 1753 3496 corpore
1781 3442 1902 3493 suo,
1935 3428 2134 3482 nudum

550 3516 852 3574 seminatur
878 3526 933 3571 et
961 3522 1256 3581 mortuum,
1287 3517 1367 3571 sic
1396 3518 1593 3572 iterum
1632 3533 1757 3573 cum
1794 3518 1986 3575 eodem
2013 3534 2137 3574 cor-

550 3628 684 3682 pore
719 3611 862 3682 quod
923 3610 1179 3666 amiserat
1230 3612 1495 3682 resurgit,
1529 3613 1609 3668 sic
1667 3615 1828 3669 etiam
1872 3616 2032 3670 homo
2080 3617 2132 3670 in

548 3702 947 3759 resurrectione
985 3710 1347 3769 mortuorum,
1376 3703 1477 3757 etsi
1507 3712 1784 3759 truncatus
1811 3706 1986 3776 aliqua
2018 3722 2136 3762 cor-

548 3795 695 3863 poris
708 3803 856 3865 parte
883 3802 1127 3849 mortuus
1139 3802 1246 3862 est,
1267 3803 1443 3850 tamen
1467 3796 1607 3875 sicut
1630 3798 1877 3866 primitus
1900 3798 1953 3853 in
1982 3808 2136 3855 utero

549 3887 738 3943 matris
760 3902 873 3943 suae
901 3900 1119 3943 creatus
1145 3898 1251 3955 est,
1281 3891 1360 3943 sic
1390 3889 1440 3942 in
1473 3890 1591 3959 ipso
1620 3905 1847 3961 corpore
1879 3907 1941 3947 ac
1968 3892 2136 3964 ﬁgura

550 3987 819 4050 resurget,
853 3980 998 4033 sicut
1020 3978 1208 4033 beatus
1228 3979 1427 4033 Paulus
1449 3978 1643 4035 iterum
1666 3982 1824 4037 docet
1851 3985 1953 4038 hoc
1978 3985 2138 4040 modo

551 4072 616 4145 (ll
648 4072 768 4129 Cor.
788 4089 841 4139 v,
871 4071 927 4142 4)
951 4089 965 4125 :
987 4070 1126 4125 Nam
1153 4082 1198 4125 et
1219 4073 1304 4141 qui
1331 4090 1506 4127 sumus
1530 4075 1584 4127 in
1615 4074 1963 4140 tabernaculo,
1993 4078 2135 4149 iuge-

553 4167 815 4222 miscimus
860 4165 1138 4238 ingravati,
1170 4180 1228 4218 eo
1267 4166 1403 4234 quod
1448 4168 1689 4219 nolumus
1739 4169 2017 4261 exspoliari
2052 4171 2139 4223 sed

553 4260 908 4331 supervestiri,
932 4269 986 4312 ut
1012 4259 1346 4313 absorbeatur
1369 4260 1506 4329 quod
1533 4261 1749 4314 mortale
1777 4259 1848 4315 est
1875 4278 1906 4315 a
1929 4263 2051 4316 vita.
2077 4263 2143 4317 Et

554 4351 781 4406 iterum:
818 4351 1029 4419 Oportet
1057 4352 1193 4405 enim
1236 4351 1567 4419 corruptibile
1597 4355 1693 4405 hoc
1732 4354 1943 4406 induere
1968 4354 2139 4407 incor-

555 4442 834 4515 ruptelam,
861 4452 906 4496 et
930 4445 1143 4497 mortale
1171 4445 1266 4497 hoc
1289 4444 1501 4499 induere
1521 4446 1979 4499 immortalitatem.
2004 4446 2059 4500 la
2078 4461 2143 4500 eo

553 4532 698 4604 quod
748 4532 880 4587 dicit
910 4534 1226 4602 Apostolus,
1278 4536 1421 4604 quod
1447 4538 1687 4591 nolumus
1717 4538 2023 4606 exspoliari,
2054 4539 2143 4591 sed

557 4625 902 4695 supervestiri,
926 4625 1163 4679 ostendit
1186 4626 1327 4693 quod
1358 4625 1482 4682 hinc
1504 4629 1867 4699 unusquisque
1897 4640 2138 4684 nostrum

530 4718 793 4786 habebit,
823 4732 1076 4787 corpore,
1106 4728 1161 4773 et
1190 4733 1376 4789 carne,
1409 4722 1494 4776 vel
1526 4722 1947 4792 ﬁguraindutus,
1975 4725 2137 4777 vitam

553 4820 603 4865 et
637 4809 864 4879 gloriam
894 4818 949 4863 et
979 4808 1397 4877 incorruptelam
1430 4819 1529 4865 :ut
1577 4812 1716 4866 sicut
1758 4812 1886 4867 ferri
1918 4814 2141 4868 materia

554 4902 813 4966 candens,
845 4902 1015 4972 gloria
1048 4902 1183 4970 ignis
1212 4901 1418 4969 induta,
1450 4914 1692 4959 naturam
1720 4909 1990 4976 propriam
2037 4907 2139 4960 mi-

557 4995 703 5050 nime
729 5006 1053 5059 commutat;
1093 4994 1172 5049 sic
1220 4995 1381 5049 etiam
1413 4998 1585 5052 sancti
1620 5000 1824 5053 caelesti
1873 5001 2037 5069 gloria
2065 5001 2145 5054 in-

556 5086 691 5151 duti,
721 5086 860 5155 quod
895 5086 1095 5139 habent
1129 5087 1179 5140 in
1212 5086 1311 5140 hac
1341 5089 1450 5141 vita
1473 5104 1669 5159 corpus
1696 5101 1749 5146 et
1775 5092 1995 5159 ﬁguram
2035 5110 2140 5148 non

557 5177 831 5245 deponent
859 5195 871 5229 :
902 5178 1044 5231 sicut
1074 5178 1232 5232 etiam
1264 5180 1521 5235 Dominus
1560 5191 1742 5235 noster
1787 5183 1945 5238 Jesus
1990 5184 2145 5239 Chri-

560 5279 677 5323 stus
708 5269 761 5322 in
792 5278 975 5323 monte
1004 5271 1228 5339 gloriam
1258 5272 1508 5340 iuduens,
1540 5275 1680 5343 quod
1708 5286 1825 5328 erat
1854 5276 2015 5329 homo
2045 5280 2140 5331 mi-

556 5360 701 5416 nime
726 5363 1094 5416 commutavit.
1129 5364 1234 5419 Sed
1267 5364 1383 5419 hinc
1409 5365 1476 5420 de
1510 5367 1776 5435 probanda
1808 5368 1912 5423 ﬁde
1949 5369 2143 5425 divinae

474 5464 478 5469 '
558 5451 852 5523 Scriptura:
878 5454 1202 5511 testimoniis
1223 5458 1557 5514 sufﬁcienter
1584 5461 1739 5515 nobis
1764 5461 1927 5517 dicta.

629 5566 705 5646 De
728 5572 1125 5646 resurrectione
1157 5572 1334 5646 carnis
1364 5573 1631 5646 catholice
1678 5576 1891 5645 quidem
1947 5579 2133 5646 sentit,

557 5638 652 5691 sed
683 5641 934 5712 exemplo
962 5640 1272 5712 Hieronymi
1309 5643 1659 5700 vehementer
1696 5638 1966 5709 adversus
2013 5638 2133 5704 Ori:

556 5724 773 5796 genera,
826 5709 1089 5765 Joannem
1148 5709 1712 5796 Hierosolymitanunr.
1766 5727 1822 5777 et
1875 5719 2138 5796 _Rul_i_num

558 5781 954 5863 aquileienscm
983 5796 1143 5863 super
1169 5799 1229 5838 ea
1247 5781 1558 5863 _qu:_e§tioue
1578 5781 1916 5845 diss'ertatttis
1942 5789 2141 5863 (Epist.

563 5852 647 5917 61,
678 5860 724 5906 cf
753 5852 973 5924 Apolog.
1006 5856 1205 5908 advers.
1240 5854 1535 5929 Ruﬁnum).

962 398 1056 455 AD
1095 397 1375 454 PARTEM
1417 387 1685 454 PRIM'AM
1721 395 2011 456 OPERUM
2052 402 2123 457 Μ.
2167 403 2610 463 MEBCATORIS
2650 406 3000 466 APPENDIX
3033 409 3376 469 SECUNDA.

528 512 613 567 sic
640 511 827 567 dicens
849 506 918 580 (ΙΙ
943 507 1071 564 ϐυτ.
1094 522 1150 572 v,
1196 508 1287 578 10)
1314 523 1329 562 :
1362 504 1552 562 Omnes
1582 510 1717 563 enim
1758 526 1853 566 nos
1899 512 2118 581 manife-
2141 524 2196 580 Α

3700 413 3801 471 861

2810 521 3037 580 CAPUT
3068 525 3203 582 Vill.

2678 628 2848 669 εινε
2902 632 3325 678 ΔΡΡΕΝΒΙΧ.

2594 701 2674 757 De
2700 707 3066 775 questionibus
3094 708 3425 765 Arianorum.

2294 793 2383 847 5‘2.
2414 793 2674 859 Quoniam
2707 797 2866 866 igitur
2892 798 2983 868 qui
3009 800 3118 854 Arii
3149 802 3228 856 vel
3260 802 3512 858 Eunomii
3544 804 3805 861 nefandas

2222 883 2460 941 haereses
2497 899 2772 943 sectantur
2812 900 2866 944 et
2908 892 3178 962 dogmata,
3214 895 3279 948 ad
3322 896 3806 967 blasphemandum

2223 980 2552 1049 unigenitum
2581 982 2775 1036 Filium
2805 983 2898 1039 Dei
2928 1001 3022 1055 per
3048 987 3162 1040 dies
3183 986 3424 1058 singulos
3449 1005 3576 1045 suas
3603 1001 3810 1047 acuunt

2220 1069 2449 1139 linguas,
2479 1073 2657 1127 cdocti
2683 1089 2901 1145 semper
2936 1076 3133 1132 divina:
3159 1077 3450 1149 Scriptura:
3495 1083 3813 1153 simplicita-

2222 1168 2329 1213 tem
2357 1161 2683 1230 adulterare,
2716 1173 2771 1219 et
2801 1166 2981 1220 verbis
3006 1168 3324 1238 quibusdam
3366 1176 3656 1243 perversis,
3690 1192 3813 1246 qua:

2220 1264 2287 1305 ex
2334 1254 2719 1308 communibus
2765 1255 3095 1313 descendere
3142 1260 3393 1315 sensibus
3437 1275 3812 1333 consuerunt,

2222 1343 2592 1398 contaminare
2614 1346 2863 1401 similiter
2884 1349 3187 1419 veritatem,
3222 1359 3279 1405 ut
3308 1364 3458 1422 parte
3482 1356 3814 1426 syllogistica

2222 1434 2612 1502 sophismatum
2659 1438 2951 1494 nefandam
2996 1440 3245 1497 haeresim
3297 1460 3447 1501 suam
3488 1450 3816 1506 conﬁrmare

2223 1527 2530 1594 videantur,
2560 1529 2887 1600 50phisticas
2917 1533 3070 1588 nobis
3100 1534 3167 1590 de
3212 1535 3321 1591 Deo
3362 1538 3815 1610 interrogationes

2227 1622 2583 1689 prmtendunt,
2618 1640 2648 1678 a
2690 1626 2988 1682 substantia
3038 1628 3213 1684 Patris
3248 1634 3580 1702 unigenitum
3615 1635 3814 1691 Filiqu

2224 1712 2458 1767 alienare
2480 1725 2769 1781 conantes;
2796 1720 3162 1775 necessarium
3187 1722 3325 1777 duco
3351 1739 3415 1777 ex
3446 1726 3636 1780 iisdem
3668 1742 3819 1781 com-

2226 1804 2477 1859 munibus
2490 1808 2739 1862 sensibus
2752 1824 2936 1863 corum
2955 1812 3201 1866 hatresim
3216 1814 3495 1868 nefandam
3511 1815 3817 1886 destruere,

2152 1909 2199 1967 Β
2226 1902 2286 1949 ut
2308 1911 2374 1950 ex
2404 1897 2596 1966 quibus
2631 1900 3002 1968 probationem
3047 1902 3249 1959 habere
3290 1920 3348 1961 se
3379 1918 3587 1975 putant,
3621 1924 3694 1964 ex
3732 1911 3817 1965 iis-

2230 1987 2352 2043 dem
2381 1992 2542 2045 etiam
2576 1992 2675 2060 ipsi
2703 1992 3116 2063 redarguantur.
3150 1997 3211 2051 Et
3235 1999 3542 2070 priusquam
3565 2003 3818 2071 incipiam

2230 2092 2549 2135 enumerare
2595 2096 2784 2136 eorum
2814 2083 2882 2137 de
2912 2084 3050 2139 Filio
3081 2086 3339 2142 adversus
3372 2105 3469 2144 nos
3516 2091 3817 2163 interroga-

2233 2172 2427 2235 tiones,
2456 2188 2588 2242 quas
2618 2176 2863 2243 ingentes
2893 2184 2947 2230 et
2971 2178 3166 2233 arduas
3195 2181 3547 2248 arbitrantur,
3576 2185 3645 2239 ad
3677 2186 3822 2256 ipsos

2232 2264 2357 2319 volo
2386 2264 2570 2320 dicere
2594 2267 2717 2336 quia
2748 2269 3124 2339 quodcumque
3154 2270 3251 2326 fari
3280 2274 3559 2329 volueritis
3586 2276 3657 2330 de
3688 2281 3825 2332 nati-

2231 2359 2399 2413 vitate
2448 2358 2568 2414 Filii
2610 2361 2701 2415 Dei
2732 2377 2797 2416 ex
2832 2362 3008 2428 Patre,
3068 2366 3454 2434 temporalibus
3482 2369 3563 2422 usi
3614 2371 3826 2436 verbis,

2230 2449 2349 2517 ejus
2378 2451 2732 2515 nativitatem,
2764 2462 2823 2506 ut
2872 2454 2984 2521 ipsa
3018 2468 3076 2508 se
3108 2456 3289 2522 habet,
3337 2458 3564 2526 probare
3593 2462 3831 2517 minime

2232 2541 2509 2610 poteritis:
2538 2545 2788 2610 quoniam
2813 2545 3072 2614 unigeniti
3100 2547 3195 2602 Dei
3221 2548 3381 2604 Verbi
3408 2552 3829 2619 nativitas,cum

2233 2635 2303 2689 sit
2331 2636 2588 2690 naturalis
2612 2652 2677 2691 ac
2706 2638 2822 2692 sine
2845 2639 3129 2708 principio,
3157 2651 3213 2694 ut
3240 2642 3354 2708 ipsa
3384 2658 3443 2698 se
3466 2644 3649 2711 habet,
3684 2662 3833 2701 com-

2234 2726 2493 2795 prehendi
2522 2744 2625 2781 non
2673 2737 2867 2797 potest.
2917 2729 3050 2784 Nam
3081 2731 3127 2785 si
3168 2734 3345 2786 omnia
3399 2736 3561 2789 verba
3612 2738 3829 2805 prolata

2235 2828 2446 2887 tempus
2471 2819 2796 2888 significant,
2827 2828 2921 2874 aut
2944 2837 3182 2890 praesens
3204 2823 3435 2887 scilicet,
3464 2838 3554 2879 aut
3591 2838 3830 2897 praeter-

2236 2911 2390 2976 itum,
2421 2922 2515 2964 aut
2542 2911 2802 2977 futurum,
2849 2911 2996 2967 Deus
3048 2925 3225 2969 autem
3272 2917 3582 2985 unigenitus
3631 2919 3834 2974 horum

2234 3010 2319 3055 est
2363 3012 2611 3067 creator;
2666 3002 2784 3071 ejus
2832 3004 3072 3071 profecm
3127 3005 3382 3060 nativitas
3435 3010 3835 3076 temporalibus

2235 3093 2418 3146 verbis
2446 3094 2727 3163 approbari
2762 3111 2866 3149 non
2903 3107 3102 3167 potest.
3157 3098 3333 3167 Atque
3362 3099 3482 3153 ideo
3513 3105 3834 3157 necessario

2238 3184 2398 3240 fidem
2433 3187 2732 3241 divinarum
2767 3188 3174 3258 Scripturarum
3204 3201 3515 3260 sequentes,
3546 3208 3614 3248 ex
3647 3210 3718 3251 ea
3747 3196 3837 3251 de‘

2118 3289 2131 3313 ’
2162 3287 2207 3349 ρ
2238 3279 2426 3334 bemus
2453 3295 2668 3335 sumere
2698 3281 3032 3349 probationis
3057 3284 3333 3353 exempla.

2312 3370 2400 3427 55.
2440 3372 2570 3426 Cum
2616 3373 2777 3443 igitur
2821 3389 2917 3428 nos
2948 3374 3417 3446 iuterrogaveriut,
3449 3386 3637 3433 utrum
3677 3380 3826 3435 Deus

2238 3465 2607 3533 procreaverit
2665 3465 2879 3532 Filium,
2916 3482 3108 3534 necne,
3157 3480 3212 3523 et
3256 3473 3569 3539 acceperint
3599 3487 3632 3525 a
3680 3475 3836 3529 nobis

2238 3572 2597 3626 responsum:
2626 3558 2961 3627 l‘rocreavit;
2991 3563 3171 3615 statim
3224 3564 3483 3632 adjiciunt
3524 3566 3839 3637 interroga-

2241 3648 2443 3703 tionem
2465 3650 2793 3719 hujusmodi,
2817 3667 2976 3720 quam
3008 3652 3182 3707 Graeci
3204 3653 3570 3711 dilemmatam
3598 3670 3834 3713 vocant:

2240 3739 2465 3809 Invitus,
2500 3758 2567 3794 an
2604 3743 2820 3811 sponte?
2851 3742 2963 3797 Hoc
2991 3752 3169 3799 autem
3196 3744 3415 3809 faciunt,
3446 3756 3501 3800 ut
3549 3748 3593 3801 si
3626 3749 3838 3803 dixeri-

2241 3849 2385 3901 mus,
2416 3834 2629 3898 invitus,
2665 3849 2787 3888 mox
2836 3834 3091 3903 adjiciam
3121 3854 3133 3887 :
3165 3835 3316 3902 Quod
3356 3838 3399 3891 si
3450 3838 3659 3893 invitus
3718 3855 3841 3909 pro-

2240 3927 2449 3983 creavit
2472 3928 2688 3993 Filium,
2712 3929 2981 3998 quomodo
3003 3945 3110 3983 non
3129 3939 3211 3984 est
3239 3930 3461 3996 impium
3494 3930 3564 3985 de
3596 3933 3713 3988 Deo
3740 3935 3841 3988 hoc

2242 4018 2442 4083 dicere,
2485 4019 2626 4086 quod
2661 4020 3028 4088 generationis
3077 4021 3382 4076 necessitati
3439 4022 3844 4095 subjungatur?

2242 4112 2335 4167 Sin
2367 4122 2573 4179 autem,
2601 4125 2800 4183 sponte,
2840 4114 3162 4179 dixerimus,
3207 4115 3284 4169 illi
3333 4130 3519 4169 rursus
3551 4118 3841 4186 adjiciunt,

2242 4207 2384 4276 quod
2409 4207 2512 4260 sibi
2532 4207 2740 4261 libitum
2770 4216 2853 4261 est
2879 4224 2891 4259 :
2921 4207 3061 4276 Ergo
3091 4208 3134 4260 si
3165 4216 3353 4275 sponte
3384 4213 3697 4275 procreavit
3718 4224 3842 4275 sua,

2246 4299 2291 4352 si
2323 4298 2599 4353 voluntate
2628 4297 2799 4353 Filius
2829 4306 3160 4367 procreatus,
3198 4300 3335 4352 inter
3364 4299 3541 4367 ipsum
3567 4310 3623 4353 et
3652 4301 3842 4353 omnia

2245 4398 2463 4456 cmtera,
2497 4404 2617 4459 qua:
2648 4389 2740 4444 Dei
2772 4390 2973 4459 pariter
3006 4390 3281 4444 voluntate
3305 4402 3484 4444 creata
3508 4401 3663 4458 sunt,
3699 4393 3849 4446 nulla

2248 4484 2460 4550 penitus
2514 4482 2701 4539 haberi
2736 4482 2989 4538 discretio
3042 4486 3259 4553 poterit.
3293 4484 3399 4539 Sed
3444 4500 3552 4538 acu
3611 4502 3847 4555 respon-

2248 4572 2481 4627 dendum
2512 4584 2617 4639 est,
2666 4575 2809 4643 quod
2865 4576 2965 4644 ipsi
3011 4577 3219 4630 scilicet
3248 4576 3436 4629 audire
3483 4577 3845 4642 desiderant;

2170 4669 2219 4727 D
2247 4667 2339 4718 sed
2378 4666 2551 4735 magis
2596 4668 2699 4721 hoc
2746 4667 2906 4721 modo
2951 4668 3231 4722 dicemus:
3260 4668 3443 4737 Neque
3475 4684 3675 4737 sponte
3722 4688 3849 4741 pro-

2245 4759 2465 4821 creavit,
2500 4774 2673 4825 noque
2701 4759 2918 4813 invitus.
2950 4758 3083 4812 Cum
3116 4759 3278 4825 igitur
3312 4770 3538 4829 accepto
3591 4764 3703 4817 hoc
3760 4780 3848 4818 re-

2244 4865 2443 4917 sponso
2475 4866 2504 4903 a
2534 4851 2881 4906 conclusione
2929 4868 3023 4907 sua
3070 4852 3250 4921 iniqua
3284 4854 3336 4907 in
3370 4866 3653 4921 posterum
3694 4858 3854 4925 peni-

2248 4952 2332 4995 tus
2362 4944 2563 4997 exclusi
2598 4944 2819 5010 fuerint,
2855 4955 2909 5000 et
2960 4948 3275 5014 qumsieriut
3314 4962 3341 4998 a
3390 4948 3548 5001 nobis
3576 4952 3856 5018 quemad-

2248 5036 2463 5088 modum
2516 5037 2896 5103 procrcaverit,
2944 5047 3071 5091 tunc
3116 5038 3221 5093 illis
3270 5039 3339 5091 ita
3388 5044 3851 5108 respondebitur,

2248 5128 2585 5191 naturaliter,
2637 5130 2776 5198 quod
2814 5140 2897 5183 est
2944 5146 3105 5199 supra
3134 5146 3348 5187 omnem
3388 5132 3743 5189 voluntatem
3791 5151 3862 5191 ac

2249 5220 2650 5283 necessitatem;
2680 5229 2734 5274 et
2759 5222 3023 5291 siquidem
3050 5224 3322 5279 intellecto
3343 5240 3616 5295 reSponso
3644 5240 3861 5284 nostro

2245 5314 2566 5381 quieverint,
2602 5313 2739 5368 bene
2776 5324 2831 5369 et
2880 5302 3101 5385 optimc.
3134 5317 3225 5372 Sin
3258 5334 3389 5372 vero
3430 5319 3700 5387 dixerint,
3742 5340 3864 5379 non

2244 5418 2367 5457 esse
2400 5403 2610 5471 planum
2646 5422 2989 5474 re-ponsum,
3020 5417 3074 5463 et
3121 5424 3218 5463 nos
3254 5420 3442 5465 contra
3475 5413 3867 5485 interrogabi-

2246 5511 2365 5549 mus
2395 5511 2510 5563 eos,
2538 5498 2699 5552 simili
2745 5503 2905 5555 modo
2938 5503 3373 5573 interrogationis
3402 5522 3615 5575 eorum,
3654 5522 3866 5567 utrum

2245 5601 2437 5659 spoate
2470 5592 2611 5646 Deus
2637 5592 2810 5648 bonus
2832 5596 2925 5661 sit,
2955 5612 3019 5649 an
3049 5598 3266 5652 invitus.
3301 5598 3402 5668 Ipsi
3435 5617 3652 5670 quoque
3682 5606 3868 5659 nobis

2243 5684 2669 5752 respondebunt,
2705 5686 2952 5742 timentes
3005 5705 3068 5742 ex
3120 5699 3347 5759 utraque
3396 5704 3548 5761 parte
3588 5694 3860 5751 illicitum

2246 5777 2654 5844 responsionem
2682 5795 2693 5829 :
2729 5776 2911 5848 Neque
2942 5790 3152 5848 sponte,
3190 5798 3363 5852 neque
3395 5784 3616 5849 invitus,
3651 5792 3769 5841 sed
3798 5810 3862 5843 ea

2253 5867 2455 5923 scilicet
2488 5880 2676 5924 natura
2706 5884 2823 5937 qua:
2852 5886 3010 5941 supra
3036 5873 3364 5930 voluntatem
3392 5887 3475 5931 est
3505 5888 3557 5935 et
3592 5890 3856 5941 neceSsi~
