3948 6188
220 403 313 461 ωδ
381 400 692 461 DISSERT.
739 401 799 457 V.
841 398 932 455 DE
970 398 1279 457 LIBELLIS
1315 400 1499 456 ιτιοει
1538 399 1846 459 SCRIPTlS
1884 400 1974 454 AB
2014 401 2451 458 AUCTORIBUS
2490 402 2804 461 HERESIS
2843 404 3275 463 ΡειιΑϐιΑΝΑΞ.
3353 406 3457 466 ait!

220 533 387 580 tatem.
416 522 516 578 His
558 520 725 593 igitur
766 518 1045 587 responsis
1088 518 1281 588 quibus
1329 526 1543 573 utentur
1584 519 1685 588 ipsi
1715 529 1782 573 ue
1807 522 1861 579 Α
1888 520 2379 588 temporalibusqtte
2408 521 2658 577 sensibus
2697 523 2898 580 audere
2927 524 2995 579 de
3028 526 3136 581 Deo
3161 526 3459 597 quodcum-

220 618 339 683 Deo,
364 616 511 687 quod
536 616 707 670 bonus
734 622 817 669 est
842 621 1168 676 asserentes,
1194 612 1382 666 iisdem
1425 627 1523 667 nos
1548 626 1781 682 quoque,

218 708 344 777 quod
368 707 511 760 Deus
541 704 864 775 procreavit,
893 702 1276 773 approbamus.
1298 702 1428 756 Nam
1453 704 1588 758 sicut
1611 704 1783 759 bonus

216 810 293 855 est
336 798 482 853 Deus
533 811 709 866 neque
752 797 1047 861 voluntate,
1099 810 1275 865 neque
1325 797 1661 860 necessitate,
1687 797 1781 852 sed

222 894 321 959 ipsa
350 898 564 954 natura,
598 898 657 942 ut
684 888 924 943 bonitate
953 887 1194 956 privatus
1224 901 1512 955 numquam
1540 887 1783 955 reperia-

215 995 315 1047 ~tur,
343 983 421 1035 sic
452 982 614 1036 etiam
646 980 841 1034 Filium
868 979 1030 1033 habet
1061 987 1253 1032 natura
1279 996 1292 1030 :
1320 993 1490 1047 neque
1516 979 1657 1032 enim
1689 994 1784 1047 po-

224 1084 310 1127 test
336 1072 481 1127 Deus
505 1086 759 1141 umquam
791 1070 990 1140 privari
1020 1068 1299 1136 unigenito
1331 1069 1440 1123 Deo
1479 1068 1617 1124 Filio
1656 1083 1779 1125 suo.

226 1169 279 1221 Et
296 1166 414 1222 haec
438 1164 655 1234 quidem
678 1164 822 1218 dicta
848 1163 915 1217 de
942 1162 1221 1231 unigenito
1254 1162 1363 1216 Deo
1382 1161 1783 1231 comprobanda

220 1256 413 1311 abunde
439 1254 773 1321 suilicerent,
808 1254 851 1307 si
875 1268 996 1308 cum
1015 1251 1373 1321 prudentibus
1401 1266 1585 1306 sermo
1616 1260 1779 1321 esset,

213 1365 274 1403 eo
295 1348 430 1417 quod
458 1347 776 1401 naturaliter
805 1345 963 1399 habet
993 1360 1059 1399 ex
1082 1344 1241 1398 Patre
1271 1343 1628 1399 nativitatem.

274 1440 360 1494 5t.
395 1437 505 1494 Sed
528 1437 793 1507 quoniam
824 1436 935 1501 isti,
970 1447 1236 1502 tamquam
1266 1450 1427 1489 canes
1455 1435 1652 1504 arrepti
1690 1448 1781 1488 ra-

216 1530 309 1592 bie,
343 1529 433 1597 qui
466 1540 656 1582 contra
686 1526 939 1581 dominos
989 1541 1202 1595 quoque
1248 1526 1496 1589 serviunt,
1533 1527 1782 1595 passione

224 1622 422 1674 insania:
454 1634 552 1688 per
603 1618 959 1688 ignorantiam
1001 1616 1256 1670 concitati
1283 1655 1299 1679 ,
1349 1628 1535 1670 centra
1584 1617 1779 1670 Filium

217 1714 300 1766 Dei
325 1711 706 1781 blasphemare
736 1711 1003 1777 nituntur,
1030 1710 1074 1763 si
1103 1709 1319 1777 quando
1348 1710 1546 1779 aliquid
1572 1710 1640 1764 de
1664 1711 1781 1779 ipso

223 1800 573 1860 venerationis
616 1802 903 1867 audierint,
946 1812 1007 1857 et
1047 1804 1250 1856 exclusi
1308 1802 1508 1857 fuerint
1555 1818 1585 1856 a
1623 1804 1778 1857 solita

1885 624 1993 679 que
2039 612 2414 679 pronuntiari:
2449 616 2647 683 quippe
2686 630 2809 672 cum
2865 618 2929 681 is,
2989 617 3058 672 de
3103 634 3212 687 quo
3255 631 3455 689 agitur,

1885 702 2036 770 quasi
2066 702 2153 768 qui
2184 704 2386 771 absque
2414 703 2566 758 initiu
2594 705 2685 771 sit,
2718 707 3124 762 necessitatibus
3153 720 3453 779 temporum

1886 791 2171 859 subjaecre
2203 808 2306 845 non
2342 794 2532 861 possit.
2565 794 2689 849 Ideo
2731 796 2893 864 igitur
2940 812 3037 852 nos
3083 815 3299 870 quoque
3338 800 3460 856 illos

1886 884 2257 947 consulamus,
2311 886 2708 954 quodanunodo
2754 886 2990 956 ipsorum
3042 890 3461 961 interrogatione

1885 981 2118 1041 utentes,
2172 984 2229 1029 ut
2276 976 2354 1030 sic
2385 976 2697 1046 ﬁgmentum
2747 992 2925 1043 suum,
2976 980 3120 1047 quod
3168 982 3340 1037 Graeci
3369 998 3459 1038 so-

1884 1066 2095 1135 phisma
2127 1078 2338 1133 vocant,
2385 1069 2490 1125 illis
2519 1080 2762 1138 apertum
2795 1069 2884 1125 fiat
2912 1086 2977 1129 ac
3008 1074 3243 1141 planum.
3290 1076 3458 1133 Dicite

1884 1157 2043 1211 nobis
2082 1173 2222 1213 vos:
2260 1159 2419 1213 Solus
2465 1175 2586 1215 cum
2639 1171 2785 1216 esset
2826 1162 2970 1218 Deus
2994 1202 3010 1229 ,
3064 1164 3458 1222 misericordias

1882 1249 2087 1317 genuit,
2115 1264 2182 1301 an
2212 1249 2353 1303 non?
2382 1251 2633 1318 quoniam
2665 1252 2853 1306 beatus
2881 1252 3075 1308 Paulus
3111 1262 3314 1323 patrem
3355 1257 3457 1310 mi-

1884 1339 2299 1393 seriCurdiarum
2355 1341 2519 1394 Deum
2567 1345 2824 1406 nominat,
2861 1346 2931 1398 ita
2974 1345 3202 1401 dicens:
3236 1346 3457 1402 Benedi-

1882 1442 1993 1482 ctus
2024 1428 2185 1495 Deus,
2215 1440 2261 1483 et
2293 1429 2453 1485 Pater
2482 1429 2693 1485 Domini
2724 1435 2881 1487 nostri
2909 1432 3036 1489 Jesu
3064 1434 3278 1503 Christi,
3312 1448 3457 1506 pater

1881 1526 2348 1578 misericordiarum
2376 1525 2449 1593 (ll
2475 1526 2595 1580 Cor.
2627 1543 2666 1593 ι,
2698 1526 2775 1597 5).
2806 1529 2935 1583 Etsi
2966 1529 3083 1583 ausi
3131 1530 3330 1586 fuerint
3368 1532 3455 1586 di-

1882 1632 2026 1682 cere,
2057 1618 2201 1688 quod
2225 1619 2372 1672 solus
2397 1634 2521 1673 cum
2557 1632 2700 1675 esset
2726 1622 2929 1691 genuit,
2961 1636 3058 1677 nos
3087 1639 3299 1693 quoque
3327 1625 3454 1692 ipsis

1882 1710 1954 1763 ita
1988 1712 2459 1780 respondebimus,
2488 1710 2599 1767 Cur
2627 1730 2730 1766 non
2760 1715 2828 1768 sit
2855 1715 3074 1784 impium
3103 1730 3167 1769 ac
3192 1716 3451 1771 nefarium

1880 1800 2085 1866 dicere,
2129 1802 2268 1870 quod
2307 1802 2405 1856 fuit
2434 1804 2721 1871 aliquando
2755 1806 2891 1859 Deus
2919 1805 3121 1874 absque
3149 1807 3454 1862 misericor-

222 1912 381 1952 eontra
412 1912 546 1952 eum
587 1895 940 1965 blasphemia,
974 1894 1428 1963 perseverantiam
1462 1903 1639 1949 tamen
1668 1910 1783 1950 ma-
1811 1892 1857 1951 B
1885 1893 1985 1947 diis
2015 1911 2026 1946 :
2059 1894 2254 1963 quippe
2276 1909 2396 1948 cum
2425 1895 2567 1949 Deus
2594 1896 3083 1951 misericordiarum
3113 1896 3230 1951 fons
3260 1898 3450 1953 hahea-

212 1990 325 2042 litia:
350 2004 489 2052 sum,
517 2001 676 2056 quant
693 1996 885 2040 contra
915 1984 1106 2039 Filium
1136 2000 1349 2054 semper
1372 1994 1647 2053 exercent,
1679 1985 1779 2038 mi-

221 2082 341 2133 uitne
366 2079 653 2146 amittunt,
686 2076 782 2131 sed
813 2091 999 2131 rursus
1026 2076 1485 2129 contradictiones
1513 2075 1645 2128 alias
1685 2090 1777 2129 ex-

216 2172 433 2239 cogitare
482 2180 769 2233 conantur,
823 2167 1155 2221 nativitatem
1214 2166 1473 2236 unigeniti
1505 2166 1663 2220 Verbi
1709 2181 1776 2221 ex

218 2264 327 2324 Deo,
354 2277 481 2331 qua:
510 2260 629 2314 sine
676 2259 937 2328 principio
987 2268 1068 2313 est
1113 2275 1177 2313 ac
1230 2260 1486 2314 naturalis
1520 2259 1771 2325 habetur,

218 2358 478 2407 destruere
518 2353 827 2417 molientes,
861 2350 1010 2421 quasi
1040 2361 1226 2406 contra
1268 2368 1389 2406 eum
1417 2368 1631 2421 semper
1680 2369 1778 2422 pu-

214 2461 357 2511 gnare
402 2446 723 2514 cupientes;
774 2445 1134 2498 necessarium
1182 2456 1309 2512 puto
1356 2446 1517 2499 etiam
1565 2447 1775 2501 crs-teris

214 2538 405 2591 illorum
436 2539 593 2592 vanis
621 2537 1129 2606 interrogationibus
1155 2538 1506 2605 respondere,
1539 2553 1606 2593 ne
1632 2554 1776 2606 quae-

214 2634 429 2685 stionum
458 2630 864 2699 .prOpositarmn
921 2628 1230 2683 violentiam
1281 2643 1379 2681 nos
1424 2630 1657 2698 ell‘ugere
1693 2630 1775 2682 vi-

210 2723 441 2777 deamur.
480 2722 822 2791 lnterrogant
851 2721 1012 2790 igitur
1047 2721 1172 2774 item
1218 2735 1338 2789 nos,
1372 2722 1417 2775 si
1447 2736 1605 2776 omne
1634 2722 1773 2792 quod

212 2816 373 2883 desiit,
402 2828 465 2873 et
495 2818 678 2884 cmpit.
714 2816 771 2871 Si
804 2832 903 2871 nos
943 2812 1397 2885 responderimus,
1427 2819 1570 2889 quod
1619 2836 1777 2876 omne

210 2911 334 2977 quod
380 2910 572 2972 desiit,
632 2920 687 2962 et
726 2907 908 2977 ρωρίι,
961 2924 1084 2962 mox
1115 2909 1371 2978 adjiciunt
1420 2911 1519 2978 ipsi
1565 2912 1779 2966 :Desiit

212 3001 340 3055 nasci
388 3000 589 3065 Filius,
641 3000 948 3055 necessario
994 3015 1123 3069 ergo
1172 3002 1362 3071 coepit;
1402 3013 1459 3057 et
1506 3003 1551 3057 si
1592 3005 1774 3073 cmpit,

209 3106 311 3149 erat
333 3093 631 3165 aliquando
663 3092 875 3162 quando
905 3109 1007 3146 non
1045 3102 1191 3159 erat;
1222 3103 1279 3148 et
1310 3094 1359 3149 si
1405 3104 1521 3151 erat
1566 3098 1778 3167 quando

213 3202 303 3241 non
324 3196 470 3249 erat,
509 3200 613 3240 non
636 3182 799 3247 habet
827 3184 1001 3238 locum
1033 3200 1095 3240 ex
1132 3185 1222 3239 Dei
1256 3185 1550 3241 substantia
1582 3186 1778 3243 habere

209 3294 316 3331 eum
338 3279 688 3332 nativitatem
715 3293 730 3330 :
758 3278 956 3347 quippe
978 3292 1097 3331 cum
1124 3277 1217 3332 Dei
1235 3278 1551 3343 substantia,
1582 3289 1637 3334 ut
1662 3280 1778 3335 sine
1806 3258 1850 3321 C

211 3373 489 3442 principio,
516 3386 578 3425 ac
606 3385 821 3440 semper
867 3385 930 3425 ac
966 3371 1219 3426 similiter
1270 3371 1493 3439 habens,
1526 3387 1781 3441 augmen-

212 3477 330 3527 tum,
356 3465 445 3518 vel
482 3462 897 3518 diminutionem
930 3476 1046 3538 non
1061 3463 1256 3532 capiat.
1296 3461 1405 3518 Sed
1436 3478 1541 3517 non
1590 3473 1675 3519 est
1710 3464 1780 3518 ita

209 3556 640 3624 respondendum
674 3553 800 3621 illis,
848 3555 989 3624 quod
1018 3570 1176 3609 omne
1206 3555 1348 3624 quod
1383 3556 1560 3621 desiit,
1588 3567 1641 3611 et
1672 3572 1783 3612 ca:-

212 3648 296 3712 pit,
328 3645 593 3714 quoniam
625 3659 732 3699 non
754 3660 913 3699 omne
940 3645 1081 3713 quod
1111 3644 1308 3699 desinit
1329 3645 1464 3715 jam,
1485 3657 1539 3701 et
1574 3648 1781 3702 initium

211 3736 359 3792 habet
386 3752 403 3790 :
438 3751 555 3791 non
583 3736 761 3790 solum
783 3745 964 3792 autem
985 3736 1106 3800 hoc,
1134 3736 1228 3805 sed
1251 3748 1303 3792 et
1333 3754 1438 3793 non
1468 3754 1626 3795 omne
1642 3740 1782 3811 quod

211 3829 530 3898 principium
565 3829 748 3893 habet,
775 3828 887 3899 jam
919 3839 974 3884 et
998 3829 1224 3889 desinit;
1255 3831 1506 3900 quoniam
1550 3842 1605 3887 et
1645 3834 1784 3889 Deus

211 3920 387 3977 volens
411 3921 679 3977 celestes
710 3919 890 3976 lacere
924 3922 1173 3986 virtutes,
1204 3922 1414 3976 initium
1447 3939 1552 3977 non
1590 3924 1781 3991 habet;

210 4013 354 4069 tactis
382 4031 521 4070 vero
553 4013 698 4081 istis,
726 4015 866 4069 velle
895 4028 987 4068 eas
1009 4015 1187 4070 facere
1213 4016 1435 4071 desinit.
1466 4019 1543 4072 Ac
1567 4029 1787 4089 pmpter

214 4106 305 4160 hoc
335 4106 501 4177 igitur
533 4121 640 4159 non
667 4120 828 4161 omne
858 4106 1000 4175 quoi
1038 4106 1242 4161 desinit
1270 4108 1429 4162 habet
1460 4108 1689 4163 initium.
1723 4111 1788 4165 Et

210 4199 395 4254 iterum
424 4200 590 4255 facta:
616 4200 867 4254 ctelestes
900 4200 1150 4265 virtutes,
1196 4200 1299 4255 etsi
1334 4202 1543 4255 initium
1590 4203 1787 4258 habent

212 4293 549 4359 substantiae,
585 4308 876 4362 numquam
924 4302 1098 4346 tamen
1129 4308 1252 4349 esse
1280 4294 1534 4349 desinunt
1561 4312 1575 4349 :
1600 4309 1663 4351 ac
1694 4312 1787 4363 per

209 4384 308 4439 hoc
331 4401 439 4439 non
473 4400 639 4440 omne
662 4383 811 4455 quod
838 4385 998 4453 cmpit
1011 4386 1144 4453 jam,
1166 4394 1219 4439 et
1244 4384 1475 4441 desinet.
1501 4388 1637 4457 Ergo
1658 4404 1790 4456 quo-

214 4479 345 4532 niam
374 4479 668 4549 probatum
699 4488 780 4532 cst
808 4479 951 4547 quod
989 4493 1093 4532 non
1125 4492 1285 4532 omne
1311 4478 1453 4547 quod
1486 4478 1701 4545 desinit,
1736 4489 1791 4535 et

207 4572 386 4639 (cepit,
407 4582 463 4626 et
488 4570 633 4634 ideo,
650 4569 916 4623 etdesinit
940 4569 1085 4623 nasci
1109 4570 1412 4640 unigenitus
1434 4570 1574 4625 Deus
1599 4572 1785 4638 Fil'us,

208 4671 447 4717 attamen
493 4678 601 4716 non
636 4660 793 4715 habet
832 4662 1124 4715 nativitatis
1168 4661 1398 4716 initium.
1425 4663 1555 4717 Nam
1586 4663 1790 4732 absque

208 4754 355 4809 initio
406 4764 495 4811 est
532 4770 598 4808 ex
634 4753 795 4808 Patre
838 4753 1088 4807 nativitas
1118 4752 1259 4821 Filii,
1288 4755 1485 4824 quippe
1524 4770 1647 4809 cum
1697 4771 1791 4809 na-

208 4846 394 4900 turalis
444 4846 657 4900 scilicet
684 4844 961 4899 habeatur.

272 4939 362 4993 55-
398 4939 614 4993 Rursus
666 4938 1001 5006 interrogant
1051 4952 1171 5007 nos,
1225 4938 1268 4992 si
1319 4937 1470 4993 solus
1498 4953 1619 4993 cum
1650 4948 1792 4994 esset

210 5022 366 5095 Deus,
401 5029 592 5099 genuit
622 5027 838 5092 Filium,
868 5036 927 5082 ut
958 5028 1003 5082 si
1035 5028 1496 5097 reSponderimus,
1530 5032 1669 5099 quod
1701 5045 1790 5085 so-

206 5119 286 5174 lus
312 5137 439 5176 cum
472 5128 622 5175 esset
650 5120 857 5189 genuit,
892 5120 1074 5174 Statim
1108 5121 1207 5174 hoc
1251 5122 1542 5189 adjiciam:
1576 5123 1717 5191 Ergo
1749 5122 1794 5177 si

205 5214 349 5267 solus
376 5228 508 5267 eum
537 5221 704 5276 esset,
733 5212 937 5281 genuit,
967 5221 1085 5266 erat
1113 5212 1404 5281 aliquando
1434 5214 1649 5281 quando
1687 5228 1794 5268 non

206 5314 314 5357 erat
366 5304 569 5358 Filius.
600 5302 863 5357 Similiter
887 5312 1065 5357 autem
1107 5302 1152 5357 si
1190 5303 1625 5372 responderimus
1652 5303 1792 5373 quod

207 5409 310 5448 non
338 5395 520 5458 solus,
554 5411 675 5448 mox
701 5394 991 5463 adjiciant:
1020 5394 1088 5448 Et
1124 5394 1391 5462 quomodo
1435 5395 1550 5449 ﬁeri
1596 5405 1790 5464 potest,

207 5496 261 5541 ut
289 5488 341 5542 id
375 5486 529 5557 quod
553 5501 767 5556 semper
796 5502 901 5542 una
924 5502 1042 5542 cum
1072 5488 1189 5555 ipso
1219 5488 1332 5553 fuit,
1366 5498 1547 5542 natum
1580 5490 1795 5558 proprie

206 5579 561 5633 nominetur?
598 5576 852 5648 quoniam
886 5587 946 5633 ut
988 5578 1091 5646 ipsi
1136 5577 1358 5644 dicunt,
1394 5577 1510 5648 ipsa
1550 5579 1800 5634 natis-itas

206 5670 583 5739 suspicionem
614 5681 832 5739 prmstat
862 5668 1153 5738 aliquando
1198 5670 1416 5738 penitus
1464 5686 1567 5725 non
1612 5670 1796 5736 fuisse,

210 5774 437 5831 propter
478 5762 582 5816 hoc
626 5765 799 5832 ipsum
846 5762 988 5832 quod
1020 5762 1215 5817 dicitur
1246 5771 1423 5816 natus.
1452 5762 1575 5816 llaec
1619 5773 1798 5817 autem

212 5857 395 5912 dicunt
466 5858 774 5922 ignorantes
828 5864 1081 5923 quantum
1154 5854 1368 5910 intersit
1427 5856 1801 5923 corporalibus

1883 1994 1991 2049 tur,
2020 1993 2074 2039 et
2104 2000 2394 2055 numquam
2426 1986 2700 2056 pravitatis
2725 1997 2877 2057 pater
2908 1988 3073 2044 fuisse
3095 1989 3366 2055 credatur,
3398 2001 3455 2046 ut

1878 2092 2003 2132 cum
2033 2079 2265 2146 printum
2313 2079 2805 2134 misericordiarum
2839 2091 2992 2149 pater
3022 2096 3129 2136 non
3159 2091 3323 2145 esset,
3358 2097 3454 2137 ea-

1880 2185 1996 2223 rum
2033 2179 2216 2239 postea
2263 2171 2380 2225 ﬁeri
2414 2182 2565 2239 pater
2594 2172 2871 2241 inciperet.
2918 2174 3013 2229 Sin
3044 2190 3195 2239 vero,
3224 2176 3454 2229 vitantes

1882 2262 2021 2316 hanc
2049 2271 2288 2331 apertam
2333 2264 2399 2316 de
2428 2262 2539 2317 Deo
2583 2263 2995 2333 blasphemiam,
3028 2265 3259 2321 dixerint
3293 2284 3306 2320 :
3336 2268 3449 2320 Non

1878 2355 1979 2408 luit
2006 2355 2293 2424 aliquando
2327 2355 2477 2410 solus
2510 2357 2707 2426 absque
2740 2359 3122 2413 misericordiis
3157 2374 3172 2413 :
3220 2375 3449 2429 respon-

1878 2446 2128 2502 debimus
2173 2448 2301 2516 ipsis
2341 2448 2501 2502 etiam
2550 2448 2652 2503 hoc
2696 2449 3069 2505 modo:Sicut
3122 2452 3280 2521 igitur
3312 2454 3450 2506 Deus

1878 2555 2170 2607 numquam
2198 2540 2348 2594 solus
2379 2539 2495 2595 sine
2520 2542 2914 2610 misericordia,
2942 2543 3111 2598 factus
3139 2553 3221 2598 est
3268 2555 3453 2613 postea

1878 2630 2379 2685 Iniseticordiarum
2411 2642 2592 2700 pater;
2626 2635 2706 2688 sic
2736 2636 2900 2689 etiam
2944 2651 3050 2690 non
3097 2637 3244 2691 solus
3273 2648 3450 2704 antea,

1875 2733 2065 2793 postea
2119 2724 2379 2794 unigeniti
2413 2725 2533 2779 Filii
2586 2726 2744 2781 Pater
2770 2728 3021 2783 efﬁcitur.
3055 2730 3281 2800 Semper
3310 2732 3453 2786 enim

1878 2818 2022 2872 Dens
2057 2818 2213 2871 l‘ater
2240 2828 2325 2872 est
2351 2818 2610 2887 unigeniti
2642 2821 2724 2875 sui
2760 2821 2851 2874 Dei
2882 2822 3061 2875 Verbi.

1950 2910 2038 2964 56.
2071 2909 2167 2964 Sin
2198 2918 2375 2963 autem
2432 2925 2622 2965 rursus
2675 2913 2726 2964 in
2774 2927 2867 2965 sua
2915 2913 3150 2967 vanitate
3199 2914 3454 2969 durantes

1880 2998 2122 3055 dixerint
2151 3002 2274 3069 quia
2322 3001 2373 3054 id
2405 3002 2549 3070 quod
2582 3018 2686 3055 non
2726 3011 2906 3057 natum
2963 3013 3049 3058 est
3098 3004 3454 3060 substantiam

1880 3094 2147 3163 significat
2174 3094 2399 3148 Deitatis
2425 3112 2438 3147 :
2462 3094 2607 3148 Deus
2637 3105 2814 3148 autem
2841 3095 3000 3150 Pater
3029 3112 3134 3151 non
3165 3107 3322 3152 natus
3350 3106 3453 3163 est,

1884 3192 1941 3236 et
1974 3184 2142 3237 Filius
2176 3192 2355 3246 natus,
2388 3198 2494 3236 una
2524 3183 2819 3253 eademque
2862 3184 3036 3238 Patris
3086 3194 3141 3238 et
3184 3186 3304 3240 Filii
3335 3202 3457 3240 esse

1881 3275 2179 3332 substantia
2228 3290 2333 3330 non
2391 3284 2609 3344 potest;
2660 3276 2876 3331 discant
2916 3275 3057 3346 quod
3110 3292 3215 3330 non
3266 3287 3457 3331 natum

1882 3368 2231 3423 substantiam
2282 3367 2500 3422 minime
2537 3367 2843 3437 signiﬁcat:
2876 3384 2994 3422 nam
3043 3368 3086 3423 si
3126 3383 3229 3422 non
3263 3378 3466 3436 natum,

1884 3472 2009 3515 nato
2038 3460 2252 3515 videtur
2274 3475 2395 3515 esse
2416 3462 2767 3527 contrarium,
2795 3461 3105 3516 substantiae
3130 3470 3307 3516 autem
3328 3475 3460 3516 con-

1884 3556 2107 3611 trarium
2139 3554 2267 3608 nihil
2296 3563 2399 3619 est,
2427 3555 2669 3623 profecto
2696 3570 2803 3608 non
2835 3562 3015 3608 natum
3044 3552 3263 3607 minime
3286 3559 3461 3623 potest

1884 3662 2006 3702 esse
2047 3646 2367 3701 substantia.
2402 3646 2469 3700 Et
2513 3646 2690 3707 aliter,
2720 3645 2765 3698 si
2815 3644 3110 3699 substantia
3140 3646 3191 3698 in
3230 3659 3295 3700 eo
3319 3644 3457 3713 quod

1885 3745 1969 3791 est
1989 3736 2271 3803 asseritur,
2307 3749 2410 3790 non
2444 3746 2626 3789 natum
2659 3741 2836 3788 autem
2867 3734 2918 3788 in
2958 3749 3023 3789 eo
3049 3735 3187 3803 quod
3219 3750 3325 3790 non
3353 3744 3458 3796 est.

1884 3828 2005 3899 quia
2030 3844 2134 3882 non
2176 3838 2357 3882 natum
2390 3836 2494 3890 est,
2537 3826 2779 3897 profecto
2810 3841 2914 3881 non
2947 3836 3125 3881 natum
3156 3827 3457 3882 substantia

1886 3937 1992 3976 non
2040 3931 2143 3977 est.
2177 3921 2241 3975 Et
2290 3920 2510 3986 iterum,
2556 3920 2601 3974 si
2639 3919 2934 3974 substantia
2982 3936 3078 3989 per
3120 3922 3461 3989 semetipsam

1886 4025 2136 4071 constare
2182 4014 2509 4082 dinoscitur,
2540 4028 2647 4068 non
2696 4020 2881 4067 uatum
2925 4023 3102 4068 autem
3144 4028 3248 4067 non
3282 4028 3376 4080 per
3406 4028 3464 4067 se

1888 4114 2143 4170 constat,
2193 4105 2288 4161 sed
2341 4104 2407 4160 de
2453 4102 2751 4159 substantia
2803 4103 3030 4169 dicitur,
3061 4119 3179 4172 quae
3209 4116 3313 4157 non
3345 4114 3464 4157 nata

1888 4209 1989 4263 est,
2035 4196 2275 4269 profecto
2306 4213 2409 4253 non
2439 4210 2621 4252 natum
2656 4212 2761 4251 non
2787 4206 2870 4252 est
2898 4197 3210 4251 substantia.

1961 4293 2051 4348 5'7.
2095 4291 2299 4345 Rursus
2328 4291 2487 4343 etiam
2517 4290 2561 4342 si
2588 4287 2822 4342 dixerint
2853 4304 2864 4339 :
2892 4287 2948 4341 Si
2986 4285 3146 4341 Pater
3173 4300 3279 4340 non
3312 4295 3467 4340 natus

1892 4393 1976 4438 est
2024 4382 2318 4438 secundum
2362 4379 2738 4441 substantiam,
2781 4377 2946 4431 Filtns
2986 4392 3114 4433 vero
3165 4387 3321 4431 natus
3362 4386 3466 4442 est,

1893 4474 2001 4528 nati
2029 4481 2084 4528 et
2114 4488 2217 4525 non
2252 4472 2357 4525 nati
2387 4486 2489 4524 una
2516 4484 2622 4523 non
2656 4477 2831 4538 potest
2858 4483 2980 4531 esse
3002 4470 3337 4533 substantia;
3360 4469 3469 4524 dis-

1892 4574 2019 4621 cant
2047 4564 2222 4618 adltuc
2251 4562 2392 4633 quod
2430 4577 2534 4615 non
2570 4559 2879 4615 necessario
2908 4559 3325 4614 substantiarum
3353 4574 3470 4613 tno-

1896 4657 1998 4710 dus
2026 4654 2265 4709 diversas
2299 4652 2425 4706 facit
2458 4649 2805 4705 substantias.
2837 4649 3019 4718 Neque
3057 4650 3199 4702 enim
3230 4649 3354 4717 quia
3394 4648 3472 4701 di-

1895 4748 2034 4802 citur
2073 4747 2211 4801 Deus
2257 4745 2413 4798 Pater
2440 4758 2561 4799 esse
2606 4759 2710 4797 non
2757 4751 2946 4805 natus,
2976 4742 3173 4795 dicitur
3213 4750 3388 4793 autem
3421 4749 3475 4794 et

1897 4841 2213 4896 immortalis
2241 4840 2508 4904 similiter,
2533 4848 2587 4892 et
2612 4834 3054 4904 incorruptibilis,
3078 4833 3203 4888 ideo
3230 4832 3475 4887 diversas

1900 4934 2111 4988 habebit
2143 4933 2490 4994 substantias,
2526 4930 2721 5000 quippe
2736 4945 2867 4999 _cum
2897 4942 3001 4981 non
3027 4928 3093 4981 sit
3120 4941 3278 4980 unum
3309 4926 3477 4980 idem-

1901 5043 2005 5097 quc
2032 5042 2137 5080 non
2172 5032 2349 5078 natum
2379 5034 2429 5077 et
2462 5023 2796 5086 immortale,
2847 5021 2932 5074 vel
2966 5017 3393 5085 incorruptibile,
3424 5025 3480 5071 et

1899 5128 2094 5175 ctetcra
2122 5116 2203 5170 his
2235 5116 2452 5169 similia.
2496 5115 2643 5170 Sicut
2685 5113 2845 5182 igitur
2877 5113 2992 5165 lucc
3020 5126 3142 5165 cum
3170 5108 3237 5165 de
3265 5110 3373 5164 Deo
3394 5110 3479 5163 di-

1899 5218 2118 5275 cuntur,
2150 5208 2390 5262 diversas
2422 5205 2748 5259 substantias
2788 5201 3010 5256 minime
3038 5199 3333 5269 signiﬁcant
3358 5217 3373 5265 ;
3403 5200 3483 5256 sic

1902 5319 2075 5373 neque
2103 5314 2287 5356 natum
2319 5309 2374 5356 et
2398 5317 2502 5355 non
2536 5309 2717 5354 natum
2741 5298 2983 5353 diversas
3017 5294 3343 5350 substantias
3368 5309 3485 5347 um-

1902 5410 2062 5464 quam
2092 5393 2318 5456 l'acient;
2352 5406 2525 5460 neque
2550 5390 2690 5445 enim
2714 5388 2836 5458 quia
2864 5388 3032 5442 Adam
3065 5402 3169 5439 non
3197 5397 3351 5439 natus
3379 5392 3485 5452 est,

1904 5486 2033 5543 Scth
2091 5494 2269 5540 autem
2323 5494 2520 5549 natus,
2569 5482 2691 5537 ideo
2736 5480 2949 5535 diversa
2999 5486 3084 5533 est
3125 5493 3312 5531 eorum
3361 5475 3489 5529 sub-

1902 5579 2117 5633 stantia.

1975 5672 2065 5726 58.
2106 5670 2196 5724 Sin
2226 5678 2402 5724 autem
2433 5666 2940 5737 perseveraverint,
2973 5664 3237 5727 dicentes,
3266 5657 3405 5729 quod
3435 5656 3487 5709 id

1903 5762 2043 5831 quod
2076 5771 2155 5815 est
2186 5762 2301 5815 sine
2325 5761 2499 5825 initio,
2524 5762 2682 5817 etiam
2710 5776 2815 5813 non
2845 5767 3024 5813 natum
3040 5765 3144 5820 est,
3163 5747 3487 5815 etquoniam

1909 5856 2074 5910 l-‘ilius
2106 5864 2260 5908 natus
2294 5862 2397 5919 est,
2428 5853 2543 5909 sine
2574 5853 2723 5907 initio
2752 5865 2874 5907 esse
2904 5865 3008 5904 non
3036 5852 3252 5913 potest;
3284 5840 3491 5894 discant
