3948 6188
462 422 566 478 481

888 417 980 474 AD
1019 412 1304 469 morsu
1347 408 1611 464 patum
1652 405 1933 463 OPERUM
1975 380 2042 455 tt'.
2084 398 2528 457 ornaments
2565 398 2913 456 uersuum
2952 398 3294 456 securum.

3566 376 3569 377 ⁷
3626 399 3739 455 tss

459 538 582 601 quia
606 552 713 591 non
741 535 787 590 si
814 533 941 603 quid
968 532 1087 585 sine
1110 529 1264 584 initio
1292 539 1397 591 est,
1434 528 1485 582 id
1516 528 1661 581 omni
1687 525 1851 581 modo
1879 533 2043 579 etiam
2073 528 2124 585 Α
2152 521 2295 590 ipse;
2332 534 2504 589 neque
2531 535 2565 575 e
2594 520 2811 574 diverso
2852 532 3032 574 sermo
3071 531 3268 572 sensus
3313 528 3564 585 umquam
3619 516 3741 575 ﬁet.

464 645 570 683 nou
600 634 780 679 natum
830 631 932 689 est,
960 635 1033 675 eo
1055 620 1195 690 quod
1244 635 1349 674 non
1379 621 1422 672 si
1471 618 1595 686 quid
1627 618 1833 671 initium
1866 616 2045 679 habet,

463 718 516 774 id
540 718 684 772 omni
724 715 884 769 modo
914 714 1078 769 etiam
1110 724 1293 767 natum
1338 722 1439 767 est.
1470 712 1732 778 Quoniam
1764 710 1856 765 Dei
1890 708 2049 764 mise~

463 809 710 865 ricordiae
737 809 856 863 sine
902 807 1053 861 initio
1100 806 1319 869 habitae,
1353 821 1457 858 non
1488 805 1650 859 etiam
1676 805 1872 856 innata:
1900 809 2049 865 sunt,

466 904 665 972 quippe
684 915 808 955 cum
840 909 1047 969 patrem
1095 898 1328 951 habeam
1359 898 1545 952 Deum.
1581 897 1843 952 Similiter
1871 906 2050 950 autem

465 996 659 1049 caelum
680 1002 738 1047 et
769 1004 929 1056 terra,
955 1006 1078 1046 cum
1104 991 1314 1043 initium
1344 990 1597 1055 habeant,
1620 1005 1726 1041 non
1754 997 1878 1041 sunt
1905 997 2050 1056 nata,

468 1086 563 1140 sed
590 1092 792 1139 creata.
824 1082 1010 1152 Neque
1030 1082 1170 1135 enim
1194 1082 1237 1135 si
1260 1079 1384 1148 quid
1414 1091 1497 1134 est
1519 1090 1779 1144 creatum,
1814 1079 1915 1133 hoc
1940 1093 2055 1131 om-

468 1176 524 1229 ni
555 1174 715 1228 tnudo
744 1183 928 1228 natum
959 1181 1071 1238 est,
1106 1187 1227 1224 nam
1253 1172 1296 1223 si
1326 1170 1466 1224 idem
1496 1181 1733 1224 creatum
1762 1180 1816 1224 et
1845 1178 2052 1232 natum,

470 1267 745 1336 superﬂuo
792 1265 977 1319 docuit
1024 1264 1348 1333 evangelista
1403 1263 1676 1325 Joannes,
1712 1264 1784 1316 ita
1830 1263 2051 1317 dicens:

473 1361 729 1428 Quotquot
767 1370 937 1412 autem
964 1366 1271 1426 acceperunt
1306 1372 1443 1421 eum,
1476 1357 1617 1409 dedit
1653 1360 1731 1411 eis
1760 1366 2058 1428 potestatem

472 1453 607 1522 ﬁlios
636 1452 727 1505 Dei
750 1452 862 1521 fieri
889 1451 939 1521 (Ι
949 1468 1071 1503 oon.
1095 1466 1134 1511 ι,
1164 1449 1290 1519 t‘l);
1314 1448 1574 1517 siquidem
1595 1448 1683 1516 qui
1705 1448 1871 1503 semel
1892 1449 2059 1503 creati

474 1555 619 1607 sunt,
655 1544 753 1597 hoc
788 1543 1009 1605 habent,
1040 1542 1279 1595 utetiam
1310 1540 1397 1592 ﬁlii
1431 1540 1522 1592 Dei
1557 1541 1702 1592 ﬁant.
1726 1540 1873 1595 Sicut
1902 1540 2061 1609 igitur

475 1647 713 1690 creatum
742 1646 791 1689 et
819 1644 998 1687 natum
1031 1633 1171 1685 idem
1205 1647 1307 1684 non
1339 1639 1443 1693 est,
1472 1632 1548 1683 sic
1578 1632 1738 1683 etiam
1768 1645 1874 1684 non
1906 1646 2060 1685 crea~

478 1738 587 1780 tum
627 1736 681 1780 et
729 1741 834 1791 nun
865 1734 1045 1778 natum
1100 1724 1240 1776 idem
1272 1739 1378 1775 non
1424 1738 1545 1777 esee
1600 1734 1793 1791 potest,
1822 1739 1889 1778 eo
1916 1723 2059 1791 quod

481 1820 572 1872 Dei
604 1816 1018 1881 misericordiae,
1048 1830 1168 1870 cum
1215 1814 1323 1869 sint
1352 1830 1457 1868 non
1486 1824 1677 1869 creatae
1699 1857 1713 1880 ,
1747 1831 1851 1869 non
1883 1826 2057 1871 tamen

474 1920 600 1964 sunt
622 1910 837 1963 innattc.

548 2002 639 2056 59.
678 2000 810 2055 Cum
864 2001 1053 2054 iterum
1099 2014 1199 2053 nos
1242 1999 1736 2068 iuterrogaverint:
1779 1998 2057 2066 Quomodo

482 2093 623 2146 Deus
652 2107 812 2155 unus,
852 2091 1080 2160 simplex
1115 2106 1236 2143 cum
1266 2090 1336 2143 sit
1365 2099 1419 2144 et
1452 2092 1869 2158 incompositus.
1904 2092 2059 2144 Pater

478 2184 638 2237 simul
682 2193 736 2237 et
772 2183 941 2237 Filius
969 2193 1024 2236 ct
1055 2181 1289 2249 Spiritus
1313 2190 1532 2235 sanctus
1572 2196 1692 2235 esse
1744 2182 1951 2249 potest?
1979 2183 2059 2235 di-

478 2282 633 2329 scant
661 2273 803 2343 quod
836 2288 941 2326 non
976 2282 1258 2341 propterea
1292 2271 1433 2325 Deus
1462 2272 1658 2325 amittit
1686 2286 1805 2326 esse
1832 2273 2056 2343 simplex

478 2378 535 2421 et
564 2366 971 2435 incompositus,
1005 2366 1257 2433 quoniam
1307 2365 1467 2420 habet
1516 2381 1680 2419 unum
1727 2367 2058 2436 unigenitum

482 2459 718 2513 Verbum
744 2457 1162 2521 substantivum,
1193 2457 1398 2526 aequale
1427 2457 1529 2510 sibi
1561 2473 1655 2526 per
1683 2459 1883 2523 omnia,
1914 2458 2060 2511 sitni-

483 2553 603 2607 liter
624 2562 679 2607 et
721 2553 1038 2622 sapientiam
1081 2554 1493 2617 substantivam,
1526 2553 1783 2623 aequalem
1832 2555 1933 2608 sibi
1964 2570 2061 2623 per

482 2643 679 2697 omnia.
712 2643 819 2698 Sed
852 2643 1139 2712 siquidem,
1173 2652 1232 2698 ut
1262 2644 1361 2712 ipsi
1391 2653 1606 2714 putant,
1636 2644 1758 2698 ideo
1794 2660 1967 2713 comp:
1990 2646 2061 2699 si-

486 2744 567 2787 tus
590 2743 695 2797 est,
718 2734 857 2803 quod
888 2736 1215 2789 voluntatem
1247 2734 1459 2799 habeat,
1484 2745 1538 2788 et
1565 2735 1718 2788 istam
1751 2751 1857 2788 non
1885 2751 2062 2805 :equa-

486 2827 589 2880 lcm
618 2826 929 2879 Substantiae
951 2827 1198 2894 :quippe.
1221 2840 1341 2879 cum
1367 2841 1475 2879 non
1499 2824 1637 2879 idem
1668 2825 1742 2879 sit
1766 2825 2060 2880 substantia

483 2925 539 2971 et
564 2916 811 2970 voluntas
835 2958 848 2978 ,
880 2932 977 2969 nos
1004 2926 1178 2971 tamen
1210 2932 1313 2971 non
1343 2916 1616 2971 imitamur
1635 2933 1819 2972 eorum
1847 2928 2062 2974 senten-

486 3010 637 3074 tiam,
665 3011 757 3063 sed
792 3012 875 3078 pie
898 3011 1128 3065 dicimus
1153 3020 1205 3063 et
1230 3011 1500 3079 religiose,
1526 3013 1668 3079 quod
1689 3013 1789 3066 etsi
1817 3013 2064 3066 volunta-

487 3112 592 3155 tem
620 3101 762 3154 Deus
795 3102 1005 3167 habeat,
1040 3110 1094 3155 et
1112 3101 1270 3155 istam
1296 3116 1399 3155 non
1428 3104 1690 3170 mqualem
1728 3103 2060 3170 substantiae,

488 3204 664 3248 tamen
694 3194 761 3247 ab
787 3195 929 3247 omni
964 3204 1044 3249 est
1066 3194 1453 3263 compositione
1479 3198 1704 3251 alienus.

2153 615 2249 670 sed
2280 629 2456 683 neque
2486 622 2669 668 nostra
2700 612 2967 679 sapientia
2996 624 3189 665 sensus
3212 623 3274 663 ac
3296 622 3496 662 sermo.
3525 606 3633 662 Sed
3655 616 3747 661 est

2153 708 2350 761 iterum
2377 720 2572 760 sensus
2600 718 2873 775 generatis
2907 717 3241 768 sermonem,
3272 712 3330 756 et
3360 717 3464 755 non
3498 700 3616 770 ipse
3645 714 3749 769 ge-

2154 807 2376 852 neratur
2401 815 2414 850 :
2443 797 2696 851 similiter
2718 807 2897 850 autem
2919 805 2975 851 et
2994 809 3170 851 sermo
3194 803 3482 864 generatur
3502 802 3747 856 tantum,

2156 906 2263 943 non
2293 896 2545 958 generat;
2581 888 2697 956 pari
2728 888 2938 943 ratione
2977 896 3033 942 et
3070 884 3335 955 sapientia
3373 899 3546 954 neque
3571 899 3751 955 gene-

2136 991 2259 1045 rat,
2295 995 2470 1050 neque
2497 990 2810 1050 generatur.
2848 981 3050 1034 Sensus
3080 990 3260 1033 autem
3290 986 3474 1032 noster
3510 991 3634 1032 cum
3666 978 3745 1032 sit

2154 1071 2394 1139 sapiens,
2418 1077 2474 1125 et
2500 1071 2824 1139 sapientiam
2846 1070 3063 1135 habeat,
3093 1068 3245 1140 quasi
3271 1067 3602 1125 rationabilis
3621 1083 3748 1124 ser-

2132 1188 2133 1191 η
2159 1178 2373 1218 tnonem
2403 1173 2607 1216 tantum
2631 1171 2875 1231 generat.
2907 1160 3187 1232 Sapientia
3216 1161 3413 1215 iterum
3440 1174 3547 1214 non
3571 1174 3750 1229 gene-

2158 1264 2242 1308 rat
2285 1268 2615 1316 sermonem,
2668 1252 2763 1307 sed
2794 1260 2880 1307 est
2907 1267 3028 1307 eum
3059 1266 3225 1310 sensu
3275 1265 3402 1305 vere
3446 1250 3650 1320 pariter
3679 1265 3749 1304 ac

2159 1362 2434 1402 sermone.
2470 1346 2559 1400 Sic
2606 1346 2750 1401 Deus
2782 1346 2942 1400 Pater
2968 1357 3261 1413 numquam
3290 1342 3462 1397 Filius
3497 1342 3613 1397 ﬁeri
3644 1357 3749 1411 po-

2161 1447 2289 1506 test,
2319 1454 2496 1505 neque
2522 1454 2554 1493 e
2583 1438 2799 1493 diverso
2828 1437 2996 1492 Filius
3026 1437 3205 1501 Pater,
3238 1434 3333 1490 sed
3364 1449 3539 1504 neqtte
3567 1435 3749 1504 Spiri-

2160 1539 2246 1584 tus
2288 1539 2509 1585 sanctus
2538 1530 2733 1595 Filius,
2782 1538 2877 1584 aut
2915 1528 3095 1582 Pater.
3130 1527 3337 1581 Rursus
3377 1526 3542 1580 etiam
3596 1526 3748 1580 Deus

2162 1620 2324 1676 Pater
2353 1623 2533 1692 genuit
2552 1621 3125 1691 quidemmnigenitum
3154 1619 3318 1673 Deum
3344 1617 3596 1682 Verbum,
3620 1617 3748 1686 ipse

2161 1726 2343 1771 autem
2377 1733 2483 1771 non
2513 1728 2598 1773 est
2628 1727 2811 1782 natus;
2846 1716 3019 1771 Filius
3045 1731 3176 1769 vero
3209 1724 3363 1768 natus
3392 1722 3475 1767 est
3499 1712 3744 1781 quidem,

2165 1807 2460 1863 nonetiam
2486 1809 2705 1877 genuit;
2732 1808 2967 1877 Spiritus
2996 1816 3176 1861 autem
3206 1814 3422 1861 sanctus
3444 1820 3618 1875 neque
3648 1822 3749 1859 na-

2090 1903 2138 1961 B
2166 1910 2251 1953 tus
2279 1908 2386 1965 est,
2418 1914 2594 1968 neque
2619 1899 2838 1970 genuit:
2867 1899 2984 1965 sed,
3015 1908 3072 1953 ut
3095 1897 3332 1967 apertius
3360 1897 3557 1961 dicam,
3581 1896 3744 1951 sicuti

2162 1988 2259 2045 Dei
2284 1990 2461 2044 Patris
2489 1990 2907 2055 misericordia,
2939 2004 3060 2044 cum
3090 2000 3233 2044 nata:
3262 1988 3371 2043 sint
3393 2003 3423 2041 a
3453 1999 3603 2057 patre
3635 2003 3745 2042 non

2162 2090 2312 2147 nato,
2342 2082 2766 2151 conglutinatam
2798 2083 3008 2150 penitus
3033 2081 3235 2134 habent
3278 2079 3596 2134 innativitati
3639 2080 3744 2134 Pa-

2164 2175 2267 2227 tris
2291 2175 2732 2243 generationem;
2764 2177 2842 2229 sic
2862 2175 3024 2228 etiam
3044 2174 3411 2228 substantivus
3437 2173 3749 2246 unigenitus

2163 2263 2334 2319 Filius
2367 2265 2462 2319 Dei
2488 2266 2912 2334 conglutinatam
2946 2267 3160 2335 penitus
3198 2265 3357 2321 habet
3388 2265 3564 2319 Patris
3594 2266 3748 2334 inge-

2164 2359 2427 2414 nerationi
2473 2360 2832 2424 nativitatem,
2862 2362 3062 2429 quippe
3105 2374 3226 2412 cum
3274 2357 3529 2427 splendor
3553 2357 3749 2428 gloria:

2162 2452 2252 2511 sit.
2286 2459 2341 2504 et
2368 2449 2540 2504 forma
2570 2450 2665 2505 Dei
2696 2451 3033 2506 substantiae.
3073 2451 3160 2507 Sic
3190 2450 3335 2504 enim
3362 2449 3522 2504 etiam
3552 2449 3749 2504 beatus

2164 2544 2364 2598 Paulus
2401 2544 2466 2598 ad
2500 2545 2757 2599 [lebrteos
2786 2545 3053 2611 scribens,
3084 2543 3213 2598 dicit
3243 2542 3402 2614 (Πρὸ.
3436 2558 3472 2608 l,
3507 2543 3562 2611 ’5)
3595 2560 3607 2594 :
3647 2542 3753 2609 Qui

2163 2646 2236 2689 est
2272 2635 2516 2708 splendor
2542 2637 2752 2708 glorise,
2787 2645 2833 2690 et
2858 2636 3027 2707 ﬁgura
3055 2635 3352 2690 substantia
3380 2637 3512 2707 ejus.
3553 2633 3757 2704 Splen-

2163 2728 2352 2781 doretn
2386 2728 2541 2797 igitur
2566 2729 2739 2782 Patris
2765 2728 2960 2782 Filium
2989 2744 3107 2783 cum
3137 2728 3333 2783 Paulus
3356 2726 3583 2781 dixisset
3616 2741 3756 2796 apo-

2164 2820 2362 2886 stolus,
2417 2820 2661 2888 probavit
2719 2830 2905 2888 aperte
2943 2820 3084 2890 quod
3132 2836 3193 2874 ex
3224 2822 3522 2872 substantia
3571 2819 3754 2872 Patris

2167 2913 2335 2968 Filius
2360 2923 2464 2977 est,
2493 2922 2548 2968 et
2576 2913 2719 2983 quod
2743 2913 3137 2983 inseparabilis,
3166 2914 3248 2968 vel
3283 2914 3539 2966 indivisus
3570 2911 3755 2966 Patris

2166 3004 2333 3059 Filius
2365 3005 2612 3073 habetur,
2645 3014 2700 3062 et
2736 3006 2879 3075 quod
2908 3021 3124 3076 semper
3155 3020 3257 3059 una
3293 3020 3414 3059 cum
3454 3004 3613 3059 Patre
3641 3010 3754 3058 est.

2167 3096 2418 3165 Figuram
2471 3111 2659 3152 rursus
2709 3098 2801 3151 Dei
2843 3097 3161 3151 substantia:
3203 3111 3541 3157 memorans,
3590 3096 3759 3149 doce:

2167 3187 2310 3256 quod
2359 3189 2618 3255 aequalem
2650 3189 2812 3244 habet
2852 3189 3021 3243 Filius
3062 3190 3237 3243 Patris
3272 3176 3651 3267 substamianf.
3691 3191 3758 3242 Et

558 3285 647 3341 60.
690 3285 821 3354 Quia
853 3286 1011 3355 igitur
1054 3286 1193 3355 apud
1237 3302 1297 3341 se
1322 3287 1569 3342 videntur
1618 3289 1791 3344 adhuc
1834 3305 1955 3344 esse
1978 3303 2066 3343 sa-
2093 3278 2138 3340 C
2171 3279 2397 3344 iterum,
2422 3280 2577 3335 sicuti
2608 3280 2703 3335 Dei
2740 3280 2910 3336 Patris
2939 3281 3311 3336 immortalitas
3342 3297 3441 3336 una
3476 3296 3597 3335 cum
3639 3282 3757 3337 Deo

486 3380 715 3448 pientes,
762 3395 883 3434 cum
939 3395 1035 3449 per
1072 3381 1254 3435 omnia
1288 3381 1449 3434 nimis
1491 3382 1652 3450 inepti
1695 3384 1901 3450 probati
1936 3385 2065 3452 sint,

487 3473 591 3526 hoc
616 3472 774 3526 etiam
811 3486 908 3525 nos
950 3472 1285 3542 interrogant
1311 3490 1323 3524 :
1350 3472 1636 3537 Quomodo
1670 3472 1780 3527 ﬁeri
1813 3483 1989 3542 potest
2013 3485 2069 3529 ut

487 3580 626 3620 unus
656 3565 820 3627 Deus,
855 3578 958 3617 una
1004 3563 1323 3630 substantia,
1353 3564 1508 3619 Pater
1536 3574 1591 3619 et
1627 3565 1795 3619 Filius
1819 3566 2065 3623 nomine-

488 3669 594 3721 tur,
645 3658 897 3726 quoniam
950 3657 1000 3710 hi
1048 3658 1137 3723 qui
1184 3657 1286 3713 huc
1332 3658 1537 3724 dicunt,
1572 3675 1732 3713 unum
1780 3675 1842 3714 ac
1894 3663 2065 3717 solum

489 3752 653 3803 Deum
690 3750 881 3803 Filium
906 3750 1062 3804 simul
1090 3759 1146 3804 et
1168 3749 1379 3805 Patrem
1410 3766 1507 3820 per
1532 3767 1688 3806 unam
1716 3763 1916 3821 partem
1947 3768 2064 3808 ora-

489 3840 650 3896 tionis
698 3844 1050 3910 pronuntiare
1105 3843 1373 3907 assolent,
1425 3846 1576 3913 quasi
1626 3845 1813 3900 Graece
1860 3845 2068 3902 dicatur

486 3933 784 4010 υἰοπάτωρῖ
818 3933 1031 3988 Discant
1061 3949 1165 3988 non
1196 3935 1450 3989 ineadcm
1482 3937 1569 3990 diu
1592 3936 1789 3992 debere
1813 3954 2065 4007 perseve-

488 4040 610 4080 rare
640 4028 889 4079 stultitia.
924 4027 1106 4094 Ncque
1133 4026 1277 4079 enim
1303 4029 1424 4096 quia
1456 4043 1593 4081 unus
1618 4039 1699 4081 est
1720 4033 1859 4085 Dens
1885 4032 2062 4097 Pater,

486 4116 708 4186 ejusque
756 4117 945 4181 Filius,
976 4131 1038 4169 ac
1068 4116 1271 4183 pariter
1320 4132 1422 4169 una
1474 4119 1766 4174 substantia
1816 4122 1988 4176 Patris
2013 4134 2065 4178 et

488 4208 627 4272 Filii,
682 4209 886 4263 idcitco
937 4207 1098 4259 debet
1148 4205 1288 4261 Deus
1318 4208 1575 4283 υἱοπάτωρ
1618 4213 1792 4265 vocari
1826 4229 1839 4267 :
1868 4216 2066 4284 quippe

485 4316 606 4355 cum
638 4316 742 4354 non
791 4313 953 4351 unum
1002 4311 1351 4367 personarum
1407 4316 1629 4356 numero
1675 4305 1936 4369 diCﬂﬂlliS,
1969 4309 2062 4362 sed

485 4391 801 4447 substantiae
824 4392 1095 4445 communi
1127 4394 1408 4448 vocabulo.
1443 4395 1681 4466 Namque
1712 4399 1877 4451 Adam
1903 4401 2062 4455 simul

486 4494 541 4538 et
566 4482 682 4552 ejus
705 4482 843 4535 [ilius
865 4482 1021 4549 Abel,
1052 4499 1192 4539 unus
1217 4486 1401 4551 homo,
1431 4503 1550 4542 cum
1580 4499 1725 4545 esset
1754 4492 1908 4557 alter,
1934 4506 2063 4546 una-

485 4592 591 4646 que
643 4575 846 4645 pariter
895 4577 1186 4646 eademque
1232 4580 1526 4635 substantia
1553 4623 1565 4643 ,
1599 4592 1815 4649 propter
1857 4595 2059 4638 natura:

485 4667 936 4733 communionem,
970 4683 1256 4738 numquam
1290 4672 1551 4746 υἰοπάτωρ
1582 4674 1751 4727 vocati
1784 4683 1929 4740 sunt,
1964 4676 2056 4730 sed
2088 4650 2139 4708 D

487 4775 556 4815 ne
578 4760 754 4815 vocari
784 4760 998 4829 quidem
1029 4761 1132 4815 hoc
1158 4762 1377 4816 nomine
1404 4773 1668 4832 poterant.
1699 4766 1848 4833 Quod
1881 4778 2057 4822 autem

483 4857 591 4910 duo
616 4870 836 4911 numero
854 4856 1010 4910 simul
1035 4855 1280 4910 homines
1302 4857 1621 4912 unus'homo
1642 4860 1890 4914 dicuntur
1913 4877 2058 4917 com-

484 4950 757 5015 munione,
791 4958 849 5002 ut
876 4948 1006 5013 dixi,
1037 4958 1092 5003 et
1136 4950 1393 5004 societate
1416 4960 1647 5014 naturae,
1684 4953 1832 5007 testis
1858 4965 1938 5010 est
1980 4957 2058 5009 ta-

484 5041 660 5095 ntulus
680 5042 772 5095 Dei
792 5041 1023 5111 Moyses,
1046 5042 1116 5094 ita
1137 5040 1323 5096 dicens
1352 5057 1365 5093 :
1393 5041 1458 5095 Et
1479 5045 1593 5113 [erit
1618 5043 1755 5098 Deus
1778 5045 2058 5114 hominem,

481 5132 760 5184 secundum
808 5131 1080 5200 imaginem
1124 5129 1220 5183 Dei
1247 5130 1365 5200 fecit
1396 5148 1532 5196 eum,
1567 5139 1849 5189 masculum
1900 5149 1946 5191 et
1987 5143 2061 5208 fc-

481 5221 672 5272 miuam
701 5220 815 5286 fecit
859 5236 944 5273 eos
971 5219 1135 5289 (Gen.
1169 5236 1206 5287 ι,
1229 5221 1341 5288 27).
1375 5222 1560 5277 Itidem
1594 5224 1854 5282 Dominus
1894 5229 2059 5284 etiam

481 5323 666 5369 noster
690 5315 848 5369 Jesns
877 5314 1122 5368 Christus
1152 5331 1211 5369 se
1240 5331 1401 5369 unum
1443 5327 1497 5373 et
1529 5319 1740 5375 Patrem
1784 5323 1941 5376 simul
1969 5338 2064 5393 ap-

481 5406 665 5474 pellat,
702 5414 921 5475 propter
949 5408 1304 5476 mqualitatem
1333 5411 1697 5480 unitatemque
1728 5415 2060 5481 substantia‘,

479 5497 550 5551 ita
586 5499 772 5552 dicens
804 5515 817 5551 :
852 5497 966 5568 Ego
990 5509 1036 5552 et
1077 5509 1222 5566 pater
1244 5516 1401 5555 unum
1427 5518 1600 5555 sumus
1635 5502 1821 5572 (Joan.
1853 5523 1905 5571 x,
1934 5508 2056 5576 50).

484 5588 630 5643 Unus
656 5586 814 5658 igitur
835 5588 999 5655 Deus,
1029 5590 1188 5644 Pater
1208 5599 1262 5645 et
1291 5590 1454 5649 Filius
1475 5601 1530 5647 et
1560 5594 1792 5662 Spiritus
1819 5610 2058 5661 sanctus,

485 5691 705 5749 propter
731 5681 989 5735 unitatem
1014 5682 1479 5753 atqual‘itatemque
1505 5685 1837 5742 substantiae.

552 5774 640 5826 61.
673 5772 804 5827 Nam
843 5774 984 5828 sicut
1024 5789 1218 5831 sensus
1254 5789 1435 5835 noster
1473 5794 1654 5835 sermo
1684 5781 1798 5836 ﬁeri
1830 5798 1935 5837 non
1963 5800 2052 5852 p0-

483 5874 608 5930 test,
665 5867 865 5933 quippe
914 5884 1034 5925 cum
1081 5873 1346 5928 sermonis
1390 5875 1560 5928 nostri
1613 5885 1762 5941 pater
1799 5876 2059 5934 habeatur

2172 3371 2329 3426 Patre
2357 3387 2462 3426 non
2494 3382 2639 3437 nata,
2670 3388 2779 3426 non
2803 3371 2998 3427 dicitur
3024 3384 3168 3440 nata,
3203 3388 3377 3443 neque
3407 3375 3520 3441 ipsa
3549 3373 3758 3442 pariter

2168 3476 2460 3530 generare;
2503 3464 2583 3518 sic
2621 3465 2784 3518 etiam
2825 3464 2918 3518 Dei
2950 3465 3318 3519 substantivus
3346 3465 3601 3533 Spiritus
3629 3480 3758 3517 sau-

2169 3564 2311 3618 ctus,
2360 3569 2537 3621 neque
2585 3563 2742 3610 natus
2790 3564 2894 3622 est,
2946 3570 3117 3625 neque
3149 3556 3371 3625 genuit:
3422 3571 3484 3610 ac
3523 3572 3620 3626 per
3652 3556 3757 3610 hoe

2172 3645 2333 3707 igitur
2362 3653 2470 3699 tres
2512 3658 2772 3714 personas
2800 3646 2974 3701 Patris
3001 3658 3054 3701 et
3083 3646 3204 3700 Filii
3234 3656 3288 3700 et
3314 3646 3550 3715 Spiritus
3576 3650 3755 3702 sancti

2171 3740 2420 3803 fatentes,
2452 3753 2611 3792 unam
2637 3738 2927 3804 credimus,
2962 3748 3182 3809 prepter
3213 3739 3470 3794 unitatem
3501 3739 3756 3793 substan-

2172 3828 2283 3893 tite,
2328 3829 2607 3884 Trinitatis
2646 3842 2767 3885 esse
2805 3830 3082 3884 virtutem.
3114 3830 3370 3885 Similiter
3404 3841 3586 3886 autem
3627 3846 3758 3898 pro-

2171 3931 2290 3988 pter
2319 3919 2701 3975 indivisionem
2730 3930 2958 3984 naturm,
2994 3921 3203 3975 Patrem
3235 3932 3288 3976 et
3316 3921 3508 3974 Filium
3542 3932 3600 3975 et
3633 3923 3759 3990 Spi-

2169 4011 2328 4065 ritum
2361 4024 2624 4075 sanctutn,
2657 4027 2824 4066 unum
2850 4012 3161 4076 Dowiuum,
3187 4029 3351 4065 unum
3376 4012 3542 4066 Deum
3566 4017 3752 4067 omni—

2170 4116 2485 4174 potentem,
2540 4115 2843 4160 creatorem
2871 4143 2885 4166 ,
2928 4106 3256 4173 provisoreut
3285 4146 3299 4168 ,
3336 4120 3554 4175 semper
3594 4120 3656 4159 se
3694 4120 3757 4159 at:

2168 4198 2422 4252 similiter
2467 4197 2776 4265 habentem,
2824 4200 2913 4254 cui
2960 4198 3135 4254 honor
3163 4207 3216 4254 et
3257 4198 3424 4268 gloria
3453 4200 3506 4252 in
3553 4201 3755 4254 saecula

2167 4290 2511 4345 seculorum.
2543 4290 2737 4346 Anien.

2734 4494 3181 4550 CONFESSIO

2916 4622 3003 4656 εει]

2486 4724 2656 4804 LIB
2672 4724 3031 4806 ELLUS
3108 4724 3439 4805 FIDEI'

2784 4859 2823 4906 Α
2855 4858 3128 4908 PELAGIO

2292 4983 2374 5025 EX
2421 4980 2693 5026 ORIENTE
2738 4982 2964 5025 ROMAM
3009 4983 3227 5025 MISSUS
3275 4984 3355 5025 AD
3399 4983 3617 5028 SEDEM

2718 5062 3151 5104 APOSTOLICAM

2236 5250 2639 5306 Confessiouem
2673 5253 2810 5307 hanc
2841 5253 3109 5307 Baronius
3139 5264 3343 5309 erutam
3374 5270 3438 5308 ex
3471 5253 3751 5309 Vaticanis

2165 5324 2529 5377 monumentis
2558 5325 2738 5377 retulit
2768 5323 2819 5377 in
2850 5326 3104 5378 Annales.
3139 5325 3256 5392 Quo
3283 5326 3423 5379 facto
3454 5326 3749 5379 consilium

2168 5394 2342 5448 Patris
2368 5395 2635 5447 Sirmondi
2662 5396 2955 5461 praevertit,
2988 5397 3076 5464 qui
3104 5411 3197 5448 sua
3231 5411 3389 5448 manu
3410 5396 3746 5462 descriptam

2168 5464 2409 5517 editurus
2452 5473 2587 5519 erat.
2624 5464 2753 5518 Eam
2787 5481 2888 5520 nos
2914 5481 2978 5519 ex
3006 5466 3297 5519 doctissimi
3320 5468 3468 5521 senis
3508 5483 3740 5533 apogra-

2167 5534 2270 5603 plto
2319 5535 2421 5599 (Ad
2451 5553 2574 5588 anu.
2608 5534 2797 5591 Christ.
2830 5535 2957 5606 “8)
3006 5534 3305 5591 Baroniatta
3358 5539 3746 5593 correctiorem

2167 5605 2498 5657 exhibemus.

2160 5606 2498 5660 exhibemus.

2498 5714 2628 5753 PARS
2666 5715 2824 5754 DRIIA
2848 5742 2862 5764 ,
2902 5715 3019 5763 QUA'.
3058 5715 3413 5755 THEOLOGICA.

2234 5788 2284 5842 1.
2317 5790 2598 5844 Credimus
2626 5793 2678 5846 in
2708 5792 2874 5847 Deum
2898 5793 3108 5847 Patrem
3131 5793 3579 5861 omnipotentem,
3608 5810 3739 5850 cuna

2158 5893 2368 5939 ctorum
2399 5884 2689 5940 visibilium
2718 5894 2772 5941 et
2800 5885 3149 5942 invisibilium
3176 5886 3536 5942 conditorem.
