3948 6188
229 282 300 342 ωε
349 268 649 334 DlSSEilT.
691 268 754 328 Υ.
801 271 889 326 DE
929 268 1235 357 LIBELLlS
1274 270 1453 326 FIDE!
1493 260 1801 328 SGRIPTIS
1840 223 1927 327 AD
1969 264 2403 327 AUCTORIBUS
2438 269 2757 357 HERESIS
2797 268 3238 328 PELAGIANE.
3312 271 3422 328 490

283 394 320 447 2.
347 388 597 446 Credimus
621 396 674 442 et
702 387 755 441 in
788 386 1073 441 Dominum
1104 396 1344 441 nostrum
1369 386 1551 441 Jesum
1584 384 1737 441 Chri-
1764 389 1815 448 Α
1842 402 1952 441 rem
1986 398 2041 443 et
2080 388 2199 456 ejus
2243 386 2471 451 similes,
2504 387 2591 455 qui
2623 386 2806 441 dicunt
2857 387 2946 443 Dei
2996 389 3190 445 Filium
3243 392 3417 446 minus

234 495 353 549 statu,
381 495 460 549 per
503 492 661 548 quem
705 488 885 533 creata
931 487 1055 531 sunt
1086 478 1264 531 omnia
1284 517 1300 543 ,
1328 493 1515 531 verum
1551 478 1738 540 Deum,

231 573 514 645 unigenitum,
543 578 596 624 et
637 584 827 624 verum
878 569 969 622 Dei
1015 567 1233 632 Filium,
1277 584 1381 621 non
1421 569 1616 623 factum
1651 578 1742 623 aut

226 665 497 735 adoptivum,
524 661 621 716 sed
660 661 919 731 genitum,
951 660 1106 714 unius
1135 675 1258 714 cum
1287 660 1448 715 Patre
1486 660 1740 714 substan—

229 759 308 821 tite,
333 753 450 822 quod
478 752 651 807 Grzcci
680 751 860 805 dicunt
893 748 1178 821 ὁμοούσιον,
1211 761 1373 818 atque
1402 750 1474 805 ita
1507 766 1602 819 per
1628 766 1744 803 om-

222 850 287 903 nia
312 845 541 915 aequalem
577 844 688 898 Deo
713 842 882 905 Patri,
915 852 969 895 ut
1002 856 1103 895 nec
1128 851 1395 909 tempore,
1427 857 1525 897 nec
1553 843 1740 911 gradu,

222 956 297 995 nec
320 946 556 1009 potestate
586 935 754 1003 possit
782 947 906 988 esse
950 931 1194 988 inferior.
1242 932 1584 1003 Tantumque
1625 947 1746 987 esse

216 1035 483 1089 conﬁtemur
508 1030 659 1085 illum
680 1028 773 1099 qui
803 1035 886 1082 est
911 1025 1149 1097 genitus,
1177 1036 1411 1096 quantus
1431 1036 1515 1081 est
1538 1027 1632 1081 ille
1654 1027 1745 1096 qui

217 1124 385 1195 genuit.

264 1217 311 1270 5.
337 1213 439 1268 Non
489 1218 667 1265 autem
696 1210 817 1281 quia
849 1210 1079 1264 dicimus
1120 1212 1356 1279 genitum
1388 1224 1417 1263 a
1466 1210 1623 1265 Patre
1663 1210 1748 1264 Fi-

212 1308 337 1371 lium,
379 1303 567 1360 divinae
615 1314 669 1358 et
698 1302 950 1358 ineffabili
998 1302 1330 1371 generationi
1364 1299 1578 1371 aliquod
1612 1311 1751 1356 tem-

212 1417 290 1472 pus
309 1397 646 1462 ascribimus;
679 1395 771 1450 sed
802 1410 900 1450 nec
940 1395 1155 1448 Patrem
1204 1392 1435 1448 dicimus
1461 1393 1751 1463 aliquando

210 1493 422 1559 rmpisw,
453 1503 554 1543 nec
583 1487 809 1550 Filium;
844 1501 951 1540 non
982 1486 1129 1541 enim
1167 1485 1324 1539 aliter
1354 1484 1597 1539 confiteri
1631 1499 1754 1553 pos-

208 1598 361 1638 sumus
403 1589 665 1635 :eternum
735 1578 977 1642 Patrem,
1042 1577 1143 1631 nisi
1192 1576 1544 1631 confiteamur
1590 1577 1750 1631 etiam

210 1681 495 1727 coseternum
559 1666 793 1734 Filium;
859 1683 923 1723 ex
977 1667 1067 1720 illo
1117 1668 1256 1721 enim
1311 1666 1470 1720 Pater
1515 1666 1750 1735 dicitur,

208 1773 250 1817 et
268 1761 344 1832 qui
368 1775 583 1828 semper
605 1758 765 1812 Pater
790 1757 908 1823 fuit,
939 1770 1153 1827 semper
1182 1757 1373 1811 Filium
1404 1757 1607 1811 habuit.

259 1854 305 1907 ι.
326 1850 606 1906 Credimus
630 1858 686 1904 et
706 1848 759 1903 in
781 1849 1037 1918 Spiritum
1059 1857 1326 1913 sanctum,
1349 1863 1532 1901 verum
1558 1847 1750 1912 Dettm,

209 1960 255 1996 ex
302 1943 447 1997 Patre
475 1941 885 2011 procedentem,
927 1941 1188 2009 aequalem
1241 1954 1335 2010 per
1380 1940 1557 1995 omnia
1608 1938 1753 1993 Patri

205 2034 407 2099 etFili-t,
450 2032 774 2097 voluntate,
802 2038 1094 2100 potestate,
1137 2030 1463 2096 aeternitate,
1506 2028 1757 2084 substan-

210 2127 280 2178 tia.
298 2162 307 2177 ι
1295 2126 1302 2132 ’

257 2218 301 2271 5.
322 2216 421 2271 Nec
446 2224 531 2271 est
564 2228 792 2285 prorsus
814 2214 1008 2283 aliquis
1034 2216 1087 2269 in
1126 2214 1392 2271 Trinitate
1419 2214 1645 2286 gradus,
1672 2216 1756 2270 ni-

205 2308 263 2363 hil
296 2307 428 2377 quod
467 2308 701 2363 inferius
753 2307 1072 2375 superiusve
1123 2307 1227 2363 dici
1258 2308 1465 2376 possit:
1513 2307 1604 2362 scd
1648 2316 1757 2361 tota

202 2399 351 2455 Deitas
378 2401 462 2456 sui
513 2401 853 2470 perfectione
880 2400 1101 2468 mqualis
1150 2410 1252 2464 est,
1283 2409 1373 2464 ut,
1403 2399 1641 2469 exceptis
1665 2415 1759 2455 vo-

204 2493 383 2547 rabulis
437 2509 564 2563 qua:
634 2491 1021 2562 proprietatem
1080 2506 1431 2561 personarum
1484 2492 1753 2559 indicant,

196 2584 425 2654 quidquid
468 2585 541 2640 de
598 2598 703 2639 una
737 2598 964 2651 persona
998 2583 1214 2651 dicitur,
1255 2584 1323 2639 de
1353 2585 1525 2640 tribus
1552 2585 1757 2655 dignis—

197 2676 316 2731 sitne
341 2677 511 2747 possit
538 2676 794 2745 intelligi.

250 2768 299 2823 6.
327 2773 502 2838 Atque
536 2777 603 2821 ut
627 2766 1018 2823 confundentes
1046 2767 1252 2834 Arium,
1290 2782 1452 2822 unam
1490 2766 1761 2824 eamdem-

194 2876 280 2927 que
305 2861 532 2915 dicimus
558 2858 841 2914 Trinitatis
871 2875 991 2914 esse
1021 2860 1400 2922 substantiam,
1435 2869 1490 2915 et
1517 2876 1676 2915 unum
1706 2860 1761 2915 in

195 2951 344 3009 tribus
390 2950 651 3021 personis
700 2950 927 3004 fatemur
960 2951 1158 3012 Deum;
1192 2949 1261 3004 ita
1293 2950 1621 3019 impietatem
1664 2952 1764 3008 Sa-

194 3043 320 3097 hellii
347 3044 721 3107 declinantes,
773 3050 880 3098 tres
905 3057 1165 3113 personas
1198 3057 1482 3112 expressas
1508 3044 1609 3099 sub
1640 3059 1764 3113 pro-

1842 480 2044 549 aliquid
2064 480 2133 534 de
2156 479 2389 533 humana
2413 480 2719 547 suscepisse
2743 490 2951 545 natura;
2971 493 3024 535 et
3045 483 3129 537 vel
3157 483 3208 538 in
3231 498 3416 548 carne,

1843 568 1926 625 vel
1956 571 2007 624 in
2056 569 2257 638 anima,
2304 573 2389 625 vel
2439 570 2492 624 in
2541 584 2702 625 sensu
2746 581 3079 641 assumptum
3121 573 3417 642 hominem,

1845 662 1930 717 his
1977 672 2199 732 propter
2227 677 2363 733 quos
2417 672 2723 731 assumptus
2766 673 2851 719 est
2886 665 3049 720 fuisse
3078 666 3418 735 dissimilem,

1845 770 2026 825 quem,
2048 757 2249 824 absque
2270 755 2379 808 sola
2405 756 2609 823 peccati
2632 756 2862 821 macula,
2885 774 3001 826 qua:
3028 760 3286 814 naturalis
3316 776 3419 814 non

1845 854 1950 914 est,
1983 846 2142 901 nobis
2166 845 2486 900 confitemur
2516 845 2681 900 fuisse
2709 848 3063 903 conformem.

1920 938 2009 993 10.
2039 938 2258 993 Illorum
2283 952 2496 1007 quoque
2523 938 2773 993 similiter
2802 954 3146 996 exsecramur
3173 942 3425 1013 blaSphe-

1848 1028 2034 1091 miam,
2077 1027 2168 1096 qui
2199 1041 2339 1081 novo
2366 1041 2529 1081 sensu
2561 1042 2808 1083 asserere
2835 1037 3097 1085 conantur
3126 1047 3154 1085 a
3185 1042 3427 1102 tempore

1848 1127 2116 1187 susceptae
2145 1117 2324 1195 carnis
2364 1120 2541 1172 omnia
2581 1135 2699 1189 qua:
2742 1129 2895 1174 erant
2921 1119 3144 1177 Deitatis
3174 1123 3226 1177 in
3257 1124 3428 1179 homio

1851 1224 1975 1264 nem
2019 1207 2368 1278 demigrasse,
2396 1217 2449 1263 et
2479 1223 2690 1263 rursum
2731 1226 2849 1275 quae
2887 1223 3039 1265 erant
3080 1210 3432 1269 humanitatis

1852 1303 1904 1357 in
1935 1301 2102 1357 Deum
2133 1315 2253 1356 esse
2281 1300 2547 1355 transfusa
2580 1318 2593 1355 :
2619 1311 2673 1354 ut
2695 1304 2836 1371 quod
2870 1301 3012 1357 nulla
3039 1320 3288 1373 umquam
3322 1306 3431 1363 hrn-

1851 1391 1986 1447 resis
2014 1390 2197 1446 dicere
2220 1405 2348 1446 ausa
2380 1399 2485 1455 est,
2518 1388 2764 1445 videatur
2810 1391 2907 1446 hac
2940 1394 3259 1450 confusione
3286 1407 3430 1452 utra-

1852 1496 1957 1552 que
1985 1482 2254 1536 exinanita
2282 1481 2613 1545 subSIantia,
2649 1483 2871 1536 Deitatis
2912 1484 3120 1539 scilicet
3149 1495 3203 1540 et
3243 1485 3434 1542 huma-

1852 1573 2057 1639 nitatis,
2088 1581 2144 1627 et
2172 1587 2201 1627 a
2232 1574 2448 1643 pr0prio
2487 1583 2625 1626 Statu
2667 1573 2719 1626 in
2766 1574 2934 1628 alium
2966 1589 3087 1630 esse
3115 1588 3345 1645 mutata,
3378 1589 3435 1632 nt

1857 1666 1945 1735 qui
1971 1673 2075 1719 tam
2101 1665 2271 1719 Deum
2310 1664 2683 1733 imperfectum
2709 1665 2758 1719 in
2791 1657 2925 1720 Filio
2956 1683 3116 1734 quam
3158 1668 3431 1725 hominem

1786 1747 1830 1806 Β
1859 1758 2207 1821 confitentur,
2232 1772 2332 1813 nec
2364 1752 2530 1813 Deum
2573 1773 2786 1824 verum,
2819 1775 2917 1814 nec
2950 1758 3219 1817 hominem
3250 1774 3435 1819 tenere

1857 1848 2167 1905 credantur.

1931 1939 2018 1994 H.
2049 1940 2157 1995 Nos
2188 1948 2367 1996 autem
2398 1936 2629 1996 dit-imus
2658 1952 2966 2013 susceptum
2998 1944 3065 1997 ita
3095 1960 3124 1998 a
3164 1945 3255 1998 Dei
3297 1946 3436 2000 Filio

1858 2031 2111 2101 passibile
2136 2044 2400 2099 nostrum,
2418 2040 2475 2086 ut
2490 2032 2669 2087 Deitas
2688 2034 3039 2103 impassibilis
3065 2046 3431 2104 permaneret;

1859 2137 2047 2193 passus
2075 2131 2159 2177 est
2209 2124 2350 2177 enim
2390 2122 2483 2177 Dei
2516 2122 2683 2177 Filius
2740 2140 2842 2177 non
2893 2126 3152 2193 putative,
3187 2129 3280 2181 sed
3311 2143 3439 2181 vere

1858 2216 2038 2269 omnia
2064 2231 2183 2283 qua“:
2204 2215 2479 2284 Scriptura
2505 2224 2748 2283 testatur,
2775 2216 2825 2270 id
2850 2228 2952 2283 est,
2984 2220 3239 2287 esuriem,
3266 2221 3435 2282 sitim.

1860 2307 2252 2371 lassitudinem,
2305 2307 2569 2375 dolorem,
2627 2316 2880 2377 mortem,
2927 2317 2981 2364 et
3026 2318 3221 2365 cretera
3262 2311 3441 2382 hujus-

1861 2395 2027 2451 modi.

1935 2490 2021 2544 12.
2055 2488 2361 2546 Secundum
2393 2490 2523 2544 illud
2550 2505 2736 2560 passus
2761 2502 2836 2547 ρει
2872 2492 3012 2563 quod
3046 2494 3153 2562 pati
3203 2504 3436 2565 poterat.

1862 2581 1915 2636 id
1946 2590 2059 2647 est,
2091 2581 2383 2636 secundum
2425 2582 2570 2635 illam
2610 2580 2964 2637 substantiam
3006 2600 3126 2654 quae
3165 2599 3440 2655 assumpta

1862 2681 1974 2739 est;
2003 2672 2118 2743 ipse
2159 2674 2302 2728 enim
2336 2668 2428 2727 Dei
2463 2669 2628 2728 Filius
2654 2674 2950 2729 secundum
2986 2690 3135 2729 suam
3176 2677 3439 2732 Deitatem

1863 2763 2208 2832 impassibilis
2236 2772 2318 2819 est
2349 2770 2408 2817 ut
2432 2762 2614 2830 Pater,
2659 2765 3224 2835 incomprehensibilis
3254 2778 3313 2827 ut
3340 2768 3444 2824 Pa-

1866 2863 1971 2921 ter,
1996 2855 2282 2911 invisibilis
2311 2864 2369 2910 ut
2410 2855 2593 2921 Pater,
2628 2856 3052 2913 inconvertibilis
3081 2869 3140 2913 ut
3169 2861 3358 2927 Pater;
3389 2870 3444 2915 ct

1866 2947 2111 3015 quamvis
2139 2945 2355 3015 propria
2388 2960 2616 3016 persona
2662 2942 2806 3014 Filii,
2838 2948 2888 3002 id
2934 2959 3046 3015 est,
3083 2950 3173 3005 Dei
3204 2950 3443 3005 Verbum

1866 3036 2106 3105 suscepit
2128 3036 2439 3105 passibilem
2466 3036 2759 3105 hominem,
2787 3038 2858 3092 ita
2888 3046 3066 3094 tamen
3095 3042 3211 3110 ejus
3241 3041 3444 3098 habita-

190 3134 396 3201 prielale
447 3134 882 3203 distinguimus;
916 3149 1021 3188 non
1055 3135 1227 3202 ipsum
1280 3134 1382 3189 sibi
1408 3134 1645 3199 Patrem.
1678 3136 1755 3205 ip.
1789 3114 1836 3176 C
1871 3129 2015 3182 tione
2045 3126 2339 3182 secundum
2387 3142 2537 3182 suam
2568 3128 2926 3184 substantiam
2962 3132 3139 3186 Deitas
3162 3133 3325 3187 Verbi
3357 3136 3445 3188 ηἰ-

191 3238 289 3277 sum
325 3226 426 3279 sibi
458 3226 696 3289 Filium,
729 3225 900 3293 ipsum
939 3224 1041 3279 sibi
1069 3224 1321 3293 Spiritum
1366 3234 1604 3285 sanetum
1643 3242 1764 3283 esse

192 3316 425 3382 dicentes,
457 3318 560 3372 sed
612 3317 772 3370 aliam
808 3317 1009 3381 Patris,
1042 3317 1199 3371 aliam
1233 3317 1375 3387 Filii,
1408 3319 1565 3374 aliam
1594 3319 1767 3390 Spiri-

189 3415 259 3461 tus
297 3410 471 3463 sancti
511 3422 651 3464 ese
696 3423 1000 3475 personam.
1035 3409 1148 3462 Non
1179 3411 1324 3464 enim
1378 3412 1594 3465 nomina
1651 3423 1767 3468 tan-

193 3501 469 3570 tummodo,
505 3498 617 3556 sed
649 3499 810 3553 etiam
848 3502 1123 3567 nominum
1153 3502 1526 3569 proprietates,
1554 3503 1625 3572 [id
1659 3513 1763 3573 est,

187 3606 426 3657 personas
456 3594 548 3649 vel
569 3635 585 3659 ,
633 3601 692 3646 ut
725 3591 896 3647 δι’κοί
931 3593 1266 3660 exprimunt,
1301 3595 1635 3664 hypostases,
1666 3597 1769 3652 hoc

188 3691 275 3745 est,
303 3685 652 3740 substantias
682 3682 1025 3739 confitemur.

242 3773 289 3825 7.
320 3774 430 3829 Nec
460 3774 643 3829 Pater
694 3772 812 3827 Filii
842 3781 935 3827 aut
978 3775 1214 3842 Spiritus
1267 3778 1437 3831 sancti
1485 3792 1767 3846 personam

184 3862 457 3931 aliquando
503 3862 783 3926 excludit,
831 3879 934 3918 nec
976 3880 1163 3918 rursus
1190 3865 1380 3932 Filius,
1412 3877 1504 3921 aut
1541 3868 1773 3937 Spiritus

180 3967 386 4009 sanctus
413 3956 609 4010 Patris
641 3969 839 4009 nomen
866 3970 1261 4027 personamque
1282 3958 1475 4027 recipit
1499 3976 1514 4024 ;
1546 3960 1639 4015 sed
1674 3961 1772 4015 Pa-

184 4056 255 4100 ter
281 4064 502 4115 semper
535 4050 713 4104 Pater
740 4057 842 4112 est,
875 4046 1044 4103 Filius
1073 4066 1287 4119 semper
1314 4052 1479 4106 Filius
1508 4063 1611 4117 est,
1646 4053 1772 4123 Spi-

178 4146 299 4193 ritus
348 4152 593 4195 sanctus
644 4154 863 4206 semper
918 4139 1150 4209 Spiritus
1178 4153 1395 4195 sanctus
1424 4151 1549 4198 est:
1597 4142 1777 4212 itaque

180 4230 470 4285 substantia
500 4246 685 4285 unum
710 4239 853 4293 sunt,
887 4231 1132 4300 personis
1158 4245 1221 4285 ac
1258 4233 1564 4287 nominibus
1587 4234 1775 4288 distin-

208 4338 422 4376 UUfllUl'.

208 4338 234 4373 U
277 4340 304 4373 [ι
408 4363 422 4376 .

175 4335 203 4388 ε
241 4338 270 4375 α
313 4332 402 4377 tur
468 4405 623 4448 PARS
660 4404 930 4459 SECUNDA,
974 4406 1091 4456 ωτι
1130 4402 1472 4453 ωοΠΝΟΜΙΟΔ.

235 4504 283 4560 8.
314 4505 504 4575 Ipsum
534 4516 733 4558 autem
762 4503 853 4558 Dei
876 4503 1096 4569 Filium,
1124 4504 1213 4574 qui
1236 4504 1609 4575 absqueinitio
1627 4515 1778 4562 aeter-
1810 4486 1861 4546 Ῑ)

177 4594 385 4650 nitatem
435 4611 576 4650 cum
616 4594 778 4657 Patre
812 4604 865 4649 et
894 4593 1099 4663 Spiritu
1131 4603 1315 4651 sancto
1346 4596 1614 4665 possidet,
1644 4597 1778 4652 dici-

175 4701 280 4741 mus
298 4688 354 4742 in
379 4686 501 4743 fine
531 4685 869 4741 saeculorum
898 4680 1196 4753 perfectura
1231 4695 1433 4742 natura:
1459 4699 1658 4743 nostrae
1685 4687 1781 4743 ho—
1829 4686 1836 4692 ’

178 4777 361 4834 minem
394 4778 739 4847 suscepisse
776 4793 842 4831 ex
873 4778 1036 4832 Maria
1066 4793 1279 4848 semper
1303 4780 1530 4849 virgine,
1562 4792 1615 4836 et
1649 4781 1781 4836 Ver-

176 4865 286 4921 bum
312 4883 557 4926 carnem
590 4880 721 4921 ease
752 4869 972 4931 factum,
1004 4870 1325 4924 assumendo
1353 4870 1644 4938 hominem,
1680 4889 1785 4926 non

175 4962 548 5024 permutando
576 4959 852 5013 Deitatem
875 4975 890 5024 ;
915 4975 1033 5024 nec,
1058 4970 1113 5014 ut
1136 4961 1349 5028 quidam
1372 4962 1789 5018 sceleratissime

172 5051 485 5122 epinantur,
544 5050 823 5121 Spiritum
872 5059 1122 5106 sanctum
1151 5052 1380 5108 dicimus
1420 5068 1516 5123 pro
1554 5056 1783 5123 semine,

169 5145 253 5197 sed
285 5145 550 5212 potentia
587 5157 667 5197 ac
691 5142 891 5198 virtute
915 5142 1187 5198 Creatoris
1204 5155 1507 5214 operatum.

232 5234 285 5289 9.
314 5235 412 5291 Sic
438 5244 655 5290 autem
687 5231 1004 5290 confitemur
1022 5236 1072 5289 in
1096 5234 1313 5292 Christo
1338 5252 1496 5291 unam
1523 5237 1645 5292 Filii
1668 5252 1789 5295 esse

170 5340 487 5393 personam,
528 5336 602 5380 ut
636 5316 884 5379 dicamus
911 5326 1047 5381 duas
1070 5342 1194 5382 esse
1228 5327 1493 5396 perfectas
1522 5340 1682 5399 atque
1707 5329 1792 5383 itt-

175 5424 347 5485 tvgras
388 5415 783 5479 substantias,
825 5415 877 5468 id
916 5423 1023 5481 est,
1055 5416 1280 5472 Deitatis
1323 5428 1378 5472 et
1424 5419 1787 5485 humanitatis,

175 5528 282 5576 qua:
312 5527 384 5565 ex
434 5509 651 5564 anima
688 5509 987 5564 continetur
1013 5518 1069 5564 et
1103 5524 1363 5580 corpore;
1389 5520 1547 5581 atque
1582 5522 1637 5575 ut
1663 5528 1794 5567 con-

176 5600 509 5655 demnamus
539 5596 866 5664 Pbotinum,
892 5600 980 5669 qui
1003 5600 1177 5655 solum
1199 5611 1252 5656 et
1274 5603 1472 5656 nudum
1497 5603 1548 5656 in
1575 5602 1795 5657 Christo

174 5694 455 5752 hominem
494 5690 842 5749 conﬁtetur.
872 5694 940 5751 ita
974 5695 1487 5753 anathematizamus
1516 5696 1791 5767 Apollina-

464 5789 772 5850 Ριτιοι.
820 5785 1102 5848 XLVIII.

1868 3218 1941 3273 hil
1976 3232 2132 3288 passa
2162 3230 2266 3284 est,
2311 3227 2369 3274 ut
2413 3228 2521 3274 tota
2550 3219 2815 3290 Trinitas,
2847 3236 3007 3291 quam
3057 3222 3444 3293 impassibilcm

1867 3313 2111 3368 confiteri
2142 3327 2365 3369 necesse
2404 3322 2481 3366 est
2494 3352 2507 3366 .

1941 3405 2029 3460 1⁸5.
2065 3408 2305 3459 Mortuus
2334 3413 2419 3459 est
2444 3419 2573 3475 ergo
2604 3398 2698 3460 Dei
2731 3404 2923 3474 Filius,
2966 3407 3262 3463 secundum
3294 3408 3409 3465 Scri
3442 3438 3445 3443 ι

1871 3507 2077 3568 pturas,
2120 3500 2272 3567 juxta
2321 3496 2448 3553 illud
2498 3499 2638 3569 quod
2686 3500 2823 3554 mori
2854 3510 3085 3569 poterat.
3131 3501 3449 3557 lit-surrexit

1871 3591 2029 3646 tertia
2082 3591 2192 3658 die,
2218 3589 2466 3644 ascendit
2514 3590 2565 3643 in
2593 3591 2813 3655 castum,
2859 3592 3012 3647 sedet
3057 3592 3121 3646 ad
3164 3593 3445 3648 dexteram

1872 3680 1968 3737 Dei
2010 3680 2208 3746 Patris,
2254 3688 2506 3735 manente
2543 3681 2734 3735 eadem
2786 3690 2978 3737 natura
3020 3685 3202 3738 carnis
3249 3685 3302 3738 in
3343 3702 3448 3755 qua

1874 3782 2031 3828 natus
2060 3781 2115 3828 et
2160 3786 2347 3841 passus
2393 3782 2506 3838 est,
2539 3772 2592 3827 in
2621 3788 2724 3842 qua
2767 3774 2928 3827 etiam
2963 3777 3285 3832 resurrexit.
3334 3778 3449 3831 Non

1873 3867 2018 3922 enim
2048 3864 2321 3921 exinanita
2352 3873 2436 3919 est
2476 3863 2824 3918 humanitatis
2852 3865 3182 3933 substantia,
3210 3866 3305 3921 setl
3334 3868 3450 3936 glo-

1877 3960 2104 4027 rificata,
2132 3973 2187 4015 et
2216 3960 2270 4014 in
2296 3966 2561 4015 aeternum
2587 3974 2703 4013 cum
2742 3959 2951 4014 Deitate
2976 3974 3248 4014 mansura.

1951 4052 2036 4108 14.
2070 4055 2305 4120 Accepta
2334 4063 2462 4120 ergo
2491 4065 2520 4103 a
2549 4048 2708 4103 Patre
2745 4049 2987 4103 omnium
3030 4057 3295 4118 potestate
3334 4066 3452 4120 quas

1880 4146 1932 4199 in
1961 4146 2099 4200 emlo
2139 4150 2341 4199 suntet
2370 4144 2423 4198 in
2466 4152 2630 4210 terra,
2664 4151 2924 4196 venturus
2977 4151 3057 4196 est
3102 4143 3185 4216 ad,
3194 4143 3452 4209 judicium

1880 4240 2125 4292 vivorum
2154 4244 2209 4291 et
2254 4245 2613 4303 mortuorum,
2639 4243 2698 4289 ut
2726 4243 2781 4289 et
2825 4235 3003 4304 justos
3051 4246 3359 4291 remuneret
3401 4249 3455 4291 et

1886 4328 2069 4398 puniat
2100 4336 2431 4397 peccatores.

2269 4470 2397 4511 PARS
2432 4470 2657 4521 TERTIA,
2697 4471 2816 4520 ρυι
2856 4472 3069 4514 ΕΤΠΙΟΑ.

1958 4589 2045 4645 15.
2088 4588 2563 4644 Resurrectionem
2607 4590 2769 4645 etiam
2815 4593 2995 4647 carnis
3042 4594 3367 4648 confitemur
3404 4607 3459 4647 et

1886 4677 2186 4760 credimus,
2221 4693 2281 4736 ut
2326 4682 2567 4737 dicamus
2608 4697 2704 4736 nos
2740 4684 2794 4737 in
2833 4685 3020 4739 eadem
3068 4685 3123 4738 in
3171 4701 3269 4755 qua
3320 4703 3460 4740 nunc

1888 4788 2076 4827 sumus
2104 4774 2336 4829 veritate
2373 4776 2735 4829 membrorum
2773 4791 2892 4831 esse
2931 4779 3283 4846 reparandas,
3326 4794 3459 4847 qua-

1891 4863 2078 4932 lesque
2108 4863 2274 4919 semel
2309 4873 2429 4932 post
2474 4865 2931 4920 resurrectionem
2961 4866 3219 4922 fuerimus
3259 4868 3456 4937 etrecti,

1894 4959 1947 5012 in
1979 4965 2293 5027 perpetuum
2322 4971 2723 5026 permansuros.

1967 5052 2052 5106 16.
2100 5052 2272 5107 Unam
2300 5066 2423 5108 esse
2461 5053 2625 5107 vitam
2682 5062 2990 5109 sanctorum
3048 5055 3320 5118 omnium,
3369 5057 3462 5111 sed

1896 5140 2115 5211 praemia
2148 5155 2246 5210 pro
2276 5141 2460 5196 labore
2497 5141 2753 5208 diversa;
2795 5158 2826 5199 e
2866 5146 3140 5201 contrario
3168 5162 3264 5215 pro
3304 5149 3467 5203 modo

1894 5234 2211 5289 delictorum
2230 5274 2245 5298 ,
2273 5241 2616 5302 peccatorum
2648 5250 2860 5305 quoque
2889 5250 3009 5292 esse
3038 5239 3321 5307 supplicia.

1968 5323 2055 5377 17.
2085 5323 2357 5392 Baptisma
2399 5340 2568 5378 unum
2616 5334 2863 5380 tenemus
2891 5326 3035 5396 quod
3061 5328 3250 5383 iisdem
3288 5344 3469 5384 sacra-

1899 5415 2061 5471 menti
2086 5414 2268 5470 verbis
2295 5416 2344 5469 in
2371 5415 2666 5470 infantibus
2688 5418 2882 5489 quibus
2904 5420 3066 5475 etiam
3095 5422 3148 5475 in
3175 5410 3472 5492 majoribus

1897 5510 2196 5564 asserimus
2222 5521 2344 5563 esse
2369 5508 2778 5564 celebrandum.

1971 5600 2056 5656 18.
2088 5601 2395 5670 Hominem,
2439 5604 2483 5657 si
2517 5613 2638 5674 post
2687 5603 3014 5674 baptismum
3060 5609 3245 5675 lapsus
3288 5607 3477 5671 fuerit,

1900 5709 1996 5765 per
2024 5693 2395 5765 panit‘entiam
2427 5697 2695 5755 credimus
2724 5715 2881 5769 posse
2911 5701 3127 5755 salvari.

2964 5792 3037 5850 λδ
