3972 6180
250 5668 477 5751 “"‘I

228 5700 245 5711 Α,

494 5760 501 5767 ι.

495 358 592 414 ιυι

918 352 1009 408 Al)
1048 343 1324 404 PARTEM
1365 338 1631 397 PRIMAM
1671 334 1955 393 OPERUM
1993 333 2060 389 M.
2105 330 2546 388 MERCATORIS
2586 325 2928 382 APPENDIX
2968 323 3308 382 SECUNDA.

3648 325 3757 384 ‘92

564 471 652 527 l9.
693 469 897 526 Novum
946 467 999 518 et
1036 470 1188 516 vetus
1226 456 1631 513 Testamentum
1683 448 1974 519 recipimus
2016 447 2068 500 in
2098 448 2149 507 Α
2175 442 2582 527 recentioribus,
2614 447 2769 527 atqite
2799 440 2893 527 ita
2929 438 3753 527 posset.festimoni'oivgcterum,

492 582 557 622 eo
588 564 847 619 librorum
878 568 1104 611 numero
1143 566 1301 623 quem
1331 557 1529 605 sanctae
1573 544 1852 602 catholica:
1884 541 2069 597 Eccle-

491 663 586 716 sia:
617 653 783 711 tradit
812 648 1128 704 auctoritas.

557 750 647 804 20.
688 744 908 800 Animas
946 754 977 794 a
1011 739 1119 793 Deo
1162 736 1277 790 dari
1329 733 1599 788 credimus
1624 772 1639 798 ,
1685 741 1819 799 quas
1857 726 1924 781 ab
1955 724 2071 793 ipso

489 841 658 894 factas
696 831 926 890 dicimus
952 873 967 899 ,
1018 826 1538 883 anatliematizantes
1579 833 1674 876 eos
1723 817 1816 889 qui
1865 815 2073 870 animas

489 931 640 1000 quasi
694 935 898 997 partem
942 923 1144 978 divinae
1182 917 1371 974 dicunt
1412 930 1533 971 esse
1577 910 1893 969 substantia:
1928 927 1940 961 ε
1972 922 2069 962 eo-

491 1037 611 1077 rum
659 1031 871 1090 quoque
915 1013 1338 1069 condemnamus
1379 1018 1620 1062 errorem
1647 1045 1663 1069 ,
1709 1002 1798 1072 qui
1831 1015 1923 1055 eas
1950 1007 2075 1054 ante

495 1124 748 1182 peccasse
772 1149 789 1176 ,
820 1105 910 1162 vel
952 1105 1005 1159 in
1045 1101 1199 1158 cmlis
1238 1104 1585 1153 conversatas
1623 1093 1789 1148 fuisse
1815 1135 1829 1157 ,
1865 1090 2073 1155 dicunt,

492 1218 655 1273 quam
683 1202 735 1255 in
758 1210 983 1267 corpora
1010 1193 1369 1248 mitterentur.

564 1294 659 1349 2|.
701 1293 1061 1348 Essecramur
1100 1284 1263 1341 etiam
1319 1293 1507 1336 eorum
1546 1274 1937 1346 blasphemiam
1987 1271 2077 1342 qui

495 1388 681 1443 dicunt
720 1379 1055 1452 impossibile
1082 1372 1285 1446 aliquid
1312 1370 1513 1428 homini
1546 1382 1573 1422 a
1606 1368 1718 1424 Deo
1748 1371 2077 1436 praeceptum

496 1494 637 1548 esse,
676 1485 732 1534 et
767 1474 1017 1531 mandata
1062 1470 1162 1526 Dei
1212 1481 1321 1523 non
1350 1480 1380 1519 a
1412 1460 1660 1535 singulis,
1690 1460 1784 1515 sed
1814 1459 1882 1514 ab
1904 1454 2080 1512 omni-

498 1572 597 1626 bus
624 1570 678 1623 in
709 1577 995 1622 commune
1024 1574 1183 1631 posse
1212 1555 1439 1613 servari.

569 1660 661 1715 22.
704 1657 801 1713 Vel
846 1654 940 1727 qui
991 1653 1189 1723 primas
1236 1647 1450 1718 nuptias
1488 1658 1610 1699 cum
1641 1638 1961 1707 Manichazo,
1993 1645 2080 1692 aut

500 1752 765 1811 secundas
791 1765 914 1807 cum
953 1740 1310 1815 Cataphrygis
1341 1739 1617 1795 damnant.

570 1843 661 1898 23.
704 1839 1241 1899 Anathematizamus
1271 1832 1433 1887 etiam
1474 1829 1594 1884 illos
1626 1827 1718 1897 qui
1755 1824 1848 1879 Dei
1892 1819 2083 1876 Filium
2114 1815 2160 1874 Β

504 1935 829 1990 necessitate
876 1930 1058 1985 carnis
1102 1925 1383 1981 mentitum
1431 1933 1554 1976 esse
1600 1918 1817 1980 dicunt;
1860 1921 1916 1968 ct
1960 1926 2085 1968 eum

510 2037 729 2097 propter
753 2033 1085 2092 assumptum
1118 2016 1413 2081 hominem,
1443 2029 1551 2070 non
1581 2010 1758 2068 omnia
1793 2008 1967 2063 facere
1993 2020 2088 2075 po-

508 2118 675 2173 tuisse
690 2130 811 2188 quzn
832 2114 1020 2168 voluit.

578 2208 672 2263 ει.
708 2185 981 2262 duviniani
998 2216 1211 2276 quoque
1233 2200 1546 2254 damnamus
1568 2192 1837 2261 hmresim,
1853 2187 1941 2259 qui
1960 2185 2091 2241 dicit

509 2299 708 2355 nullam
731 2296 785 2353 in
809 2296 987 2352 hilaro
1011 2294 1324 2349 meritorum
1348 2303 1469 2345 esse
1509 2284 1840 2347 distantiam,
1885 2292 2089 2347 nosque

510 2408 603 2449 eas
634 2392 707 2447 ibi
736 2390 1011 2445 habituros
1040 2402 1162 2443 esse
1211 2386 1431 2440 virtutes
1460 2393 1596 2451 quas
1641 2376 1728 2431 hic
1764 2376 1961 2430 habere
1991 2385 2090 2426 ne-

547 2485 858 2542 leserimus.

549 2503 858 2542 texertmus.

508 2503 542 2558 Β
579 2576 674 2632 25.
713 2574 963 2629 Liberum
994 2570 1073 2625 sic
1095 2567 1413 2624 confitemur
1437 2561 1735 2626 arbitrium,
1769 2568 1825 2612 ut
1850 2556 2092 2612 dieamns

513 2681 613 2723 nos
639 2679 853 2733 semper
880 2662 973 2715 llei
1004 2659 1248 2728 indigere
1277 2655 1479 2710 auxilio
1507 2669 1521 2707 :
1548 2661 1604 2707 et
1629 2661 1737 2706 tom
1767 2649 1887 2703 illos
1912 2660 2092 2700 errare

511 2758 605 2828 qui
633 2772 755 2814 cum
779 2751 1070 2810 Ilauiehmo
1104 2751 1287 2805 dicunt
1309 2746 1582 2802 hominem
1608 2751 1891 2814 peccatum
1919 2739 2093 2795 vitare

514 2866 624 2905 non
654 2861 813 2918 posse
836 2888 851 2914 ,
898 2857 1057 2913 quam
1102 2841 1225 2896 illos
1266 2838 1357 2908 qui
1389 2850 1510 2892 cum
1541 2834 1822 2890 Juviniano
1846 2839 2096 2885 asserunt

518 2939 794 2994 hominem
820 2950 924 2989 non
956 2946 1113 3002 posse
1138 2941 1394 3000 peccare;
1426 2934 1648 2995 uterque
1673 2922 1815 2977 enim
1847 2920 1986 2976 tollit
2009 2933 2095 2973 ar-

515 3027 660 3084 bitrii
691 3027 1027 3089 libertatem;
1078 3036 1176 3077 nos
1207 3033 1337 3075 vero
1375 3017 1606 3072 dicimus
1646 3012 1916 3068 hominem
1953 3025 2095 3065 sem-

516 3135 612 3185 per
639 3128 691 3173 et
719 3128 961 3185 peccare,
994 3119 1052 3169 et
1079 3126 1185 3167 non
1214 3121 1441 3181 peccare
1465 3118 1645 3177 posse,
1668 3114 1727 3159 ut
1752 3116 1969 3173 semper
1995 3116 2094 3157 nos

517 3210 676 3266 liberi
706 3207 1059 3264 conflteamur
1086 3217 1211 3261 esse
1240 3201 1469 3257 arbitrii.

587 3300 681 3355 26.
722 3299 846 3354 itare
874 3296 1009 3351 fides
1036 3304 1152 3361 est,
1185 3307 1322 3362 papa
1352 3290 1693 3358 beatissime,
1726 3303 1882 3359 quam
1911 3286 1965 3341 in
1998 3286 2102 3341 Ec.

522 3393 688 3449 clesia
730 3389 993 3447 catholica
1024 3387 1311 3443 didicimus
1334 3428 1350 3452 ,
1384 3394 1650 3453 quamque
1678 3396 1891 3451 semper
1928 3377 2104 3436 tenui-

524 3501 641 3543 mus
671 3493 726 3540 et
755 3493 1028 3547 tenemus,
1060 3479 1113 3534 in
1151 3493 1253 3548 qua
1294 3476 1338 3530 si
1386 3475 1563 3529 minus
1591 3474 1765 3543 perite
1794 3480 1886 3526 aut
1912 3479 2102 3542 parum

520 3586 674 3633 caute
702 3571 900 3644 aliquid
930 3570 1067 3625 forte
1097 3570 1326 3639 positum
1355 3575 1459 3629 est,
1492 3562 1772 3620 emendari
1801 3560 2047 3631 cupimus
2073 3576 2102 3615 a

523 3680 599 3731 te.
626 3666 716 3737 qui
740 3663 887 3739 Petri
911 3672 965 3719 et
988 3662 1146 3716 fidem
1169 3668 1224 3715 et
1250 3656 1433 3714 sedem
1464 3666 1649 3719 tenes;
1680 3655 1763 3709 sin
1788 3662 1965 3708 autem
1988 3652 2105 3709 haec

526 3769 709 3815 nostra
736 3754 1005 3814 confessio
1024 3751 1356 3824 apostolatus
1378 3748 1453 3804 tui
1474 3748 1674 3819 judicio
1699 3744 2102 3817 comprobatur,

523 3851 849 3922 quicumque
876 3860 963 3902 me
986 3843 1262 3901 maculare
1288 3840 1542 3906 voluerit,
1575 3852 1633 3895 se
1664 3838 1990 3909 imperitum,
2018 3838 2104 3893 vel

526 3940 847 3997 malevolum
870 3982 884 4006 ,
918 3936 999 3991 vel
1036 3935 1196 3990 etiam
1231 3946 1337 3988 non
1366 3929 1718 3997 catholicum,
1747 3944 1853 3986 non
1883 3942 1969 3985 me
1994 3930 2103 3986 lia:-

526 4033 749 4088 reticum
780 4024 1170 4098 comprobabit.

603 4166 876 4224 Eruditam
918 4159 1349 4217 dissertationem
1392 4172 1444 4210 v.
1483 4170 1533 4212 c.
1567 4155 1801 4210 Joannes
1830 4154 2111 4211 Launoins

528 4241 597 4296 de
643 4237 984 4292 confessione
1029 4228 1227 4301 Pelagii
1275 4226 1480 4301 edidih
1532 4226 1794 4294 planeque
1843 4226 2100 4301 ostendit,

526 4309 921 4365 confessionem
964 4306 1102 4358 hanc
1126 4343 1141 4366 ,
1161 4297 1287 4355 'nec
1315 4297 1384 4353 ab
1422 4297 1747 4366 Hieronymo
1784 4297 2003 4366 missam
2036 4299 2102 4351 ad

530 4364 836 4438 Damasum,
863 4373 1004 4441 quod
1034 4364 1205 4427 visum
1236 4368 1477 4441 Remigio
1507 4364 1846 4441 Lugdunensi
1876 4364 2017 4433 (Lib.
2039 4368 2105 4422 de

531 4447 677 4502 Trib.
700 4436 956 4515 Ep.rcap.
1001 4442 1132 4515 39)‘;
1160 4455 1289 4515 _nec‘
1318 4436 1729 4515 ab'Augusiino
1773 4436 1825 4515 in
1854 4448 2103 4515 sermone

535 4518 636 4593 l9!
680 4506 919 4593 ἀὶέιὲἔηξ
964 4509 1468 4593 ηνίὶίὲηὲυίυίὶὲηιη
1513 4506 2100 4593 Ρέτίθῗῗδῧὶίὲετέάίμίί
2132 4534 2177 4593 Ι)

531 4586 668 4658 (Lib.
700 4587 763 4637 de
793 4575 943 4658 Pete.
975 4575 1023 4633 et
1058 4580 1211 4658 Vitiis
1232 4575 1438 4658 c._t(i);
1471 4575 1921 4658 pec-nllaidonea
1950 4587 2101 4658 Zete-

532 4646 651 4713 i'um
674 4652 1073 4719 recentiumque
1099 4646 1417 4719 auctoritate
1438 4646 1728 4719 abjudicari
1746 4658 1918 4719 posse
1950 4646 2101 4719 Pola-

533 4730 640 4796 gio,
671 4725 754 4796 cui
785 4732 837 4796 et
865 4723 932 4775 ab
961 4715 1261 4796 [iugitstino
1549 4715 1696 4796 Pecc.
1730 4716 1878 4787 Orig.
1887 4717 2100 4796 ,ᾖξε-ξ,

533 4784 588 4855 Et
626 4784 660 4850 ἦ
708 4795 923 4850 Zosimo
970 4784 1161 4861 (Epist.
1189 4789 1226 4846 2
1262 4784 1330 4843 ad
1371 4788 1532 4859 Afric.
1576 4787 1630 4841 in
1673 4784 1844 4842 causa
1877 4784 2102 4859 Pelagii)

528 4878 715 4938 aperte
734 4866 939 4938 (tributa
968 4870 1069 4916 est.

605 4940 660 4992 ln
695 4936 776 4990 his
802 4929 1265 4989 tribus-assentior
1294 4927 1466 4983 libens
1495 4928 1609 4982 viro
1635 4926 1812 4993 docto,
1844 4941 1951 4980 non
1983 4941 2103 4997 per-

528 5008 659 5063 inde
688 5008 739 5059 in
767 5004 886 5058 aliis
911 5002 1140 5065 duobus,
1172 5015 1291 5068 qua:
1317 5000 1431 5052 suis
1459 4996 1950 5068 singulaicapitibus
1980 4996 2105 5065 pro-

531 5080 662 5131 bare
689 5073 892 5129 nititur.
926 5074 1164 5126 Alterum
1188 5067 1288 5135 est,
1314 5078 1438 5122 ante
1456 5068 1633 5122 Caroli
1664 5067 1835 5137 Magni
1862 5078 2102 5135 tempora

533 5145 769 5200 nondum
819 5143 984 5197 fuisse
1030 5140 1266 5195 libellum
1314 5139 1506 5192 hunca
1534 5138 1750 5192 credula
1791 5138 2107 5205 antiquitate

532 5216 862 5284 Hieronymo
892 5213 1263 5280 suppositum;
1313 5209 1540 5284 alterum
1563 5250 1577 5273 ,
1624 5208 1801 5284 addita
1832 5208 1931 5284 ipsi
1963 5216 2107 5284 post-

532 5278 755 5339 modum
796 5278 1047 5337 nonnulla
1073 5318 1090 5344 ,
1133 5296 1251 5348 qua:
1278 5279 1551 5347 pertinent
1575 5278 1639 5332 ad
1673 5279 1917 5348 htrresim
1942 5318 1957 5343 ,
1989 5281 2104 5332 sive

534 5353 787 5427 Eutychis
820 5346 1579 5427 Δ(ια-ᾳριιῐηδίιῇῃθ,διεδ-ιυιξεηίιςιι
1622 5350 1676 5404 in
1705 5346 1918 5403 Christo
1943 5390 1958 5417 ,
1988 5348 2103 5403 sive

533 5418 776 5492 Elipandi
803 5422 871 5477 de
903 5423 1120 5476 lilietate
1147 5419 1343 5492 Christi
1371 5418 1637 5492 adoptiva.

602 5486 757 5561 Nam,
785 5502 840 5548 ut
868 5492 1116 5561 incipiam
1154 5489 1424 5561 deprime
1450 5489 1647 5561 dicere,
1681 5486 1976 5561 nona-ideo
2003 5502 2104 5561 qua

527 5573 705 5621 trante
728 5558 992 5633 potuisset
1016 5575 1207 5616 auctor.
1222 5560 1458 5633 Carolini
1482 5562 1673 5633 Operis
1701 5559 1838 5629 (Lib.
1861 5558 2101 5633 nic.__l0)

527 5628 925 5693 confessionem
974 5634 1204 5695 alierre,
1252 5630 1401 5685 velut
1439 5631 1779 5684 traditionem
1826 5628 2107 5683 catholica:

530 5706 680 5771 ﬁdei,
708 5712 982 5773 acceptam
1011 5701 1345 5773 aiPatribus,
1378 5709 1433 5754 et
1462 5700 1644 5754 verbis
1675 5699 1979 5773 Hieronymi
2007 5714 2106 5773 ex-

528 5768 804 5839 pressam,
841 5768 896 5828 ἐἰ
944 5772 1104 5829 modo
1151 5771 1440 5828 haberetur
1481 5780 1684 5826 tantum
1733 5772 1785 5825 in
1832 5768 2106 5824 codicibus

2174 525 2225 570 et
2250 529 2314 568 eo
2333 512 2548 581 quidem
2574 513 2838 579 graviore,
2864 513 3003 579 quod
3029 509 3265 574 tacitum,
3295 510 3549 564 novitatis
3568 515 3717 576 argui
3740 530 3755 577 ;

2170 599 2233 638 ea
2262 580 2560 653 prmsertitn
2586 592 2756 653 (aetate
2794 595 2897 653 qua
2939 587 3320 653 cmptutnerat
3346 595 3375 633 a
3406 580 3680 653 nonnullis
3704 594 3758 637 et

2173 649 2371 721 inquiri
2396 652 2662 705 curiosius
2680 653 2733 704 in
2767 652 3048 704 veritatem
3073 649 3337 714 codicum,
3359 658 3414 721 et
3439 651 3758 721 quibusdam

2173 722 2335 792 ohjici
2365 722 2752 793 suppositionis
2780 722 2982 776 crimen
3005 761 3021 788 ,
3054 721 3211 775 etiam
3235 720 3411 789 quoad

3488 722 3759 792 ieronymi

2173 794 2369 863 Opera.

2168 920 2169 923 η
2222 856 2450 916 ὐρίηιιο
2489 861 2765 930 Remigius
2794 856 3165 931 Lugdunensis
3206 856 3381 931 Caroli
3422 860 3600 931 Magni
3629 876 3761 929 sup-

2175 948 2272 1004 par
2314 930 2891 1004 (Locontox‘ciiatol,
2914 931 3321 1004 confessionem
3353 930 3422 985 de
3465 930 3569 1000 qua
3596 949 3765 1004 inmte

2175 996 2350 1073 agitur
2392 1001 2585 1073 eodem
2628 996 2961 1073 habuitJiocO
2991 1015 3053 1055 ac
3083 1012 3190 1055 tres
3217 996 3549 1073 dialogorum
3574 1001 3767 1073 (libros

2176 1070 2362 1126 contra
2390 1070 2663 1140 Pelagium
2696 1071 2763 1125 ab
2800 1070 3128 1140 Hieronymo
3166 1070 3397 1136 scriptos
3429 1084 3444 1124 :
3480 1071 3620 1137 Quid
3647 1072 3764 1135 ille,

2176 1142 2367 1210 inquit,
2384 1155 2587 1194 sanctus
2603 1142 2781 1193 doctor
2801 1141 2954 1209 juxta
2984 1141 3106 1210 fidei
3129 1141 3392 1195 catholica:
3420 1144 3681 1195 veritatem
3702 1145 3768 1197 de

2178 1213 2336 1266 libero
2365 1212 2578 1264 arbitrio
2601 1211 2844 1280 senserit,
2875 1220 2923 1264 et
2950 1211 3141 1280 dialogi
3179 1212 3341 1280 ipsius
3382 1228 3509 1280 quos
3536 1214 3631 1266 sub
3672 1230 3769 1267 no-

2178 1282 2317 1334 mine
2366 1282 2523 1334 Attici
2563 1289 2609 1333 et
2650 1279 2903 1334 Critobuli
2946 1293 3125 1334 contra
3180 1279 3487 1350 Pelagianos
3532 1283 3765 1351 scripsit,

2179 1350 2591 1422 manifestissime
2622 1360 2901 1422 testantur;
2940 1360 2988 1404 et
3017 1351 3140 1419 ﬁdei
3167 1352 3279 1422 ejus
3308 1352 3579 1421 professio,
3608 1350 3766 1421 quam

2181 1421 2472 1490 plenissime
2504 1432 2551 1475 et
2591 1420 2949 1488 perfectissime
2991 1430 3166 1474 contra
3188 1420 3450 1490 'guosdant
3479 1420 3768 1475 calumnia-

2181 1502 2312 1563 tores
2337 1491 2407 1544 ad
2436 1490 2725 1563 pontiﬁcem
2757 1492 2890 1563 sedis
2916 1491 3297 1563 apostolictein
3320 1492 3661 1563 defensionem
3689 1495 3768 1547 sui

2182 1561 2363 1625 edidit,
2385 1562 2507 1615 satis
2532 1560 2768 1625 ostendit,
2791 1560 2877 1614 ubi
2893 1562 2957 1615 de
2976 1562 3149 1615 eodem
3170 1561 3330 1615 libero
3351 1560 3565 1616 arbitrio
3591 1564 3666 1617 ita
3692 1566 3768 1617 lo-

2183 1632 2401 1702 quitur;
2433 1630 2672 1702 Lissnuit
2699 1644 2776 1686 src
2802 1645 3138 1702 cosrrrnun
3169 1647 3484 1702 taetratum,
3513 1642 3607 1687 etc.
3647 1634 3765 1702 Qua

2186 1699 2322 1756 vero
2356 1700 2424 1756 de
2450 1715 2613 1756 causa
2642 1701 2709 1755 ita
2738 1702 2987 1770 opinatus
3023 1699 3143 1756 est?
3189 1700 3303 1757 Non
3344 1704 3447 1755 alia
3480 1717 3627 1767 sane,
3664 1699 3767 1759 nisi

2186 1771 2329 1839 quod
2361 1780 2647 1842 utrumque
2674 1771 2820 1839 Opus
2838 1772 3171 1842 intelligeret
3198 1774 3265 1827 ab
3294 1774 3541 1828 omnibus
3573 1774 3771 1830 Hiero-

2189 1856 2351 1910 nymo
2380 1841 2576 1907 tribui,
2608 1850 2662 1896 et
2688 1842 2740 1895 in
2768 1841 2878 1913 suis
2903 1841 3207 1913 codicibus,
3237 1858 3373 1912 quos
3410 1845 3591 1913 utique
3623 1848 3769 1901 anti-

2189 1927 2324 1977 quos
2350 1919 2575 1994 testaius
2603 1918 2689 1966 est
2706 1954 2721 1980 ,
2754 1911 2990 1982 ejusdem
3017 1911 3267 1967 doctoris
3291 1911 3517 1971 nomine
3538 1915 3767 1985 insigni-

2190 1991 2301 2037 tum
2328 1991 2640 2049 repetisset.

2261 2052 2503 2123 Denique
2542 2067 2648 2123 non
2694 2060 2897 2108 temere
2940 2053 3201 2123 quispiam
3257 2054 3561 2122 suspicatus
3607 2054 3770 2111 fuerit

2188 2121 2333 2177 idem
2364 2121 2654 2192 contigisse
2685 2122 2865 2178 libello
2892 2121 3033 2191 quod
3071 2126 3310 2189 epistolas
3354 2121 3422 2178 ad
3475 2127 3770 2180 Demetria—

2189 2192 2334 2267 dem,
2362 2208 2517 2267 quam
2546 2193 2868 2267 venerabilis
2900 2193 3047 2267 Beda
3065 2193 3249 2267 (Pref.
3272 2193 3543 2267 inCantic.
3567 2211 3688 2264 cap.
3715 2198 3771 2267 5)

2189 2262 2406 2334 tradita
2429 2263 2540 2316 suis
2564 2262 2874 2334 hominibus
2900 2263 3193 2334 (scribebat
3210 2262 3399 2319 statim
3426 2274 3544 2334 post
3564 2262 3766 2320 annum

2192 2332 2317 2400 700)
2342 2334 2531 2386 lectam
2555 2332 2739 2399 fuisse,
2763 2348 2883 2388 cum
2908 2332 3295 2389 arbitrarentur
3314 2332 3481 2388 sancti
3504 2342 3560 2389 et
3576 2335 3771 2390 catho-

2190 2401 2278 2477 iici
2306 2403 2565 2477 doctoris
2584 2402 2892 2474 Hieronymi
2922 2419 3046 2459 esse
3067 2447 3085 2477 ,ί
3112 2406 3296 2474 utique
3322 2406 3575 2475 quoniam
3607 2408 3773 2477 vulgo

2191 2472 2334 2544 inter
2362 2472 2480 2541 ejus
2509 2471 2683 2544 libros
2708 2471 2836 2529 tunc
2864 2476 3119 2543 temporis
3146 2471 3531 2544 reperiebatur.

2263 2542 2341 2615 Et
2360 2556 2487 2597 vero
2511 2540 2822 2612 Pelagianos
2853 2545 2931 2598 sui
2964 2540 3404 2615 magistri'Opera
3436 2548 3536 2599 sub
3570 2559 3775 2615 cogno-

2191 2610 2428 2683 minibus
2475 2610 2780 2683 sanctorum
2833 2615 2987 2669 libris
3034 2610 3249 2683 clepere
3279 2610 3559 2681 'voluisse,
3611 2610 3775 2671 d'ucrt

2191 2682 2545 2757 Cassioduius
2574 2682 2712 2757 (Lib.
2742 2682 2915 2757 Qicin.
2947 2682 3084 2757 Lect_.
3113 2682 3230 2757 cap.
3254 2685 3331 2757 8),
3355 2701 3477 2741 cum
3503 2687 3575 2757 ait
3602 2701 3776 2741 anno-

2192 2753 2420 2806 tationes
2448 2751 2646 2825 Pelagii
2676 2754 2729 2807 in
2756 2754 3022 2821 Epistolas
3050 2751 3198 2810 Pauli
3222 2751 3317 2809 sua
3340 2764 3498 2811 astate
3519 2755 3775 2825 (ﬂorebat

2192 2829 2351 2875 sexto
2379 2821 2595 2890 szcculo)
2626 2823 2698 2877 ita
2728 2825 2781 2876 in
2803 2835 3097 2878 cunctorum
3125 2825 3353 2880 manibus
3374 2821 3592 2881 celebres
3622 2826 3773 2880 habi-

2191 2900 2307 2966 tas,
2336 2901 2391 2966 ut
2410 2907 2506 2966 _eas
2529 2901 2754 2966 asanclo
2781 2891 2987 2948 Gelasio
3015 2912 3151 2966 papa
3185 2896 3322 2950 urbis
3355 2897 3549 2959 Rome,
3577 2898 3773 2951 doctis-

2192 2963 2308 3044 ξίωὶ
2324 2961 2434 3047 piri
2440 2962 2612 3016 studio
2635 2964 2858 3045 dicerent
2879 2961 3037 3047 fuisse
3056 2961 3401 3047 conscriptas;
3421 2966 3558 3047 quod
3579 2969 3771 3047 solent,

2194 3032 2389 3107 inquit,
2405 3031 2709 3107 facere.gui
2734 3050 2812 3088 res
2841 3031 3049 3091 vitiosas
3079 3031 3285 3107 cupiunt
3310 3031 3520 3107 gloriosi
3546 3040 3775 3092 nominis

2194 3100 2495 3173 auctoritate
2523 3100 2814 3173 defendere.

2122 3174 2168 3236 υ
2206 3242 2216 3246 Α
2273 3172 2460 3246 Posset
2493 3172 2653 3240 igitur
2678 3174 2896 3243 aliquis,
2935 3188 3036 3231 nec
3062 3174 3469 3235 incredibiliter,
3500 3176 3778 3246 conjicere

2199 3242 2716 3316 iatnuinde‘a_sex_to
2762 3242 2999 3316 syculo,
3048 3254 3139 3299 aut
3163 3246 3328 3316 etiam
3368 3261 3399 3301 a
3446 3246 3551 3299 fine
3578 3242 3775 3316 quinti,

2204 3312 2444 3386 libellum
2468 3311 2663 3382 Pelagii
2686 3314 2942 3370 insertum
2965 3315 3127 3386 fuisse
3147 3315 3411 3385 Operibus
3435 3311 3773 3386 Hieronymi,

2203 3381 2648 3450 subjectumque’,
2696 3393 2756 3438 ut
2800 3400 2985 3440 revera
3034 3385 3131 3441 fuit
3179 3381 3229 3440 in
3278 3388 3464 3442 codice
3516 3381 3777 3443 Ecclesia

2204 3452 2612 3526 Lugdunensis,
2661 3453 2887 3526 dialogis
2929 3455 3096 3511 tribus
3133 3472 3342 3526 :qnare
3383 3457 3494 3511 fieri
3535 3460 3777 3525 potuisse

2204 3531 2262 3576 ut
2288 3524 2517 3591 primum
2554 3522 2765 3579 libellus
2793 3522 3004 3595 gereret
3040 3527 3092 3579 in
3119 3522 3296 3581 fronte
3328 3526 3448 3581 Pcla
3490 3522 3774 3590 ii'nomcn.

2205 3592 2364 3651 idque
2393 3604 2509 3647 arte
2550 3592 2983 3651 Pelagianorum.
3015 3596 3107 3651 aui
3138 3597 3337 3651 vellent
3383 3543 3579 3651 iudicio
3606 3598 3774 3651 tecto-

2205 3592 2509 3665 idqueuarte
2550 3592 2983 3665 Pelagianorum,
3015 3596 3107 3665 qui
3138 3597 3337 3652 vellent
3375 3592 3579 3665 judicio
3606 3598 3779 3652 lacteo

2206 3678 2320 3736 rum
2354 3662 3177 3736 HieronymumAdamnare'falsi
3200 3708 3214 3731 ,
3244 3662 3393 3736 quasi
3424 3668 3686 3736 magistro
3710 3671 3779 3723 de

2203 3732 2374 3786 libero
2417 3732 2635 3787 arbitrio
2681 3734 3004 3789 calumniam
3051 3732 3302 3801 fecisset,
3338 3732 3537 3791 contra
3568 3747 3775 3791 certam

2203 3801 2554 3876 confessionis
2581 3802 2740 3858 iidem
2772 3818 2787 3868 ;
2817 3804 3011 3876 deinde
3040 3807 3269 3872 sublato,
3305 3813 3363 3861 ut
3392 3806 3470 3870 lit,
3502 3822 3593 3876 per
3622 3807 3777 3861 incu-

2205 3874 2337 3927 riam
2370 3872 2707 3927 librariorum
2736 3875 2951 3930 nomine
2979 3877 3212 3931 auctoris
3236 3917 3251 3942 ,
3277 3872 3587 3931 credereiur
3612 3877 3687 3931 ab
3712 3893 3777 3932 eo

2203 3943 2607 4017 compositus_,_a
2637 3958 2744 4013 quo
2768 3955 2819 4017 c_t
2849 3943 3043 4017 dialogi
3081 3947 3397 4017 quibuscum
3424 3947 3775 4017 iungebatur.

2206 4011 2391 4095 Simile
2418 4011 2669 4083 quiddam
2717 4013 2887 4069 videri
2934 4011 3155 4085 possunt
3203 4011 3441 4074 indicare
3467 4011 3633 4074 verba
3663 4017 3776 4073 Re-

2204 4098 2369 4153 mign.

2272 4156 2388 4209 lam
2417 4167 2544 4227 vero
2574 4154 2799 4227 alterum
2826 4194 2843 4218 ,
2889 4170 2995 4227 quo
3043 4156 3240 4212 dicitur
3283 4156 3481 4227 aliquid
3510 4156 3775 4215 insertum

2204 4221 2368 4299 fuisse
2393 4224 2535 4299 quod
2560 4226 2822 4299 pertineat
2860 4221 2923 4279 ad
2958 4227 3201 4282 hmresim
3220 4268 3245 4299 ,Δ
3267 4221 3386 4283 sive
3421 4230 3677 4299 Eutyeliis
3705 4231 3775 4285 de

2203 4294 2547 4359 confusione,
2582 4305 2673 4347 aut
2699 4297 2861 4349 etiam
2906 4294 3351 4352 transmutatione
3381 4294 3691 4354 naturarum
3723 4305 3774 4355 in

2202 4363 2452 4436 Chris_to,
2503 4364 2913 4436 siveAJoviniani
2942 4368 3008 4436 de
3036 4368 3477 4436 impeecabilitatc
3520 4371 3773 4435 hominis,

2202 4436 2315 4506 sive
2344 4434 2589 4506 Elipandi
2613 4434 2680 4506 de
2709 4436 2930 4493 lilietate
2958 4434 3156 4491 Christi
3179 4439 3447 4506 adoptiva,
3471 4454 3573 4493 non
3599 4434 3778 4493 minus

2204 4503 2531 4578 incredibile
2548 4505 2680 4578 mihi
2705 4506 2943 4578 videtur;
2977 4521 3120 4571 nam,
3141 4516 3199 4562 ut
3228 4503 3471 4578 Pelagius
3495 4518 3550 4563 et
3575 4508 3775 4565 Nesto-

2206 4575 2319 4629 rius
2341 4613 2356 4637 ,
2385 4577 2460 4629 sic
2490 4572 2765 4644 Eutyches
2791 4576 2981 4631 haeresi
3010 4592 3121 4631 sua:
3146 4587 3322 4633 ortum
3353 4572 3454 4632 non
3484 4579 3651 4637 dedit.
3681 4584 3776 4635 sed

2209 4659 2402 4730 {tanien
2423 4654 2646 4730 tantum,
2667 4661 2783 4730 eam
2805 4649 2947 4730 enim
2970 4662 3044 4730 ex.
3059 4648 3351 4730 Apollinari
3370 4648 3777 4730 accepit._iliide

2208 4714 2317 4789 Leo
2345 4716 2713 4789 papa_(Serm._
2738 4718 2772 4772 9
2797 4718 2862 4771 de
2893 4714 3185 4789 Quadrag.)
3223 4719 3409 4773 scribit
3442 4714 3551 4773 suis
3586 4720 3777 4775 diebus

2207 4786 2434 4856 aliquos,
2467 4786 2535 4840 de
2585 4787 2775 4854 spiritu
2825 4788 3027 4843 erroris
3069 4786 3196 4842 olim
3237 4789 3492 4844 destructi
3537 4789 3778 4856 olimque

2208 4855 2465 4930 damnati,
2490 4863 2723 4930 veierem
2747 4857 3005 4913 insaniam
3026 4860 3373 4928 concepisse:
3400 4859 3502 4925 Qui
3518 4861 3777 4930 geminam

2208 4927 2394 4998 audent
2429 4925 2482 4978 in
2511 4924 2711 4980 Christo
2755 4944 2934 4997 negare
2962 4924 3230 4998 naturam}
3275 4938 3363 4983 aut
3400 4945 3500 4983 non
3519 4924 3779 4998 'sttscspta

2204 4997 2373 5049 carnis
2400 4998 2627 5059 ueritate,
2656 5005 2744 5049 aut
2780 4996 2831 5049 in
2860 5012 3062 5052 carnem
3093 4996 3288 5052 Deitate
3314 5015 3572 5062 conversa,
3607 5010 3663 5053 sit
3687 4996 3779 5053 aut

2192 5067 2480 5141 secundum
2491 5065 2854 5141 Manicheum
2878 5067 3026 5122 nulla
3052 5070 3121 5141 sit
3138 5070 3245 5140 ejus
3271 5072 3601 5128 resurrectio.
3626 5074 3780 5141 cujus

2204 5136 2349 5209 nulla
2392 5135 2492 5209 fuit
2527 5139 2709 5209 passio
2725 5153 2756 5209 ,1
2793 5146 2886 5209 aut
2930 5135 3211 5209 secundum
3262 5140 3610 5206 Apollinarem
3662 5135 3779 5209 ipsa

2206 5204 2383 5279 Deitas
2420 5204 2569 5279 Verbi
2595 5207 2872 5279 mutabilis,
2896 5209 3008 5279 ipsa
3028 5208 3167 5279 facta
3190 5210 3257 5263 sit
3278 5204 3557 5279 passibilis.
3582 5204 3779 5263 Scribit

2204 5286 2260 5330 et
2283 5276 2659 5351 Tlteodorctus
2680 5276 2817 5351 (Lib.
2839 5293 2891 5331 tv
2908 5275 3062 5351 (Bari.
3078 5275 3345 5351 iFabulIc.
3372 5278 3428 5351 9)
3452 5296 3466 5333 :
3493 5279 3780 5332 Polemium

2206 5345 2474 5414 quemdam
2521 5362 2587 5399 ea:
2628 5347 2941 5417 Apollinaris
2987 5349 3191 5413 scriptis
3238 5345 3418 5403 ansani
3452 5360 3687 5413 nactum,
3730 5361 3781 5401 et

2204 5417 2604 5489 substantiarum
2631 5419 2993 5488 confessionem
3016 5420 3200 5489 factam
3221 5420 3432 5489 dixisse,
3460 5429 3506 5473 et
3530 5435 3782 5473 conmix-

2205 5489 2393 5559 tionem
2419 5486 2695 5541 divinitatis
2716 5486 2761 5559 et
2781 5486 3025 5559 corporis,
3051 5500 3203 5559 atque
3223 5490 3341 5542 inde
3362 5487 3781 5545 Polemianorum

2207 5556 2436 5627 hieresim
2469 5566 2667 5627 natam.
2713 5556 3027 5613 Ambrosius
3070 5556 3170 5614 sub
3203 5560 3360 5613 linem
3391 5560 3563 5627 quarti
3595 5561 3781 5613 sa‘culi

2190 5626 2346 5700 (Lib.
2369 5628 2434 5680 de
2459 5624 2671 5682 Iucarn.
2695 5644 2808 5697 cap.
2834 5629 2890 5696 6)
2912 5646 2923 5682 τ
2949 5629 3075 5683 Cum
3105 5630 3188 5683 isti
3210 5632 3381 5683 dicant
3403 5624 3524 5700 grtia
3557 5628 3781 5683 Verbum

2206 5699 2259 5750 in
2280 5712 2483 5751 carnem
2511 5713 2804 5768 conversum
2827 5708 2918 5764 est,
2951 5712 2998 5754 et
3018 5716 3049 5751 a
3077 5701 3286 5768 propria
3315 5711 3499 5753 natura
3525 5709 3781 5753 mutatum

2207 5779 2301 5833 est,
2334 5769 2484 5821 datur
2510 5768 2618 5822 illis
2646 5766 2787 5823 locus
2818 5779 2870 5823 ut
2899 5766 3245 5829 inﬁrmitatem
3268 5771 3437 5826 carnis
3464 5772 3532 5825 ad
3560 5770 3778 5834 inﬁrmis
