3972 6180
386 312 491 369 499

604 452 919 493 εωιεδτιυε

395 538 478 582 tre
497 528 830 591 substantite,
845 529 983 596 quod
1007 529 1149 584 Grat-

392 621 441 673 ei
491 619 674 674 dicunt
725 618 1027 690 ὁμοούσιον,
1061 632 1145 675 at-

391 725 497 778 que
527 711 596 764 ita
631 725 726 779 per
754 712 929 765 omnia
961 728 1146 782 aequa-

391 805 493 857 lem
548 803 657 858 Deo
700 804 884 869 Patri,
943 813 1001 858 ut
1047 820 1146 862 nec

390 906 656 963 tempore,
689 910 785 951 nec
815 896 1013 968 gradu,
1047 914 1146 952 nec

389 995 655 1053 potestate
696 1002 816 1042 esse
858 989 1025 1057 possit
1059 989 1141 1043 in-

389 1080 592 1132 terior:
650 1088 965 1150 tantumque
1023 1096 1144 1138 esse

387 1171 709 1226 conﬁtemur
750 1172 899 1226 illum
942 1174 1144 1243 quiest

387 1263 621 1329 genitus,
666 1274 895 1333 quantus
922 1274 1007 1320 est
1053 1265 1145 1323 ille

391 1354 481 1422 qui
512 1357 717 1420 genuit.

459 1447 512 1498 5.
561 1445 675 1501 Non
743 1457 963 1515 autem,
1019 1450 1143 1519 quia

388 1535 616 1593 a:?cimus
658 1540 897 1608 genitum
928 1554 958 1594 a
987 1540 1145 1597 Patre

390 1626 613 1695 Filium,
648 1629 842 1685 divinae
872 1641 927 1687 et
959 1633 1147 1688 inell'a-

393 1719 482 1771 ΙιὶΙί
540 1721 869 1787 generationi
929 1723 1142 1793 aliquod

391 1821 600 1880 tempus
648 1813 1000 1879 ascribimus;
1050 1816 1144 1872 sed

392 1916 490 1954 nec
519 1901 732 1958 Patrem
772 1905 1003 1959 dicimus
1049 1908 1147 1961 ali-

388 1991 603 2056 quando
632 1995 864 2062 cmpissc
885 2037 900 2062 ,
928 2011 1028 2052 nec
1059 1998 1147 2053 Fi-

388 2082 540 2138 lium.
560 2083 675 2140 Non
704 2086 840 2140 enim
861 2104 1145 2157 possumus

388 2172 547 2228 aliter
587 2176 833 2233 conﬁteri
884 2190 1141 2237 aeternum

392 2264 627 2333 Patrem,
662 2267 766 2323 nisi
791 2272 1146 2329 conﬁteantur

390 2358 548 2415 etiam
590 2370 644 2416 ct
682 2362 873 2418 Filium
921 2376 1145 2420 coazter-

392 2465 552 2516 num;
578 2467 642 2505 ea:
667 2449 804 2506 Filio
828 2454 971 2509 enim
987 2455 1145 2512 Pater

390 2542 624 2608 dicitur,
689 2550 747 2598 et
794 2545 883 2613 qui
935 2560 1149 2615 semper

392 2632 551 2689 Pater
575 2634 691 2700 fuit,
716 2649 929 2707 semper
951 2637 1143 2693 Filium

391 2725 596 2780 habuit.

461 2819 516 2871 ι.
557 2816 842 2873 Credimus
870 2826 924 2874 et
949 2819 999 2874 in
1027 2819 1147 2890 Spi-

392 2907 555 2960 ritum
580 2917 844 2974 sanctum,
868 2909 1031 2965 Deum
1059 2928 1149 2967 ve-

393 3016 534 3066 rum,
563 3016 628 3055 ex
666 3001 823 3057 Patre
855 3006 1150 3072 proceden-

396 3106 525 3155 tem,
555 3093 820 3161 tequalem
847 3110 940 3164 per
967 3099 1146 3152 omnia

395 3183 534 3238 Patri
560 3196 613 3240 et
636 3184 790 3251 Filio,
825 3197 1030 3254 natura,
1057 3205 1149 3244 vo-

395 3279 619 3348 luutate,
664 3293 945 3351 pO'estate,
990 3293 1149 3341 teter—

397 3373 584 3436 nitate,
616 3374 939 3431 substantia.

468 3465 518 3517 5.
548 3463 658 3519 Nec
695 3473 776 3518 est
804 3481 1023 3534 prorsus
1048 3467 1147 3522 ali-

394 3555 514 3623 quis
549 3558 598 3609 itt
631 3554 893 3613 Trinitale
928 3558 1141 3628 gradus,

396 3647 526 3701 nihil
557 3648 698 3717 quod
730 3648 952 3703 inferius
990 3665 1148 3719 supe-

394 3736 578 3793 riusve
628 3739 731 3792 diei
776 3740 979 3808 possit:
1028 3741 1147 3794 ideo

395 3841 502 3885 tota
537 3831 768 3887 Trinitas
818 3850 911 3887 sua
973 3834 1148 3904 perfe-

391 3926 569 3979 ctione
608 3926 830 3992 aequalis
879 3936 995 3992 est,
1049 3936 1145 3995 ut,

394 4017 638 4084 vxoeptis
695 4019 968 4072 vocabulis
1026 4034 1147 4088 qua:

394 4109 773 4175 proprietatem
799 4124 1144 4178 personarum

391 4199 649 4266 indicant,
677 4202 932 4272 quidquid
954 4201 1021 4257 de
1043 4218 1145 4257 una

392 4303 619 4355 persona
640 4276 859 4353 dicitur,
880 4292 946 4346 de
977 4294 1145 4348 tribus

391 4380 707 4450 dignissime
758 4385 926 4453 possit
984 4387 1143 4440 intel-

391 4471 505 4543 ligi.

466 4564 519 4619 6.
544 4565 715 4635 Atque
746 4575 797 4619 ttt
825 4569 1145 4637 confutante:

389 4657 600 4722 Arium,
616 4674 772 4712 uuam
794 4659 1144 4729 eamdemque

391 4749 621 4803 dicimus
688 4749 965 4805 Trinitatis
1021 4750 1147 4805 sub-

389 4841 641 4895 stantiam
672 4855 793 4895 esse
818 4880 833 4906 ,
882 4852 937 4897 et
977 4858 1143 4897 unum

392 4932 443 4985 in
494 4933 668 4987 tribus
719 4933 965 5003 personis
1008 4934 1143 4989 fate-

394 5039 513 5076 tnur
537 5024 747 5088 Deum;
798 5026 867 5078 ita
900 5026 1143 5094 impieta-

393 5124 498 5168 tem
520 5113 740 5168 Sabellii
768 5114 1100 5171 declinantes
1125 5158 1138 5183 ,

394 5218 506 5259 tres
551 5220 808 5275 personas
854 5222 1144 5277 expressas

387 5297 470 5350 sui
498 5299 823 5368 proprietate
860 5300 1144 5372 distingui-

391 5403 538 5453 mus;
578 5406 685 5446 non
720 5390 890 5461 ipsum
916 5392 1018 5447 sibi
1044 5392 1144 5448 Pa-

392 5491 559 5549 trem,
593 5483 764 5553 ipsum
806 5484 1033 5553 Filium,
1064 5487 1143 5556 ip-

386 5590 506 5631 sum
576 5575 834 5646 Spiritum
898 5589 1139 5635 sanctum

388 5685 512 5726 esse
539 5671 803 5732 dicentes.
854 5672 950 5727 sed
979 5673 1140 5729 aliam

384 5763 582 5825 l‘atris.
609 5765 768 5820 aliam
800 5763 941 5833 Filii,
986 5765 1141 5821 aliam

1458 452 1734 491 PELAGIUS.

1220 525 1556 593 substantiae,
1611 530 1752 596 quod
1802 528 1973 583 Gra-ci

1220 620 1404 675 dicunt
1450 620 1751 694 ὁμοούσιον,
1814 634 1975 697 atque

1222 714 1293 767 ita
1347 728 1442 782 per
1480 716 1658 768 omnia
1716 718 1972 784 aequalem

1224 803 1335 859 Deo
1361 805 1527 872 Patri,
1560 816 1620 861 ut
1643 821 1741 861 nec
1772 818 1975 878 tempo-

1220 911 1300 963 re,
1333 913 1429 953 nec
1469 900 1638 969 gradu
1659 942 1673 967 ,
1700 916 1797 956 nec
1826 914 1974 971 pote-

1220 996 1360 1045 state
1381 992 1550 1060 possit
1573 1008 1695 1049 esse
1718 995 1970 1050 inferior:

1220 1087 1537 1152 tantumque
1584 1100 1705 1140 esse
1752 1087 1962 1141 cantite-

1217 1187 1338 1227 mur
1380 1174 1528 1229 illum
1566 1179 1654 1246 qui
1705 1188 1787 1233 est
1824 1182 1969 1248 geni-

1219 1273 1335 1333 tus,
1380 1279 1611 1336 quantus
1642 1282 1724 1327 est
1769 1273 1856 1328 ille
1882 1276 1971 1344 qui

1217 1360 1421 1426 genuit.

1289 1449 1404 1504 Non
1438 1462 1650 1533 autem,
1686 1458 1806 1524 quia
1835 1458 1973 1515 dici-

1219 1557 1337 1597 mus
1372 1546 1608 1613 genitum
1641 1564 1668 1601 a
1704 1549 1859 1605 Patre
1886 1551 1973 1605 Fi—

1220 1632 1372 1701 lium,
1405 1637 1599 1693 divinas
1630 1651 1683 1694 et
1714 1641 1968 1697 ineffabili

1216 1728 1551 1794 generationi
1594 1729 1807 1800 aliquod
1837 1742 1970 1788 tem—

2282 454 2610 494 εωιεςτιυς.

2078 530 2307 598 Spiritus
2344 535 2513 587 Sancti
2555 549 2676 589 esse
2709 550 2830 603 per-

2079 634 2265 677 Sonam
2295 640 2306 673 :
2358 638 2461 674 non
2487 624 2627 677 enim
2659 628 2832 679 nomi-

2079 727 2147 765 na
2243 715 2658 783 tantummodo,
2736 717 2832 771 sed

2076 804 2237 857 etiam
2272 807 2547 860 nominum
2590 811 2833 877 proprie-

2079 903 2255 959 tates,
2307 896 2357 950 id
2409 908 2511 964 est,
2571 913 2831 968 personas

2076 988 2416 1044 ceulitemur.

2148 1268 2198 1324 7.
2242 1268 2350 1325 Nec
2380 1272 2539 1328 Pater
2576 1274 2693 1330 Filii
2736 1285 2830 1332 aut

2074 1356 2305 1423 Spiritus
2346 1364 2513 1417 sancti
2543 1379 2827 1433 personam

2074 1449 2363 1517 aliquando
2410 1456 2671 1523 excludit,
2729 1474 2829 1514 nec

2074 1554 2262 1596 rursus
2310 1544 2494 1607 Filius,
2541 1558 2630 1603 aut
2661 1549 2831 1619 Spiri-

2077 1641 2160 1687 tus
2191 1645 2409 1689 sanctus
2438 1637 2608 1693 Patris
2633 1657 2825 1697 nomen

2076 1737 2471 1797 personamque
2496 1729 2681 1798 recipit
2699 1748 2713 1797 ;
2729 1733 2824 1788 sed

1219 1829 1317 1884 pus
1345 1819 1699 1886 ascrihimus;
1749 1822 1843 1877 sed
1874 1840 1971 1879 nec
2004 1830 2045 1888 Β
2079 1814 2236 1870 Pater
2259 1832 2473 1885 semper
2514 1820 2698 1890 PMB".
2737 1824 2826 1879 Fi-

1218 1906 1431 1962 Patrem
1472 1909 1699 1965 dicimus
1730 1914 1973 1982 aliquan-

1217 1998 1286 2051 do
1314 2002 1577 2069 cmpisse,
1608 2019 1709 2059 nec
1744 2005 1964 2066 Filium.

1218 2089 1332 2143 Non
1352 2094 1494 2146 enim
1515 2098 1969 2161 possumusaliter

1218 2181 1461 2237 confiteri
1532 2193 1789 2241 mternum
1856 2188 1972 2243 Pa-

1220 2280 1402 2339 trem,
1462 2276 1563 2330 nisi
1620 2278 1972 2335 conlitcamur

1216 2365 1376 2421 etiam
1425 2375 1480 2421 et
1525 2367 1715 2424 Filium
1743 2384 1971 2428 coaeter-

1218 2472 1379 2523 num;
1421 2475 1485 2516 ex
1516 2462 1611 2517 illo
1639 2464 1782 2518 enim
1813 2466 1973 2522 Pater

1219 2548 1445 2617 dicitur,
1507 2563 1561 2607 et
1614 2557 1702 2623 qui
1759 2571 1974 2627 semper

1221 2638 1379 2696 Pater
1403 2641 1522 2714 fuit,
1544 2658 1755 2716 semper
1776 2647 1970 2704 Filium

1220 2728 1431 2786 habuit.

1290 2822 1701 2882 Credimnsetin
1716 2828 1971 2898 Spiritum

1220 2924 1484 2980 sanetum,
1533 2933 1717 2972 verum
1764 2919 1969 2988 Deum,

1220 3019 1285 3058 ex
1343 3004 1500 3060 Patre
1549 3010 1926 3078 procedentem
1955 3052 1971 3077 ,

1220 3096 1477 3164 aequalem
1508 3114 1604 3167 per
1629 3102 1806 3154 omnia
1829 3101 1974 3156 Patri

2075 1906 2177 1961 lius
2203 1922 2416 1978 semper
2441 1910 2632 1976 Filius,
2659 1914 2831 1983 Spiri-

2076 2007 2161 2054 tus
2187 2011 2401 2057 sanctus
2423 2017 2635 2074 Semper
2656 2004 2828 2076 Spiri-

2076 2101 2160 2145 tus
2203 2105 2441 2150 sanctus.
2492 2095 2676 2167 itaque
2703 2099 2828 2155 sub-

2074 2184 2268 2237 stantia
2319 2201 2481 2241 unum
2523 2198 2676 2252 sunt,
2707 2205 2830 2260 per-

2076 2275 2223 2329 sonis
2272 2291 2335 2333 ac
2386 2280 2690 2338 nominibus
2717 2284 2829 2340 dis-

2077 2366 2407 2434 tinguuntur.

2144 2456 2197 2510 8.
2258 2460 2433 2527 Ipsum
2497 2472 2676 2518 autem
2733 2465 2826 2521 Dei

2075 2543 2292 2612 Filium,
2326 2549 2413 2617 qui
2444 2552 2644 2620 absque
2672 2553 2828 2609 initio

2074 2648 2194 2689 cum
2219 2636 2376 2693 Patre
2399 2650 2451 2693 et
2471 2640 2671 2707 Spiritu
2702 2659 2826 2697 san-

2073 2738 2160 2781 cto
2201 2736 2318 2793 est,
2358 2729 2587 2786 dicimus
2626 2733 2678 2787 in
2720 2734 2825 2791 line

2073 2820 2392 2875 saeculorum
2417 2823 2709 2890 perlectum
2736 2842 2828 2879 na-

2073 2918 2208 2963 tura:
2227 2920 2425 2966 nostra:
2446 2912 2714 2970 hominem
2738 2931 2827 2970 su-

2075 3002 2313 3071 scepisse
2343 3018 2406 3058 ex
2430 3004 2591 3060 Maria
2614 3021 2827 3078 semper

2075 3092 2309 3163 virgine,
2342 3106 2393 3150 et
2440 3097 2671 3152 Verbum
2709 3116 2825 3154 car-

1220 3195 1273 3240 et
1302 3187 1461 3255 Filio,
1503 3191 1797 3257 voluntate,
1823 3204 1968 3264 ροιε.
2000 3204 2044 3263 C
2078 3202 2196 3240 netn
2229 3203 2349 3243 esse
2378 3189 2597 3257 factum,
2627 3195 2717 3247 sed
2743 3209 2827 3249 as-

1220 3289 1356 3334 state
1384 3322 1398 3343 ,
1457 3285 1758 3339 aeternitate
1782 3327 1796 3352 ,
1846 3287 1973 3342 sub-

1218 3370 1435 3425 stantia.

1289 3460 1398 3513 Nec
1420 3471 1502 3516 est
1532 3478 1753 3533 prorsus
1782 3466 1972 3536 aliquis

1220 3553 1272 3607 in
1303 3552 1563 3611 Trinitate
1588 3558 1806 3627 gradus,
1841 3561 1970 3615 nihil

1219 3646 1359 3714 quod
1392 3646 1616 3703 inferius
1658 3653 1972 3720 superiusve

1220 3737 1323 3792 diei
1352 3740 1551 3808 possit;
1589 3743 1682 3797 sed
1713 3752 1819 3799 tota
1852 3746 1972 3801 Dei.

1220 3839 1302 3885 tas
1330 3833 1410 3886 sui
1449 3835 1773 3902 perfectione
1794 3855 1971 3909 a-qua—

1220 3922 1286 3980 lis
1316 3935 1420 3991 est,
1449 3937 1528 3993 ut,
1553 3934 1791 3999 exceptis
1815 3949 1969 3988 voca-

1221 4015 1359 4070 bulis
1403 4034 1522 4086 quae
1583 4024 1968 4088 pro,»rietatem

1221 4121 1568 4175 personarum
1670 4112 1838 4181 indica
1851 4126 1907 4170 nt
1952 4160 1966 4182 ,

1218 4199 1475 4270 quidquid
1506 4203 1574 4257 de
1610 4220 1711 4258 una
1743 4188 1989 4277 persona

1220 4290 1447 4358 dicitur,
1484 4293 1551 4348 de
1581 4296 1750 4350 tribus
1772 4298 1971 4369 dignis-

1218 4384 1353 4439 sime
1386 4388 1556 4455 possit
1581 4388 1824 4460 intelligi.

2076 3281 2337 3335 sumendo
2384 3282 2684 3353 hominem,
2721 3303 2824 3342 non

2078 3374 2432 3441 permutando
2515 3377 2825 3435 Dcitatem:

2076 3481 2181 3519 non
2210 3507 2223 3531 ,
2266 3478 2321 3521 ut
2349 3466 2564 3537 quidam
2592 3472 2827 3526 scelera-

2073 3556 2261 3611 tissimi
2301 3561 2606 3628 opinantur,
2652 3562 2821 3632 Spiri-

2076 3658 2183 3701 tum
2210 3661 2451 3703 sanctum
2480 3651 2707 3707 dicimus
2731 3671 2825 3721 pro

2073 3739 2276 3794 semine
2306 3740 2492 3805 fuisse,
2512 3742 2605 3796 sed
2633 3752 2824 3811 poten-

2075 3832 2144 3881 tia
2196 3838 2252 3883 et
2306 3830 2499 3887 virtute
2555 3834 2825 3891 Creatoris

2072 3932 2372 3987 Operatum.

2143 4012 2195 4067 9.
2248 4013 2338 4069 Sic
2383 4024 2562 4070 autem
2601 4017 2824 4073 conﬁte-

2073 4118 2191 4155 mur
2210 4102 2260 4156 in
2284 4104 2499 4159 Christo
2522 4121 2679 4162 uuam
2703 4108 2822 4163 Filii

2072 4210 2191 4250 esse
2225 4212 2539 4265 personam,
2591 4211 2647 4255 ut
2682 4202 2825 4256 dica-

2075 4302 2192 4341 mus
2223 4288 2355 4343 duas
2393 4300 2555 4360 atque
2591 4294 2825 4362 integras

2072 4396 2193 4436 esse
2224 4383 2572 4447 substantias,
2606 4386 2825 4442 Deitatis

2075 4472 2262 4525 scilicet
2321 4483 2375 4528 et
2435 4474 2820 4544 humanitatis,

1288 4565 1463 4634 Atque
1496 4576 1553 4619 ut
1581 4566 1968 4625 confundentes
1997 4579 2046 4636 D
2072 4580 2192 4635 quae
2213 4580 2282 4619 ex
2317 4568 2492 4621 anima
2532 4578 2743 4622 constat
2772 4580 2826 4626 et

1216 4655 1423 4724 Arium,
1440 4674 1599 4712 unam
1614 4660 1967 4730 eamdemque

1216 4749 1442 4805 dicimus
1505 4753 1786 4809 Trinitatis
1848 4770 1968 4811 esse

1217 4843 1591 4909 sobstantiam,
1631 4856 1682 4899 et
1726 4862 1886 4901 unutn
1914 4848 1967 4903 in

1218 4936 1392 4990 tribus
1442 4937 1688 5007 personis
1740 4936 1968 4993 fatemur

1220 5030 1436 5093 Deum;
1493 5030 1565 5081 ita
1642 5029 1966 5099 impietatem

1218 5120 1436 5176 Sabeliii
1473 5120 1829 5188 declinantes,
1860 5131 1969 5177 tres

1218 5226 1475 5280 personas
1522 5226 1810 5280 expressas
1868 5212 1971 5268 sub

1216 5304 1544 5371 preprietatc
1566 5301 1965 5371 distinguimus;

1216 5410 1322 5451 non
1364 5396 1538 5464 ipsmn
1585 5396 1685 5449 sibi
1714 5396 1924 5450 Patrem
1949 5436 1965 5464 ,

1216 5487 1388 5556 ipsum
1416 5486 1516 5547 sibi
1548 5486 1761 5552 Filium,
1794 5488 1966 5555 ipsum

1215 5579 1318 5634 sibi
1398 5578 1656 5646 Spiritum
1725 5588 1967 5634 sanctum

1213 5685 1334 5726 esse
1360 5670 1604 5726 dicentes
1625 5710 1640 5736 ,
1683 5668 1777 5724 sed
1806 5669 1966 5724 aliam

1217 5762 1411 5829 Patris,
1455 5761 1613 5817 aliam
1639 5758 1783 5831 Filii,
1807 5760 1963 5817 aliam

2075 4670 2342 4724 corpore;
2394 4668 2552 4728 atque
2601 4670 2659 4713 ut
2700 4676 2827 4716 con-

2075 4747 2390 4802 demnamus
2408 4749 2716 4819 Photiuum,
2733 4753 2823 4820 qui

2075 4839 2248 4893 solum
2296 4849 2352 4897 et.
2399 4841 2598 4896 nudum
2651 4845 2821 4899 homi-

2075 4946 2195 4984 nem
2212 4933 2499 4988 conﬁtetur
2517 4932 2567 4987 in
2591 4932 2821 4999 Christo,

2071 5021 2144 5075 ita
2188 5021 2699 5078 anathematizamus
2752 5025 2826 5079 A-

2072 5112 2382 5182 poliinarem
2413 5124 2467 5167 et
2511 5114 2626 5184 ejus
2670 5115 2822 5169 simi-

2074 5205 2173 5272 les,
2192 5206 2277 5275 qui
2303 5204 2604 5260 dicuntDei
2631 5205 2822 5260 Filium

2077 5300 2254 5352 minus
2278 5298 2474 5367 aliquid
2500 5297 2567 5352 de
2594 5296 2823 5352 humana

2076 5388 2380 5459 suscepisse
2418 5396 2626 5455 natura,
2654 5397 2708 5443 et
2738 5390 2824 5444 vel

2077 5482 2128 5536 in
2158 5497 2339 5546 carne,
2372 5481 2456 5535 vel
2506 5480 2558 5535 in
2602 5480 2783 5535 anima
2809 5523 2823 5548 ,

2076 5572 2159 5628 vel
2200 5571 2253 5626 in
2289 5586 2453 5627 sensu
2493 5579 2824 5641 assumptum

2077 5666 2392 5731 hominem,
2455 5664 2538 5720 his
2610 5675 2828 5735 propter

2076 5774 2209 5832 quos
2236 5766 2541 5831 assumptus
2559 5766 2641 5812 est
2664 5755 2827 5813 fuisse

820 322 910 376 AD
952 320 1230 376 PARTEM
1270 319 1536 375 PRUMM
1576 320 1858 376 OPERUM
1898 322 1967 376 Μ.
2012 322 2451 379 MERCATOlllS
2492 323 2832 378 APPENDlX
2877 322 3218 381 SECUNDA.
3557 334 3663 391 50')

3148 459 3421 500 PELAGIUS.

2906 531 3136 600 Spiritus
3172 538 3341 591 sancti
3389 552 3510 593 esse
3540 555 3661 609 pcr-

2906 637 3093 677 sonam
3115 642 3127 677 :
3147 641 3250 679 non
3275 629 3414 681 enim
3440 631 3655 688 nomina

2904 717 3302 783 tantummodo,
3350 720 3443 773 sed
3493 722 3656 777 etiam

2906 806 3182 859 nominum
3257 811 3653 881 proprietates,

2904 893 2955 949 id
2987 905 3099 963 est,
3131 913 3419 967 personas,
3461 903 3536 955 ινοι
3556 946 3570 967 ,
3604 916 3658 961 ut

2904 984 3071 1041 σινωεὶ
3113 991 3433 1061 exprimunt,
3487 993 3654 1065 hypo-

2901 1088 3061 1133 stases
3079 1121 3093 1143 ,
3126 1080 3223 1134 Itoc
3250 1093 3319 1137 est
3340 1129 3353 1151 ,
3380 1085 3657 1141 subsisten-

2903 1176 3026 1235 tias,
3057 1173 3396 1231 cettlitetttur.

2971 1262 3079 1319 Nec
3143 1265 3303 1320 Pater
3368 1268 3490 1324 ῈιΙίί
3563 1282 3658 1327 aut

2900 1354 3130 1420 Spiritus
3156 1360 3325 1411 sancti
3365 1375 3652 1425 personam

2901 1445 3183 1515 aliquando
3228 1450 3490 1517 excludit,
3554 1468 3656 1509 nec

2902 1552 3085 1591 rursus
3106 1536 3274 1593 Filius
3299 1552 3388 1594 aut
3417 1543 3655 1611 Spiritus

2900 1635 3115 1681 sanctus
3139 1630 3511 1687 l’atrisnomen
3533 1650 3659 1703 per-

2899 1733 3192 1791 sonumque
3258 1726 3494 1792 recipit;
3559 1729 3655 1782 sed

2900 1812 3060 1867 Pater
3088 1828 3302 1884 semper
3338 1816 3498 1873 Pater
3531 1830 3653 1888 est,

2903 1901 3069 1958 Filius
3097 1919 3312 1975 semper
3354 1907 3521 1962 Filius
3548 1922 3651 1974 est,

2899 1994 3131 2063 Spiritus
3178 2009 3395 2054 sanctus
3439 2016 3659 2069 semper

2899 2085 3131 2154 Spiritus
3169 2098 3385 2143 sanctus
3413 2103 3517 2146 est.
3550 2092 3661 2147 Ita-

2898 2191 3003 2246 que
3093 2180 3391 2235 substantia
3489 2200 3654 2238 unum

2900 2278 3045 2334 sunt,
3073 2273 3317 2339 personis
3339 2288 3399 2327 ac
3425 2274 3658 2330 nomqu

2901 2358 3001 2413 bus
3024 2361 3443 2432 distinguuntur.

2972 2452 3147 2520 Ipsum
3202 2464 3378 2509 autem
3425 2456 3521 2510 Dei
3566 2456 3655 2511 Fi-

2903 2542 3066 2611 lium,
3114 2544 3205 2615 qui
3245 2547 3446 2615 absque
3495 2547 3648 2601 initio

2901 2636 3233 2689 «sterilitatem
3260 2650 3384 2690 eum
3415 2636 3570 2691 Patre
3596 2647 3654 2693 et

2899 2724 3101 2795 Spiritu
3149 2738 3337 2781 sancto
3383 2730 3648 2797 possidet,

2899 2817 3125 2872 dicimus
3170 2818 3223 2873 in
3276 2818 3380 2875 ﬁne
3424 2822 3654 2875 saaculo-

2899 2925 3015 2964 rum
3085 2911 3376 2980 perfectum
3447 2924 3651 2968 natura!

2901 3014 3097 3059 nostra:
3154 3004 3422 3060 hominem
3465 3021 3652 3063 susce-

2900 3094 3042 3162 pisse
3098 3111 3163 3148 cx
3222 3095 3382 3149 Maria
3438 3112 3655 3165 semper

2903 3185 3129 3255 virgine,
3174 3196 3229 3241 et
3269 3186 3500 3242 Verbum
3528 3204 3652 3241 car-

2901 3292 3023 3329 nem
3068 3291 3189 3331 esse
3219 3278 3444 3346 fat-tum,
3500 3294 3652 3334 αδδυ-

2902 3368 3095 3421 mendo
3162 3367 3432 3425 hominem
3467 3411 3483 3436 ,
3545 3387 3651 3427 non

2900 3460 3253 3529 permutando
3346 3461 3606 3517 Deitatem
3637 3482 3649 3518 :

2902 3566 3022 3616 nec,
3039 3559 3095 3603 ut
3119 3552 3333 3621 quidam
3357 3556 3655 3608 sceleratis-

2898 3642 3033 3698 sime
3055 3645 3360 3711 opiuantur,
3392 3644 3649 3714 Spiritum

2898 3746 3147 3791 sanctum
3168 3736 3397 3792 dicimus
3435 3755 3530 3807 pro
3557 3755 3650 3795 se-

2897 3827 3062 3893 mine,
3086 3828 3181 3883 sed
3204 3832 3441 3898 potentia
3460 3844 3523 3885 ac
3544 3831 3652 3884 vir-

2901 3918 3314 3976 tuteCreatoris
3343 3931 3647 3990 operatum.

2969 4013 3060 4067 Sic
3106 4024 3282 4069 autem
3329 4017 3651 4071 conﬁtemur

2897 4107 2949 4161 in
2972 4106 3187 4163 Christo
3201 4121 3357 4162 unam
3383 4108 3504 4162 Filii
3530 4124 3649 4165 esse

2899 4213 3180 4266 personam
3257 4209 3317 4252 ut
3405 4200 3648 4253 dicamus

2896 4290 3027 4342 duas
3054 4304 3174 4344 esse
3196 4289 3457 4357 perfectas
3487 4300 3649 4361 atque

2899 4382 3131 4451 integras
3178 4382 3538 4447 substan‘ias,
3592 4383 3645 4438 id

2896 4483 3000 4540 est,
3038 4472 3259 4527 Deitatis
3296 4482 3350 4526 et
3403 4471 3650 4528 humani-

2899 4566 3040 4628 tatis,
3072 4580 3192 4635 qnm
3220 4580 3285 4618 ex
3318 4568 3493 4620 anima
3523 4581 3653 4619 eon-

2896 4656 3083 4707 tinetur
3109 4664 3163 4708 et
3190 4669 3435 4725 corpore.
3474 4660 3652 4723 Atque

2897 4756 2956 4800 ut
2998 4746 3417 4803 condemnamus
3458 4747 3652 4803 Photi-

2898 4853 3044 4900 num,
3071 4838 3159 4907 qui
3181 4840 3353 4893 solum
3378 4847 3433 4894 et
3448 4839 3650 4894 nudum

2896 4930 2948 4983 in
2977 4930 3195 4985 Christo
3223 4930 3495 4985 hominem
3517 4945 3652 4984 con-

2896 5026 3103 5092 ﬁtetur,
3128 5025 3197 5078 ita
3230 5023 3652 5078 anathematiza-

2899 5132 3014 5171 mus
3044 5116 3408 5187 Apollinarem
3446 5124 3502 5171 et
3530 5116 3652 5183 ejus

2897 5208 3103 5263 similes
3129 5250 3143 5275 ,
3176 5210 3265 5276 qui
3318 5208 3502 5262 dicunt
3555 5206 3649 5261 Dei

2899 5301 3091 5355 Filium
3125 5302 3301 5355 minus
3346 5298 3546 5368 aliquid
3585 5299 3652 5352 de

2900 5394 3127 5449 humana
3158 5395 3462 5462 suscepisse
3492 5401 3649 5445 natu-

2898 5500 2977 5551 ra,
3006 5495 3060 5539 et
3081 5485 3163 5539 vel
3192 5485 3243 5538 in
3276 5499 3457 5548 carne,
3485 5484 3570 5537 vel
3597 5483 3647 5536 in

2899 5576 3097 5640 anima,
3142 5577 3224 5630 vel
3271 5576 3325 5630 in
3370 5588 3528 5630 sensu
3560 5589 3647 5627 as-

2898 5676 3169 5737 sumptum
3211 5666 3523 5735 homincm,
3568 5667 3653 5720 his

2900 5770 3117 5832 preptcr
3158 5774 3295 5832 quos
3346 5770 3657 5832 assumptus
