3972 6180
241 327 332 383 501
423 320 732 379 DISSERT.
777 318 838 372 ι’.
884 317 970 373 DE
1011 297 1533 372 LlBELLl§FlDEl
1571 311 1880 370 SCRIPTIS
1917 311 2006 366 AB
2045 310 2478 367 AUCTORIBUS
2521 308 2834 366 HERESIS
2877 307 3318 365 PELAGIANE.
3393 307 3503 366 502

424 447 762 489 ειιςιεετιυε.

239 528 560 584 dissimilem
577 543 592 591 ;
607 525 858 594 quoniam
875 524 995 577 abs-

239 635 344 690 que
374 617 490 674 sola
521 618 722 686 peccati
751 615 956 669 macula
979 654 994 679 ,

243 725 364 779 qua:
418 707 677 762 naturalis
725 720 828 758 non
871 713 995 769 est,

241 801 398 855 nobis
455 799 777 854 conﬁtemur
834 799 997 851 tuisse

240 893 370 949 conf
369 906 598 947 ormem.

317 985 406 1040 10.
430 984 644 1038 Illorum
669 996 881 1052 quoque
902 995 995 1036 cx-

244 1092 523 1133 secramur
585 1075 835 1130 similiter
880 1075 996 1128 bla-

240 1171 564 1239 sphemiam,
593 1170 685 1237 qui
710 1183 847 1222 novo
876 1183 1000 1222 sen-

241 1277 302 1315 su
333 1277 580 1316 asserere
631 1271 922 1325 conantur,
968 1275 999 1316 a

246 1366 497 1423 tempore
523 1366 758 1423 acceptae
789 1355 1002 1420 carnis,

241 1448 428 1500 omnia
455 1461 577 1516 quae
615 1456 770 1502 erant
795 1447 1000 1502 Divini-

248 1539 376 1594 tatis
425 1540 480 1593 itt
517 1540 788 1594 hominem
832 1540 1003 1596 demi-

246 1647 466 1698 grasse,
516 1640 572 1688 et
615 1647 825 1686 rursum
882 1649 1003 1703 quae

244 1724 598 1778 humanitatis
628 1733 783 1778 erant
818 1726 868 1778 in
903 1728 1004 1782 lle-

249 1833 336 1868 um
389 1832 510 1872 esse
564 1819 862 1878 transfusa:
903 1829 999 1886 ut,

243 1909 388 1976 quod
422 1909 564 1962 nulla
601 1925 850 1978 umquam
895 1912 999 1967 ha:-

246 2000 387 2054 resis
415 2015 543 2054 ausa
579 2011 663 2055 est
692 2002 894 2070 dicere,
917 2005 999 2059 vi-

243 2090 436 2144 deatur
513 2091 614 2146 hac
684 2093 1001 2151 confusione

246 2193 474 2251 utraque
547 2185 814 2241 exinanita
880 2202 1000 2243 esse

242 2276 566 2341 substantia,
607 2278 829 2335 Deitatis
857 2282 1002 2337 scili-

241 2377 329 2421 cet
381 2376 437 2422 et
499 2369 890 2438 humanitatis,
945 2383 1000 2428 et

242 2457 433 2510 amisso
464 2460 681 2526 pr0prio
709 2469 852 2518 Statu
875 2503 890 2529 ,
942 2463 994 2518 in

241 2547 406 2601 alium
465 2565 584 2608 esse
634 2563 832 2608 mutata
869 2596 885 2619 ,
941 2565 1000 2609 ut

240 2641 332 2707 qui
381 2648 486 2694 tam
535 2641 701 2698 Deum
747 2647 999 2715 imperfe-

237 2743 388 2784 ctum
439 2731 493 2784 in
538 2732 678 2788 Filio
703 2750 861 2804 quam
894 2736 995 2792 ho-

240 2821 440 2876 minem
492 2827 851 2896 conlitemur,
896 2847 996 2886 nec

238 2909 406 2965 Deum
457 2929 617 2981 vere,
671 2933 770 2973 nec
821 2921 997 2978 homi-

241 3017 363 3058 nem
396 3015 583 3063 tenere
616 3010 920 3068 credamus.

312 3099 399 3152 Η.
445 3099 549 3156 Nos
571 3110 745 3156 autem
771 3105 839 3158 ita
862 3106 994 3161 dici-

240 3204 360 3243 mus
381 3201 687 3259 susceptum
709 3209 737 3246 a
753 3194 842 3250 Dei
862 3197 998 3255 Filio

240 3278 544 3346 hominem,
578 3292 636 3337 ut
662 3284 802 3340 Deus
831 3301 995 3344 tamen

237 3370 587 3438 iutpassibilis
632 3389 991 3442 permaneret.

238 3459 434 3516 Passus
461 3473 543 3518 est
569 3467 764 3521 etenim
793 3469 884 3524 Dei
909 3471 994 3524 Fi-

237 3551 356 3618 lius,
383 3568 489 3608 non
515 3557 770 3623 putative,
795 3560 886 3614 sed
909 3577 994 3618 ve-

235 3656 325 3706 re,
358 3646 537 3698 omnia
567 3662 686 3716 qute
715 3647 991 3719 Scriptura

230 3739 479 3800 testatur,
519 3734 570 3789 id
603 3747 702 3802 est,
735 3741 987 3807 esuriem,

226 3821 398 3888 sitim,
426 3824 814 3896 lassitudinem,
839 3829 991 3885 dolo-

227 3927 370 3980 rem,
417 3925 674 3983 mortem,
714 3929 769 3976 et
795 3930 988 3978 caetera

227 4005 560 4074 hujusmodi.

305 4099 389 4151 12.
415 4100 520 4155 Sed
544 4105 834 4162 secundum
859 4107 986 4164 illud

226 4203 425 4258 passus
453 4202 536 4246 est
566 4195 707 4264 quod
757 4199 862 4266 pati
895 4215 987 4267 ρο.

228 4294 368 4335 terat
381 4297 400 4337 :
419 4282 536 4336 Non
552 4288 826 4342 secundum
840 4290 986 4346 illam

225 4373 570 4428 substantiam
620 4394 731 4446 qua:
781 4398 983 4436 assum-

223 4466 361 4535 psit,
393 4466 488 4521 sed
519 4471 810 4526 secundum
837 4474 980 4530 illam

223 4569 346 4623 qua:
392 4568 665 4629 assumpta
714 4569 815 4618 est.
864 4562 980 4634 ipse

222 4649 370 4702 enim
390 4649 484 4706 Dei
503 4650 668 4708 Filius
689 4655 978 4711 secundum

221 4739 315 4795 Dei
325 4749 494 4800 tatem
510 4758 658 4797 suam
683 4744 979 4813 impassibi-

220 4831 287 4886 lis
325 4841 413 4887 est
451 4843 511 4888 ut
536 4833 714 4900 Pater,
746 4837 978 4892 incorru-

219 4924 412 4986 ptibilis
436 4932 492 4978 ut
512 4925 688 4980 Pater.
710 4926 777 4980 Et
792 4942 978 4996 quam-

219 5016 300 5066 vis
329 5016 540 5084 propria
575 5030 802 5084 persona
830 5019 971 5086 Filii,

215 5102 270 5156 id
301 5115 406 5169 est,
441 5106 534 5161 Dei
566 5107 812 5177 Verbum,
849 5123 970 5166 sus-

214 5197 422 5266 ceperit
466 5199 762 5266 passibilem
794 5201 969 5259 homi-

217 5297 556 5349 nem,tamen
579 5292 692 5359 ejus
714 5291 971 5348 inhabita-

211 5377 360 5430 tione
376 5380 666 5435 secundum
685 5396 834 5438 suam
855 5386 972 5440 sub-

211 5467 464 5523 stantiam
480 5469 819 5529 DcitasVerbi
837 5475 970 5530 nihil

287 5664 315 5692 ι
347 5656 479 5731 llaec
531 5673 688 5714 causa
747 5659 846 5715 fuit
898 5675 994 5716 cur
1045 5661 1290 5731 Pelagius
1333 5659 1536 5715 diceret
1590 5679 1603 5715 :

216 5724 468 5796 baptismo
511 5732 709 5794 parvuli
744 5732 1011 5785 morientes

1304 441 1578 483 PELAGIUS.

1067 530 1150 574 est
1217 521 1381 574 fu’sse
1461 517 1820 581 dissimilem.

1067 625 1224 678 quem
1256 609 1456 678 absque
1479 609 1592 674 sola
1620 607 1825 677 peccati

1070 701 1324 765 macula,
1385 715 1504 770 quae
1562 697 1824 754 naturalis

1069 807 1173 844 non
1193 804 1297 855 cst,
1324 791 1480 845 nobis
1503 792 1823 845 conlitemur

1069 881 1235 936 fuisse
1257 883 1614 938 conformem.

1142 971 1359 1027 Illorum
1385 987 1597 1042 quoque
1635 970 1825 1026 simili-

1072 1073 1157 1120 ter
1183 1078 1527 1118 exsecratnur
1574 1061 1827 1130 blasphe-

1072 1158 1256 1225 miam,
1280 1155 1366 1224 qui
1394 1168 1533 1208 novo
1555 1167 1715 1208 sensu
1739 1168 1826 1228 as-

1072 1260 1257 1300 serere
1292 1251 1576 1306 conantur,
1609 1259 1637 1295 8
1688 1251 1826 1295 tem-

1073 1351 1204 1407 pore
1264 1341 1528 1403 suscepta:
1601 1334 1820 1398 carnis,

1073 1429 1246 1484 omnia
1272 1444 1392 1498 quae
1418 1436 1571 1483 erant
1600 1427 1827 1482 Deitatis

1077 1522 1128 1574 in
1162 1519 1432 1575 hominem
1473 1520 1823 1588 demigrasse,

1075 1621 1130 1667 et
1158 1626 1367 1667 rursum
1406 1625 1525 1680 quae
1551 1620 1702 1664 erant
1729 1609 1826 1662 liu-

1077 1704 1347 1760 manitatis
1399 1704 1450 1757 in
1506 1702 1673 1756 Deum
1705 1715 1824 1756 esse

2126 439 2456 479 C(ELIS‘I'IUS.

1931 529 2086 584 passa
2109 525 2210 578 est,
2235 525 2291 570 ut
2312 526 2363 570 et
2386 525 2493 568 tota
2517 515 2682 569 Trini-

1931 613 2050 670 tas,
2096 620 2253 674 quam
2301 605 2678 674 impassibilem

1929 713 2048 754 esse
2074 713 2289 754 [1860550
2314 708 2418 754 est.

2001 883 2088 937 l5.
2139 882 2377 937 Mortuus
2418 890 2502 936 est
2551 897 2679 952 ergo

1929 972 2022 1027 Dei
2059 971 2245 1039 Filius,
2276 971 2464 1026 cadent
2494 981 2678 1026 natura

1929 1064 2106 1118 carnis
2134 1064 2185 1117 in
2211 1078 2314 1132 qua
2341 1071 2498 1118 natus
2519 1073 2600 1118 est
2625 1071 2680 1117 et

1930 1172 2135 1226 passus,
2164 1159 2213 1210 in
2235 1172 2339 1228 qua
2363 1165 2417 1211 et
2446 1172 2684 1212 resurre-

1929 1250 2026 1314 xit;
2044 1263 2146 1304 non
2162 1249 2301 1302 enim
2317 1248 2586 1303 exinanita
2599 1258 2684 1302 est

1930 1342 2275 1397 humanitatis
2335 1343 2630 1396 substantia
2662 1383 2677 1408 ,

1929 1434 2019 1488 sed
2057 1433 2348 1503 gloriﬁcata
2377 1474 2392 1499 ,
2443 1443 2496 1487 et
2527 1434 2576 1487 in
2608 1448 2680 1486 ze-

1930 1534 2137 1579 ternutn
2160 1539 2278 1579 cum
2308 1524 2510 1580 Deitate
2531 1539 2678 1578 man-

1928 1632 2073 1671 sura.

1077 1797 1370 1854 transfusa:
1408 1805 1492 1860 ut,
1533 1795 1674 1864 quod
1709 1796 1823 1848 uul-
1857 1800 1904 1859 B

1075 1888 1124 1941 la
1174 1902 1426 1957 umquam
1478 1887 1699 1940 lueresis
1747 1884 1828 1938 di-

1073 1993 1200 2035 cere
1244 1992 1372 2031 ausa
1417 1987 1539 2042 est,
1585 1976 1827 2030 videatur

1073 2070 1174 2126 hac
1235 2071 1553 2125 confusione
1602 2077 1827 2137 utraque

1073 2163 1346 2218 exinanita
1367 2162 1685 2227 substantia,
1704 2161 1825 2215 Dei-

1075 2255 1199 2308 tatis
1246 2254 1450 2308 scilicet
1481 2261 1536 2306 et
1574 2251 1824 2306 humani-

1073 2349 1197 2402 tatis
1220 2389 1236 2414 ,
1278 2357 1332 2404 et
1361 2361 1388 2400 a
1418 2347 1635 2417 proprio
1683 2354 1823 2400 statu

1070 2442 1122 2494 in
1151 2440 1314 2494 alium
1343 2455 1466 2494 esse
1493 2446 1716 2504 mutata,
1771 2446 1825 2492 ut

1069 2533 1158 2601 qui
1205 2541 1311 2588 tam
1353 2532 1519 2586 Deum
1574 2533 1825 2600 imperfe-

1067 2633 1214 2677 cutm
1245 2624 1297 2677 in
1339 2622 1479 2677 Filio
1517 2637 1675 2692 quam
1725 2625 1825 2676 ho-

1069 2715 1266 2769 minem
1305 2715 1634 2770 conﬁtentur
1662 2759 1677 2784 ,
1723 2729 1825 2770 nec

1069 2805 1238 2859 Deum
1262 2821 1472 2871 verum,
1522 2822 1621 2860 nec
1647 2806 1821 2860 homi-

1067 2911 1189 2950 nem
1220 2907 1400 2954 tenere
1428 2899 1744 2952 credantur.

1135 3095 1242 3150 Nos
1263 3105 1440 3149 autem
1464 3095 1692 3149 dicimus
1709 3111 1824 3151 sus-

2005 2170 2090 2222 H.
2124 2170 2391 2222 Venturos
2411 2179 2493 2223 est
2513 2172 2575 2221 ad
2597 2185 2679 2237 ιιι-

1927 2260 2122 2316 dicittm
2165 2263 2404 2316 vivorum
2447 2271 2502 2316 ct
2537 2279 2679 2316 utor-

1929 2363 2136 2408 tuorum
2163 2395 2181 2420 ,
2226 2364 2282 2408 ut
2310 2366 2362 2409 et
2388 2355 2560 2423 justos
2590 2371 2678 2409 re-

1927 2454 2171 2498 muneret
2196 2485 2211 2510 ,
2258 2453 2312 2499 et
2340 2443 2526 2513 puniat
2559 2459 2682 2511 pec-

1925 2545 2158 2591 calores.

1999 2814 2083 2866 15.
2119 2814 2684 2868 llesurrectiouem

1923 2905 2100 2957 carnis
2148 2906 2219 2958 ita
2268 2905 2574 2970 credimus,
2625 2913 2683 2959 ut

1928 2995 2164 3050 dicamus
2196 3011 2294 3050 nos
2324 2996 2376 3051 in
2407 2997 2594 3052 eadem
2627 2998 2681 3051 in

1925 3103 2029 3157 qua
2075 3104 2214 3142 nunc
2242 3105 2428 3143 sumus
2457 3089 2682 3145 veritate

1073 3193 1285 3255 ceptum
1331 3189 1402 3242 ita
1455 3203 1483 3241 θ
1541 3187 1633 3244 Dei
1686 3170 1894 3243 FitioC
1927 3181 2290 3236 membrorum
2351 3197 2472 3237 esse
2527 3199 2683 3252 repa-

1072 3278 1320 3346 passibile
1343 3287 1606 3346 nostrum,
1634 3288 1691 3332 ιιι
1714 3279 1827 3336 Dei-

1067 3377 1148 3424 tas
1176 3368 1521 3438 impassibilis
1547 3384 1824 3438 permane-

1065 3467 1180 3522 ret;
1229 3472 1416 3526 passus
1444 3467 1527 3512 est
1555 3458 1694 3513 enim
1728 3459 1821 3514 Dei

1063 3547 1252 3614 Filius,
1285 3564 1388 3603 non
1419 3551 1652 3618 putative
1678 3591 1693 3613 ,
1723 3550 1820 3608 sed

1065 3652 1230 3704 vere,
1281 3640 1460 3692 omnia
1508 3655 1626 3709 quae
1675 3641 1820 3696 Scri-

1065 3741 1216 3801 ptura
1241 3740 1465 3786 testatur
1489 3777 1505 3803 ,
1537 3733 1588 3787 id
1619 3743 1731 3800 est,
1762 3750 1818 3789 e-

1061 3823 1258 3876 suriem
1276 3864 1291 3889 ,
1322 3823 1501 3890 sitim,
1546 3824 1817 3880 lassitudi—

1060 3926 1206 3978 nem,
1236 3913 1512 3980 dolorem,
1545 3923 1770 3972 mortem
1796 3955 1814 3985 ,

1058 4010 1112 4056 et
1140 4016 1330 4058 caetera
1357 4005 1686 4074 hujusmodi.

1128 4092 1431 4152 Secundum
1465 4098 1593 4153 illud
1624 4114 1813 4168 passus

1058 4195 1142 4241 est
1168 4189 1310 4257 quod
1349 4191 1454 4258 pati
1493 4200 1724 4261 poterat,
1757 4193 1812 4249 id

1057 4292 1159 4348 est,
1189 4285 1482 4342 secundum
1512 4288 1656 4343 illam
1684 4288 1812 4343 sub-

1054 4377 1304 4433 stantiam
1356 4393 1478 4448 qua:
1537 4390 1809 4451 assumpta

1053 4478 1164 4534 est;
1199 4469 1313 4539 ipse
1337 4471 1480 4526 enim
1518 4472 1611 4527 Dei
1641 4473 1808 4529 Filius

1928 3271 2124 3326 randos
2151 3313 2164 3338 ,
2197 3272 2486 3342 qualesque
2511 3275 2680 3329 semel

1927 3374 2045 3433 post
2076 3367 2521 3420 resurrectionem
2564 3365 2680 3421 fue-

1925 3457 2092 3512 rimus
2105 3455 2276 3511 eﬂ'ecti
2297 3457 2346 3510 iu
2360 3467 2677 3528 perpetuum

1925 3564 2228 3604 mansuros.

1996 3641 2083 3696 16.
2126 3642 2297 3696 Unam
2319 3656 2440 3696 esse
2461 3653 2674 3696 saneto-

1923 3745 2038 3786 rum
2065 3731 2224 3785 vitam
2249 3735 2488 3787 omnium
2514 3771 2529 3796 ,
2578 3734 2672 3788 sed

1923 3823 2137 3891 praemia
2170 3840 2266 3892 pro
2293 3825 2476 3879 labore
2505 3826 2674 3880 diver-

1920 3928 1976 3967 sa
2023 3931 2036 3967 :
2072 3923 2125 3970 et
2153 3931 2184 3970 e
2212 3916 2484 3972 contrario
2508 3956 2522 3981 ,
2576 3933 2670 3986 pro

1919 4007 2079 4062 modo
2107 4007 2446 4071 delictorum,
2478 4022 2667 4077 pecca-

1918 4107 2092 4152 torum
2139 4113 2353 4169 quoque
2395 4114 2515 4155 esse
2545 4114 2671 4170 sup-

1915 4191 2098 4260 plicia.

1986 4285 2073 4339 17.
2108 4284 2373 4354 Baptisma
2400 4298 2562 4339 unum
2591 4293 2670 4340 te-

1913 4390 2103 4431 nemus
2126 4419 2141 4444 ,
2185 4375 2326 4446 quod
2358 4376 2544 4432 iisdem
2575 4392 2666 4432 sa-

1912 4467 2172 4522 cramenti
2206 4466 2381 4520 verbis
2412 4467 2465 4520 in
2494 4467 2664 4522 inlano

2995 435 3269 477 PELAGlUS.

2757 514 2919 570 Verbi
2952 514 3082 568 nihil
3112 530 3262 583 passa
3292 524 3373 570 est
3403 559 3414 578 ,
3448 521 3506 568 ut

2756 616 2864 660 tota
2895 606 3128 660 Trinitas
3151 647 3164 671 ,
3205 621 3361 676 quant
3409 605 3508 659 im-

2753 700 3061 770 passibilem
3109 713 3230 754 esse
3287 713 3509 753 necesse

2752 806 2855 852 est.

2823 888 3059 942 Mortuus
3107 894 3191 942 est
3236 898 3367 954 ergo
3410 882 3508 939 Dei

2752 977 2966 1044 Filius,
3025 977 3305 1031 secundum
3365 975 3510 1030 Scri-

2755 1083 2933 1144 ptura:
2959 1115 2972 1138 ,
3013 1074 3170 1142 juxta
3210 1069 3341 1122 illud
3371 1068 3509 1138 quod

2758 1165 2886 1218 mori
2933 1171 3176 1233 poterat;
3229 1159 3507 1212 resurrexit

2753 1257 2901 1308 tertia
2932 1255 3011 1306 die
3034 1294 3046 1317 ,
3077 1251 3302 1304 ascendit
3333 1251 3386 1301 in
3414 1265 3511 1302 ra:-

2754 1345 2898 1411 lum,
2947 1343 3085 1397 sedet
3133 1343 3200 1395 ad
3252 1342 3512 1394 dexteram

2755 1437 2850 1491 Dei
2889 1434 3066 1489 Patris
3091 1478 3104 1500 ,
3159 1442 3393 1486 manente
3423 1448 3508 1485 ea‘

2751 1530 2877 1585 dem
2909 1537 3096 1582 natura
3128 1526 3304 1579 carnis
3332 1525 3510 1593 inqua

2755 1630 2912 1676 natus
2933 1630 2984 1674 et
3000 1633 3188 1688 passus
3205 1626 3307 1684 est,
3331 1617 3382 1670 in
3407 1630 3510 1684 qua

2755 1715 2916 1769 etiam
2991 1710 3307 1764 resurrexit.
3392 1707 3507 1761 Non

2755 1804 2896 1860 enim
2920 1802 3200 1858 exinanita
3219 1810 3299 1854 est
3325 1799 3512 1854 huma-

2754 1898 2936 1953 nitatis
3009 1894 3342 1955 substantia.
3416 1891 3509 1946 sed

2752 1971 3069 2060 gl‘oriﬁcata,
3095 1996 3148 2040 et
3173 1988 3224 2041 in
3248 1997 3509 2040 aeternum

2754 2098 2874 2136 cum
2900 2081 3113 2134 Deitate
3142 2091 3414 2132 mansura.

2823 2177 3042 2242 Accepta
3098 2187 3221 2242 ergo
3273 2188 3304 2223 a
3359 2168 3512 2222 Patre

2752 2268 2980 2320 omnium
3026 2273 3272 2334 potestate
3315 2278 3428 2330 qua:
3458 2263 3510 2312 in

2752 2359 2874 2412 caelo
2904 2366 3022 2411 sunt
3049 2367 3094 2410 et
3119 2358 3171 2409 in
3198 2365 3353 2420 terra,
3386 2370 3515 2407 vcn-

2754 2461 2904 2503 turus
2933 2456 3019 2502 cst
3048 2446 3113 2500 ad
3137 2446 3403 2516 judicium
3435 2445 3514 2498 vi-

2754 2557 2942 2595 vorum
2972 2550 3027 2595 et
3055 2547 3384 2594 mortuorum
3410 2579 3420 2599 ,
3455 2547 3514 2590 ut

2753 2645 2808 2691 et
2842 2635 3015 2702 justas
3055 2640 3403 2698 remutteret,
3459 2641 3512 2685 et

2755 2726 2940 2797 puniat
2970 2735 3294 2794 peccatores.

2828 2816 3297 2871 Resurrectionem
3358 2816 3512 2868 etiam

2753 2910 2922 2964 carnis
2969 2910 3271 2978 conﬁtemur
3312 2917 3367 2962 et
3393 2922 3508 2963 cre-

2753 3002 2950 3069 dimus,
2985 3010 3042 3055 ιιι
3068 3001 3306 3056 dicamus
3332 3014 3430 3058 nos
3457 3001 3507 3053 iit

2752 3093 2939 3148 eadem
2964 3093 3016 3147 in
3039 3108 3137 3162 qua
3165 3107 3303 3146 nunc
3325 3106 3509 3145 sumus

2753 3185 2978 3238 veritate
3001 3181 3362 3237 membrorum
3388 3197 3509 3236 esse

2753 3275 3083 3347 reparandos
3121 3316 3137 3341 ,
3214 3275 3508 3344 qualesque

2753 3369 2919 3424 semel
2977 3380 3094 3438 post
3151 3367 3508 3423 resurrectio-

2751 3477 2873 3516 nem
2917 3461 3178 3518 fuerimus
3223 3462 3423 3527 ellecti,
3453 3462 3506 3516 in

2751 3561 3066 3623 perpetuum
3100 3567 3502 3623 permansuros.

2821 3644 2992 3700 Unam
3026 3661 3147 3702 esse
3182 3647 3342 3700 vitam
3373 3659 3503 3700 sau-

2744 3743 2949 3788 ctorum
2974 3736 3236 3802 omnium,
3258 3735 3350 3790 sed
3377 3751 3504 3803 prae.

2744 3824 2848 3877 mia
2895 3841 2995 3893 pro
3030 3825 3214 3881 labore
3243 3827 3456 3881 diversa
3483 3843 3498 3891 ;

2743 3930 2774 3980 e
2821 3916 3092 3970 contrario
3122 3957 3140 3982 ,
3192 3931 3290 3986 pro
3340 3918 3498 3972 modo

2742 4007 3059 4064 delictorum
3084 4051 3099 4074 ,
3152 4018 3496 4078 peccatorum

2742 4115 2954 4171 quoque
2982 4115 3101 4156 esse
3122 4101 3405 4170 supplicia.

2812 4286 3084 4357 Baptisma
3133 4300 3299 4340 unum
3349 4293 3498 4340 tene-

2741 4392 2891 4446 mus,
2923 4377 3066 4448 quod
3096 4377 3284 4432 iisdem
3315 4391 3494 4430 sacra-

2740 4471 2904 4526 menti
2927 4471 3104 4526 verbis
3128 4470 3180 4526 in
3204 4469 3494 4524 infantibus

1051 4561 1345 4616 secundum
1367 4577 1520 4618 suam
1546 4551 2055 4621 Deitatethilms
2121 4558 2313 4626 quibus
2392 4559 2551 4612 etiam
2611 4559 2662 4612 in
2737 4560 3492 4631 quibusetiaminmajoribus

1916 4647 2208 4716 maioribus
2262 4647 2491 4704 dicimus
2544 4663 2665 4704 esse
2737 4653 3028 4708 asserimus
3059 4667 3179 4707 esse
3206 4651 3488 4707 celebran-

1053 4653 1394 4722 impassibilis
1423 4666 1508 4712 est
1538 4666 1593 4711 ut
1624 4657 1804 4723 Pater,

1050 4741 1620 4814 incomprehensibilis
1644 4754 1701 4801 ttt
1715 4748 1806 4802 Pa-

1051 4843 1172 4900 ter,
1213 4835 1478 4890 invisibilis
1520 4845 1575 4890 ut
1624 4837 1800 4904 Pater,

1047 4925 1472 4982 inconvertibilis
1521 4939 1578 4983 ut
1621 4929 1797 4985 Pater.

1048 5015 1114 5070 Et
1143 5019 1381 5087 quamvis
1427 5020 1638 5087 prapria
1679 5036 1799 5088 per-

1042 5121 1173 5163 sona
1213 5109 1331 5165 Filii
1356 5151 1372 5176 ,
1433 5110 1485 5164 id
1525 5121 1606 5164 est
1635 5154 1648 5178 ,
1703 5112 1794 5167 Dei

1042 5199 1301 5267 Verbum,
1322 5203 1556 5271 suscepit
1580 5205 1802 5272 passibi-

1042 5293 1145 5347 lem
1177 5293 1478 5361 hominem,
1511 5293 1582 5348 ita
1622 5304 1801 5351 tamen

1040 5383 1156 5453 ejus
1170 5385 1492 5440 habitatione
1505 5387 1798 5440 secundum

1041 5490 1191 5530 suam
1229 5476 1578 5532 substantiam
1609 5478 1788 5533 Deitas

1910 4739 2312 4797 celebrandum.

1983 4830 2066 4886 18.
2110 4830 2345 4885 Infantes
2366 4841 2540 4885 autem
2568 4830 2662 4886 de-

1907 4923 2038 4978 bere
2069 4921 2322 4991 baptizari
2370 4921 2423 4976 in
2470 4921 2658 4976 remis-

1903 5019 2110 5072 sionem
2158 5028 2517 5086 peccatorum,
2570 5029 2656 5071 se-

1900 5108 2131 5163 cundum
2159 5107 2394 5178 regulam
2440 5107 2654 5162 univer-

1901 5200 2030 5254 salis
2057 5200 2337 5266 Ecclesice,
2379 5209 2434 5254 et
2460 5214 2652 5254 secun-

1903 5295 2028 5350 dum
2044 5293 2313 5363 Evangelii
2331 5293 2651 5348 sententiam

1902 5386 2240 5454 conﬁtemur,
2272 5393 2298 5420 ιι
2326 5385 2445 5455 quia
2470 5384 2654 5438 Domi-

1897 5491 1998 5532 nus
2044 5478 2226 5532 statuit
2273 5491 2495 5545 regnum
2541 5490 2653 5531 cce-

1379 5569 1833 5624 CASTIGATION
1843 5570 1927 5627 ES
1965 5570 2052 5624 ET
2091 5568 2318 5624 ΝΟΤιΕ.

1893 5663 2162 5731 Pelagiani
2189 5665 2346 5732 vulgo
2367 5665 2627 5735 iactarent
2657 5681 2671 5719 :
2706 5663 2874 5718 Habet
2912 5665 2965 5718 in
3001 5660 3476 5735 infrmtibttsqratia

1890 5736 2025 5802 quod
2053 5734 2290 5804 adoptet;
2331 5749 2430 5786 non
2483 5733 2631 5787 habet
2663 5737 2805 5788 unda
2834 5737 2968 5804 quod
3005 5733 3178 5788 abluat
3220 5733 3469 5804 (Ilypog.

1893 5809 1928 5857 ι.
1962 5805 2037 5873 v).
2058 5802 2166 5860 Cur
2197 5815 2249 5861 ct
2273 5805 2468 5873 szrpius
2499 5816 2766 5874 repeteret
2791 5802 3033 5862 Julianus
3065 5825 3073 5834 ·
3099 5803 3314 5859 Parvuli
3342 5802 3473 5870 [iqu

1661 5661 1787 5717 Sine

1060 5749 1159 5799 quo
1211 5747 1309 5784 non
1355 5740 1469 5782 eaut
1512 5733 1647 5795 scio,
1687 5750 1785 5799 quo

219 5808 334 5850 eam
361 5800 530 5853 nescio
556 5798 711 5867 (Lib.
734 5802 795 5857 de
837 5801 990 5860 I’ecc.
1023 5798 1166 5872 Orig.
1197 5818 1240 5856 c.
1272 5803 1332 5854 21
1359 5801 1398 5870 ).
1427 5801 1536 5858 Cur
1570 5798 1705 5858 item
1730 5803 1782 5858 id

2735 4745 2882 4799 dum.
