3972 6180
473 311 581 368 503

686 447 1016 488 εοειεςτιυε.

471 525 646 579 iurum
687 525 896 579 nonnisi
945 525 1224 593 baptizatis

469 631 625 682 posse
647 617 902 680 conferri,
919 619 1082 688 quod,
1100 619 1222 688 quia

468 710 605 762 vires
637 718 840 764 natura:
861 725 967 764 non
1001 711 1217 773 habent,

466 801 698 855 conferri
746 817 968 857 necesse
1006 812 1086 856 est
1123 819 1219 874 per

463 891 650 956 pratia:
678 890 1004 961 largitatem.

535 981 622 1037 l9.
666 991 693 1022 η
746 983 803 1037 in
848 983 1222 1039 remissionem

464 1082 641 1128 autem
672 1085 1018 1144 peccatorum
1050 1074 1222 1146 bapti-

465 1166 666 1221 zandus
721 1166 956 1220 infantes
984 1209 998 1233 ,
1056 1183 1159 1220 non
1194 1167 1219 1206 δ

465 1262 668 1317 idcirco
719 1262 944 1316 dicimus
996 1275 1050 1317 ιιι
1097 1281 1219 1332 pec-

463 1364 638 1407 catum
669 1369 732 1409 ex
759 1355 978 1410 traduce
1006 1355 1217 1415 ﬁrmare

463 1445 742 1500 videamur
763 1488 777 1511 ,
831 1448 974 1516 quod
1007 1449 1159 1516 longe
1186 1465 1214 1502 a

463 1537 729 1592 eatbolico
773 1553 934 1592 sensu
981 1539 1215 1594 alienum

464 1637 586 1695 est,
646 1629 769 1697 quia
802 1638 1076 1698 peccatum
1111 1646 1216 1686 non

463 1735 583 1774 cum
645 1719 861 1775 homine
928 1722 1215 1788 nascitur,

462 1811 605 1874 quod
638 1812 975 1880 postmodum
1007 1828 1222 1867 exerce-

464 1912 549 1955 tur
578 1901 646 1955 ab
677 1901 894 1956 homine
914 1944 927 1969 ,
960 1903 1083 1972 quia
1113 1918 1217 1957 non

464 2000 668 2047 naturae
698 1992 951 2047 delictum
984 2002 1095 2058 est,
1126 1994 1223 2049 sed

464 2084 754 2140 voluntatis
817 2101 934 2141 esse
998 2087 1215 2143 demon-

464 2183 685 2230 stratur.

536 2265 603 2319 Et
646 2264 773 2319 illud
803 2280 930 2336 ergo
975 2267 1219 2320 conﬁteri

462 2369 757 2426 congruum
781 2369 883 2424 est,
915 2374 980 2412 ne
1003 2358 1219 2413 diversa

465 2450 802 2518 baptismatis
823 2465 1015 2519 genera
1041 2449 1221 2506 facere

464 2541 767 2605 videamur;
793 2550 846 2596 et
868 2542 967 2597 hoc
990 2558 1221 2612 prtemuc

466 2632 581 2686 nire
614 2635 998 2702 necessarium,
1027 2649 1097 2696 ne.
1123 2649 1219 2704 per

464 2722 706 2794 mysterii
747 2725 1082 2779 occasionem
1104 2766 1120 2791 ,
1153 2725 1220 2779 ad

464 2813 740 2868 Creatoris
789 2814 1059 2883 iniuriam,
1109 2830 1222 2869 ma~

467 2904 620 2968 lum,
675 2911 956 2973 antequam
1012 2906 1101 2958 liat
1154 2906 1221 2958 ab

468 2993 706 3059 homine,
733 2994 868 3049 tradi
895 2995 1101 3052 dicatur
1127 2994 1222 3051 ho-

469 3086 600 3141 mini
628 3101 722 3155 per
749 3096 1016 3143 naturam.

539 3176 628 3231 20.
673 3178 954 3240 Hominem
978 3221 993 3247 ,
1026 3182 1071 3236 si
1105 3192 1223 3251 post

467 3268 790 3340 baptismum
833 3271 1013 3339 lapsus
1041 3273 1219 3340 fuerit,

466 3361 630 3432 primo
642 3377 731 3431 per
742 3363 1224 3431 reconciliationem,

467 3450 651 3505 deinde
706 3468 801 3521 per
851 3455 1220 3521 paenitentiam

465 3544 736 3598 credimus
765 3559 922 3613 posse
948 3547 1164 3607 salvari.

533 3632 625 3688 2|.
684 3635 888 3690 Novum
954 3647 1006 3691 et
1069 3648 1222 3693 vetus

462 3723 864 3780 Testamentum
933 3729 1218 3799 recipimus

465 3814 518 3869 iu
566 3816 657 3870 illo
702 3817 956 3873 librorum
992 3837 1217 3875 numero

463 3923 620 3974 quem
697 3921 895 3965 Saucia:
961 3912 1217 3969 Ecclesiae

460 3999 744 4056 catholicae
805 4002 968 4059 tradit
1031 4014 1216 4060 aucto-

461 4091 610 4144 ritas.

529 4183 618 4236 23.
659 4183 881 4240 Animas
907 4201 935 4239 ιι
964 4185 1074 4241 Deo
1102 4185 1214 4241 dari

459 4273 758 4344 credimus,
811 4291 943 4345 quas
988 4277 1058 4332 ab
1101 4277 1216 4347 ipso

460 4361 625 4416 factas
668 4363 935 4430 dicimus,
983 4369 1210 4423 anathe-

460 4454 775 4508 tnatizantes
822 4469 915 4510 eos
957 4458 1046 4526 qui
1097 4460 1210 4512 ani-

459 4559 599 4598 mam
622 4545 770 4614 quasi
795 4557 996 4616 partem
1020 4547 1214 4603 divina

455 4637 643 4691 dicunt
690 4653 810 4693 esse
855 4640 1204 4694 substantiae:

454 4745 642 4785 eorum
691 4747 905 4802 quoque
958 4734 1210 4798 condem-

1280 4643 1588 4696 substantia:

1279 4747 1382 4801 que
1423 4733 1841 4787 condemnamus
1886 4747 2036 4786 erro-

1534 450 1697 490 PELAG
1727 451 1808 491 UI.

903 312 994 367 AD
1036 311 1312 368 PARTE.“
1354 312 1614 370 PRIMUM
1654 308 1937 373 OPEBUM
1980 315 2047 373 Μ.
2093 315 2536 375 ME'RCATORIS
2575 318 2919 374 APPENDIX
2957 317 3274 374 SECUNDA

2078 437 2130 495 A

2366 450 2680 490 ειειεςτιυς

2155 535 2282 579 ante
2310 541 2579 594 peccasse,
2614 526 2696 580 vel
2721 525 2773 578 in
2801 539 2910 580 cm-

2155 617 2221 671 lis
2247 626 2596 674 conversatus
2637 618 2801 673 fuisse
2829 617 2911 671 di-

2152 716 2320 775 cunt,
2371 723 2531 776 quam
2575 708 2629 762 in
2675 722 2908 777 corpora

2153 798 2516 851 mitterentur.

2221 887 2312 942 23.
2355 886 2713 943 Exsecramur
2747 889 2906 945 etiam

2151 996 2336 1037 eorum
2385 981 2768 1051 blaSpbemiam
2817 983 2910 1053 qui

2152 1074 2337 1129 dicunt
2359 1073 2693 1141 impossibile
2707 1073 2907 1143 aliquid

2153 1163 2354 1218 homini
2383 1179 2412 1218 a
2441 1164 2552 1219 Deo
2582 1173 2906 1232 praeceptum

2151 1271 2292 1322 esse,
2317 1266 2372 1310 et
2393 1256 2643 1311 mandata
2669 1257 2780 1323 Dei,
2801 1272 2904 1311 non

2151 1362 2180 1400 a
2218 1347 2464 1416 singulis,
2498 1348 2592 1402 sed
2625 1348 2693 1402 ab
2726 1348 2905 1402 omni-

2151 1439 2251 1494 bus
2318 1441 2370 1494 in
2409 1455 2695 1496 commune
2749 1455 2905 1511 posse

2150 1530 2390 1593 servari;

2219 1621 2311 1674 ιι.
2344 1619 2440 1675 Vel
2472 1621 2557 1690 qui
2589 1623 2787 1690 primas
2815 1638 2905 1677 nu—

2149 1712 2287 1780 ptias
2318 1727 2439 1766 cum
2471 1713 2783 1777 Manichazo,
2815 1725 2904 1769 aut

2076 1799 2125 1859 Β
2153 1804 2414 1858 secundas
2453 1820 2576 1860 cum
2607 1806 2903 1877 Catapbry-

2151 1894 2230 1964 gis
2260 1894 2537 1950 damnant.

2225 1987 2313 2041 25.
2379 1989 2905 2048 Anathematizamus

2151 2079 2312 2135 etiam
2339 2079 2459 2135 illos
2487 2083 2572 2151 qui
2595 2082 2688 2137 Dei
2718 2083 2903 2140 Filium

2153 2173 2472 2228 necessitate
2501 2175 2680 2229 carnis
2710 2178 2905 2231 menti-

2153 2271 2265 2317 tum
2291 2278 2415 2319 esse
2444 2264 2645 2331 dicunt,
2694 2276 2748 2321 et
2782 2283 2901 2325 eum

2153 2361 2371 2420 propter
2389 2365 2718 2424 assumptum
2740 2356 2903 2411 homi-

2153 2457 2273 2495 nem
2334 2459 2440 2498 non
2490 2446 2669 2500 omnia
2728 2447 2903 2503 facere

2153 2533 2391 2601 potuisse
2420 2551 2539 2603 qua:
2569 2537 2756 2592 voluit.

2220 2623 2312 2680 26.
2371 2624 2642 2683 Joviniani
2695 2643 2906 2701 quoque

2152 2714 2471 2771 damnamus
2499 2717 2748 2774 hazresim
2771 2762 2784 2786 ,
2817 2724 2906 2790 qui

2150 2804 2282 2860 dicit
2353 2808 2552 2863 nullam
2628 2809 2681 2864 in
2733 2812 2907 2868 futuro

2152 2897 2464 2952 meritorum
2528 2913 2649 2955 esse
2703 2901 2904 2956 distan-

2151 2989 2279 3042 tiam
2303 3032 2316 3058 ,
2350 3007 2554 3061 nosque
2582 3009 2675 3050 eas
2700 2995 2774 3050 ibi
2803 2996 2903 3050 ha-

2151 3082 2356 3138 bituros
2377 3101 2496 3141 esse
2522 3088 2747 3143 virtutes
2774 3105 2904 3160 quas

1368 3196 1644 3252 "nminem
1671 3240 1686 3264 '
1719 3197 1760 3251 si
1792 3206 1912 3267 post
1956 3197 2048 3252 ω,
2077 3161 2121 3224 C
2154 3172 2463 3267 hiehabcre
2492 3180 2850 3248 negleximus.

1296 3289 1552 3361 ptismum
1612 3289 1792 3358 lapsus
1846 3290 2000 3342 luerit
2027 3328 2047 3354 ,

1293 3396 1389 3455 per
1454 3381 1818 3451 paenitentiam
1871 3381 2044 3439 credi-

1294 3487 1410 3526 mus
1440 3487 1595 3542 posse
1626 3472 1842 3526 salvari.

1362 3633 1568 3688 Novum
1595 3642 1646 3688 et
1675 3642 1826 3687 vetus
1858 3633 2044 3687 Testa-

1289 3734 1525 3780 mentum
1570 3726 1853 3794 rccipimus
1885 3727 1935 3779 iu
1979 3740 2044 3780 eo

1290 3818 1548 3873 libroruin
1605 3834 1831 3873 numero
1883 3834 2039 3888 quem

1289 3923 1487 3967 sanctae
1544 3913 1799 3966 Ecclesia:
1859 3913 2042 3966 catho-

1288 4005 1404 4060 Ιίοω
1433 4004 1594 4059 tradit
1623 4007 1932 4060 auctoritas.

1357 4184 1577 4238 Animas
1601 4197 1630 4236 a
1656 4181 1769 4235 Deo
1790 4181 1899 4234 dari
1923 4196 2039 4236 creo

1287 4275 1483 4338 dimus,
1503 4289 1634 4344 quas
1649 4273 1716 4328 ab
1742 4275 1854 4343 ipso
1875 4272 2039 4327 factas

1287 4369 1516 4424 dicimus
1540 4409 1554 4430 .
1583 4366 2038 4422 anathematizan-

1288 4470 1367 4515 tes
1396 4474 1491 4515 eos
1513 4459 1600 4529 qui
1631 4461 1859 4513 animam
1883 4456 2036 4528 quasi

2220 3263 2309 3320 27.
2351 3266 2599 3322 Liberum
2630 3271 2708 3329 sic
2731 3271 2901 3326 conli-

2153 3365 2328 3411 temur
2350 3359 2649 3426 arbitrium,
2680 3373 2734 3415 ut
2756 3363 2904 3418 dica-

2149 3461 2271 3502 mus
2297 3463 2395 3502 nos
2415 3465 2626 3520 semper
2647 3452 2740 3507 Dei
2764 3454 2902 3508 indi-

2147 3553 2272 3607 gere
2299 3542 2538 3596 auxilio:
2566 3552 2620 3598 et
2647 3554 2752 3599 tam
2781 3547 2902 3603 illos

2147 3645 2329 3686 errare
2351 3633 2440 3702 qui
2464 3649 2583 3688 cum
2608 3636 2901 3693 Manichmo

2145 3721 2325 3777 dicunt
2342 3724 2606 3781 hominem
2627 3738 2899 3797 peccatum

2145 3814 2313 3869 vitare
2359 3832 2465 3870 non
2498 3832 2653 3886 posse
2677 3858 2692 3882 .
2739 3835 2896 3888 quam

2145 3904 2267 3960 illos
2313 3907 2404 3977 qui
2451 3924 2572 3963 cum
2613 3909 2896 3968 Joviuiano

2145 4006 2392 4052 asserunt
2449 3999 2719 4056 hominem
2787 4019 2892 4058 non

2145 4101 2300 4155 posse
2348 4105 2613 4159 peccare;
2673 4102 2894 4163 uterque

2143 4183 2285 4235 enim
2316 4183 2454 4237 tollit
2479 4185 2682 4239 arbitrii
2729 4187 2892 4242 liber-

2143 4278 2325 4326 tatem.
2359 4271 2466 4327 Nos
2509 4290 2635 4330 vero
2665 4275 2892 4331 dicimus

2143 4359 2411 4418 hominem
2439 4379 2652 4435 semper
2680 4377 2733 4421 et
2765 4381 2892 4436 pec-

2141 4466 2284 4518 care,
2316 4463 2370 4509 et
2396 4472 2498 4510 non
2527 4473 2745 4526 peccare
2772 4473 2896 4526 pos-

1285 4561 1488 4620 partem
1509 4551 1698 4606 divinae
1718 4550 1901 4605 dicunt
1920 4565 2037 4605 esse
2067 4533 2115 4592 ί)
2139 4558 2223 4608 se.
2256 4554 2313 4599 ut
2341 4561 2438 4600 nos
2462 4548 2612 4602 liberi
2639 4549 2896 4604 conﬁtea-

1630 4659 1644 4695 :
1685 4657 1868 4696 eorum
1899 4655 2033 4711 quo-

454 4836 646 4876 namus
691 4839 928 4880 errorem
980 4824 1071 4897 qui
1120 4840 1212 4880 eas
1282 4838 1396 4878 rem
1445 4823 1534 4894 qui
1583 4837 1676 4878 eas
1725 4833 1851 4876 ante
1908 4838 2031 4892 pec-

1614 4935 2159 4993 CASTIGATIONES
2198 4936 2284 4990 ET
2322 4935 2551 4992 ΝΟΤᾸΞ.

456 5053 705 5119 baptismo
727 5071 827 5108 non
853 5070 915 5108 ea:
935 5056 1083 5108 malis
1110 5054 1247 5118 boni,
1273 5055 1361 5109 sed
1386 5069 1448 5109 ea:
1467 5053 1610 5108 bonis
1633 5053 1888 5120 meliores,
1913 5060 2019 5109 etc.

453 5124 474 5191 (
501 5123 617 5194 Lib.
643 5123 796 5194 Oper.
826 5123 1044 5192 Imperf.
1080 5142 1123 5176 ε.
1150 5126 1218 5179 55
1237 5127 1278 5193 ).

529 5202 554 5228 ι
583 5192 713 5264 Cum
740 5205 1058 5262 urgerentur
1078 5195 1343 5264 Pelagiani
1374 5205 1431 5249 ut
1452 5201 1780 5261 exponerent
1806 5208 1906 5262 qua
1940 5209 2026 5247 ra-

457 5261 601 5316 tione
625 5262 727 5316 dici
759 5261 977 5330 possent
1008 5261 1238 5319 infantes
1270 5267 1521 5332 baptizari
1561 5267 1610 5318 iu
1646 5265 2022 5318 remissionem

455 5344 819 5400 peccatorum,
864 5335 907 5387 si
953 5335 1111 5389 modo
1165 5347 1409 5389 carerent
1457 5342 1706 5401 peccato.
1743 5334 1870 5386 nihil
1917 5349 2022 5388 non

451 5405 742 5458 commenti
772 5413 916 5457 sunt.
939 5405 1302 5472 Baptizantur,
1333 5405 1660 5474 inquiebant,
1680 5404 1732 5460 in
1754 5405 2026 5458 remissio-

455 5487 975 5544 nempeccatorum,
1001 5476 1080 5529 vel
1105 5476 1226 5544 quia
1256 5474 1307 5528 in
1335 5475 1596 5534 Ecclesia.
1632 5476 1684 5527 in
1717 5489 1816 5544 qua
1851 5475 1909 5544 iit
1938 5490 2024 5529 re-

456 5543 641 5599 missio
686 5553 1057 5611 peccatorum;
1090 5543 1172 5598 vel
1220 5547 1343 5612 quia
1374 5543 1742 5607 sacramento,
1771 5543 1911 5612 quod
1941 5559 2029 5598 re-

453 5616 632 5670 mittat
661 5614 917 5681 quidquid
950 5615 1217 5682 repererit
1247 5623 1614 5684 peccatorum;
1648 5614 1730 5669 vel
1762 5613 1881 5682 quia
1926 5629 2028 5668 no-

453 5686 601 5740 mine
621 5684 947 5753 Christi,qui
970 5700 1064 5753 pro
1088 5686 1334 5740 omnibus
1361 5684 1705 5750 redimendis,
1733 5685 2030 5751 praesertim

452 5755 863 5822 peccatoribus,
897 5765 1140 5814 mortuus
1167 5767 1275 5820 est;
1309 5756 1392 5812 vel
1423 5764 1479 5813 ut
1509 5754 1798 5824 aliquando
1823 5754 2036 5825 possint

2143 4652 2262 4691 mur
2290 4652 2411 4692 esse
2439 4639 2667 4693 arbitrii.

2208 4729 2299 4784 28.
2321 4730 2442 4785 Haec
2464 4739 2545 4785 est
2575 4731 2706 4786 lides
2734 4746 2892 4801 quam

2139 4822 2189 4877 in
2213 4822 2473 4877 catholica
2493 4822 2780 4878 didicimus
2794 4826 2897 4880 Ec-

3632 319 3734 375 505

3223 448 3494 489 PELAGIUB.

2980 538 3136 580 casse
3158 566 3173 590 ,
3215 527 3295 579 vel
3341 525 3392 579 in
3423 525 3577 581 caelis
3607 540 3737 580 con-

2981 629 3220 672 vcrsatas
3277 616 3444 673 fuisse
3503 618 3734 683 dicunt,

2981 724 3139 778 quam
3199 709 3249 763 in
3299 724 3521 779 corpora
3553 710 3737 764 mitte-

2980 811 3185 855 rentur.

3050 879 3413 947 Exsecramur
3449 893 3610 947 etiam
3641 907 3737 946 eo-

2981 999 3100 1038 rum
3127 984 3515 1054 blasphemiam
3542 984 3633 1054 qui
3665 985 3740 1039 di-

2980 1085 3109 1132 cunt
3161 1077 3490 1147 impassibile
3535 1077 3735 1147 aliquid

2981 1169 3187 1224 homini
3214 1185 3243 1224 a
3269 1169 3380 1224 Deo
3408 1180 3736 1240 praeceptum

2979 1275 3119 1325 esse,
3145 1270 3199 1316 et
3221 1262 3465 1315 mandata
3490 1262 3604 1327 Dei,
3630 1278 3735 1316 non

2978 1366 3008 1404 a
3035 1351 3265 1420 singulis
3291 1394 3306 1416 ,
3346 1351 3438 1406 sed
3466 1352 3533 1405 ab
3559 1355 3735 1406 omni-

2979 1443 3076 1498 bus
3137 1445 3188 1498 in
3246 1459 3531 1500 commune
3574 1459 3736 1516 posse

2977 1539 3178 1592 servari
3194 1553 3209 1602 ;
3633 1555 3635 1558 ·

3046 1627 3143 1683 Vel
3172 1627 3262 1697 qui
3293 1629 3491 1697 primas
3518 1631 3732 1700 nuptias

2975 1731 3095 1772 cum
3127 1718 3420 1773 Manichaee
3446 1761 3461 1783 ,
3511 1730 3603 1775 aut
3647 1735 3734 1776 se-

2976 1809 3179 1864 cundas
3226 1824 3344 1864 cum
3376 1809 3735 1883 Cataphrygis

2976 1899 3253 1957 damnant.

3031 1992 3559 2048 Anathematizamus
3573 1995 3731 2050 etiam

2978 2084 3101 2139 illos
3142 2086 3233 2155 qui
3269 2086 3365 2142 Dei
3397 2087 3590 2143 Filium
3639 2105 3733 2145 ne-

2976 2176 3227 2231 cessitate
3247 2179 3425 2232 carnis
3449 2181 3731 2235 mentitum

2975 2279 3097 2320 esse
3124 2266 3344 2332 dicunt,
3374 2277 3428 2322 et
3454 2283 3578 2323 eum
3611 2285 3735 2339 pro-

2977 2367 3094 2425 pter
3107 2372 3438 2429 assumptum
3459 2363 3734 2418 hominem

2977 2462 3082 2503 non
3110 2451 3287 2506 omnia
3322 2452 3497 2509 facere
3531 2456 3735 2524 potuis-

2975 2553 3035 2593 se
3061 2555 3180 2608 qua:
3204 2541 3397 2596 voluit.

2979 2662 2982 2663 ν
3047 2627 3313 2688 Joviniani
3344 2648 3555 2704 quoque
3581 2635 3736 2690 dam-

2981 2735 3169 2776 namus
3191 2721 3463 2793 bzeresim,
3487 2727 3576 2794 qui
3604 2727 3740 2782 dicit

2979 2814 3177 2868 nullam
3208 2815 3260 2868 in
3292 2815 3474 2871 futuro
3515 2819 3739 2873 merito-

2978 2920 3093 2960 rum
3116 2920 3238 2961 esse
3264 2906 3594 2972 distantiam,
3619 2924 3738 2964 uos-

2973 3011 3076 3067 que
3095 3011 3188 3051 eas
3213 2997 3280 3052 ibi
3307 2998 3584 3054 habituros
3613 3015 3736 3056 esse

2974 3089 3196 3142 virtutes
3241 3103 3375 3158 quas
3415 3089 3502 3146 hic
3532 3090 3736 3148 habere

2951 3179 3388 3247 neglexerimus.

3047 3269 3296 3324 Liberum
3317 3271 3395 3326 sic
3416 3273 3738 3328 conﬁtemur

2973 3360 3275 3426 arbitrium,
3290 3370 3350 3414 ut
3370 3361 3612 3418 dicamus
3636 3379 3735 3418 nos

2972 3465 3189 3522 semper
3218 3453 3315 3508 Dei
3343 3455 3587 3525 indigere
3632 3472 3732 3509 au-

2974 3545 3101 3600 xilio
3135 3562 3147 3598 :
3179 3554 3234 3601 et
3261 3556 3367 3600 tam
3397 3548 3518 3602 illos
3546 3564 3735 3603 errare

2972 3634 3204 3706 quicum
3221 3635 3518 3693 Manichteo
3545 3639 3734 3693 dicunt

2973 3728 3246 3784 hominem
3309 3741 3587 3800 peccatum
3645 3735 3729 3785 vi-

2973 3827 3087 3874 tare
3104 3835 3210 3874 non
3227 3835 3406 3891 posse,
3422 3839 3578 3892 quam
3605 3823 3733 3877 illos

2969 3911 3057 3980 qui
3098 3927 3219 3966 cum
3249 3911 3530 3968 Joviniano
3577 3929 3734 3969 asse-

2969 4011 3095 4057 runt
3131 4004 3399 4058 hominem
3430 4020 3534 4059 non
3565 4020 3730 4075 posse

2967 4107 3238 4162 peccare;
3297 4104 3524 4165 uterque
3574 4099 3725 4151 enim

2967 4184 3103 4238 tollit
3140 4185 3349 4240 arbitrii
3394 4187 3724 4241 libertatem.

2963 4275 3070 4329 Nos
3104 4291 3232 4331 vero
3270 4276 3499 4331 dicimus
3545 4279 3728 4332 homi-

2967 4381 3088 4422 nem
3118 4381 3332 4435 semper
3358 4379 3414 4424 et
3444 4384 3667 4440 peccare
3704 4414 3720 4437 ,

2965 4467 3019 4510 et
3051 4473 3158 4511 non
3197 4473 3423 4527 peccare
3452 4475 3629 4530 posse,
3665 4471 3730 4516 ut

2965 4563 3180 4619 semper
3221 4565 3320 4606 nos
3363 4553 3514 4607 liberi
3553 4556 3727 4609 conli-

2968 4651 3175 4697 teamur
3202 4658 3323 4698 esse
3349 4644 3576 4699 arbitrii.

3037 4734 3162 4788 llaec
3213 4734 3347 4790 ﬁdes
3401 4745 3484 4790 est
3516 4776 3532 4800 ,
3590 4752 3727 4806 papa

2967 4824 3298 4892 beatissime,
3326 4840 3487 4898 quam
3524 4827 3576 4880 in
3625 4828 3729 4883 Ec-

2124 5054 2378 5136 consequi
2414 5056 2805 5136 remissionem
2855 5069 3220 5136 peccatorum,
3274 5063 3320 5117 si
3366 5063 3720 5136 qu:e_adulti

2124 5125 2527 5202 commiserint;
2573 5128 2654 5181 vel
2685 5125 2915 5199 denique
2942 5147 3007 5185 ne
3038 5125 3250 5186 diversa
3280 5125 3478 5202 genera
3508 5133 3720 5201 baptis-

2126 5195 2284 5248 matis
2312 5196 2675 5263 celebrentur,
2702 5208 2754 5253 et
2785 5195 2889 5255 non
2924 5217 3023 5255 una
3055 5202 3122 5255 sit
3157 5195 3477 5256 univérsalis
3527 5195 3721 5258 Eccle—

2126 5268 2220 5344 site
2247 5266 2589 5344 regulatetc.
2811 5286 2867 5324 ιιι
2893 5282 3071 5344 contra
3095 5271 3207 5325 Jul.
3236 5289 3283 5326 ε.
3315 5275 3379 5341 5,
3405 5285 3452 5327 et
3481 5272 3570 5326 lib.
3610 5274 3719 5344 0p.

2126 5333 2346 5411 Imperi.
2374 5352 2420 5388 ε.
2450 5337 2540 5411 53,
2573 5348 2618 5390 et
2637 5333 2770 5393 ἰιιὶὸὶ
2800 5343 3034 5411 passim).

2196 5403 2225 5442 δ
2257 5403 2378 5479 Tria
2410 5407 2615 5479 profert
2637 5403 2970 5476 argumenta,
2997 5403 3066 5465 'ad
3091 5427 3208 5479 quae
3231 5421 3424 5468 etetera
3455 5429 3720 5469 revocan-

2132 5484 2241 5540 tur,
2258 5474 2459 5552 quibus
2476 5476 2605 5530 ﬁdes
2628 5480 2887 5534 catholica
2913 5474 3219 5551 impugnata
3237 5491 3319 5537 est
3343 5484 3441 5535 hac
3463 5483 3514 5535 in
3536 5495 3712 5552 parte,

2132 5543 2274 5612 quod
2293 5558 2717 5622 _peccatum_uon
2751 5543 3019 5615 nascatur,
3049 5543 3140 5608 sed
3183 5561 3501 5622 exerceatur
3518 5543 3710 5622 {quod

2134 5629 2239 5692 non
2261 5615 2330 5692 sit
2351 5627 2554 5692 natura:
2576 5618 2854 5692 delictum,
2878 5623 2973 5677 sed
2997 5621 3488 5690 voluntatis;un
3515 5615 3716 5692 inj'uria

2136 5685 2231 5767 liat
2267 5685 2533 5767 (greatori,
2566 5688 2839 5767 si_malum
2871 5707 2967 5761 per
2999 5704 3272 5762 naturam,
3302 5685 3421 5764 qua:
3453 5685 3590 5767 opus
3615 5695 3720 5756 Dei

2136 5765 2239 5822 est,
2271 5753 2480 5814 dicatur
2503 5757 2659 5816 tradi.
