3948 6188
260 314 352 372 505
420 309 724 368 DISSERT.
767 309 832 366 γ.
876 309 964 365 DE
1004 310 1313 373 LIBELLIS
1349 310 1529 366 FIDE!
1564 308 1872 367 SCRIPTIS
1910 310 2001 367 AB
2043 311 2474 370 AUCTORIBUS
2512 313 2831 374 HERESIS
2869 318 3310 379 PELAGIANE.
3376 326 3498 381 δοῦ

450 439 782 485 εαῖιεςτιυε.
1302 439 1576 482 ηιλῦιυε.

261 518 403 573 clcsia
428 559 443 581 ,
480 534 746 588 quamque
781 531 995 585 semper
1066 516 1226 572 clesia
1244 517 1503 572 catholica
1518 516 1824 585 didicimus,

264 610 997 678 tenuimus;quamcredimus
1068 622 1337 677 quamque
1385 624 1600 677 semper
1648 609 1827 662 tenui-

260 714 308 759 et
331 718 357 756 a
383 701 532 755 nobis
557 701 811 770 deinceps
840 714 997 771 posse
1069 714 1188 757 mus
1217 710 1272 755 et
1297 709 1540 755 tenemus
1558 740 1575 765 ,
1626 699 1678 754 in
1720 715 1825 770 qua

263 795 435 850 teneri.
1068 789 1114 843 si
1136 790 1312 846 minus
1332 791 1502 861 perite
1522 800 1615 845 aut
1639 804 1825 860 parum

1070 892 1230 939 caute
1256 882 1456 953 aliquid
1498 881 1641 937 forte
1684 882 1829 949 posi-

1074 986 1184 1030 tum
1211 984 1293 1029 est
1319 1015 1335 1041 ,
1377 974 1649 1030 emendari
1674 974 1827 1043 cupi-

1074 1082 1193 1122 mus
1222 1082 1251 1120 a
1280 1074 1362 1129 te,
1388 1066 1478 1135 qui
1509 1066 1653 1120 Petri
1684 1075 1737 1121 et
1768 1068 1831 1118 li-

1069 1159 1193 1213 dem
1220 1167 1273 1213 ει
1297 1158 1481 1211 sedem
1530 1168 1710 1221 tenes;
1742 1156 1827 1211 sin

1070 1262 1249 1305 autem
1297 1247 1411 1302 lucc
1457 1257 1639 1302 nostra
1691 1262 1818 1301 con-

1071 1340 1236 1395 lessio
1275 1339 1606 1408 apostolatus
1638 1340 1711 1394 tui
1736 1339 1827 1408 ju-

1071 1432 1214 1487 dicio
1259 1432 1638 1501 comprobatur
1662 1475 1677 1499 ,
1708 1432 1828 1501 qui-

1070 1540 1299 1594 cumque
1323 1541 1407 1580 me
1438 1525 1709 1581 maculare
1736 1539 1826 1579 vo-

1073 1618 1251 1680 luerit,
1283 1632 1344 1671 se
1374 1617 1711 1686 imperitum,
1743 1615 1829 1671 vel

1072 1714 1393 1768 malevolum
1429 1753 1445 1777 ,
1512 1712 1593 1766 vel
1668 1711 1827 1765 etiam

1071 1825 1179 1863 tton
1203 1807 1523 1862 catholicum
1549 1847 1565 1872 ,
1610 1820 1713 1860 non
1746 1820 1831 1861 me
1862 1799 1908 1859 B

1071 1900 1380 1957 haereticum
1428 1898 1823 1970 comprobabit.

312 1988 394 2043 29.
428 1987 487 2045 Si
511 2006 632 2058 quae
655 2003 782 2044 vero
812 1999 836 2026 ι
857 2005 999 2057 ρι’ω-
1481 2015 1489 2021 ν

250 2090 322 2137 ter
342 2082 499 2138 [idem
514 2085 840 2154 quaesﬁones
859 2094 999 2139 natae

252 2182 385 2238 sunt,
424 2175 497 2230 de
523 2176 721 2244 quibus
751 2187 892 2232 esset
920 2180 1001 2233 itt-

253 2277 325 2321 tcr
364 2268 658 2337 plerosque
702 2273 999 2347 contentio,

254 2373 345 2410 non
372 2374 479 2428 ego
508 2361 660 2429 quasi
691 2373 879 2417 auctor
899 2365 999 2419 ali-

249 2450 386 2517 cujus
427 2450 729 2521 drgmatis,
778 2456 996 2510 deﬁnita

250 2539 339 2596 ltoc
394 2545 726 2602 auctoritate
789 2551 997 2615 statui;

248 2633 330 2688 sed
358 2651 418 2690 ea
454 2633 483 2697 1³
512 2652 633 2706 qua:
667 2637 736 2694 de
766 2640 1001 2709 prophe-

250 2736 406 2782 tarum
497 2739 553 2785 et
635 2734 999 2798 apostolorum
1098 2794 1101 2795 ν

246 2819 383 2873 fonte
458 2824 708 2890 suscepi,
763 2834 785 2863 ο
839 2827 1002 2882 vestri

248 2912 579 2977 apostolatus
592 2912 869 2970 obl-rimus
887 2933 1004 2985 pro—

248 3000 409 3058 banda
434 2998 651 3073 judicio
670 3050 683 3073 ,
710 3018 766 3061 ut
791 3008 838 3063 si
863 3008 1000 3065 forte

248 3101 299 3146 ut
352 3095 673 3152 horninibus
734 3101 998 3171 quispiam

246 3184 565 3254 ignorantia:
580 3204 735 3245 error
749 3192 1005 3261 obrepsev

245 3278 307 3330 rit
326 3319 341 3340 ,
363 3289 550 3337 vestra
590 3285 854 3339 sententia
883 3300 1004 3340 cor-

246 3368 475 3437 rigatur.

245 3486 1687 3513 ..ὴ-..Μή

1690 3498 1811 3511 ..ῳ

370 3564 1098 3641 BREVIABIUM
1152 3573 1706 3643 EPISTOLZE

248 3683 413 3736 QUAM
449 3690 682 3734 VELUTI
712 3694 1010 3739 BEGULAM
1034 3698 1209 3740 FIDE!
1236 3699 1601 3742 COELESTIUS
1630 3700 1830 3743 SCRIP-

381 3769 484 3811 ειτ
514 3772 602 3812 ΔΙ)
632 3772 929 3818 αιιζιιιοοε
967 3777 1260 3821 ιιοΜΑΝοε
1290 3779 1424 3821 SUE
1453 3779 1694 3822 PARTIS.

311 3940 608 4016 Epistolam
633 3942 772 3998 hanc
806 3944 1128 4012 Augustinus
1155 3946 1292 4015 (Lib.
1325 3962 1341 4000 ι
1368 3948 1437 3999 ad
1469 3943 1669 4016 Bonif.)
1694 3945 1822 3999 olim

246 4008 450 4069 Juliano
484 4014 697 4077 tribuit,
721 4016 814 4070 sed
848 4008 1069 4072 fallente
1094 4008 1421 4085 conjectura,
1464 4029 1520 4069 ut
1547 4008 1689 4083 smne
1709 4016 1825 4070 dte-

249 4090 501 4224 lu13)€5lo
534 4085 775 4141 Caelestii
802 4103 922 4142 esse
961 4088 1094 4141 alias
1124 4088 1459 4143 ostendimus
1489 4087 1732 4159 (Dium.
1770 4092 1820 4153 l,

249 4165 287 4202 ε.
394 4192 409 4206 .

244 4165 287 4202 ε.
318 4165 409 4206 Ζ).

309 4222 440 4296 Data
469 4234 559 4296 est
607 4225 789 4281 statim
839 4236 959 4296 post
990 4227 1386 4282 damnationem
1434 4226 1676 4289 haeresis,
1710 4235 1763 4281 et
1790 4241 1821 4281 a

244 4289 452 4349 Zosimo
472 4293 696 4360 factam,
722 4306 775 4350 et
800 4289 996 4352 a'clero
1023 4296 1183 4352 Urbis
1202 4308 1491 4363 receptam.
1507 4308 1558 4351 et
1580 4298 1818 4351 omnium

243 4363 641 4437 subscriptione
674 4366 957 4422 ﬁrmatam.
989 4366 1142 4422 Unde
1182 4383 1210 4419 a
1242 4366 1542 4437 Pelagianis
1571 4367 1817 4435 pontifex

245 4433 525 4505 clarusque
560 4436 832 4492 llomanus
880 4440 1341 4505 praevaricationis
1375 4433 1669 4491 accusa—tus
1711 4450 1813 4492 εει.

246 4500 364 4555 Data
414 4500 523 4572 est,
575 4507 833 4573 inquam,
880 4500 1061 4560 statim
1102 4522 1130 4560 a
1185 4509 1555 4572 damnatione,
1601 4509 1815 4562 vivente

240 4573 535 4646 etiamnum
564 4573 779 4630 Zusinto
808 4578 827 4644 (
852 4576 964 4630 Lib.
998 4593 1015 4632 t
1045 4581 1113 4629 ad
1142 4577 1317 4645 Boni].
1349 4597 1396 4631 ε.
1432 4577 1522 4646 15)
1548 4619 1563 4641 ,
1597 4592 1703 4642 quo
1733 4579 1815 4632 ni-

242 4644 428 4698 mirum
456 4655 702 4717 tempore
724 4646 989 4717 Pelagiani
1012 4644 1379 4717 vehementius
1402 4644 1811 4715 premebantur;

238 4726 406 4787 neque
426 4715 578 4787 enim
610 4717 723 4770 dari
750 4715 921 4786 potuit
949 4726 1068 4786 post
1095 4715 1293 4772 Zosimi
1318 4718 1541 4782 obitum,
1574 4718 1663 4787 qui
1685 4733 1814 4771 cono

238 4783 351 4850 tigit
391 4786 597 4858 eodem
640 4783 781 4858 anno
818 4802 925 4858 quo
949 4783 1191 4843 ltieresis
1239 4790 1487 4841 damnata
1527 4783 1631 4858 esi.
1679 4787 1811 4841 Nam

238 4857 401 4927 premi
450 4873 482 4910 a
508 4852 803 4927 "Boniti-cio
832 4852 937 4912 non
995 4858 1322 4925 potuissent,
1363 4857 1616 4927 quamdiu
1646 4858 1814 4926 viguit

234 4923 467 4995 srhisma
505 4926 720 4991 Eulalii,
746 4929 886 4995 quod
913 4923 1234 4984 exstinctum
1272 4923 1392 4983 non'
1406 4939 1490 4983 est
1510 4938 1633 4983 ante
1664 4923 1814 4982 nien-

235 5006 341 5047 sun
368 4994 576 5051 Julium
601 5013 727 5052 ann.
766 4994 893 5054 M9.

1842 430 1896 486 Α
1930 497 1941 504 _
1993 426 2260 482 Directam
2289 444 2400 504 non
2426 430 2618 504 opinor
2644 430 2711 485 ad
2742 440 2909 504 totum
2931 435 3138 492 clerum
3175 438 3498 504 Romanum.

1930 497 1981 579 in
2013 509 2323 579 quaerant
2354 497 2476 552 viri’
2499 501 2612 579 ﬁde
2647 503 3050 579 spectatissimi,
3094 517 3149 561 ut
3180 497 3501 579 Bonifacius,

1927 565 2283 643 leestinus._
2305 569 2414 623 Leo
2444 579 2497 643 et
2524 571 2643 643 alii;
2679 565 2775 627 sed
2807 574 2871 627 ad
2912 565 3058 630 solos
3087 584 3343 643 quosdam
3367 565 3500 636 anni:

1926 651 2039 703 cos,
2074 638 2165 704 qui
2201 638 2290 691 vel
2323 642 2586 713 nutabant
2627 642 2680 695 in
2732 649 3023 713 proposito,
3070 638 3153 701 vel
3203 650 3500 707 instruendi

1926 716 2082 778 erant
2104 722 2208 778 qua
2236 708 2445 764 ratione
2482 708 2744 766 nutantes"
2766 708 2903 768 alios
2954 708 3266 773 retinerent.
3296 722 3350 775 Id
3396 741 3501 778 non

1926 776 2410 858 obscure-insinuat
2438 781 2763 849 Augustinus
2796 784 2814 851 (
2838 784 2951 840 Lib.
2978 803 2993 840 ι
3019 789 3087 840 ad
3116 788 3291 858 Boni].
3320 806 3367 843 c.
3399 776 3424 843 l
3454 776 3498 857 )7,

1926 858 1983 898 ut
2009 863 2098 966 μέν
2126 846 2289 913 illam,
2336 864 2462 916 quos
2493 846 2685 918 posset,
2711 846 2831 905 suos
2877 865 2967 907 aut
2992 846 3261 927 inveniret;
3293 871 3380 914 aut
3421 846 3503 933 {.11

1927 931 2041 966 cere
2069 956 2083 966 .

1927 931 2083 970 ceret.

1998 984 2147 1063 Clam
2176 988 2676 1063 communicabatur
2692 990 2877 1045 amicis
2899 994 3162 1063 manibus,
3187 1007 3502 1055 utsummns

1931 1055 2171 1130 pontifex
2218 1071 2334 1110 eam
2369 1058 2581 1130 Ahaberc
2619 1075 2722 1113 non
2760 1062 2995 1130 potuerit
3038 1055 3496 1125 transmittendam

1930 1126 2702 1207 nougttstino‘nqtti_rel'elleret,
2736 1126 2837 1185 nisi
2862 1132 3251 1203 vigilantissima
3280 1146 3497 1207 fratrum

1928 1197 2193 1263 diligentia
2221 1195 2430 1266 (lbid.).

2002 1266 2375 1319 l’lenissitnain
2404 1282 2526 1322 esse
2565 1269 2951 1326 calumniarum
2977 1275 3240 1331 adversus
3283 1279 3503 1333 catltoli.

1929 1350 2044 1399 cos,
2069 1336 2778 1418 demonstrat}ugustinus,
2802 1342 3029 1418 singulis
3061 1348 3414 1418 respondens,
3448 1364 3503 1404 ut

1929 1405 2259 1478 superﬂuum
2288 1409 2356 1459 sit
2384 1408 2580 1461 diutius
2613 1409 2711 1461 hac
2738 1411 2788 1462 in
2822 1405 2972 1478 paite
2996 1405 3221 1471 v’ersa'ri.

2000 1475 2217 1529 Miratus
2248 1492 2366 1537 sum
2412 1488 2588 1531 autem
2625 1495 2728 1533 non
2757 1475 2969 1549 parum,
3000 1500 3120 1538 cum
3146 1488 3504 1543 animadverti

1896 1592 1899 1593 ν
1931 1559 1997 1624 ex
2033 1559 2240 1614 septem
2272 1548 2704 1624 capitibus__qum
2755 1548 3042 1607 catholicis
3077 1558 3403 1624 objiciuntur
3437 1562 3506 1613 alt

1932 1615 2144 1694 impuro
2171 1619 2431 1694 spadone,
2459 1615 2686 1694 nullum,
2720 1634 2917 1694 pneter
2945 1615 3189 1680 ultimum
3211 1670 3224 1692 ,
3250 1631 3391 1694 quod
3420 1643 3504 1684 εει

1932 1685 2008 1760 de
2046 1685 2244 1760 virtute
2291 1689 2562 1760 baptismi,
2599 1685 3011 1747 non'contineri
3056 1685 3222 1760 apud'
3253 1685 3501 1753 Plautium

1934 1754 2096 1826 (Cod.
2123 1756 2245 1820 177,
2287 1759 2339 1810 in
2362 1754 2593 1826 erccrpt.
2633 1776 2695 1812 ea:
2729 1760 2869 1815 iibris
2896 1761 2928 1815 5
2962 1754 3154 1819 Tltco‘d.
3204 1770 3401 1821 advers.
3441 1769 3501 1824 S.

1934 1824 2093 1895 Aug.)
2136 1824 2681 1905 recensentem'Opus
2717 1830 2981 1886 Theodori
3012 1836 3368 1905 Mopsuesteni
3400 1841 3498 1891 ads

1932 1911 2123 1951 versus
2153 1906 2397 1951 sanctum
2422 1901 2809 1967 Augustinum,
2843 1913 2899 1957 ut
2945 1901 3113 1960 docet
3136 1906 3416 1962 Mercator.
3447 1909 3502 1963 ltl

1930 1978 1986 2048 ut
2013 1968 2184 2049 lector
2216 1969 2422 2022 facilius
2442 1969 2730 2049 intueatur,
2761 1973 2871 2049 visa
2903 1984 3026 2049 sunt
3056 1979 3334 2048 utriusque
3360 1978 3503 2049 0pc-

1928 2037 2004 2093 ris
2032 2038 2327 2107 fragmenta
2353 2041 2679 2111 παραλλήλως
2701 2041 3010 2101 referenda.

1927 2261 2244 2317 C(ELESTIUI
2305 2276 2441 2315 APUD
2507 2274 2686 2316 AUGU-
2751 2260 3222 2320 THEODORUSAPUD
3242 2265 3499 2321 Ριιοτιυιι.

2184 2345 2401 2387 81⁸11101.

1998 2445 2192 2499 Dicunt
2240 2445 2313 2499 iili
2360 2444 2637 2499 Manichaai
2664 2484 2679 2511 ,

1927 2536 2123 2606 quibus
2143 2536 2301 2590 modo
2320 2552 2424 2589 non
2452 2550 2684 2588 continu-

1928 2626 2192 2693 nicamus,
2226 2626 2278 2680 id
2310 2635 2424 2693 est,
2458 2625 2554 2680 toti
2595 2627 2681 2680 lati

1927 2734 2051 2773 cum
2084 2718 2280 2788 quibus
2307 2718 2679 2786 dissentimus,

1928 2810 2050 2879 quia
2071 2810 2226 2878 primi
2250 2809 2684 2881 bominispecca-

1930 2907 2014 2964 to,
2046 2898 2095 2953 id
2123 2908 2238 2964 est,
2267 2900 2425 2965 Adae,
2456 2900 2680 2955 liberum

1928 2989 2207 3043 atbitrium
2239 2990 2491 3059 perierit,
2532 2999 2586 3044 et
2615 3004 2717 3046 ne-

1932 3083 2137 3150 mojam
2160 3094 2477 3153 petestatctn
2494 3085 2685 3139 habeat

1854 3166 1901 3227 C
1935 3173 2069 3227 bene
2097 3174 2331 3239 vivendi,
2373 3174 2466 3228 sed
2498 3190 2684 3229 omnes

1931 3267 1982 3319 in
2033 3278 2309 3335 peccatum
2357 3267 2535 3321 carnis
2572 3281 2684 3321 sua:

1932 3356 2248 3413 necessitate
2273 3366 2547 3428 cogantur.

1994 4360 2185 4416 Dicunt
2211 4361 2373 4416 etiam
2404 4361 2535 4415 istas
2554 4373 2676 4429 qua:

1920 4454 2081 4507 modo
2125 4461 2355 4521 aguntur
2382 4451 2601 4518 nuptias
2642 4465 2674 4505 a

1841 4529 1893 4589 D
1920 4546 2029 4600 Deo
2052 4544 2324 4599 institutas
2346 4558 2449 4598 non
2480 4542 2670 4610 fuisse,

1916 4636 2059 4705 quod
2112 4637 2165 4691 itt
2213 4636 2351 4691 libro
2392 4635 2676 4705 Augustini

1917 4727 2135 4797 legitur,
2170 4738 2357 4783 contra
2388 4742 2547 4796 quem
2572 4741 2675 4795 ego

1921 4819 2081 4873 modo
2106 4829 2336 4889 quatuor
2356 4818 2554 4873 libellis
2584 4834 2673 4873 re-

1918 4909 2108 4975 apondi
2131 4950 2147 4975 ,
2198 4909 2350 4978 cujus
2390 4912 2429 4962 Α
2442 4909 2672 4979 ugustini

1916 4998 2062 5054 dicta
2084 5000 2287 5054 inimici
2310 5002 2480 5055 nostri
2501 5002 2553 5055 itt
2583 5016 2673 5056 ve-

1410 5131 1865 5190 CASTIGATION
1872 5134 1956 5191 ES
1994 5134 2083 5190 ET
2123 5136 2353 5193 NOTAE.

302 5253 328 5281 ι
356 5246 704 5312 Οιιιῐεεεὶοιιεε
730 5256 858 5301 ειιηι
896 5246 948 5300 in
980 5246 1176 5317 quibus
1197 5244 1466 5300 afﬁrmare
1490 5245 1615 5317 licet
1643 5255 1697 5300 et
1719 5261 1815 5300 ne-

235 5328 357 5387 gare
378 5317 529 5371 salva
560 5319 686 5376 tide.
713 5317 785 5371 De
804 5317 907 5372 hoc
927 5315 1339 5387 Pelagianorum
1358 5317 1477 5370 fuco
1503 5315 1702 5387 dictum
1725 5327 1811 5371 est

233 5386 357 5456 talis
375 5389 431 5441 in
462 5388 678 5443 dissert.
698 5389 765 5441 de
785 5387 1284 5456 subscriptionibus.
1304 5386 1434 5440 Vide
1455 5386 1808 5456 Augustinum

233 5454 324 5527 lib.
358 5458 429 5527 de
450 5456 662 5512 Peccat.
692 5458 897 5527 Origin.
927 5454 1043 5525 cap.
1077 5456 1147 5511 23
1174 5465 1228 5510 ει
1254 5458 1346 5510 2t.

299 5524 326 5566 δ
357 5526 728 5582 Traditionem
758 5524 813 5583 εἰ
842 5524 1167 5596 Scripturatn
1200 5543 1295 5595 pro
1334 5541 1392 5581 se
1434 5534 1597 5580 totam
1629 5525 1810 5581 facere

233 5594 511 5664 iactabant
536 5598 870 5667 impudenter
892 5594 975 5651 illi
1002 5594 1303 5652 novatores.
1329 5597 1475 5650 lianc
1495 5597 1806 5663 jactantiam

236 5680 349 5721 tum
379 5668 510 5721 aliis
554 5668 821 5724 ltzcreticis
857 5682 1196 5723 communem
1240 5668 1453 5738 egregie
1497 5668 1808 5734 comprimit

238 5740 587 5809 Augustinus.
616 5756 738 5797 cum
768 5739 962 5812 ubique
998 5739 1232 5809 passim,
1261 5747 1372 5794 tum
1416 5739 1714 5810 prmsertitn
1746 5738 1808 5793 li-

2825 2434 3000 2492 Sectze
3029 2453 3156 2493 vero
3192 2438 3335 2494 illius
3360 2456 3502 2496 sum-

2752 2540 2836 2579 ma
2865 2527 3043 2597 capita
3066 2528 3183 2583 ιιωο
3210 2527 3327 2586 fere
3356 2541 3501 2596 sunt,

2752 2616 2999 2674 homines
3029 2629 3241 2687 natura,
3269 2638 3375 2676 non
3406 2639 3503 2677 vo-

2753 2709 2957 2764 luntate
3008 2725 3249 2779 peccare.
3281 2712 3502 2780 Natura,

2754 2798 2997 2869 inquam,
3025 2816 3129 2855 non
3152 2816 3217 2855 ea
3243 2818 3349 2871 qua
3377 2819 3506 2873 prte-

2753 2887 2896 2944 ditus
2933 2890 3001 2944 ab
3050 2892 3203 2946 initio
3228 2893 3507 2950 conditus-

2754 2996 2859 3050 que
2927 2991 3010 3037 est
3063 2984 3231 3038 Adam
3299 2985 3507 3058 (illam

2755 3076 2895 3129 enim
2927 3075 3121 3132 bonam
3149 3090 3203 3133 et
3247 3066 3369 3135 boni
3416 3083 3507 3137 Dei

2756 3182 2890 3236 opus
2918 3183 3041 3223 esse
3067 3172 3381 3245 asserunt),
3412 3176 3507 3229 sed

2753 3274 2818 3314 ea
2863 3276 3022 3329 quam
3068 3272 3185 3330 post
3230 3274 3508 3333 peccatum

2756 3353 2984 3422 adeptus
3029 3356 3097 3408 sit
3119 3395 3135 3420 ,
3164 3358 3380 3425 quando
3413 3375 3510 3427 per

2759 3447 3257 3512 prievaricationetn
3346 3460 3509 3517 atque

2758 3548 3034 3604 peccatum
3071 3540 3262 3593 malam
3294 3555 3389 3607 pro
3415 3540 3509 3594 bo-

2753 3644 2843 3692 na,
2870 3629 3260 3699 mortalemque
3290 3644 3388 3698 pro
3409 3629 3509 3684 im-

2754 3718 2966 3771 mortali
2996 3720 3345 3774 commutavit
3369 3737 3383 3775 :
3410 3720 3509 3775 hac

2752 3808 2951 3877 quippe
3032 3810 3250 3864 ratione
3317 3820 3507 3867 natura

2750 3914 2965 3969 quoque
2981 3902 3047 3955 im
3055 3904 3253 3970 probos
3263 3902 3505 3971 enectos,

2750 3992 2839 4059 qui
2905 3999 3063 4047 antea
3122 4001 3311 4047 natura
3381 3996 3505 4051 botti

2751 4083 3004 4150 fuissent,
3048 4086 3101 4140 in
3148 4096 3343 4141 natura
3367 4087 3502 4157 jam,

2749 4189 2804 4230 et
2835 4192 2940 4230 non
2966 4178 3018 4232 in
3048 4178 3343 4243 voluntate,
3376 4195 3505 4249 pce-

2748 4276 2927 4321 Catum
2972 4267 3074 4323 sibi
3130 4268 3501 4338 acquisivisse.

2818 4357 3072 4423 Quintum
3099 4400 3117 4427 ,
3230 4360 3505 4413 matrimo-

2746 4448 2918 4516 nium,
2961 4449 3043 4504 vel
3090 4460 3236 4504 certc
3280 4463 3504 4519 congre-

2746 4540 2928 4595 diendi
2955 4541 3320 4611 cupiditatem,
3344 4552 3401 4596 et
3423 4557 3504 4597 sc-

2750 4633 2908 4688 minis
2934 4634 3268 4698 missionem,
3293 4634 3499 4688 omnia-

2747 4741 2851 4794 que
2896 4724 3115 4789 similia,
3142 4724 3333 4793 quibus
3376 4740 3501 4780 suc-

2747 4816 2993 4872 cessione
3020 4832 3186 4883 genus
3210 4816 3499 4871 humanum

2747 4914 3089 4976 propagatur,
3124 4920 3389 4976 perversa:
3415 4923 3501 4962 ητις

2746 5006 2879 5054 tum:
2898 5013 3058 5067 opera
3080 5013 3199 5055 esse
3218 5010 3495 5055 asserunt:

1920 5247 2253 5320 brisduobus
2279 5250 2545 5319 prioribus
2568 5251 2826 5306 adversus
2849 5250 3076 5320 primum
3107 5252 3252 5320 Opus
3274 5251 3492 5306 Iuliani.

1992 5328 2014 5391 ξ
2049 5317 2103 5391 id
2132 5317 2449 5391 dicit,_quod
2482 5331 2607 5375 tunc
2645 5335 2834 5391 omnes
2850 5317 3219 5376 communiter
3251 5323 3491 5391 (Synod.

1918 5385 2035 5441 PP.
2057 5385 2365 5459 Cartliag.)‘:
2392 5391 2530 5445 unde
2557 5406 2655 5446 nec
2678 5390 2913 5446 Africani
2943 5392 3146 5446 dictum
3175 5385 3488 5459 arguerunt.

1915 5472 2015 5529 nec
2041 5458 2317 5525 judicium
2343 5461 2464 5529 jure
2512 5463 2861 5515 onustitutum
2895 5458 3288 5524 detrectarunt,
3326 5469 3490 5514 immo

1911 5528 2371 5601 suispostulgrunt
2400 5533 2601 5585 statutis
2631 5534 2928 5601 apostolica:
2963 5532 3097 5586 sedis
3138 5533 3486 5585 auctoritatem

1910 5596 2146 5671 adhiberi
2172 5599 2366 5670 (Epist.
2400 5603 2645 5671 synodica
2665 5596 2788 5655 ῬΡ.
2814 5601 3110 5670 Cartliag.),
3137 5603 3352 5668 ipseque
3376 5606 3485 5671 An—

1910 5668 2156 5739 gustinus
2182 5668 2461 5739 "responsis
2496 5671 2802 5739 apoStolicis
2821 5668 3019 5726 causas
3035 5668 3171 5725 tiniri
3198 5672 3403 5737 publice
3427 5670 3481 5723 in

1912 5738 2148 5796 Ecclesia
2180 5738 2491 5812 praedicavit
2516 5742 2709 5813 (Serm.
2733 5742 2768 5797 2
2798 5742 2862 5798 de
2898 5743 3047 5798 Verb.
3081 5740 3303 5811 Apost).
