3948 6188
444 346 547 416 501

659 476 991 524 εαιιῑετιυε.

445 563 620 619 ritalis
697 560 876 614 odium
950 563 1199 619 suscepe-

445 664 593 709 runt.

521 1014 715 1067 Dicunt
771 1012 935 1066 etiam
1001 1018 1227 1082 motum

446 1104 798 1173 genitalium,
848 1112 903 1156 et
948 1102 1210 1155 commix-

449 1199 649 1252 tionem
689 1196 979 1265 coniugum
1025 1208 1055 1247 a
1097 1193 1212 1247 dia-

452 1287 578 1341 bolo
617 1286 783 1342 fuisse
811 1291 1078 1354 repertam
1109 1300 1123 1336 :
1156 1293 1211 1338 et

450 1385 738 1446 propterea
757 1390 851 1430 eos
873 1374 961 1444 qui
987 1388 1212 1427 nascun-

453 1478 540 1520 tur
568 1467 905 1530 innocentes,
931 1479 1058 1521 reos
1091 1478 1214 1518 esse

452 1569 507 1613 et
546 1573 576 1612 a
608 1558 826 1613 diabolo
868 1557 1007 1625 ﬁeri,
1040 1572 1145 1611 non
1183 1571 1215 1610 a

456 1650 595 1714 Deo,
629 1650 754 1718 quia
785 1648 852 1703 de
894 1648 994 1703 hac
1031 1648 1219 1702 diabo-

462 1741 562 1794 lica
587 1740 974 1794 commixtione
1000 1753 1223 1793 nascun-

464 1842 582 1898 tur;
616 1832 716 1885 hoc
747 1844 926 1886 autem
958 1831 1077 1886 sine
1110 1845 1225 1885 am-

467 1923 723 1992 biguitate
744 1922 1096 1976 Manichmum
1115 1930 1219 1976 est.

537 2018 732 2068 Dicunt
776 2022 995 2069 sanctos
1044 2014 1097 2067 in
1129 2029 1223 2068 ve-

463 2107 564 2160 teri
596 2107 946 2161 Testamento
993 2123 1098 2161 non
1139 2121 1226 2160 ca-

463 2198 637 2251 ruisse
684 2200 951 2267 peccatis,
1004 2197 1057 2251 id
1105 2206 1221 2264 est,

466 2306 567 2345 nec
607 2306 702 2360 per
732 2291 1165 2346 emendationem
1194 2306 1225 2346 a

462 2381 789 2437 criminibus
807 2382 972 2438 fuisse
1000 2380 1222 2449 liberos,

464 2474 565 2528 scd
632 2476 684 2528 in
751 2482 907 2529 reatu
958 2488 988 2529 a
1051 2487 1228 2531 morte

466 2564 632 2620 fuisse
660 2565 1055 2633 deprehensos.

538 2658 863 2727 Apostoluut
898 2662 1061 2713 etiam
1090 2658 1231 2713 Pau-

468 2749 578 2804 iuut
607 2751 692 2804 vel
717 2764 906 2804 omnes
949 2751 1229 2820 apostolos

473 2843 661 2897 dicunt
712 2858 927 2912 semper
971 2843 1229 2899 immode-

470 2946 587 2989 rata
634 2934 854 2990 libidine
897 2935 1062 2991 [uisse
1112 2937 1225 3007 pol-

474 3027 635 3080 Intus.

545 3116 818 3172 Christum
847 3124 901 3172 et
932 3132 960 3171 a
995 3118 1229 3187 peccatis

475 3208 706 3264 liberum
750 3226 857 3263 non
904 3210 1103 3279 fuisse,
1134 3213 1229 3267 sed

474 3302 655 3355 carnis
708 3302 1034 3357 necessitate
1076 3319 1230 3357 men-

475 3392 656 3458 titum,
684 3399 739 3445 et
764 3393 885 3446 aliis
906 3393 1230 3448 maculatum

479 3483 645 3536 tuisse
676 3481 912 3537 delictis.

558 4216 751 4270 Dicunt
776 4217 939 4271 etiam
976 4216 1240 4286 baptisma

490 4320 597 4359 nou
626 4307 758 4362 dare
801 4323 1017 4362 omnem
1060 4308 1242 4363 indul-

489 4396 726 4464 gentiam
757 4406 1122 4463 peccatorum,
1148 4413 1247 4453 nec

491 4485 708 4539 auferre
742 4485 998 4550 crimina,
1028 4488 1123 4539 sed
1166 4504 1249 4540 ra-

493 4576 626 4631 dere
650 4618 665 4640 ,
698 4585 756 4631 ut
786 4578 1027 4629 omnium
1062 4592 1254 4645 pecca-

497 4679 676 4727 torum
739 4668 957 4724 radices
1008 4669 1061 4724 in
1113 4669 1250 4725 mala

495 4775 659 4815 carne
689 4770 998 4816 teneantur.

568 4852 772 4907 Contra
805 4851 920 4906 hare
952 4865 1049 4906 uos
1078 4849 1254 4920 quoti—

500 4945 587 4999 die
634 4946 996 5015 disputamus,
1036 4955 1089 4999 et
1137 4944 1256 4997 ideo

505 5041 760 5092 nolumus
822 5036 1256 5106 praevaricatori-

506 5129 605 5182 bus
629 5128 885 5182 adhibere
908 5142 1256 5196 consensum,

504 5220 627 5288 quia
661 5235 757 5273 nos
785 5219 1011 5273 dicimus
1032 5218 1259 5273 liberum

505 5312 793 5367 arbitrium
880 5312 935 5367 in
1012 5312 1263 5368 omnibus

507 5420 628 5459 esse
653 5405 990 5470 naturaliter,
1011 5419 1110 5459 nec
1135 5405 1263 5459 Alite

512 5507 733 5565 peccato
773 5498 955 5569 perire
1000 5500 1260 5567 potuisse,

511 5590 652 5657 quod
696 5591 1097 5660 Scripturarum
1145 5604 1265 5643 om-

516 5684 663 5740 nium
717 5683 1037 5740 auctoritate
1088 5682 1264 5737 tirtna-

518 5784 626 5832 tur.

1483 464 1815 505 THEODORUS.

1274 549 1327 603 in
1357 561 1517 617 quam
1546 543 1761 614 quidem
1790 557 1885 610 per
1912 555 2035 610 pec-

1274 649 1454 694 catum
1502 637 1679 705 lapsus
1710 634 1899 697 Adam,
1935 648 2034 686 na-

1278 739 1411 784 tura:
1445 742 1569 781 mox
1613 726 1744 779 vitio
1772 725 2034 778 malorum

1276 820 1515 874 omnium
1572 831 1796 871 examen
1867 815 1919 870 in
1978 829 2037 869 se

1276 909 1591 978 susceperit.

1348 1000 1606 1061 Infantes,
1624 997 1837 1052 tametsi
1853 1010 2041 1051 recens

1280 1100 1460 1158 natos,
1511 1090 1718 1161 peccati
1772 1091 2039 1144 immunes

1283 1200 1389 1239 non
1429 1196 1570 1249 esse,
1622 1196 1743 1235 cum
1790 1179 1862 1235 ob
1910 1179 2041 1234 Adae

1283 1271 1802 1343 praevaricationem,
1851 1276 2039 1322 natura

1285 1366 1336 1420 in
1366 1361 1602 1433 peccatis
1642 1362 1948 1425 constituta,
1974 1358 2041 1413 ad

1285 1472 1470 1515 omnes
1506 1454 1624 1525 ejus
1653 1462 1898 1525 posteros
1919 1465 2044 1522 pec-

1286 1549 1487 1616 catrix,
1513 1554 1571 1601 ut
1598 1547 1699 1615 ipsi
1730 1545 2042 1614 loquuntur,

1291 1650 1479 1697 natura
1509 1647 1854 1714 propagetur.

1391 2008 1669 2065 Neminem
1789 2012 2050 2078 praeterea

1297 2101 1603 2156 mortalium
1649 2113 1769 2155 esse
1805 2100 2001 2165 justum
2035 2113 2048 2149 :

1297 2193 1437 2262 quod
1491 2194 1665 2261 ipsum
1714 2190 1838 2245 item
1891 2204 1955 2244 ex
1986 2202 2054 2242 co

1297 2285 1438 2353 quod
1530 2283 1683 2337 initio
1756 2289 2053 2352 posuerunt

1296 2377 1665 2448 consequitur.

1370 3113 1628 3177 Quartum
1681 3112 1752 3178 (ο
1806 3110 2055 3176 blasphe-

1303 3219 1416 3256 mas
1442 3218 1600 3257 voces
1621 3213 1669 3259 et
1690 3203 1878 3266 impias
1899 3202 1964 3266 !),
1995 3215 2060 3253 ne

1302 3293 1569 3346 Christum
1613 3292 1826 3360 quidem
1860 3292 2050 3357 Deum,

1302 3390 1574 3449 assumpta
1599 3382 1849 3436 nimirum
1875 3395 2057 3451 pecca-

1305 3472 1372 3527 tis
1402 3473 1593 3527 intecta
1636 3484 1857 3535 natura,
1890 3471 2057 3525 scele-

1305 3566 1377 3619 ris
1428 3578 1616 3633 put'um
1665 3578 1786 3619 esse
1822 3581 1835 3617 :
1866 3579 2056 3633 quam-

1302 3673 1459 3727 quam
1489 3666 1542 3712 et
1568 3658 1618 3712 in
1659 3657 1778 3712 aliis
1819 3657 2056 3726 ipsorum

1306 3749 1652 3833 blaSphemiis
1678 3748 1967 3804 observare
1989 3748 2057 3802 li-

1306 3852 1413 3905 cet,
1444 3840 1610 3910 inquit
1639 3841 1749 3908 ille,
1782 3855 1889 3895 non
1932 3855 2061 3895 vere

1308 3932 1413 3985 hos
1439 3941 1494 3987 et
1519 3940 1728 3997 natura,
1761 3931 1853 3985 sed
1898 3931 2061 4001 ﬁgura

1309 4024 1590 4078 dumtaxat
1639 4022 1921 4075 humanam
1966 4021 2065 4092 ipsi

1315 4125 1557 4169 naturam
1587 4113 1901 4168 attribucrc.

867 350 958 406 AD
1001 340 1276 403 PARTEM
1319 333 1583 395 PRIMAM
1621 322 1925 389 OPERUM‘
1951 327 2021 385 Μ.
2064 320 2506 384 MERCATORIS
2545 314 2891 375 APPENDIX
2929 311 3261 371 SECUNDA.

2060 447 2113 505 Λ

2344 449 2646 492 εειςιεςτιθε
2656 472 2671 486 .

2211 529 2447 584 Dicimus
2469 527 2566 579 has
2592 538 2713 594 qua:
2746 536 2888 579 nunc

2136 630 2370 690 aguntur
2390 619 2439 671 in
2466 616 2601 671 orbe
2625 628 2888 670 terrarum

2139 726 2172 764 a
2200 710 2311 763 Deo
2338 706 2551 776 nuptias
2578 704 2854 758 institutas
2872 743 2888 768 ,

2140 813 2239 854 nec
2277 810 2404 852 reos
2450 806 2574 849 esse
2610 791 2889 862 coniuges,

2138 887 2236 944 sed
2264 886 2619 941 fornicatores
2647 891 2702 937 et
2741 881 2893 936 adul-

2142 988 2291 1035 teros
2309 976 2770 1032 condemnandos.

2213 1072 2413 1126 Motum
2460 1067 2797 1139 genitalium,
2840 1065 2896 1119 id

2142 1174 2225 1220 est
2244 1204 2260 1229 ,
2323 1163 2493 1232 ipsam
2554 1158 2860 1215 virilitatem
2877 1202 2891 1224 ,

2140 1258 2260 1311 sine
2288 1269 2391 1323 qua
2425 1268 2534 1307 non
2578 1259 2755 1319 petest
2777 1264 2899 1304 esse

2140 1344 2490 1409 commixtio,
2540 1358 2568 1395 a
2598 1342 2713 1397 Deo
2766 1338 2902 1394 diei-

2143 1453 2264 1493 mus
2288 1436 2616 1491 institutam.
2659 1456 2665 1462 -

2215 1530 2497 1586 llominem
2523 1528 2618 1583 Dei
2642 1540 2780 1597 opus
2806 1525 2902 1581 de-

3565 312 3659 371 εω

2143 1622 2450 1687 tendimus,
2485 1634 2585 1675 nec
2636 1634 2704 1674 ex
2756 1618 2910 1673 illius

2144 1711 2414 1785 potentia,
2446 1711 2532 1766 vel
2567 1710 2621 1765 itt
2671 1709 2903 1774 bonum,

2077 1815 2125 1875 Β
2151 1807 2236 1861 vel
2262 1806 2316 1859 in
2347 1803 2547 1859 malutn
2570 1802 2803 1871 aliquem
2823 1815 2908 1854 co-

2149 1897 2224 1966 3i,
2244 1897 2339 1953 sed
2366 1895 2585 1966 propria
2606 1892 2907 1955 voluntate,

2150 1996 2243 2043 aut
2287 1987 2486 2042 bonum
2540 1985 2763 2048 facere,
2814 1991 2906 2035 aut

2078 2066 2087 2075 λ
2152 2078 2391 2139 malum;
2464 2076 2516 2129 in
2577 2074 2723 2128 bono
2774 2085 2908 2127 vero

2152 2185 2318 2239 Opere
2342 2183 2370 2221 a
2388 2167 2669 2237 Dcigratia
2692 2178 2909 2233 semper

2154 2261 2417 2330 adjuvari,
2458 2258 2510 2311 in
2543 2256 2745 2311 malum
2780 2268 2910 2309 vero

2154 2351 2355 2405 diaboli
2382 2346 2816 2419 suggestionibus
2837 2344 2919 2399 in-

2152 2442 2335 2498 citari.

2227 2554 2461 2611 Dicimus
2488 2561 2703 2609 sanctos
2736 2550 2938 2605 veteris
2965 2545 3323 2611 Testameuti,
3352 2544 3573 2615 perfecta
3602 2540 3706 2595 hinc

2150 2648 2351 2717 justitia
2376 2689 2391 2714 ,
2438 2645 2504 2699 ad
2550 2654 2801 2698 aeternam
2848 2641 3103 2695 transisse
3131 2639 3324 2703 vitam,
3354 2637 3406 2691 id
3429 2643 3524 2700 est,
3552 2631 3706 2687 studio

2153 2738 2368 2792 virtutis
2400 2736 2468 2790 ab
2496 2735 2745 2789 onmibus
2772 2732 3059 2787 recessisse
3094 2728 3362 2799 peccatis,
3391 2725 3506 2797 quia
3541 2732 3591 2777 et
3624 2720 3706 2783 illi,

2154 2844 2288 2897 quos
2335 2828 2558 2897 legimus
2604 2823 2802 2893 aliquid
2850 2835 3143 2893 peccasse,
3201 2829 3383 2891 postea
3430 2828 3593 2870 tamen
3631 2824 3709 2866 cos

2154 2918 2470 2973 emendasw
2498 2916 2870 2985 cognovimus.

2227 3011 2464 3067 Gratiam
2505 3008 2703 3064 Christi
2737 3006 2987 3061 omnibus
3025 3001 3408 3064 neces~ariam,
3445 3007 3499 3053 et
3526 2994 3709 3062 majori-

2158 3104 2278 3168 bus,
2306 3111 2359 3156 et
2389 3100 2656 3172 parvulis,
2688 3096 3040 3154 conﬁtemur:
3082 3103 3139 3149 et
3183 3108 3280 3150 eos
3319 3092 3407 3161 qui
3450 3088 3618 3143 dicunt
3657 3083 3713 3136 de

2087 3184 2132 3248 C
2164 3194 2372 3248 duobus
2403 3190 2679 3260 baptizatis
2703 3198 2882 3243 natum
2915 3202 3019 3242 non
3048 3185 3254 3241 debere
3293 3180 3572 3251 baptizari,
3609 3189 3714 3228 ana-

2157 3284 2605 3340 thematizamus:
2648 3280 2808 3336 etiam
2848 3294 2943 3335 eos
2979 3278 3071 3348 qui
3110 3277 3310 3332 dicunt
3348 3275 3593 3343 baptisma
3628 3281 3718 3322 non

2156 3378 2337 3431 omnia
2377 3382 2591 3445 peccata
2634 3374 2816 3429 delere
2840 3415 2855 3441 ,
2887 3372 3324 3427 condemuamus
3350 3407 3367 3435 ,
3410 3369 3525 3438 quia
3550 3364 3718 3418 scimus

2156 3469 2365 3539 plenam
2394 3467 2758 3538 purgationem
2790 3480 2883 3533 per
2912 3465 3023 3534 ipsa
3056 3462 3321 3534 mysteria
3352 3456 3589 3516 conferri.

2228 3559 2393 3615 Nemo
2417 3572 2547 3628 ergo
2576 3572 2671 3613 vos
2698 3556 2946 3622 seducet,
2981 3569 3080 3612 nec
3119 3568 3181 3610 se
3231 3561 3429 3623 negent
3468 3548 3600 3619 impii
3635 3546 3717 3600 ista

2159 3653 2357 3709 sentire
2385 3669 2398 3704 :
2430 3651 2523 3706 sed
2554 3651 2599 3706 si
2629 3665 2811 3705 verum
2840 3649 3055 3713 dicunt,
3099 3655 3191 3701 aut
3243 3643 3507 3701 audientis
3536 3640 3680 3694 detur
3701 3673 3714 3698 ,

2161 3754 2253 3801 aut
2280 3753 2427 3801 certe
2458 3745 2542 3798 isti
2572 3742 2674 3813 ipsi
2703 3742 2963 3811 episcOpi,
2994 3741 3085 3809 qui
3125 3754 3278 3795 nunc
3311 3735 3597 3800 dissident,
3636 3729 3718 3783 da-

2163 3848 2348 3893 mnent
2369 3852 2489 3906 quae
2515 3849 2677 3905 supra
2704 3833 2813 3889 dixi
2836 3848 2959 3888 cum
2986 3830 3302 3887 Mauichaeis
3322 3844 3380 3885 se
3404 3829 3501 3882 ista
3525 3823 3716 3883 sentire.

2165 3930 2303 3985 sicut
2326 3943 2424 3984 nos
2453 3930 2553 3984 ista
2591 3928 2911 3983 damnamus
2952 3940 3072 3992 quae
3110 3923 3179 3979 de
3226 3923 3381 3980 nobis
3421 3922 3641 3991 jactant,
3677 3922 3721 3968 ct

2165 4020 2238 4073 sit
2264 4020 2416 4089 plena
2445 4017 2761 4083 concordia;
2791 4015 2931 4086 quod
2963 4017 3006 4069 si
3040 4014 3257 4082 nolunt,
3293 4014 3479 4070 scitote
3505 4021 3592 4066 eos
3616 4018 3721 4062 esse

2168 4110 2509 4177 Manichzeos,
2538 4117 2593 4165 ct
2620 4109 2690 4164 ab
2720 4124 2903 4164 eorum
2934 4121 3029 4163 vos
3056 4107 3327 4163 abstinete
3352 4102 3640 4163 consortiis.

2243 4244 2324 4300 Ex
2354 4243 2439 4298 his
2475 4240 2800 4297 concludere
2846 4241 2969 4296 licet
3011 4239 3157 4309 Opus
3200 4240 3354 4309 cujus
3403 4236 3642 4293 Mercator
3679 4236 3723 4309 et

2175 4314 2397 4371 letius
2421 4314 2781 4368 meminerunt
2819 4327 2944 4366 vere
2988 4326 3017 4364 a
3054 4301 3343 4381 Tlteodtfro
3377 4309 3614 4381 scriptun)
3646 4301 3724 4381 3d-

2178 4398 2369 4440 versus
2396 4384 2785 4452 Augusunutn;
2821 4390 3069 4452 necante
3103 4379 3364 4452 scriptum
3404 4372 3554 4452 quam
3571 4372 3724 4452 julia—

2179 4470 2281 4510 nus
2300 4444 2664 4515 Theodorum,
2687 4444 2782 4507 vel
2798 4466 2891 4518 per
2916 4450 3116 4505 litteras
3137 4444 3411 4522 docuisset
3431 4446 3548 4515 quid
3569 4444 3725 4522 Roma:

2180 4538 2387 4595 gestum
2416 4532 2559 4579 esset
2584 4524 2635 4577 iu
2662 4536 2821 4576 causa
2848 4521 3138 4595 communi,
3169 4522 3253 4595 vel
3284 4519 3457 4595 potius
3485 4519 3725 4595 convenis:

2180 4588 2290 4658 Set,
2319 4595 2515 4649 comite
2541 4595 2657 4662 ipso
2684 4606 2805 4645 cum
2829 4590 3230 4662 aliis_Ccelesti9
3249 4634 3263 4657 ,
3286 4588 3398 4662 qui
3443 4601 3534 4642 sua
3572 4592 3725 4638 secum

2182 4665 2542 4734 deportaverit
2564 4659 3001 4718 communicanda
3031 4675 3150 4715 cum
3180 4659 3474 4720 Theodoro,

2100 4554 2151 4616 D

3489 4781 3717 4802 ὥ

2228 4789 3471 4813 .________.___.______..___——

2542 4923 3059 4997 LIBELLUS
3124 4920 3419 4995 FIDEI

2620 5054 2706 5105 Δνῐ
2716 5054 2948 5105 ULlANU
2982 5052 3087 5103 ECI
3100 5049 3349 5113 ANEN’SI,

2196 5179 2415 5222 MISSUS
2460 5179 2544 5221 AD
2588 5178 2797 5220 SEDEM
2843 5173 3271 5218 APOSTOLICAM
3318 5165 3557 5213 NOMINE
3596 5155 3732 5203 XVI"

2277 5257 2713 5299 EPISCOPORUM
2757 5251 3298 5297 DETRECTANTIUM
3342 5233 3734 5290 ευιςεοιιιιιειιιξ

2276 5335 2675 5382 DAMNATIONI
2714 5332 2965 5377 PELAGII
3010 5330 3217 5385 ATQUE
3260 5320 3593 5370 οοειεετιι.

2864 5447 3152 5460 ____—-—

2274 5549 2451 5605 Pt'odit
2484 5563 2623 5602 nunc
2651 5548 2887 5617 primum,
2910 5546 2960 5598 in
2993 5543 3165 5598 lucem
3198 5537 3407 5594 libellus
3448 5531 3571 5617 tldei
3591 5536 3737 5617 quem

2200 5599 2450 5678 Jul-ianus
2474 5599 2783 5673 Eclaitétsis
2798 5599 3089 5685 episcopus
3110 5628 3175 5667 eo
3185 5620 3299 5685 _tem
3309 5620 3436 5677 pore
3456 5599 3740 5685 conscripsit

2201 5671 2513 5763 Iliikifihiésé
2529 5671 2921 5763 ‘adlunivcrsbs
2932 5671 3101 5763 orbis
3113 5671 3391 5763 episcopos
3420 5690 3448 5728 a
3478 5671 3742 5763 sctis-fta:

2203 5737 3038 5822 's'iiiiié'é'iiicfoiiic";'mihicum:
3066 5737 3373 5812 detrectans,
3391 5743 3585 5806 maluit,
3604 5747 3654 5793 ut
3677 5737 3741 5789 ιφ
