3948 6188
461 313 570 372 5ιό

916 312 1007 367 AD
1046 305 1327 365 PARTEM
1368 303 1628 360 PRIMAM
1668 301 1953 358 OPERUM
1996 302 2063 356 Μ.
2106 297 2543 355 MERCATORIS
2582 296 2927 355 APPENDIX
2964 295 3287 353 SECUNDA

3643 297 3750 354 516

462 443 559 498 per
588 430 811 498 gratiam
840 424 1037 481 Christi
1064 464 1078 487 ,
1120 430 1146 458 ι
1187 433 1305 489 qua:
1352 417 1601 472 omnibus
1648 415 1801 470 bonis
1845 415 2050 467 actibus
2082 420 2133 477 Α
2156 412 2300 467 dium
2332 413 2395 467 ad
2425 412 2592 467 Deum
2624 410 2809 475 rel'ert,
2837 418 2891 465 et
2916 411 2995 466 sic
3021 411 3094 465 ait
3126 411 3282 484 (Job.
3309 427 3365 475 x,
3393 411 3535 482 10):
3569 411 3759 468 Nonne

465 521 699 591 adjutrir
750 531 960 585 semper
1004 523 1059 567 et
1096 526 1279 566 comes
1327 517 1431 573 est,
1456 516 1510 564 et
1537 523 1630 577 per
1650 507 1879 560 liberum
1908 504 2057 558 arbi-

471 614 629 666 trium
663 608 911 670 hominis,
941 602 1081 674 quod
1108 612 1163 658 et
1192 604 1364 669 ipsum
1397 599 1593 654 donum
1626 597 1723 652 Dei
1755 606 1857 650 est.

536 703 591 755 2.
619 698 646 736 δ
677 700 845 762 Quam
878 707 1054 749 tamen
1092 693 1315 763 gratiam
1365 690 1458 744 Dei
1509 689 1579 743 ita
1628 687 1920 756 accipimus
1946 726 1962 752 ,
2007 694 2065 741 ut

475 808 575 848 nec
600 801 852 860 sequatur
882 790 1177 853 nolentem,
1214 800 1312 839 nec
1356 784 1611 837 destituat
1653 782 2063 850 obsequentem.

550 887 601 940 5.
633 884 702 939 Ut
732 897 859 937 vero
886 882 1018 935 alter
1047 879 1112 934 sit
1138 879 1335 946 justus,
1369 878 1505 928 alter
1534 874 1763 941 injusttts
1783 912 1796 935 ,
1825 873 1925 925 hoc
1956 886 2063 924 non

475 976 659 1030 divina
695 974 988 1037 voluntate,
1021 970 1113 1023 sed
1146 969 1273 1022 vitio
1305 967 1416 1020 ﬁeri
1449 966 1772 1019 arbitramur
1803 965 2063 1018 humano:

476 1066 841 1120 diversitatem
886 1062 1028 1116 enim
1079 1060 1214 1113 hanc
1261 1057 1471 1126 negavit
1519 1072 1583 1109 ex
1636 1058 1743 1109 Deo
1791 1069 1946 1120 esse,
1979 1054 2070 1124 qui

477 1157 609 1211 dixit
637 1156 757 1224 quia
794 1154 927 1207 Deus
954 1168 1123 1205 omnes
1156 1151 1383 1202 homines
1415 1148 1520 1200 vult
1548 1146 1716 1199 salvos
1743 1146 1886 1213 ﬁeri,
1917 1155 1963 1199 et
2001 1145 2071 1197 ad

478 1247 790 1316 agnitionem
818 1241 1038 1297 veritatis
1066 1240 1233 1293 venire
1256 1238 1299 1309 (l
1328 1237 1464 1291 Tim.
1502 1253 1558 1298 Il,
1577 1235 1655 1305 4).
1687 1237 1740 1290 Si
1772 1251 1899 1305 ergo
1935 1235 2074 1289 Deus

480 1340 593 1391 vult
620 1351 810 1390 omnes
841 1334 1079 1397 salvare,
1113 1340 1159 1385 et
1206 1345 1306 1382 non
1348 1337 1420 1381 est
1470 1343 1802 1395 personarum
1849 1327 2073 1393 acceptio

481 1430 618 1501 apud
650 1406 815 1482 Deum
845 1427 1018 1497 (Rom.
1047 1440 1106 1489 ιι,
1145 1423 1253 1489 it),
1281 1420 1575 1489 iustissime
1605 1434 1699 1487 per
1728 1418 1955 1473 liberum
1992 1433 2077 1471 ar-

484 1520 701 1573 bitrium
728 1516 1075 1584 imputabitur
1102 1511 1388 1577 unicuique
1424 1518 1699 1577 peccatum
1723 1548 1739 1574 ,
1781 1509 2075 1562 secundum

484 1611 625 1679 quod
656 1609 913 1677 scriptum
939 1615 1019 1660 est
1049 1602 1217 1671 (Eccl.
1249 1615 1339 1664 xv,
1372 1599 1460 1670 is)
1490 1617 1501 1652 :
1530 1599 1660 1652 Ante
1697 1600 1951 1653 hominem
1986 1599 2076 1651 bo-

486 1718 609 1753 num
635 1710 679 1753 et
716 1698 927 1763 malum,
960 1698 1062 1750 vila
1088 1706 1133 1748 et
1161 1709 1327 1759 mors;
1362 1691 1496 1761 quod
1534 1692 1779 1761 placuerit
1810 1692 1887 1758 ei,
1929 1692 2074 1744 dabi-

487 1804 571 1846 tur
597 1793 697 1846 illi.

559 1882 614 1935 4.
649 1881 998 1949 Cortsequens
1026 1892 1156 1949 ergo
1199 1885 1279 1932 est
1305 1886 1361 1930 ut
1391 1876 1745 1931 conﬁteantur
1777 1876 1919 1945 quod
1952 1890 2077 1945 pec-

490 1984 704 2028 catores
750 1972 869 2025 ideo
898 1984 1124 2033 sumus,
1176 1984 1281 2022 non
1325 1968 1447 2036 quia
1503 1984 1606 2020 non
1655 1967 1935 2031 valemus,
1981 1967 2076 2022 sed

492 2065 615 2134 quia
672 2063 989 2132 negligimus
1036 2062 1205 2113 vitare
1250 2068 1547 2127 peceatum.
1600 2057 1832 2125 Ideoque
1881 2068 2079 2114 statuta

489 2157 674 2225 iudicii
706 2155 822 2208 dies
853 2162 971 2216 est,
1002 2162 1056 2205 ut
1090 2160 1140 2205 et
1168 2151 1338 2204 bonus
1364 2150 1431 2204 de
1470 2150 1650 2204 labore
1681 2151 1959 2215 praemium
1991 2166 2079 2205 ea.

496 2249 630 2317 piat,
661 2256 715 2300 et
745 2245 813 2300 de
841 2251 1151 2311 contemptu
1183 2242 1355 2295 malus
1381 2241 1696 2310 supplicium
1732 2258 1835 2295 non
1866 2243 2077 2295 eradat.

565 2341 619 2395 5.
656 2351 677 2378 ο
715 2338 967 2393 Naturam
1002 2336 1234 2389 hominis
1264 2334 1457 2387 bonam
1485 2344 1537 2388 et
1570 2335 1864 2404 integram,
1898 2346 2083 2405 utpote

494 2445 524 2484 a
556 2431 698 2483 bono
727 2430 837 2483 Deo
869 2427 1088 2489 factam,
1116 2440 1239 2480 esse
1271 2434 1550 2479 te~tamnr.

566 2520 619 2574 ϐ.
657 2520 720 2573 Et
758 2532 974 2572 omnem
1024 2516 1296 2571 hominem
1345 2530 1372 2567 a
1408 2514 1519 2569 Deo
1562 2516 1676 2571 ﬁeri
1718 2516 2039 2570 confitemur
2064 2558 2079 2582 ,

498 2613 711 2668 dicente
742 2610 1051 2665 Patriarcha
1078 2607 1239 2679 (Gen.
1271 2623 1401 2672 xxx,
1431 2606 1488 2677 ἓ)
1523 2624 1537 2660 :
1566 2607 1831 2676 Numquid
1862 2626 1954 2677 pro
1981 2610 2084 2663 Deo

499 2721 591 2776 ego
615 2719 750 2768 sum,
782 2711 837 2755 ut
863 2701 978 2754 dem
1008 2701 1098 2752 tibi
1126 2700 1261 2768 ﬁlios
1284 2699 1309 2752 ?
1338 2710 1390 2753 et
1416 2698 1493 2753 sic
1515 2699 1779 2768 Pmpheta
1809 2699 2087 2754 nihilomi-

501 2810 602 2850 nns
631 2802 966 2849 contestante
997 2792 1014 2862 (
1045 2789 1174 2844 Isai.
1208 2806 1350 2855 thv,
1383 2789 1452 2861 8)
1494 2807 1508 2844 ε
1556 2789 1623 2842 Et
1663 2807 1832 2857 nunc,
1872 2790 2087 2848 Domine

502 2888 786 2949 Abraham,
812 2885 1063 2937 nescimus
1087 2900 1104 2946 ;
1134 2892 1185 2935 tu
1216 2884 1349 2935 enim
1377 2899 1427 2936 es
1452 2881 1611 2935 Pater
1638 2892 1829 2948 noster,
1857 2895 1903 2937 et
1934 2902 2089 2948 opera

504 2994 747 3032 manuum
779 2985 982 3028 tuarum
1017 2991 1110 3028 nos
1154 2990 1346 3027 omnes.
1392 2973 1543 3029 Unde
1573 2984 1625 3029 et
1653 2974 1797 3028 Deus
1833 2976 1898 3027 ad
1939 2976 2092 3031 Jere—

504 3071 664 3123 miam
708 3067 837 3121 dicit
864 3065 1077 3137 (Jerem.
1107 3080 1147 3132 ι,
1180 3063 1235 3135 5)
1272 3082 1283 3116 :
1316 3063 1627 3133 Priusquam
1653 3074 1700 3117 te
1732 3069 2007 3135 formarem
2037 3067 2091 3119 in

504 3172 650 3216 utero
689 3160 867 3212 matris
896 3169 1027 3221 tute,
1070 3158 1187 3209 novi
1229 3168 1295 3210 te.
1350 3156 1481 3211 Item
1514 3157 1565 3210 in
1598 3157 1732 3211 libro
1761 3157 2088 3212 Machzib;co-
2117 3165 2162 3227 α

507 3268 624 3307 rnm
657 3252 673 3320 (
700 3249 741 3304 Il
774 3248 913 3302 Mac.
944 3263 1037 3307 vn.
1070 3245 1181 3315 Ἦ.)
1222 3265 1241 3299 ἶ
1290 3246 1510 3311 Nescio,
1561 3247 1760 3315 inquit,
1789 3249 2010 3317 qualiter
2036 3250 2088 3303 in

507 3355 655 3397 utero
688 3357 797 3395 meo
818 3339 1130 3407 apparuistis
1152 3355 1170 3404 ,'
1202 3355 1360 3409 neque
1385 3339 1518 3390 enim
1546 3354 1636 3407 ego
1652 3339 1885 3406 spiritum
1904 3339 2090 3394 donavi

504 3437 667 3501 vobis,
697 3434 785 3489 sed
814 3444 859 3487 et
887 3432 1202 3502 singulorum
1232 3430 1629 3486 membraturam
1663 3448 1761 3484 non
1794 3432 1905 3497 ipsa
1951 3448 2089 3486 cont-

505 3529 641 3598 pegi.
690 3525 790 3580 Job
829 3538 1039 3594 quoque
1074 3532 1128 3578 et
1179 3522 1350 3591 ipsum
1381 3521 1627 3592 concepti
1659 3523 1888 3577 hominis
1933 3540 2090 3579 esur-

2159 504 2294 557 sicut
2324 504 2403 557 lac
2431 520 2510 557 me
2539 503 2759 556 mulsisti
2782 544 2796 568 ,
2839 511 2887 556 et
2916 505 3048 557 sicut
3089 519 3292 558 caseum
3334 520 3413 558 me
3440 507 3751 578 coagulasti,

2164 594 2362 647 ossibus
2392 602 2438 645 et
2468 593 2633 646 nervis
2673 594 2935 648 inserutsti
2971 610 3074 659 me,
3118 605 3230 650 cute
3258 596 3476 667 desuper
3505 599 3759 668 aperuisti

2166 700 2265 751 me,
2297 685 2453 738 vitam
2493 694 2539 739 et
2572 686 2975 740 misericordiam
3004 688 3193 742 dedisti
3219 688 3386 743 mihi?
3423 691 3527 746 Sed
3559 702 3614 747 et
3639 709 3759 745 om-

2169 791 2265 830 nes
2308 776 2504 830 divinae
2532 777 2820 846 Scriptura:
2848 778 3113 847 ejusmodi
3142 781 3465 836 testimoniis
3511 793 3638 838 sunt
3670 800 3749 840 re-

2168 866 2345 932 fertae,
2380 882 2498 934 qua:
2529 882 2674 921 nunc
2690 882 2848 922 causa
2880 869 3157 925 brevitatis
3182 873 3483 930 omisimus.

2242 959 2299 1011 7.
2336 957 2415 1013 Ad
2464 959 2752 1028 imaginem
2803 975 3015 1031 quoque
3068 962 3159 1017 Dei
3207 979 3311 1017 non
3345 966 3516 1021 solum
3557 967 3762 1023 iactant

2171 1050 2444 1105 hominem
2471 1091 2486 1117 ,
2533 1052 2628 1106 sed
2658 1060 2712 1105 et
2737 1051 2852 1106 ﬁeri
2880 1055 3201 1109 conﬁtemur
3221 1097 3235 1119 ,
3286 1056 3498 1113 dicente
3531 1060 3764 1113 Domino

2179 1142 2244 1196 ad
2277 1142 2388 1196 Noe
2415 1141 2569 1210 (Gen.
2587 1157 2658 1205 Ix,
2676 1142 2729 1212 6)
2752 1160 2765 1195 :
2790 1144 2891 1209 Qui
2916 1144 3155 1211 effuderit
3184 1149 3485 1217 sanguinem
3512 1149 3764 1212 hominis.

2174 1249 2269 1302 pro
2306 1234 2558 1302 sanguine
2602 1233 2741 1286 illius
2777 1234 3070 1301 e/fundetur
3106 1241 3316 1309 sanguis
3353 1243 3499 1311 ejus,
3538 1244 3663 1312 quia
3694 1246 3768 1296 ad

2177 1323 2450 1393 imaginem
2482 1324 2572 1375 l‘ei
2603 1325 2723 1394 fecit
2749 1323 3037 1390 hominem;
3060 1336 3114 1380 et
3141 1326 3305 1380 Paulo
3335 1334 3579 1399 apesloio
3609 1336 3767 1387 simi—

2178 1416 2300 1471 liter
2329 1428 2603 1471 asserente
2645 1416 2699 1486 (ι
2729 1415 2849 1471 Cor.
2879 1434 2955 1483 χι,
2980 1418 3009 1471 7
3035 1419 3052 1488 )
3089 1437 3101 1473 :
3153 1418 3244 1473 Vir
3270 1432 3435 1475 autem
3466 1441 3567 1477 non
3611 1425 3771 1480 debet

2176 1510 2344 1561 velare
2369 1517 2543 1577 caput,
2566 1510 2809 1578 quoniam
2838 1510 3007 1582 imago
3030 1520 3077 1564 et
3102 1511 3269 1582 gloria
3298 1512 3395 1567 Dei
3423 1525 3530 1581 est;
3556 1517 3770 1572 laettbn

2181 1613 2396 1667 quoque
2421 1599 2664 1667 apostolo
2694 1600 3059 1668 proclamante
3100 1601 3254 1673 (Jac.
3289 1619 3367 1671 ιιι,
3400 1604 3469 1676 9)
3504 1623 3517 1658 :
3552 1605 3617 1660 In
3651 1610 3771 1675 ipsa

2180 1690 2357 1760 lingua
2387 1691 2720 1744 benedicimus
2750 1690 2911 1744 Deum
2938 1735 2953 1759 ,
2986 1704 3032 1746 et
3063 1695 3113 1746 in
3144 1695 3256 1761 ipsa
3287 1696 3638 1754 maledicimus
3669 1704 3770 1755 ho-

2107 1783 2153 1842 B
2182 1783 2368 1846 mines,
2408 1783 2494 1850 qui
2539 1784 2605 1836 ad
2646 1783 2923 1855 imaginem
2962 1795 3009 1839 et
3058 1788 3443 1843 similitudinem
3489 1791 3584 1845 Dei
3638 1796 3770 1863 facti

2186 1883 2328 1929 sunt.

2254 1965 2306 2020 8.
2346 1962 2372 2001 ἀ
2414 1964 2637 2034 Nuptias
2681 1966 2792 2021 Deo
2834 1976 3052 2022 auctore
3090 1968 3316 2023 dicimus
3362 1984 3479 2026 esse
3519 1974 3773 2030 conditas

2180 2067 2341 2127 atque
2371 2058 2706 2126 coniunctas,
2739 2060 2955 2114 dicente
2987 2060 3099 2114 Deo
3126 2062 3192 2117 ad
3235 2061 3347 2116 Noe
3376 2062 3528 2133 (Gen.
3556 2081 3631 2128 ιι,
3667 2068 3723 2135 7)
3757 2086 3772 2120 :

2194 2150 2291 2205 Vos
2317 2160 2488 2205 autem
2511 2153 2717 2206 crescite
2735 2195 2750 2220 ,
2794 2163 2843 2207 et
2868 2153 3319 2223 multiplicamini,
3354 2165 3401 2208 et
3437 2156 3642 2227 implete
3665 2168 3779 2212 ter-

2182 2259 2320 2300 ram.
2369 2245 2435 2298 Et
2466 2260 2531 2299 ne
2561 2245 2679 2313 quis
2707 2244 2975 2315 allegoriae
3017 2246 3225 2301 nebulis
3256 2248 3551 2311 simplicem
3579 2250 3780 2305 obum-

2182 2334 2343 2390 brare
2378 2336 2505 2390 velit
2534 2335 2833 2403 historiam,
2862 2336 3058 2406 adjecit
3088 2335 3308 2408 (Ibid.):
3334 2336 3402 2391 Et
3431 2338 3579 2394 multi
3608 2350 3780 2397 estote

2184 2441 2338 2496 super
2366 2442 2500 2480 eam.

2256 2517 2312 2571 9.
2342 2516 2491 2572 Unde
2515 2526 2568 2571 et
2598 2518 2862 2574 Dominus
2892 2519 2943 2573 in
2971 2518 3259 2590 Evangelio
3285 2522 3484 2578 Iudaeis
3511 2524 3576 2580 de
3608 2541 3787 2595 repu-

2188 2611 2280 2663 dio
2308 2610 2762 2680 interrogantibus
2791 2611 3071 2679 restioudit
3100 2612 3314 2683 (Matth.
3351 2616 3539 2685 313,8)
3570 2635 3584 2667 :
3620 2618 3788 2689 Mog-

2186 2714 2264 2753 ses
2294 2709 2500 2767 prapter
2536 2700 2772 2754 duritiem
2808 2701 2978 2755 cordis
3005 2704 3155 2756 vestri
3180 2704 3383 2772 scripsit
3422 2706 3558 2760 vobis
3586 2724 3793 2776 prace-

2191 2806 2335 2860 pfum
2360 2794 2490 2859 hoc;
2518 2794 2581 2846 ab
2607 2794 2751 2847 initio
2780 2802 2948 2848 autem
2977 2812 3077 2848 non
3108 2797 3204 2864 fuit
3223 2798 3319 2851 sic.
3354 2798 3454 2865 Qui
3470 2798 3604 2853 enim
3637 2804 3790 2869 fecit,

2192 2884 2474 2937 masculum
2497 2893 2543 2937 et
2573 2885 2815 2954 feminam
2846 2887 2963 2955 fecit
3000 2902 3104 2953 eos,
3140 2896 3187 2940 et
3222 2888 3349 2941 dixit
3378 2904 3395 2942 :
3434 2888 3655 2958 Propter
3685 2892 3793 2946 hoc

2191 2976 2439 3044 relinquet
2470 2978 2619 3029 homo
2648 2986 2843 3043 patrtm
2868 2989 2913 3031 et
2943 2990 3154 3032 matrem
3176 3023 3188 3043 ,
3234 2989 3280 3033 et
3313 2980 3591 3036 adha’rebit
3628 2986 3791 3038 uxori

2191 3080 2319 3129 sure,
2352 3075 2398 3119 et
2427 3076 2572 3119 erunt
2600 3068 2703 3119 duo
2734 3067 2784 3118 in
2815 3082 2970 3119 carne
3001 3084 3102 3120 una
3131 3067 3323 3137 (Marc.
3352 3086 3406 3135 ι,
3432 3071 3509 3140 5).

2265 3159 2351 3213 10.
2380 3158 2447 3212 Et
2472 3174 2541 3214 ne
2564 3159 2686 3225 quis
2704 3160 2999 3213 errantium
3027 3159 3232 3215 diceret
3256 3163 3625 3231 usurpandum
3669 3182 3682 3217 :
3732 3162 3791 3220 Π

2197 3248 2444 3319 praedixit
2471 3250 2653 3318 petius
2670 3266 2828 3318 quam
2855 3250 3129 3319 praecepit,
3154 3251 3360 3306 addidit
3382 3253 3575 3323 (Ibid.)
3596 3272 3609 3308 :
3634 3257 3793 3321 Quod

2198 3358 2317 3413 ergo
2350 3342 2489 3396 Deus
2514 3344 2806 3412 conjunxit,
2837 3342 2989 3397 homo
3020 3360 3123 3396 non
3143 3354 3361 3413 separet.
3390 3345 3623 3401 Sanctus
3653 3363 3793 3417 quo.

2194 3451 2303 3503 que
2348 3435 2637 3504 Apostolus
2686 3434 2892 3488 Christi
2946 3437 3311 3505 magisterium
3365 3452 3618 3506 sequens,
3657 3440 3795 3494 dicit

2198 3526 2379 3597 (Hebr.
2405 3542 2520 3592 xm,
2550 3524 2604 3596 4)
2640 3543 2651 3577 :
2696 3525 3015 3579 Honorabile
3058 3529 3365 3581 connubium
3388 3568 3402 3592 ,
3446 3540 3493 3583 et
3521 3540 3661 3584 torus
3692 3532 3793 3585 im-

1673 3657 2223 3716 CASTIGATIONES
2266 3660 2351 3715 ET
2391 3661 2619 3716 ΝΟΤιΕ.

581 3785 604 3811 ἰ
636 3776 874 3829 Julianus
900 3772 966 3827 de
995 3771 1163 3841 gratia
1193 3772 1285 3825 Dei
1333 3787 1501 3841 pauca
1546 3772 1781 3837 scripsit,
1807 3782 1857 3824 et
1888 3788 1947 3827 ea
1974 3774 2091 3842 qui-

508 3848 628 3898 dem
659 3863 724 3898 ex
745 3846 857 3897 sola
889 3846 999 3897 tere
1021 3843 1384 3905 occasione,si
1411 3845 1601 3896 librum
1631 3845 1697 3897 de
1730 3848 1925 3897 Anime
1946 3846 2091 3896 exci-

508 3932 645 3986 pzas,
670 3917 863 3984 quippe
893 3916 980 3986 qui
1012 3914 1365 3986 leestianus
1395 3912 1761 3986 magisluerit
1791 3912 2089 3986 quam_P_e-

512 3982 777 4054 iagianns,
804 3995 859 4038 ut
892 3983 1092 4037 dictum
1119 3992 1201 4036 cst
1239 3982 1490 4054 ⁸(Ιὶὶεεεζε.
1526 3984 1623 4054 iin
1648 3982 1909 4052 Iuliano).
1938 3983 2090 4046 01)Ιί-

508 4051 673 4110 ciunti
698 4067 843 4109 certe
874 4055 1171 4117 Augustino
1201 4051 1338 4119 (Lib.
1368 4068 1379 4104 I
1413 4052 1512 4118 0p.
1548 4051 1762 4122 Imperi.
1807 4051 1924 4119 cap.
1974 4054 2087 4121 94),

509 4126 649 4192 quod
712 4125 934 4194 gratiam
1000 4124 1198 4177 Christi
1265 4123 1500 4184 tolleret,
1564 4124 1634 4194 ita
1689 4124 1967 4194 respondit
2037 4134 2092 4177 ut

510 4192 741 4250 mentem
820 4195 1108 4262 proderet,
1167 4194 1499 4261 gratiamque
1567 4192 1805 4255 Christi,
1872 4203 2091 4261 prepter

511 4279 669 4335 quam
696 4265 1075 4319 conferendam
1100 4264 1243 4317 venit
1266 4264 1315 4315 in
1347 4262 1485 4315 hunc
1506 4264 1785 4325 mundum,
1815 4272 2094 4317 remearet

513 4338 578 4387 ad
613 4337 962 4395 creationem,
1024 4335 1464 4397 incarnationem,
1509 4335 1849 4400 adeptionem
1885 4337 1935 4386 in
1966 4335 2094 4402 bap-

512 4405 1040 4467 tismo,exemplnm,
1071 4414 1124 4458 et
1152 4406 1523 4457 remi~sinnem
1576 4413 1935 4473 peccatorum.
1986 4404 2090 4458 Lo-

514 4490 609 4528 cus
636 4474 826 4539 dignus
854 4482 936 4525 est
965 4475 1060 4541 qui
1094 4476 1428 4527 consulatur.

588 4544 613 4582 δ
645 4543 736 4597 llis
764 4553 817 4595 et
842 4546 1298 4610 eunseqnettttlms
1326 4543 1502 4596 verbis
1526 4543 1771 4597 Julianus
1800 4543 1968 4598 videri
2000 4558 2094 4609 po-

2197 3774 2498 3843 baptismnm
2522 3776 2857 3827 necessarium
2878 3789 2896 3837 ;
2920 3782 2972 3825 ut
2998 3774 3188 3825 scilicet
3218 3774 3311 3826 illa
3332 3783 3567 3828 creatura
3602 3778 3657 3830 in
3694 3778 3791 3834 Dei

2195 3846 2330 3912 ﬁlios
2356 3848 2645 3907 adeptetur,
2669 3860 2768 3897 non
2790 3845 2929 3913 quod
2958 3846 3157 3912 aliquid
3178 3861 3239 3897 ea;
3257 3847 3553 3911 parentibus
3585 3852 3788 3912 trahat,

2195 3916 2332 3983 quod
2363 3914 2423 3967 sit
2456 3915 2654 3968 lavacro
2681 3915 3074 3983 regenerationis
3107 3916 3435 3983 expiandum.
3467 3916 3612 3970 Huic
3641 3919 3793 3973 laudi

2197 3982 2510 4053 adjungunt,
2544 3995 2590 4037 et
2620 3986 2757 4053 quod
2797 3982 3056 4036 Christum
3099 3985 3377 4037 Dominum
3434 3989 3580 4039 nulla
3605 3992 3793 4043 dicunt

2199 4057 2401 4106 macula
2426 4056 2613 4118 peccati
2666 4055 2823 4123 fuisse
2868 4070 3174 4124 respersum,
3231 4065 3481 4121 quantum
3512 4061 3697 4112 attinet
3722 4064 3793 4113 ad

2199 4127 2310 4195 ejus
2340 4125 2614 4194 infantiam
2638 4140 2656 4189 ;
2683 4127 2800 4191 quia
2828 4128 2937 4185 eius
2964 4140 3167 4195 carnem
3189 4125 3251 4177 ab
3277 4128 3415 4178 omni
3444 4131 3645 4194 peccati
3665 4147 3793 4183 con-

2194 4198 2395 4269 tagione
2422 4195 2766 4269 purissimam,
2811 4210 2909 4269 non
2940 4194 3245 4249 excellentia
3299 4199 3510 4266 propria
3540 4207 3584 4251 et
3618 4203 3792 4269 gratia

2194 4265 2465 4331 singulari,
2494 4265 2581 4317 sed
2610 4267 2965 4317 communione
2987 4277 3199 4329 naturte,
3248 4282 3361 4328 ante
3386 4265 3630 4321 erunibus
3658 4272 3792 4323 inest

2195 4334 2496 4402 infantibus,
2526 4345 2778 4387 asserunt.
2812 4333 2889 4386 Eo
2922 4337 3137 4402 pertinet
3167 4336 3336 4399 etiam,
3370 4339 3510 4404 quod
3548 4340 3613 4391 de
3664 4342 3789 4391 aui—

2199 4420 2295 4457 ma:
2320 4406 2513 4472 origine
2565 4406 2795 4458 inserunt
2842 4406 3187 4472 quwstionem,
3233 4408 3307 4459 sic
3350 4409 3537 4461 anima:
3590 4407 3792 4463 Christi

2198 4491 2462 4540 coquare
2485 4474 2744 4549 molientes
2770 4492 2952 4549 omnes
2993 4479 3190 4529 animas
3216 4548 3221 4549 ν
3242 4478 3593 4549 parvulorum,
3660 4497 3791 4549 quos

2199 4547 2373 4597 rolunt
2414 4562 2521 4598 esse
2565 4547 2798 4599 similiter
2842 4545 2987 4598 nulla
3034 4548 3223 4613 peccati
3261 4547 3463 4599 naucula
3521 4545 3784 4613 aspersas.

515 4624 615 4669 test
639 4612 833 4685 iecisse
862 4601 1064 4685 sentina
1094 4628 1159 4666 ex
1204 4614 1395 4685 quibus
1427 4626 1604 4679 postea
1630 4616 1887 4682 originem
1924 4601 2094 4669 Seiui-
2125 4601 2170 4658 Ῑ)
2202 4614 2421 4685 Propter
2464 4618 2556 4667 hoc
2590 4618 2740 4668 etiam
2771 4615 2947 4668 dicunt
2967 4601 3044 4670 ex.
3078 4616 3243 4669 Adam
3289 4617 3416 4670 nihil
3463 4601 3592 4671 mali
3621 4601 3793 4673 trans-

516 4682 928 4756 pelagiauismus
965 4683 1237 4756 duceret._
1271 4682 1549 4750 Legendus
1588 4700 1749 4751 super
1777 4703 1835 4736 ea
1883 4700 1939 4737 re
1968 4686 2097 4738 Pro-

515 4754 660 4825 sper,
682 4766 789 4808 tum
817 4755 865 4806 in
888 4754 1112 4821 epistola
1128 4754 1192 4805 ad
1215 4754 1585 4819 Augustinum,
1606 4764 1713 4806 tum
1743 4759 1792 4806 in
1819 4756 2096 4809 librocon-

517 4837 596 4880 tra
622 4826 969 4885 Collatorem,
999 4834 1054 4878 et
1085 4826 1135 4877 in
1168 4826 1605 4889 responsionibus
1635 4825 1699 4877 ad
1733 4826 1941 4889 tibjCClﬂ
1967 4842 2096 4878 cnn-

517 4907 595 4950 tra
618 4896 901 4965 gratuitam
923 4894 1443 4963 prmdestinationem
1486 4896 1596 4947 Dei.
1639 4896 1751 4947 Non
1787 4896 1981 4962 patitur
2011 4896 2096 4950 hic

518 4970 669 5022 locus
697 4967 763 5020 de
795 4977 900 5019 tam
932 4967 1149 5034 copioso
1182 4976 1501 5028 argumento
1543 4966 1809 5019 disserere
1839 4966 2095 5020 adversus

517 5038 764 5092 inductas
796 5038 1172 5090 nonnullorum
1204 5035 1270 5087 de
1296 5036 1844 5105 Semipelagianorum
1890 5037 2094 5091 errori-

524 5109 622 5161 bus
654 5110 999 5160 assertioties.

592 5188 614 5215 ε
644 5178 793 5229 llunc
834 5178 1008 5229 locum
1059 5174 1445 5231 admirabiliter
1503 5176 1734 5231 illustrat
1768 5178 2095 5243 Augustinus

517 5247 654 5318 (Lib.
689 5248 836 5318 tvrad
867 5247 1038 5317 Bnnif.
1084 5263 1135 5318 Ac.
1163 5247 1241 5313 2),
1288 5249 1375 5318 ubi
1400 5248 1572 5317 aperit
1622 5263 1740 5315 qum:
1789 5249 1852 5300 ad
1882 5249 2092 5300 laudem

519 5316 723 5371 nuturm
752 5316 1007 5370 humanm
1043 5316 1279 5371 dicerent
1328 5317 1617 5384 Pelagiani.
1657 5326 1710 5370 et
1741 5334 1845 5387 quo
1870 5318 2096 5372 consilio

518 5405 578 5442 ea
611 5396 981 5449 congererent.
1004 5388 1226 5442 Laudem
1262 5399 1525 5449 creatnrrc,
1547 5388 1736 5456 inquit,
1767 5391 1900 5457 quod
1919 5390 1985 5440 ad
2013 5406 2099 5459 ge-

518 5477 614 5512 nus
641 5459 919 5511 humanum
948 5468 1149 5520 attinet,
1183 5462 1315 5512 unde
1344 5475 1478 5511 nunc.
1503 5460 1716 5523 qua‘stio
1737 5471 1831 5521 est,
1878 5462 1954 5512 his
1975 5476 2095 5512 sen-

518 5532 686 5582 tentiis
712 5531 1233 5597 exsequuntur:quod
1260 5530 1569 5581 nascentium
1590 5530 1821 5582 conditor
1852 5529 1985 5582 Deus
2009 5533 2094 5594 sit,

519 5603 713 5671 filiique
742 5601 1000 5651 hominum
1043 5618 1171 5666 Opus
1224 5601 1324 5651 sint
1382 5599 1498 5661 Dei,
1548 5611 1592 5651 et
1646 5609 1907 5671 peccatum
1952 5617 2099 5654 omne

521 5667 713 5723 nonde
741 5682 940 5729 natura.
972 5672 1059 5723 sed
1088 5672 1152 5723 de
1181 5671 1444 5723 voluntate
1466 5667 1755 5723 descendat.
1788 5667 1928 5724 Huic
1954 5671 2098 5724 laudi

521 5752 769 5795 creatura:
795 5742 1076 5805 applicant,
1107 5746 1241 5803 quod
1266 5741 1496 5794 omnibus
1524 5741 1759 5794 wtatibus
1787 5741 1961 5794 diruat
1991 5759 2098 5797 esse

2195 4688 2296 4737 isse
2328 4703 2416 4754 per
2436 4695 2668 4751 cwteros,
2696 4687 2794 4738 nisi
2822 4696 3053 4751 mortem,
3082 4702 3196 4754 qua?
3226 4703 3325 4740 non
3354 4703 3554 4755 semper
3578 4701 3657 4743 est
3684 4708 3793 4742 ma-

2200 4755 2327 4817 lum,
2357 4757 2614 4828 inquiunt,
2662 4773 2776 4809 cum
2812 4765 2860 4828 et
2890 4757 3197 4828 martyribus
3250 4759 3315 4810 sit
3351 4774 3507 4812 causa
3549 4762 3793 4828 prmio-

2198 4842 2336 4886 rum,
2366 4836 2412 4877 et
2435 4826 2510 4878 vel
2540 4826 2745 4889 bonam,
2771 4826 2848 4879 vel
2870 4826 3057 4879 mulam
3086 4836 3295 4880 mortem
3322 4829 3423 4881 dici
3471 4826 3657 4896 faciat,
3686 4849 3793 4885 non

2194 4897 2438 4971 resolutio
2459 4911 2768 4971 corporum,
2807 4912 2920 4963 qua:
2955 4897 3311 4971 excitabuntur
3345 4901 3396 4951 in
3440 4902 3581 4971 omni
3608 4920 3797 4971 genere

2197 4966 2481 5039 hominum,
2511 4966 2599 5039 sed
2647 4968 2942 5020 meritorum
2994 4966 3283 5034 diversitas,
3315 4984 3428 5039 qua:
3453 4970 3519 5022 de
3555 4966 3792 5025 humana

2199 5038 2431 5107 libertate
2453 5038 2718 5107 contingit.

2271 5105 2297 5142 ά
2330 5107 2525 5161 Eadem
2555 5105 2847 5176 scripserat
2877 5107 2942 5160 ad
2997 5106 3217 5172 Ruftim,
3277 5108 3549 5163 referente
3606 5114 3799 5177 Augu-

2201 5179 2341 5230 stino
2372 5178 2424 5230 in
2461 5178 2572 5231 hzec
2601 5182 2760 5231 verba
2796 5196 2807 5231 :
2855 5176 3083 5241 Nuptias
3140 5195 3255 5232 vero
3308 5183 3592 5234 secundum
3644 5176 3799 5236 Scri-

2203 5260 2380 5313 piuras
2409 5249 2641 5310 laudant,
2673 5250 2794 5317 quia
2828 5248 3075 5301 Dominus
3101 5250 3151 5302 in
3186 5249 3462 5309 Evangelia
3508 5252 3744 5311 loquitur
3780 5272 3800 5308 .'

2207 5320 2306 5384 Qui
2352 5320 2467 5390 fecit
2496 5318 2579 5391 _ab
2618 5320 2790 5384 initio,
2821 5320 3101 5372 masculum
3151 5329 3201 5374 et
3236 5320 3475 5389 feminam
3512 5325 3633 5391 fecit
3677 5339 3801 5385 eas;

2203 5402 2251 5441 et
2285 5389 2451 5442 dixit:
2485 5389 2731 5453 Crescite,
2763 5400 2807 5442 et
2834 5391 3279 5456 multiplicamini,
3308 5402 3354 5443 et
3380 5389 3573 5456 replete
3607 5405 3803 5447 terram

2207 5458 2421 5533 (Matth.
2446 5476 2555 5523 XIX,
2579 5459 2666 5529 4);
2692 5462 2920 5533 quanwis
2944 5461 3044 5533 hoc
3075 5478 3174 5513 non
3203 5462 3264 5533 in
3282 5478 3338 5513 ea
3366 5463 3474 5515 loco
3501 5462 3801 5533 Evangelii,

2206 5531 2294 5582 sed
2326 5541 2489 5601 tamen
2519 5533 2573 5581 in
2625 5529 2731 5601 lege
2758 5531 2821 5583 sit
2852 5531 3114 5601 scriptum.
3150 5529 3361 5583 Addunt
3387 5536 3542 5586 etiam
3568 5551 3586 5585 :
3640 5529 3801 5600 Quod

2205 5616 2325 5670 ergo
2358 5599 2491 5672 Deus
2535 5599 2836 5672 conjunxit,
2879 5600 3029 5655 homo
3069 5617 3169 5655 non
3204 5614 3426 5669 separet.
3467 5605 3596 5672 Qua‘
3642 5599 3801 5659 verba

2204 5670 2499 5742 evangelica
2522 5670 2861 5741 agnoscimus.
