3948 6188
230 290 310 348 sit
377 283 675 342 DISSERT.
720 283 784 340 v.
829 282 915 337 DE
956 280 1267 336 LIBILLIS
1305 279 1484 335 FIDE!
1524 279 1831 335 scatens
1870 281 1958 335 AB
2000 279 2435 339 aucronmus
2477 282 2795 347 umnasm
2835 286 3270 344 PELAGIAME.
3344 294 3449 349 δικ

228 406 515 467 maculatus;
556 402 896 475 fornicatores
934 411 1105 454 autem
1135 410 1183 453 et
1214 400 1481 453 adulteros
1519 398 1768 471 judicabit
1796 401 1847 461 Α

228 500 458 554 Dominus.
488 497 551 551 Et
580 496 708 549 alibi
740 493 784 566 (Ι
813 494 934 549 Cor.
956 508 1062 559 vtt,
1096 494 1186 562 53)
1230 510 1243 546 :
1283 493 1383 557 Qui
1409 491 1497 546 dat
1525 491 1767 563 virginem

225 606 346 645 suam
372 596 599 657 nuptum,
628 586 753 639 bene
780 586 940 656 facit;
964 594 1009 638 et
1031 586 1116 655 qui
1144 600 1245 637 non
1272 585 1380 647 dat,
1403 583 1591 636 melius
1620 582 1765 649 facit.

226 681 337 735 llinc
355 682 490 734 enim
516 675 779 730 laudanda
800 676 1081 745 virginitas
1112 684 1213 739 est,
1240 674 1362 741 quia
1388 675 1619 741 nuptiis,
1648 687 1770 743 quas

226 773 351 825 bonae
369 776 505 834 sunt,
533 766 817 837 prtefertur
840 781 856 822 :
880 776 909 805 ι
932 764 1144 835 propria
1177 766 1317 819 enim
1344 764 1604 834 dignitate
1622 772 1771 819 caret

221 861 446 933 quidquid
468 858 592 913 mali
614 858 1018 928 comparatione
1042 856 1309 911 laudatur.

280 954 355 1007 11.
382 951 640 1018 Quoniam
670 950 834 1020 igitur
863 949 1219 1017 pratmisimus
1264 949 1333 1003 dc
1362 948 1505 1002 bono
1533 955 1763 1013 natura},

220 1056 263 1099 et
288 1042 651 1099 benedictione
675 1082 690 1106 ,
732 1049 788 1095 et
825 1043 1029 1094 honore
1061 1040 1298 1109 conjngii
1323 1079 1338 1104 ,
1374 1048 1772 1109 consequenter

220 1135 465 1189 renuimus
486 1132 514 1170 ι)
541 1132 788 1187 naturale
811 1140 1113 1200 peccatum,
1147 1131 1233 1184 vel
1264 1131 1308 1185 si
1346 1146 1454 1200 quo
1480 1130 1588 1184 alio
1614 1144 1771 1185 voca-

219 1226 713 1292 bulouunCnpatur;
770 1239 837 1278 ne
876 1225 1106 1278 creatori
1151 1223 1263 1277 Deo
1294 1223 1533 1276 omnium
1568 1223 1770 1291 irroga-

220 1330 319 1369 mus
342 1298 613 1385 injuriam‘,
640 1314 767 1368 dum
795 1314 997 1383 aliquid
1029 1314 1099 1366 ab
1138 1314 1228 1367 illo
1251 1328 1373 1367 cum
1402 1322 1629 1381 peccato
1653 1313 1768 1367 ﬁeri

218 1409 426 1476 potuisse
458 1405 837 1460 contendimus
858 1446 873 1469 ,
925 1416 983 1459 ct
1016 1405 1324 1460 testimonia
1364 1404 1770 1474 Scripturarum

218 1500 315 1568 ejus
342 1497 584 1552 falsitatis
610 1510 921 1567 arguamus.

276 1589 351 1644 12.
381 1588 510 1655 Quae
534 1588 722 1643 dicunt
742 1590 791 1642 in
816 1600 999 1643 vetere
1020 1589 1365 1645 Testamento
1384 1589 1596 1659 (Jerem.
1615 1607 1764 1659 xxxi,

217 1681 288 1751 50)
319 1700 331 1734 :
364 1680 479 1733 Non
508 1681 794 1733 morientur
816 1692 981 1749 patres
1008 1698 1100 1751 pro
1128 1682 1279 1750 ﬁliis,
1307 1694 1353 1735 et
1394 1683 1492 1745 lilii
1524 1700 1623 1737 non
1654 1700 1764 1736 mo-

1946 399 2033 452 15.
2060 399 2213 456 Unde
2242 407 2296 454 et
2340 401 2390 454 in
2419 400 2526 455 alio
2560 402 2679 457 loco
2710 404 2822 472 ipse
2853 405 3114 460 Dominus
3134 449 3148 475 ,
3177 423 3298 464 cum
3327 424 3450 477 pro-

1875 489 2158 558 phetarum
2197 492 2448 560 exemplo
2475 494 2749 558 apostolos
2778 495 2843 549 ad
2873 497 3182 564 patientiam
3217 502 3445 553 robora—

1875 591 1955 635 ret
1983 580 2193 651 (Matth.
2228 597 2281 646 v,
2316 580 2425 652 12)
2465 600 2477 635 :
2526 581 2769 647 Gaudete,
2800 587 2907 650 ait,
2948 597 2993 640 et
3020 590 3269 643 exsultate
3289 629 3303 654 ,
3331 605 3454 659 quia

1872 687 2061 724 merces
2089 681 2254 728 vestra
2279 688 2467 742 magna
2502 682 2574 727 est
2614 676 2671 728 in
2700 674 2880 740 aclis;
2921 678 2994 730 sic
3022 680 3160 731 enim
3202 681 3455 748 persecuti

1868 772 1988 815 sunt
2012 771 2059 815 et
2089 761 2358 832 praphetas
2385 767 2473 833 qui
2502 766 2709 835 fuerunt
2729 777 2846 821 ante
2873 785 2977 823 vos.

1944 851 2032 906 l6.
2063 852 2325 922 Quodque
2348 853 2430 907 his
2452 856 2626 923 majus
2645 865 2750 919 est,
2776 858 2905 912 deos
2929 858 3047 912 illos
3069 874 3099 913 a
3126 860 3291 915 David
3328 877 3455 930 pro-

1873 944 2033 1013 pheta
2095 944 2268 999 dictus
2317 960 2415 999 suo
2480 947 2784 1002 testimonio
2846 952 3210 1019 Comprobavit
3267 954 3453 1009 dicens

1873 1032 2055 1101 (Joan.
2090 1050 2147 1099 ι,
2181 1035 2273 1103 35)
2305 1052 2318 1088 :
2350 1033 2491 1107 Ergo
2530 1038 2572 1089 si
2608 1036 2725 1090 illos
2742 1038 2869 1091 dixit
2900 1039 3021 1093 deos
3048 1041 3114 1092 ad
3137 1058 3264 1109 quos
3289 1059 3453 1097 sermo

1868 1125 2023 1193 ﬁebat
2049 1123 2177 1191 Dei,
2208 1135 2254 1179 et
2282 1142 2385 1180 non
2420 1136 2580 1197 potest
2608 1128 2733 1181 solvi
2763 1128 3033 1196 Scriptura
3065 1144 3081 1181 :
3115 1147 3264 1197 quem
3298 1131 3454 1186 Pater

1869 1216 2224 1282 sanctiﬁcavit,
2280 1226 2331 1271 et
2382 1219 2520 1272 misit
2558 1220 2611 1271 in
2657 1220 2788 1273 hunc
2824 1220 3093 1286 mundum,
3125 1237 3211 1274 vos
3236 1223 3402 1276 dicitis
3438 1242 3449 1276 :

1869 1308 2240 1379 Blasphemas;
2264 1312 2387 1380 quia
2410 1312 2519 1365 dixi
2545 1327 2562 1365 :
2585 1309 2632 1364 F
2637 1312 2757 1366 ilius
2792 1313 2884 1367 Dei
2914 1318 3063 1371 sunt?

1942 1401 2030 1455 17.
2061 1401 2281 1455 Constat
2310 1417 2537 1472 namque
2567 1419 2660 1458 eos
2691 1419 2786 1474 per
2816 1406 3056 1461 laborem
3081 1408 3361 1478 proprium
3392 1419 3447 1463 et

1866 1492 2069 1547 Christi
2120 1493 2278 1548 {idem
2333 1493 2699 1563 justiﬁcalos,
2758 1497 3023 1568 siquidem
3085 1501 3456 1570 prteviderunt

1869 1584 2038 1639 Deum
2069 1585 2122 1639 in
2154 1600 2318 1640 carne
2347 1601 2467 1642 e-se
2510 1600 2792 1643 venturum
2814 1631 2828 1654 ,
2866 1591 3008 1645 sicut
3035 1591 3294 1647 Dominus
3339 1593 3454 1662 ipse

1867 1675 2064 1730 asserit
2092 1674 2278 1730 dicens
2311 1675 2506 1747 (Joan.
2542 1694 2651 1741 nu,
2681 1680 2771 1747 56)
2800 1697 2812 1731 :
2843 1680 3097 1734 Abraham
3123 1692 3265 1750 pater
3293 1692 3454 1737 vester

217 1776 381 1826 ricntur
403 1788 495 1842 pro
523 1772 778 1841 patribus,
801 1772 995 1842 singuli
1016 1789 1110 1839 pro
1135 1790 1227 1827 suo
1257 1771 1443 1827 delicto
1472 1775 1769 1829 morientur,
1806 1763 1847 1821 Β
1875 1767 2145 1819 exsultavit
2176 1775 2230 1819 ut
2266 1767 2451 1821 videret
2482 1769 2613 1822 diem
2651 1786 2847 1834 meum,
2880 1780 2929 1824 et
2964 1771 3121 1838 uidit,
3153 1781 3200 1825 et
3245 1778 3453 1843 gavisus

216 1863 265 1916 Et
292 1863 417 1916 alius
445 1861 709 1930 propheta
741 1861 952 1933 (Ezech.
981 1878 1131 1929 xvut,
1164 1862 1257 1932 2):
1291 1865 1429 1931 Quid
1456 1864 1591 1918 vobis
1620 1882 1773 1936 para-

218 1954 312 2006 bola
335 1954 426 2007 ista
453 1954 509 2007 in
542 1962 677 2023 terra
714 1952 882 2009 Israel
908 1956 1191 2010 dicentibus
1235 1972 1253 2010 :
1282 1957 1464 2012 Patres
1492 1960 1776 2012 manduca-

218 2054 365 2097 rerunt
393 2061 545 2097 uuam
574 2045 830 2111 acerbam,
860 2056 906 2100 et
936 2047 1111 2101 dentes
1132 2048 1358 2117 ﬁliorum
1377 2049 1775 2118 obstupuerunt?

222 2135 325 2188 Viro
350 2152 465 2208 ego,
499 2136 629 2188 dicit
665 2135 942 2206 Dominus,
975 2139 1020 2190 si
1048 2138 1275 2207 amplius
1300 2140 1496 2193 dicetur
1525 2139 1774 2209 parabola

216 2225 301 2279 inec
326 2228 373 2279 in
392 2227 587 2292 Israel,
613 2228 853 2298 quoniam
878 2244 1050 2282 omnes
1076 2231 1259 2283 anima?
1281 2246 1406 2284 mea:
1430 2242 1576 2295 sunt;
1595 2248 1773 2299 quem-

214 2320 458 2373 admodum
494 2322 675 2373 anima
712 2322 895 2389 patris,
921 2322 993 2374 ita
1021 2332 1068 2375 et
1104 2322 1276 2376 anima
1303 2324 1430 2391 filii,
1456 2340 1627 2377 omnes
1649 2340 1774 2378 mea:

214 2420 340 2473 sunt;
362 2410 539 2463 anima
566 2425 685 2480 qua:
713 2411 1011 2479 peccaverit,
1043 2412 1155 2481 ipsa
1182 2414 1451 2466 morietur.
1494 2412 1623 2467 Item
1666 2414 1775 2468 illic

214 2500 383 2570 (Ibid.,
408 2500 513 2572 9-0)
554 2519 569 2556 :
604 2499 654 2553 F
655 2501 776 2555 ilius
799 2519 898 2556 non
924 2504 1136 2573 accipiet
1159 2505 1467 2576 injustitiam
1492 2507 1651 2576 patris
1671 2505 1771 2568 sui,

211 2607 287 2643 nec
319 2602 454 2660 pater
498 2592 726 2661 accipiet
772 2593 1078 2663 injustitiam
1115 2594 1212 2662 ﬁlii
1247 2595 1361 2658 sui;
1396 2596 1604 2667 jnstitia
1637 2596 1776 2667 justi

211 2698 341 2748 super
367 2684 537 2751 ipsum
562 2684 656 2735 erit
683 2682 999 2754 (Ibid.,30).
1034 2685 1162 2739 Item
1190 2685 1334 2740 illic:
1365 2684 1776 2755 Unumquemqne

209 2773 461 2827 secundum
489 2774 635 2827 viam
659 2773 821 2845 ipsius
842 2774 1088 2844 judicabo
1104 2790 1211 2839 vos,
1230 2776 1412 2829 domus
1436 2774 1623 2845 Israel,
1648 2775 1773 2829 dicit

208 2861 459 2918 Dominus.

269 2954 345 3007 15.
378 2954 441 3008 Et
465 2954 769 3023 Apostolus
814 2971 827 3007 :
874 2954 1061 3009 Omnes
1095 2972 1188 3010 nos
1225 2956 1542 3025 manifestari
1577 2968 1775 3028 oportet

208 3055 305 3099 ante
329 3047 563 3101 tribunal
589 3046 815 3115 Christi,
853 3059 907 3101 ut
953 3052 1142 3119 referat
1188 3051 1529 3119 unusquisque
1565 3052 1776 3121 prapria

1876 1866 1969 1911 est.

1951 1948 2036 2002 18.
2071 1948 2137 2002 Ει
2168 1950 2458 2018 Apostolus
2496 1952 2569 2004 ait
2599 1952 2785 2020 (Hebr.
2819 1969 2892 2015 XI,
2924 1952 3014 2025 59)
3047 1974 3058 2007 :
3101 1954 3167 2007 Et
3201 1956 3254 2025 lii
3281 1972 3457 2009 omnes

1875 2042 2163 2095 testimonio
2185 2044 2308 2111 ﬁdei
2349 2044 2551 2113 probati
2591 2056 2730 2099 sunt.
2772 2047 2837 2100 Et
2871 2049 3064 2103 iterum
3095 2047 3279 2115 (Ibid.,
3312 2049 3403 2121 ‘24)
3439 2068 3454 2104 :

1878 2134 2012 2188 Fide
2036 2135 2241 2205 Moyses
2265 2138 2475 2207 grandis
2501 2141 2666 2205 [actus
2692 2141 2889 2208 negavit
2913 2157 2967 2193 se
2993 2157 3098 2194 esse
3126 2142 3289 2208 ﬁliuni
3324 2140 3457 2195 Pha-

1874 2229 2066 2293 raonis,
2096 2229 2282 2298 eligens
2304 2229 2458 2299 aﬂligi
2486 2244 2598 2280 cum
2631 2232 2822 2297 populo
2850 2230 2963 2289 Dei.
2981 2248 3134 2299 quam
3157 2234 3453 2298 (corporalis

1876 2321 2070 2389 peccati
2096 2318 2276 2372 habere
2284 2319 2680 2387 jucunditatem,
2699 2323 2915 2381 maiores
2943 2322 3240 2374 existimans
3252 2322 3459 2376 diuitias

1876 2408 2118 2461 thesauro
2145 2406 2513 2478 zEgyptiorum
2540 2409 2908 2479 imprOperium
2927 2408 3155 2476 Christi;
3183 2413 3460 2483 aspiciebat

1875 2500 2007 2554 enim
2034 2500 2087 2553 in
2106 2500 2584 2555 remunerationem.

1950 2588 2032 2643 19.
2069 2588 2217 2643 Unde
2241 2572 2296 2643 et
2322 2590 2459 2643 alius
2486 2591 2758 2660 apostolus
2791 2591 2837 2660 (l
2865 2590 3005 2647 Petr.
3025 2594 3180 2664 ι,11)
3206 2611 3221 2647 :
3257 2595 3330 2649 De
3356 2613 3458 2666 qua
3540 2623 3542 2627 ν

1878 2683 2068 2751 inquit,
2103 2682 2269 2734 salute
2296 2682 2658 2752 inquisierunt,
2691 2685 2779 2752 qui
2821 2693 2936 2739 ante
2970 2701 3061 2738 nos
3092 2690 3317 2755 fuerunt,
3346 2704 3462 2758 qua:

1878 2775 2139 2844 propheta:
2166 2784 2475 2839 scrutantes,
2504 2774 2555 2828 in
2587 2775 2723 2845 quod
2750 2777 2826 2830 vel
2854 2776 3007 2847 quale
3033 2787 3229 2848 tempus
3254 2797 3460 2834 annun-

1877 2867 2025 2918 tiaret
2048 2866 2118 2918 eis
2147 2866 2360 2936 spiritus
2389 2865 2603 2931 Christi,
2634 2882 2719 2921 eas
2748 2884 2865 2937 quis
2886 2871 2944 2921 in
2971 2867 3169 2924 Christo
3198 2882 3315 2926 sunt
3345 2889 3462 2943 pas-

1877 2956 2062 3020 siones,
2093 2964 2141 3009 et
2171 2957 2474 3025 posteriores
2501 2958 2718 3029 glorias.

1945 3045 2036 3100 20.
2073 3045 2312 3115 Regnum
2340 3063 2555 3116 quoque
2578 3047 2698 3102 illos
2716 3048 3006 3118 adepturos
3026 3052 3307 3119 caelorum,
3346 3054 3464 3124 ipse

209 3140 412 3205 corporis
442 3147 605 3210 prout
629 3141 803 3209 gessit,
832 3141 934 3194 sive
973 3141 1182 3202 bonum,
1209 3143 1309 3195 sive
1335 3144 1525 3196 malum
1549 3143 1622 3213 (II
1652 3145 1771 3198 Cor.
1803 3131 1848 3194 C
1879 3136 2139 3189 Dominus
2171 3137 2380 3205 probat.
2410 3152 2532 3191 cum
2563 3138 2691 3193 diCit
2725 3139 2942 3211 (Matth.
2974 3157 3096 3204 vni,
3129 3144 3228 3211 11)
3260 3162 3273 3197 :
3306 3145 3464 3199 Multi

208 3245 249 3285 ν.
272 3232 373 3302 10).
406 3231 551 3287 Item
584 3233 724 3288 idem
773 3232 947 3301 (Rom.
976 3251 1083 3299 χεν,
1124 3236 1211 3305 19)
1242 3254 1257 3291 :
1300 3235 1657 3309 Unusquisque
1683 3255 1777 3291 no-

207 3332 346 3374 strum
374 3341 467 3393 pro
496 3340 561 3378 se
590 3325 837 3378 rationem
862 3327 1035 3379 reddet
1057 3324 1186 3380 Deo.
1214 3327 1281 3381 Et
1300 3328 1423 3383 alibi
1441 3327 1771 3400 (Cal.\t,5):

210 3412 556 3486 Unusquisque
576 3426 808 3469 nostrum
838 3433 984 3470 suum
1013 3434 1141 3471 onus
1174 3420 1410 3487 portabit.

265 3507 341 3561 ll.
372 3507 611 3564 Sanctus
635 3520 811 3561 autem
840 3509 1035 3563 veteris
1064 3508 1396 3565 Testamenti
1421 3526 1451 3565 a
1479 3512 1771 3582 Deojusti-

207 3596 385 3665 beatos,
417 3612 473 3656 et
504 3602 633 3667 ejus
654 3600 857 3670 judicio
877 3616 1024 3668 saepe
1063 3601 1331 3665 laudatos,
1362 3619 1618 3660 accusare
1666 3622 1768 3660 non

206 3704 489 3756 possumus,
516 3691 739 3746 dicente
762 3692 1025 3761 Apostolo
1066 3691 1087 3763 (
1113 3692 1259 3746 Rom.
1290 3709 1403 3757 Vill,
1436 3693 1543 3766 53)
1590 3714 1603 3749 :
1647 3696 1774 3762 Quis

204 3783 434 3836 accusabit
482 3783 738 3837 adversus
778 3789 959 3836 eiectos
1004 3782 1142 3837 Dei?
1192 3785 1325 3838 Deus
1361 3788 1446 3854 qui
1476 3788 1774 3858 justi/ient;

206 3872 299 3935 quis
325 3882 395 3926 est
419 3874 511 3935 qui
542 3872 885 3927 condemnat?
910 3882 964 3927 et
988 3873 1215 3929 Domino
1240 3876 1289 3928 in
1322 3876 1609 3945 Evangelio
1641 3894 1773 3933 con-

206 3969 412 4017 testante
436 3964 664 4037 (Matth.
691 3979 838 4031 xxiii,
862 3964 965 4027 55;
1006 3963 1134 4019 Luc.
1168 3980 1241 4027 si.
1266 3967 1356 4037 50)
1404 3984 1417 4021 :
1458 3967 1770 4041 anuiretur

204 4067 231 4101 a
253 4054 378 4107 vobis
407 4060 580 4108 omnis
604 4056 812 4124 sanguis
850 4058 1014 4118 iustus
1048 4056 1136 4126 qui
1160 4057 1353 4125 e/i'usus
1380 4068 1456 4113 est
1484 4076 1634 4132 super
1664 4071 1768 4115 ter-

202 4160 325 4210 rain,
357 4165 389 4201 a
428 4149 689 4219 sanguine
717 4147 843 4202 Abel
874 4150 1010 4220 justi
1042 4165 1202 4221 usque
1226 4152 1295 4205 ad
1338 4154 1639 4223 sanguinem
1668 4154 1771 4208 Za-

204 4233 387 4291 diariis.

1877 3228 2076 3281 venient
2095 3227 2157 3279 ab
2185 3226 2393 3281 Oriente
2415 3239 2461 3282 et
2478 3227 2771 3296 Occidente,
2795 3240 2841 3284 et
2858 3233 3145 3286 recumbent
3166 3249 3282 3286 cuni
3301 3236 3464 3288 Abra-

1879 3318 2013 3389 ham,
2034 3315 2184 3371 Isaac
2206 3330 2250 3370 et
2272 3317 2431 3372 Iacob
2457 3319 2507 3372 in
2539 3337 2692 3391 regno
2716 3322 2986 3385 citatorum;
3014 3322 3111 3386 ﬁlii
3134 3335 3303 3378 autem
3319 3327 3463 3397 regni

1877 3413 2032 3483 hujus
2058 3414 2327 3466 mittentur
2345 3413 2398 3465 in
2422 3413 2654 3467 tenebras
2682 3416 2976 3468 exteriores.

1945 3504 2035 3558 21.
2083 3501 2246 3574 Igitur
2284 3504 2527 3573 eligimus
2569 3504 2749 3560 dicere
2783 3522 2903 3560 cum
2954 3507 3220 3577 Propheta
3270 3508 3456 3579 (Psat.

1878 3613 2130 3663 cxxxvut,
2157 3599 2247 3668 17)
2279 3617 2291 3652 :
2338 3596 2472 3651 Mihi
2495 3608 2666 3652 autem
2699 3601 2850 3654 nimis
2897 3603 3135 3656 honorati
3161 3614 3281 3657 sunt
3310 3604 3462 3656 amici

1877 3691 1984 3752 tui,
2016 3686 2190 3753 Deus;
2240 3689 2393 3742 nimis
2430 3690 2707 3759 confortati
2740 3700 2858 3742 sunt
2893 3694 3214 3760 principatus
3239 3709 3461 3759 eorum;

1876 3796 2033 3850 quam
2061 3796 2179 3835 cum
2204 3782 2526 3843 errantibus,
2560 3793 2611 3834 ct
2641 3794 2947 3835 sancmrum
2978 3786 3202 3853 meritis,
3233 3796 3284 3839 et
3312 3791 3461 3841 testi-

1876 3872 2055 3926 monio
2089 3870 2212 3937 Dei,
2244 3885 2338 3926 ore
2370 3873 2651 3926 temerario
2681 3872 2960 3943 derogare.

2428 4024 2600 4079 PARS
2640 4024 2911 4081 TERTIA.

2184 4138 2493 4208 Reprobatio
2523 4139 2807 4192 alienorum
2838 4139 3158 4208 dogmatum.

1949 4253 2000 4305 1.
2029 4252 2119 4304 llis
2151 4252 2402 4307 omnibus
2442 4249 2743 4306 secundum
2768 4251 3147 4319 rcgulamlidei
3174 4253 3459 4313 catholicae

1343 4378 1886 4439 CASTIGATIONES
1926 4384 2015 4438 ET
2055 4385 2287 4442 NO'I‘E.

263 4486 512 4575 fila-tinem
551 4490 1110 4575 sententis-habetur
1139 4492 1330 4575 libaiv
1364 4490 1522 4575 Oper.
1558 4492 1778 4575 Imperi.
1810 4496 1860 4556 D
1890 4498 2108 4575 tulimus
2137 4515 2205 4554 ex
2256 4499 2553 4571 Augustino
2577 4499 2627 4553 in
2670 4501 2810 4555 notis
2848 4500 2914 4554 ad
2963 4501 3186 4571 primam
3246 4520 3451 4575 partem

202 4553 335 4623 (Cap.
368 4558 523 4632 121),
551 4559 606 4632 in
632 4574 736 4628 quo
785 4560 1024 4615 Julianus
1063 4553 1427 4632 Augustinum
1485 4553 1770 4620 Joviniano

201 4630 474 4699 componit,
504 4629 853 4699 pejoremque
872 4629 1169 4688 ostendere
1182 4644 1407 4689 conatur
1433 4634 1515 4686 bis
1549 4637 1727 4690 verbis
1752 4654 1767 4691 :

202 4690 291 4749 Ille
310 4690 446 4775 dicit
460 4690 610 4775 boni
628 4715 730 4754 esse
760 4690 1123 4775 necessitatem,
1156 4714 1209 4757 tu
1248 4705 1392 4759 mali.
1447 4703 1546 4758 Ille
1570 4709 1642 4759 ait
1682 4690 1771 4775 per

155 4773 173 4828 ῖ
200 4771 422 4841 mysteria
466 4769 787 4841 homines_ab
823 4787 993 4827 errore
1046 4775 1298 4839 cohiberi;
1352 4787 1406 4829 tu
1434 4792 1545 4830 vero
1562 4793 1654 4831 nec
1682 4769 1771 4841 per

200 4840 399 4911 gratiam
425 4840 661 4911 liberari.
692 4838 799 4895 Ille
835 4844 1167 4911 virginitatem
1216 4838 1401 4899 Maria:
1451 4860 1625 4908 partus
1655 4838 1770 4901 con-

199 4907 375 4982 ditione
414 4910 689 4973 dissolvit;
733 4923 787 4964 tu
826 4907 987 4982 ipsam
1028 4913 1250 4968 Mariam
1279 4916 1482 4971 diabolo
1530 4918 1771 4971 nascendi

202 4980 980 5054 conditione,transcribisdllle
1019 4984 1229 5039 meliora
1279 4987 1419 5041 bonis
1461 4996 1659 5054 aequat,
1718 4990 1771 5043 id

200 5058 295 5125 est,
304 5051 655 5125 integritatem
680 5052 929 5105 connubio
952 5070 971 5118 ;
1001 5064 1055 5108 tu
1084 5071 1200 5109 vero
1220 5051 1625 5113 commuttionem
1648 5051 1774 5113 con-

196 5120 314 5196 jugii
340 5121 635 5196 morbidum
656 5138 822 5184 vocas,
854 5133 901 5177 et
933 5126 1215 5196 castitatem
1244 5128 1535 5196 foedissima:
1562 5132 1635 5183 rei
1666 5130 1773 5184 col-

200 5188 709 5264 lationedepretias:
739 5210 829 5245 nec
879 5195 1093 5264 gradum
1150 5188 1278 5251 inter
1316 5199 1423 5251 [nec
1465 5199 1638 5263 addis,
1671 5218 1773 5255 non

201 5260 518 5337 utiquebono
553 5260 907 5332 uirginitatem,
932 5264 1020 5317 sed
1051 5267 1184 5320 malo
1232 5274 1526 5337 praeferens.
1555 5260 1650 5325 Est
1678 5290 1775 5325 au—

200 5338 287 5382 tem
311 5334 528 5385 vilitatis
559 5345 814 5399 extremis,
847 5336 946 5388 nisi
976 5334 1240 5391 teterrima
1270 5334 1616 5410 coinparatum
1662 5343 1775 5412 pla-

197 5414 299 5452 cere
323 5420 427 5455 non
458 5418 635 5469 posse,
666 5413 775 5458 etc.

262 5469 289 5509 δ
321 5472 607 5547 Pelagiani
632 5484 907 5543 peccatum
950 5476 1252 5532 maluerunt
1304 5483 1544 5536 naturale
1570 5482 1773 5547 dicere,

200 5554 343 5603 quam
376 5546 756 5619 origipale,‘_ut
784 5555 929 5619 tanto
962 5546 1198 5619 lacerent
1232 5552 1488 5619 majorem
1522 5546 1772 5608 invidiam

202 5614 391 5669 peccati
450 5613 735 5736 originalis
785 5616 1178 5682 defensoribus,
1221 5613 1421 5690 quanto
1467 5624 1774 5678 viderentur

204 5684 499 5736 proniorem
571 5686 746 5736 labere
812 5702 931 5736 cum
978 5687 1282 5736 Maniclimia
1323 5694 1630 5736 amnitntnm
1684 5698 1772 5736 nisi

204 5684 499 5764 propiorem
552 5684 746 5764 habere
793 5702 931 5764 cum
967 5684 1282 5764 Manichaeis
1322 5694 1655 5759 afﬁnitatem,
1684 5698 1774 5764 qui

203 5754 383 5807 malum
412 5768 545 5811 esse
577 5755 810 5813 dicerent
834 5758 1065 5814 hominis
1087 5770 1353 5818 naturam.
1376 5764 1513 5820 Vide
1539 5754 1658 5839 quia
1695 5754 1775 5820 at-

1879 4588 2028 4628 num.
2059 4574 2114 4624 6.

1949 4641 2275 4709 Augustinus
2299 4641 2509 4695 curiose
2532 4641 2747 4710 collegit
2781 4656 2886 4696 non
2912 4651 3111 4697 tantum
3150 4646 3450 4701 testimmiia

1876 4713 2190 4782 Scriptum,
2224 4713 2318 4767 sed
2354 4713 2516 4766 etiam
2554 4723 2884 4779 argumenta,
2938 4714 3131 4782 quibus
3185 4717 3451 4783 Pelagi-ni

1878 4782 2154 4854 peccatum
2201 4784 2463 4853 originale
2507 4785 2936 4854 oppugnabant;
3000 4784 3159 4853 idque
3212 4782 3454 4851 praesunt

1876 4852 1998 4909 cum
2030 4852 2155 4907 alibi
2181 4852 2400 4923 passuri,
2433 4862 2541 4923 tum
2577 4854 2840 4921 priocipue
2890 4853 2979 4906 lib.
3030 4852 3309 4909 "advers.
3341 4856 3448 4911 Jul.

1878 4923 2085 4988 Dicitis,
2109 4922 2278 4995 inquit
2307 4922 2455 4995 (Cap.
2484 4922 2558 4993 1),
2595 4940 2698 4995 nos
2752 4924 3021 4977 asserenda
3059 4935 3319 4994 peccatum
3350 4931 3453 4980 ori-

1875 4995 2068 5066 ginale,
2098 4992 2357 5048 diabolum
2385 4995 2554 5047 dicere
2583 4992 2854 5066 hominum
2876 4992 3192 5047 nasccntium
3220 4998 3453 5051 condito-

1876 5064 2001 5127 rem,
2036 5065 2282 5117 damnare
2306 5067 2531 5134 nuptias,
2555 5080 2739 5134 negare
2765 5066 2816 5117 in
2839 5064 3085 5131 baptismo
3112 5066 3299 5118 dimitti
3334 5072 3453 5121 uni-

1878 5152 2018 5189 versa
2045 5146 2269 5202 peccata,
2298 5133 2459 5188 Deum
2504 5133 2715 5207 ci'imine
2763 5135 3041 5201 iniquitatis
3094 5151 3328 5207 arguere,
3368 5141 3455 5193 de-

1873 5207 2212 5277 sperationem
2242 5206 2573 5277 perfectionis
2590 5206 2835 5275 ingerere,
2867 5216 2971 5259 etc.

1949 5277 2182 5331 Tertiam
2216 5287 2418 5344 partem
2452 5276 2616 5330 libelli
2639 5277 2960 5330 veteratorie
3007 5278 3178 5341 posuit
3204 5276 3453 5333 Julianus

1878 5346 1931 5400 in
1958 5346 2022 5400 iis
2056 5348 2407 5415 rcprohandis
2462 5347 2550 5416 qui
2607 5346 2799 5413 partim
2850 5346 3104 5399 adversus
3132 5350 3453 5404 Catholicam

1880 5416 2038 5471 ﬁdem
2061 5418 2126 5471 de
2149 5418 2430 5478 'l‘rinitate.
2463 5418 2653 5484 partim
2677 5419 2788 5471 suis
2810 5418 3146 5485 dogmatibus
3184 5431 3388 5473 εοιιιΓὶὶι
3405 5420 3453 5473 ia

1877 5488 2183 5543 sentiebant
2215 5504 2229 5544 :
2256 5489 2349 5542 sed
2380 5498 2485 5540 tam
2531 5489 2778 5551 nequiter
2825 5487 2875 5540 id
2928 5495 3162 5554 praestat,
3219 5499 3273 5542 ut
3318 5488 3455 5543 facta

1877 5559 2047 5626 magis
2073 5573 2229 5627 quam
2288 5559 2451 5612 verbo
2482 5557 2800 5613 enlniuuiatn
2858 5556 3017 5627 iaciat
3044 5558 3323 5613 catholicis
3353 5560 3452 5611 sibi

1878 5625 2309 5692 adversantibus,
2340 5631 2488 5698 quasi
2521 5628 2707 5683 eadem
2746 5642 2867 5684 cum
2904 5625 3175 5684 htereticis
3216 5630 3454 5685 omnium

1878 5699 2001 5757 odio
2022 5700 2388 5757 laborantibus
2412 5700 2669 5755 dicerent.
