3972 6180
460 268 566 326 519

886 269 980 325 AD
1018 265 1297 323 PARTEM
1337 261 1600 318 PRIMAM
1638 261 1924 318 OPERUM
1964 260 2036 317 M.
2077 259 2524 320 MERCATORIS
2559 262 2905 321 APPENDIX
2946 263 3288 333 SECUNDA.

3609 268 3708 325 520

456 393 511 437 et
557 385 937 439 auctoritatem
978 379 1279 433 divinarum
1324 375 1724 444 Scripturarum
1759 374 1862 430 rite
1901 390 2029 451 con-
2055 380 2103 439 Α
2138 376 2227 429 Dei
2252 376 2444 431 Filium
2469 376 2647 431 minus
2665 376 2871 447 aliquid
2891 377 3141 432 humana:
3158 391 3464 447 suscepisse
3486 392 3707 437 natura.

456 475 638 541 fessis,
655 480 1048 543 consequenter
1065 484 1253 523 omnes
1270 468 1556 523 haereticos
1570 468 1995 523 condemnamus
2014 485 2029 535 ;

457 575 512 621 et
550 567 818 634 praecipue
857 564 945 631 qui
974 561 1119 630 apud
1146 559 1367 613 Latinos
1397 569 1504 613 tam
1546 558 1764 613 nomine
1812 560 2033 628 proprio

455 672 612 725 quam
637 669 822 708 errore
846 651 1111 720 comperti
1140 660 1298 717 sunt,
1331 661 1577 721 quosque
1616 651 1891 719 impietate
1920 665 2031 706 suae

453 742 770 797 assertionis
794 743 1100 808 horremus,
1127 742 1175 795 id
1209 750 1323 796 est:

522 833 574 886 ἓ.
620 841 645 869 η
689 832 942 899 Arianos,
979 833 1217 887 divinam
1269 831 1627 886 substantiam
1676 832 1837 900 impie
1896 830 2031 885 divi-

450 924 675 991 dentes;

519 1018 575 1072 5.
608 1017 970 1083 Sabellianos,
1004 1031 1355 1085 personarum
1377 1015 1764 1087 proprietatem
1794 1016 2030 1069 scelera-

451 1108 557 1163 tius
584 1107 1012 1171 confundentes;

518 1199 574 1251 ι.
604 1198 988 1262 Eunamianos,
1014 1197 1209 1252 Filium
1234 1198 1330 1253 Dei
1357 1197 1557 1251 factum
1588 1213 1653 1251 ex
1683 1212 1787 1251 non
1809 1206 2027 1253 exstan-

449 1287 591 1343 tibus
617 1298 957 1354 asserentes;

514 1380 570 1436 5.
604 1379 1046 1443 Macedonianos,
1078 1379 1341 1435 Deitatem
1379 1389 1568 1434 saneto
1590 1378 1811 1448 Spiritui
1855 1378 2026 1434 dene-

445 1481 635 1537 gantes
660 1485 676 1535 ;

512 1564 566 1616 6.
594 1562 1029 1632 Apollinaristas,
1055 1560 1081 1600 b
1112 1576 1411 1632 eorumque
1450 1562 1676 1627 similes,
1720 1563 1809 1633 qui
1838 1563 2026 1619 dicunt

2214 467 2267 522 7.
2295 477 2317 505 ε
2341 466 2689 537 Novatianos,
2717 468 2883 537 lapsis
2913 469 3285 538 paenitentiam
3316 470 3686 540 denegantcs;

2212 558 2266 611 8.
2296 555 2322 594 ιι
2360 558 2763 623 Jovinianistas,
2804 559 2892 629 qui
2933 560 3123 613 dicunt
3154 560 3426 617 hominem
3467 572 3586 630 post
3623 562 3713 618 δαί

2142 650 2395 719 ptismum
2420 651 2570 706 nullo
2593 651 2752 705 modo
2781 666 2941 719 posse
2973 667 3198 721 peccare
3222 667 3236 715 ;

2208 740 2261 796 9.
2292 751 2315 778 ο
2340 743 2664 797 Maniclieos
2690 744 2875 808 etiam,
2897 743 3004 797 duo
3028 744 3287 813 principia
3308 757 3635 812 asserentes,
3660 751 3713 801 id

2135 841 2243 895 e5t,
2282 832 2405 885 boni
2446 842 2502 886 et
2539 833 2688 896 mali,
2729 834 2926 902 quique
2955 849 3021 888 ex
3052 834 3193 889 bono
3216 835 3402 889 dicunt
3433 853 3555 892 esse
3594 844 3715 892 anis

2132 939 2295 984 mam,
2328 940 2392 978 ex
2419 927 2562 978 malo
2594 939 2723 979 vero
2743 940 2990 990 carnem,
3028 935 3084 981 et
3117 927 3186 981 ob
3209 929 3311 982 hoc
3335 944 3709 1000 compugnan-

2127 1016 2196 1069 tia
2230 1032 2444 1085 semper
2473 1031 2594 1074 esse
2625 1017 2681 1070 in
2704 1025 2990 1086 utramque
3013 1026 3295 1083 naturam;

2204 1107 2289 1161 lt).
2328 1106 2575 1161 tEorum
2613 1120 2828 1176 quoque
2857 1106 3085 1174 similes,
3133 1108 3221 1177 qui
3262 1108 3362 1163 sub
3404 1111 3707 1167 assertione

2127 1197 2393 1252 naturalis
2422 1198 2623 1266 peccati
2668 1207 2938 1261 asserunt,
2963 1206 2989 1245 ε
3015 1200 3228 1267 nuptias
3258 1200 3326 1254 ab
3348 1212 3565 1256 auctore
3587 1203 3706 1257 dia-

2128 1288 2255 1343 bolo
2282 1289 2578 1355 exstitisse,
2603 1297 2656 1343 et
2680 1287 2893 1342 illarum
2922 1288 3057 1343 lllios
3085 1287 3369 1345 diabolica:
3394 1306 3514 1348 esse
3541 1293 3704 1347 arbo-

2131 1380 2208 1434 ris
2231 1379 2462 1443 fructus;

2197 1471 2289 1525 ll.‘
2327 1468 2536 1547 Quique
2577 1469 2763 1524 dicunt
2804 1484 2976 1537 usque
3015 1469 3081 1525 ad
3136 1472 3444 1540 passionem
3487 1475 3701 1531 Domini

2122 1575 2341 1627 omnes,
2386 1570 2605 1630 propter
2651 1560 2741 1627 id,
2797 1560 2939 1629 quod
2984 1562 3313 1617 matrimonii
3353 1561 3381 1601 ιι
3424 1566 3701 1635 voluptate

1603 1670 2151 1731 CASTIGATIONES
2189 1670 2277 1725 ET
2314 1668 2544 1725 ΝΟΤΔΕ.

511 1779 535 1806 ⁸
568 1766 634 1825 Ut
663 1766 895 1822 Nictenze
919 1768 1123 1839 synodo
1149 1782 1206 1820 se
1228 1782 1346 1820 cum
1370 1766 1479 1839 suis
1500 1767 1802 1839 consentire
1827 1780 2011 1839 osten-
2043 1769 2091 1829 B
2123 1771 2299 1839 tamen
2330 1763 2529 1839 idcirco
2561 1762 2730 1839 aliter
2754 1763 2990 1839 sensisse
3031 1763 3099 1818 de
3128 1763 3241 1839 hac
3285 1766 3497 1839 hrcresi,
3530 1786 3695 1839 quam

440 1841 609 1901 deret,
634 1842 776 1892 omtti
802 1855 870 1892 ex
893 1838 1043 1907 parte
1061 1840 1330 1908 ὁμοούσιον
1348 1838 1651 1900 confitetur,
1671 1838 1883 1908 rejectis
1908 1842 2012 1892 lite-

440 1912 620 1963 reticis
644 1909 734 1978 qui
765 1910 847 1962 vel
875 1907 1228 1976 pluralitatem
1267 1921 1635 1975 personarum,
1666 1917 1720 1960 ιιι
1758 1907 2015 1962 Sabellio-

440 1982 523 2044 ui;
549 1980 631 2032 vel
655 1979 1007 2041 divinitatem,
1040 1989 1093 2032 ttt
1147 1978 1500 2039 Eunontiani;
1540 1978 1622 2030 vel
1669 1978 2013 2032 consubstan-

441 2050 743 2113 tialitatem,
776 2058 831 2101 tit
865 2047 1227 2101 Macedoniani
1276 2055 1329 2099 ct
1387 2046 1565 2099 Ariani
1613 2047 2008 2116 oppugnabant.

442 2119 640 2175 Deinde
663 2134 730 2173 ex
749 2118 997 2173 omnibus
1024 2118 1140 2170 aliis
1172 2117 1467 2171 lneresibus
1512 2117 1654 2170 notis
1675 2117 1815 2183 apud
1862 2117 2010 2171 Lati-

438 2205 557 2253 nos,
587 2198 816 2258 quatuor
836 2188 983 2256 eligit
1005 2202 1134 2258 quas
1156 2186 1496 2258 condemnet,
1521 2186 1871 2258 Apollinaris,
1904 2188 2012 2242 No-

437 2256 654 2325 vatiani,
684 2257 948 2312 Joviniani
996 2268 1048 2311 et
1078 2256 1379 2315 Manicltaei.
1421 2266 1477 2309 ut
1521 2256 1646 2310 inde
1693 2258 1889 2312 faceret
1931 2260 2009 2312 itt-

436 2330 630 2384 vidiam
653 2327 931 2382 catholicis
954 2328 1153 2395 peccati
1171 2326 1443 2394 originalis
1465 2326 1864 2391 defensoribus;
1890 2344 2010 2395 per-

436 2400 558 2454 inde
586 2413 651 2453 ac
694 2400 737 2452 si
769 2414 836 2451 ex
882 2397 980 2451 hac
1024 2397 1336 2451 defensione
1388 2396 1525 2451 foret
1564 2411 1902 2466 consequens
1948 2405 2009 2452 ut

433 2468 1181 2537 societateconiungerentur,
1229 2470 1310 2521 vel
1368 2482 1489 2519 cum
1538 2467 1889 2537 Apollinario,
1915 2469 2005 2536 qui

432 2541 635 2594 animas
664 2537 804 2592 sicut
831 2553 1054 2605 corpora
1084 2537 1290 2591 traduci
1323 2538 1573 2605 putabat;
1605 2537 1687 2592 v'el
1712 2536 2005 2590 Novatiano

431 2619 487 2663 et
519 2609 819 2672 Joviniano,
869 2609 956 2676 qui
996 2607 1339 2676 inflexibilem
1397 2607 1624 2660 hominis
1675 2607 2003 2661 voluntatem

431 2680 611 2734 dicere
636 2675 985 2741 videbantur;
1018 2678 1099 2729 vel
1127 2692 1247 2731 cutn
1302 2675 1615 2742 Manicltzeo,
1661 2677 1752 2746 qui
1807 2678 2002 2731 malam

432 2749 705 2803 asserebat
731 2757 1001 2802 naturam.

503 2820 531 2857 δ
560 2818 692 2874 Nota
732 2830 892 2871 voces
916 2817 1045 2869 istas
1079 2815 1235 2880 duas,
1283 2831 1558 2884 eorumque
1603 2816 1827 2872 similes:
1860 2815 2001 2872 indi-

429 2897 554 2942 cant
578 2889 719 2943 enim
751 2886 1139 2941 calumniosam
1169 2886 1364 2940 Juliaoi
1410 2897 1679 2952 mentem;
1713 2903 1833 2941 nam
1879 2902 1999 2942 cum

430 2958 564 3012 duas
587 2956 948 3026 Apollinarius
968 2957 1150 3010 fecerit
1169 2966 1279 3011 Sum
1306 2956 1521 3010 lneresis
1536 2967 1732 3026 partes,
1750 2958 1999 3023 alteram,

430 3028 571 3095 quod
616 3027 831 3081 Christo
875 3025 1112 3082 Verbum
1165 3026 1323 3081 fuerit
1354 3041 1451 3095 pro
1508 3025 1692 3082 mente
1746 3026 1996 3093 humana;

428 3098 677 3199 alteram:
710 3096 852 3199 quod
881 3112 926 3199 .a
956 3098 1265 3199 parentibus
1289 3112 1397 3151 non
1415 3097 1609 3199 ιἱειξςιιῃς»
1635 3096 1991 3199 aprimaqpam
2023 3138 2067 3199 C

430 3183 625 3237 corpus
657 3166 988 3231 traducatur,
1016 3176 1294 3235 utramque
1323 3167 1602 3221 catholicis
1639 3166 1989 3222 afﬁttxit’haa-

429 3236 652 3303 relictis;
682 3238 775 3292 sed
807 3237 1112 3307 aliatnicum
1160 3237 1427 3307 Nestorio,
1456 3248 1546 3290 aut
1587 3236 1870 3292 Theodoro
1895 3253 1992 3307 po-

428 3310 538 3363 tius
566 3310 853 3375 magistro,
884 3306 1166 3361 eathulicis
1190 3306 1435 3359 omnibus
1465 3307 1638 3377 aliam
1673 3307 1989 3377 Augustino,

428 3388 558 3441 etc.,
578 3379 896 3446 ca‘terisquc
922 3378 1118 3443 peccati
1148 3377 1420 3444 originalis
1445 3376 1837 3446 defensoribus.

502 3449 636 3503 Hinc
656 3445 834 3501 autem
867 3446 1108 3514 intellige
1158 3462 1314 3500 unam
1348 3447 1415 3501 de
1468 3445 1634 3500 tribus
1678 3450 1855 3502 causis
1891 3462 1989 3502 cur

429 3519 791 3587 Apollinarius
845 3516 1075 3570 voluerit
1129 3515 1345 3587 Christo
1411 3516 1645 3587 Verbum
1706 3531 1827 3572 esse
1893 3533 1989 3587 pro

433 3585 612 3643 mente
639 3589 898 3641 humana:
959 3601 1062 3638 non
1117 3586 1330 3640 videbat
1375 3585 1571 3655 quippe
1612 3585 1906 3655 quomodo,
1944 3590 1986 3643 si

430 3658 607 3712 anima
636 3666 779 3712 esset
820 3672 885 3711 ex
918 3657 1163 3721 traduce,
1187 3655 1329 3723 quod
1372 3656 1592 3709 omnino
1641 3658 1986 3712 assereudutn

431 3729 686 3796 putabat,
711 3737 770 3781 ut
799 3736 1073 3796 peccatum
1103 3727 1361 3794 originale
1405 3725 1803 3792 defenderetur,
1835 3743 1990 3782 suum

434 3799 680 3852 Christus
705 3812 809 3851 non
835 3797 1055 3851 habeiet
1085 3807 1355 3865 peccatum
1387 3796 1644 3865 originale
1672 3812 1789 3851 cum
1813 3798 1989 3852 anima

433 3868 756 3924 traductum.
790 3866 1032 3934 lntellige
1049 3868 1248 3937 pariter
1290 3882 1383 3919 cur
1411 3866 1726 3937 Tneodorus
1749 3867 1991 3935 Mopsue-

430 3947 617 3993 steous
652 3949 758 3992 tam
808 3939 999 3991 acriter
1043 3936 1393 3991 insectaretur
1447 3936 1858 4005 Apollinarium,
1892 3953 1989 3992 nec

434 4016 611 4063 tamen
637 4018 782 4062 tanto
803 4007 979 4060 studio
1010 4007 1247 4060 veritatis
1267 4007 1565 4068 catholicae,
1589 4017 1784 4073 quanto
1806 4022 1990 4060 amore

432 4092 546 4133 sua:
592 4079 831 4139 haeresis,
882 4090 987 4145 qua
1038 4077 1243 4131 nullum
1287 4077 1495 4130 dicebat
1546 4089 1667 4130 esse
1714 4084 1990 4143 peccatum

428 4149 708 4218 originale,
741 4148 824 4202 cui
851 4148 1194 4218 vehementer
1222 4146 1579 4214 Apollinarius
1607 4147 1951 4218 repugnabat.

506 4216 533 4257 6
566 4220 629 4272 Et
661 4219 745 4271 hic
765 4233 974 4286 quoque
1003 4217 1229 4284 maligne
1261 4216 1837 4286 petuntuncatltoltci:
1868 4232 1987 4270 cum

432 4290 573 4341 enim
598 4289 730 4340 duas
753 4284 936 4341 itidem
963 4288 1076 4342 site
1102 4286 1336 4341 Novatus
1364 4288 1479 4339 sive
1526 4284 1851 4339 Novatianus
1898 4302 1992 4339 vo-

432 4358 589 4409 luerit
615 4371 735 4411 esse
757 4357 839 4409 sui
867 4359 1064 4410 erroris
1105 4368 1317 4423 partes;
1342 4371 1522 4419 unam,
1551 4364 1846 4410 attestatur
1871 4356 1991 4410 Tri-

432 4428 709 4480 dentinum
763 4426 1045 4496 concilium
1077 4427 1242 4495 (Sess.
1292 4428 1380 4493 14,
1412 4443 1459 4479 c.
1494 4426 1571 4495 l),
1621 4441 1721 4494 qua
1775 4434 1992 4496 negaret

2117 1835 2202 1887 vel
2231 1835 2559 1913 Augustinus
2597 1833 2648 1886 itt
2677 1834 2814 1913 libro
2841 1834 2908 1886 de
2938 1834 3263 1913 l-la‘resibus,
3300 1838 3383 1891 vel
3407 1833 3693 1913 Allicr'ony-

2117 1918 2236 1957 mus
2284 1904 2337 1957 in
2373 1904 2626 1970 operibus
2653 1903 2910 1957 adversus
2938 1902 3275 1959 Jovittianum
3294 1947 3309 1970 ,
3338 1909 3418 1962 vel
3447 1902 3698 1967 Julianus

2115 1973 2232 2042 ipse
2272 1973 2324 2026 in
2356 1972 2690 2026 confessione
2721 1972 2877 2038 fidei,
2909 1974 3108 2043 aliique
3152 1975 3390 2043 ejusdem
3422 1980 3521 2033 :evi
3546 1984 3688 2035 scri-

2114 2056 2334 2112 ptores:
2376 2044 2539 2097 verbo
2569 2044 2712 2096 enim
2743 2044 2934 2112 attigit,
2976 2045 3117 2111 quod
3172 2060 3291 2100 cum
3344 2050 3696 2108 restrirtione

2113 2113 2334 2195 intelligi
2360 2113 2513 2167 facile
2538 2120 2719 2195 posset
2738 2113 2806 2194 ab
2833 2114 3103 2195 omnibus,
3137 2130 3242 2170 non
3282 2117 3482 2187 ignaris
3509 2121 3700 2177 nterea-

2111 2196 2236 2237 seos
2262 2182 2346 2237 vix
2375 2198 2483 2253 non
2506 2182 2680 2236 adhuc
2705 2184 2951 2253 vigentis.

2180 2253 2427 2308 Julianus
2460 2252 2977 2321 Augustino’objecit
2997 2255 3306 2310 societatem
3332 2260 3533 2314 erroris
3558 2278 3689 2318 eum

2111 2320 2418 2397 Joviniano,
2450 2320 2897 2397 proptereaquod
2946 2324 3249 2397 scripsisset
3277 2327 3411 2397 (Lib.
3447 2346 3459 2383 t
3486 2332 3555 2383 ad
3574 2331 3685 2386 Bo-

2108 2393 2205 2465 nt’f.
2231 2409 2278 2447 c.
2319 2393 2399 2459 2),
2429 2409 2530 2465 non
2557 2407 2702 2462 posse
2728 2392 2983 2465 hominem
3024 2392 3142 2448 boni
3177 2392 3375 2465 aliquid
3401 2400 3549 2463 velle,
3580 2406 3686 2458 nisi

2107 2464 2377 2531 adjuvetur
2423 2462 2487 2515 ab
2516 2479 2574 2517 eo
2608 2465 2696 2533 qui
2729 2463 2919 2517 malum
2950 2481 3052 2518 nou
3096 2462 3428 2533 potest'velle.
3463 2462 3681 2529 Dictum

2108 2534 2253 2587 enim
2278 2532 2658 2604 interpretatus
2713 2543 2813 2599 est,
2851 2537 2999 2604 quasi
3026 2532 3238 2590 sanctus
3265 2536 3452 2594 doctor
3477 2543 3679 2597 voluis-

2107 2610 2213 2672 set,
2245 2604 2312 2656 ab
2348 2617 2414 2657 eo
2454 2603 2542 2670 qui
2574 2602 2664 2656 Dei
2695 2602 2913 2672 gratiam
2960 2606 3170 2672 accipit,
3212 2623 3316 2661 non
3350 2619 3552 2666 tantum
3584 2628 3683 2667 vo-

2107 2622 2213 2667 SCI,
2245 2622 2312 2656 ao
2348 2622 2414 2657 80
2454 2622 2542 2670 QIII
2574 2622 2664 2656 υει
2695 2622 2913 2672 gratiam
2960 2622 3070 2659 πει
3116 2622 3170 2670 ll,
3212 2623 3316 2661 IIOII
3350 2622 3552 2666 tantum
3584 2628 3683 2667 V0-

2106 2670 2362 2727 luntatem
2395 2672 2622 2737 bonam,
2650 2688 2808 2741 quant
2834 2673 2975 2728 Deus
3004 2622 3181 2740 haiiet,
3211 2678 3303 2731 sed
3356 2681 3516 2736 etiam
3557 2698 3683 2738 mo-

2104 2741 2230 2821 dutn
2260 2741 2516 2821 habenda:
2536 2743 2821 2797 voluntatis
2850 2745 3175 2821 honm,ﬂqu:e
3202 2751 3515 2821 necessitas,
3549 2767 3681 2821 par-

2105 2812 2333 2881 ticipari.
2387 2812 2518 2882 Vide
2546 2826 2707 2881 super
2734 2828 2797 2868 ea
2839 2829 2899 2867 re
2927 2812 3181 2882 prolixam
3233 2817 3373 2872 inter
3398 2812 3671 2877 lulianum

2103 2892 2156 2965 et
2185 2881 2799 2965 sanctumﬁugnstin‘um
2851 2885 3251 2940 altercationem
3283 2888 3423 2957 (Lib.
3476 2907 3526 2945 tv
3556 2891 3666 2965 ορ.

2101 2950 2323 3021 Imperi.
2346 2968 2391 3006 c.
2424 2952 2521 3005 121
2543 2950 2737 3021 ⁷εεᾳᾳ.).

2176 3031 2199 3059 ο
2231 3025 2303 3077 De
2341 3022 2713 3077 discernendis
2742 3037 2770 3076 a
2808 3022 2912 3079 fide
2940 3024 3197 3081 catholica
3251 3026 3677 3087 Manichaeorum

2102 3090 2326 3165 deliriis,
2356 3093 2425 3147 ita
2453 3093 2690 3161 disputat
2729 3094 2781 3148 in
2823 3103 3049 3165 utroque
3076 3112 3240 3165 opere
3265 3100 3523 3155 adversus
3566 3103 3675 3158 ,Ιιιο

2100 3162 2297 3242 lianum
2325 3173 2539 3242 sanctus
2564 3166 2908 3242 Augustinus,
2940 3162 2995 3219 ut
3025 3162 3130 3221 non
3159 3167 3229 3242 sit
3263 3170 3476 3242 aliunde
3498 3173 3678 3242 major

2094 3231 2185 3287 lux
2224 3232 2535 3310 (Sperando,
2569 3231 3079 3310 qpahpervideanjttr
3108 3237 3329 3310 nefaria:
3378 3231 3677 3310 impieta'os

2093 3304 2369 3373 mysteria.
2403 3303 2570 3356 Porro
2599 3302 2843 3358 Julianus
2882 3307 2957 3358 ait
2987 3305 3302 3363 Manichteos
3329 3302 3531 3367 sentire
3552 3317 3677 3367 ani-

2094 3388 2235 3443 tuam
2268 3373 2495 3427 hominis
2517 3387 2547 3425 a
2587 3375 2727 3427 bono
2754 3374 2864 3428 Deo
2889 3375 3126 3443 ﬂuxisse,
3170 3394 3389 3435 carnem
3431 3396 3460 3432 a
3490 3385 3665 3439 malo.

2092 3441 2323 3510 ideoque
2353 3444 2572 3497 alteram
2622 3443 2774 3498 alteri
2818 3441 3154 3517 continenter
3197 3465 3431 3517 pugnare
3466 3467 3479 3505 :
3537 3468 3664 3507 cum

2094 3522 2273 3585 tamen
2296 3523 2512 3567 sanctus
2541 3516 2866 3582 Augustinus
2899 3514 3043 3585 (Lib.
3091 3519 3155 3571 de
3197 3514 3405 3575 Duobus
3446 3522 3673 3575 Anima-

2092 3583 2210 3653 bus)
2242 3583 2373 3638 hanc
2407 3598 2632 3653 pugnam
2661 3586 2863 3639 scribat
2906 3583 2938 3639 a
2991 3587 3298 3643 Mauiclimis
3340 3591 3551 3646 refundi
3611 3595 3678 3646 its

2092 3653 2361 3721 disparem
2411 3654 2636 3708 duarum
2690 3656 2987 3710 animarum
3034 3659 3085 3711 itt
3119 3674 3224 3712 uno
3256 3660 3475 3715 homine
3511 3673 3675 3717 natu-

2093 3737 2228 3776 ram.
2264 3723 2456 3778 Verum
2489 3727 2659 3792 potuit
2682 3723 2926 3780 Julianus
2957 3729 3171 3782 nomine
3222 3732 3399 3784 carnis
3428 3733 3669 3787 animam

2092 3793 2386 3869 carnalem,
2417 3810 2535 3862 qua:
2565 3795 2763 3869 a‘malo
2791 3795 2901 3849 Deo
2925 3806 3087 3861 esset,
3124 3800 3447 3869 intelligere.

2170 3863 2193 3941 ξ
2233 3863 2428 3941 Eadem
2465 3864 2690 3941 omnino
2742 3874 2867 3919 sunt
2919 3869 3055 3941 apud
3109 3863 3416 3941 Caelest'itnn
3465 3872 3672 3941 inepi—

2092 3933 2228 3988 stola
2256 3935 2320 3987 ad
2347 3934 2576 3988 clericos
2628 3934 2917 3990 Romanos.
2955 3933 3185 3992 'Accedit
3240 3956 3371 3995 vero
3420 3933 3675 3996 Julianus
3708 3966 3713 3967 ν

2093 4004 2157 4080 ad
2192 4005 2771 4080 faciendascatholicis
2794 4007 3167 4080 defensoribus
3198 4014 3399 4077 pr'ccati
3430 4013 3670 4080 origina-

2095 4074 2159 4127 lis
2187 4090 2374 4128 novem
2400 4075 2696 4151 calumnias
2715 4076 2887 4148 (Apud
2912 4079 3124 4148 August.
3154 4074 3240 4151 lib.
3266 4096 3283 4134 ι
3312 4086 3379 4134 ad
3410 4074 3612 4151 Bonif.)
3652 4099 3669 4135 :

2092 4154 2310 4217 accusat
2339 4145 2478 4217 enim
2499 4147 2656 4217 quasi
2685 4145 3007 4217 assererem;
3059 4150 3271 4217 nuptiis
3316 4154 3382 4206 ah
3443 4145 3676 4206 auctore

2093 4214 2306 4268 diabolo
2334 4215 2873 4277 exstitisse;ill.irum
2928 4220 3064 4273 filios
3116 4214 3392 4275 diabolicte
3450 4221 3673 4276 arboris

2094 4298 2215 4337 esse
2263 4284 2497 4361 fructus;
2553 4300 2739 4361 omnes
2787 4304 2952 4361 usque
3001 4290 3065 4361 ad
3114 4289 3310 4361 Christi
3359 4292 3666 4361 passionem

2092 4363 2313 4423 propter
2344 4355 2573 4429 iduqnod
2616 4357 2683 4429 de
2732 4355 3056 4429 matrimonii
3111 4355 3380 4428 voluptate
3429 4363 3666 4429 suscepti

2095 4435 2238 4496 sunt,
2291 4440 2320 4477 a
2367 4426 2585 4478 diabolo
2627 4426 2748 4493 jure
2799 4428 3106 4496 mquissitno
3137 4426 3438 4495 pos—sideri;
3473 4426 3667 4485 Filium

432 4499 611 4549 datam
654 4511 772 4550 esse
803 4511 832 4548 a
878 4494 1091 4568 Christo
1114 4496 1373 4568 Ecclesia:
1422 4494 1738 4561 potestatem
1793 4494 1988 4568 remn-
2017 4508 2071 4568 Β
2100 4494 2187 4547 Dei
2224 4496 2589 4568 tantummodo
2615 4512 2643 4547 a
2674 4494 2913 4565 tempore
2939 4494 3201 4567 passionis
3226 4504 3406 4566 generi
3428 4494 3672 4556 humano

433 4569 575 4621 tendi
625 4577 835 4635 peccata
888 4572 1007 4633 post
1060 4565 1238 4629 fidem,
1288 4566 1339 4619 id
1383 4575 1484 4635 Cal,
1518 4576 1636 4633 post
1662 4567 1983 4634 baptismum

430 4634 756 4699 commissa;
806 4634 1025 4688 alteram
1057 4675 1072 4699 ,
1133 4649 1254 4704 qua:
1304 4634 1566 4704 colligitur
1608 4651 1673 4691 ex
1720 4637 1991 4692 veteribus

429 4706 801 4773 scriptoribus,
820 4720 886 4759 ne
915 4705 1066 4759 aDeo
1088 4704 1300 4771 quidem
1331 4708 1524 4759 remitti
1546 4708 1723 4760 omnia
1753 4716 1991 4775 peccata,

429 4778 522 4832 sed
555 4777 750 4833 leviora
782 4783 1006 4840 tantum,
1032 4776 1278 4843 graviora
1314 4790 1442 4846 vero
1470 4777 1641 4843 puniri
1671 4792 1906 4846 semper,
1937 4778 1989 4831 in

431 4858 711 4917 utramque
748 4846 961 4901 videtur
982 4846 1286 4911 respexisse
1315 4845 1578 4917 Julianus,
1621 4857 1671 4900 ut
1707 4848 1757 4900 in
1786 4845 1990 4903 crimen

433 4915 647 4973 vocaret
672 4917 986 4974 defensores
1028 4917 1228 4982 peccati
1257 4915 1548 4984 originalis,
1588 4918 1737 4985 quasi
1766 4917 1988 4982 vellent,

433 5004 605 5057 neque
638 5004 729 5055 per
757 4986 1125 5056 pmnitcutiatn
1151 4986 1349 5048 cordis,
1374 5000 1545 5055 neque
1572 5001 1665 5054 per
1690 5001 1995 5041 sacramen-

437 5069 546 5112 tutn
601 5058 948 5128 paenitentiae,
996 5069 1243 5128 peccata,
1272 5057 1356 5111 vel
1406 5057 1604 5121 omnia,
1654 5058 1737 5128 vel
1778 5060 1997 5128 omnino

434 5128 576 5188 tolli;
603 5126 891 5197 propterea
936 5127 1099 5196 quod,
1136 5128 1215 5191 ob
1272 5136 1638 5182 remanentem
1678 5127 1731 5180 in
1778 5126 1999 5197 homine

431 5196 937 5267 concupiscentiam,
965 5198 1351 5253 contenderent
1378 5199 1644 5267 neminem
1676 5212 1797 5251 esse
1824 5199 1873 5249 in
1898 5196 1998 5254 hac

432 5269 540 5339 vita
568 5265 658 5338 qui
681 5283 784 5323 non
812 5276 963 5338 egeat
992 5268 1229 5338 quatidie
1257 5269 1471 5323 dicere:
1504 5265 1717 5339 Dimitte
1742 5268 1887 5321 nobis
1910 5270 2001 5322 tle-

432 5338 536 5393 bita
566 5349 761 5393 nostra.

501 5405 527 5445 ά
552 5408 797 5478 Pelagius
835 5408 993 5479 paulo
1043 5408 1207 5479 aliter
1242 5425 1255 5461 :
1299 5406 1537 5479 Libertini
1578 5407 1651 5479 sie
1699 5409 2001 5476 conﬁtemur

433 5476 725 5544 arbitrium,
758 5476 863 5535 etc'.
895 5480 1005 5535 Etsi
1028 5495 1154 5535 vero
1182 5478 1377 5532 dixerit
1423 5494 1449 5529 a
1477 5476 1760 5532 .Ioviuiano
1805 5483 1993 5543 asseri,

435 5552 704 5606 hominem
742 5566 846 5605 non
880 5565 1039 5620 posse
1067 5564 1310 5618 peccare,
1353 5563 1475 5620 cum
1523 5548 1576 5602 id
1604 5548 1671 5601 ab
1703 5564 1768 5602 eo
1798 5565 1900 5603 non
1930 5551 2002 5605 sit

430 5633 693 5676 assertum
721 5618 1061 5690 simpliciter,
1083 5621 1176 5675 sed
1208 5634 1327 5675 cum
1380 5618 1482 5674 hac
1508 5620 1845 5685 exceptione,
1880 5631 2000 5687 post

429 5701 735 5761 susceptum
787 5692 1052 5747 lavacrum
1107 5690 1568 5760 regenerationis;
1620 5705 1726 5746 non
1789 5691 1999 5746 videtur

2100 4566 2327 4637 erupisse
2364 4565 2653 4635 prodesse;
2706 4565 2949 4634 peccata
2978 4584 3082 4622 non
3136 4565 3350 4637 penitus
3400 4572 3567 4625 deleri
3618 4575 3675 4624 in

2099 4634 2399 4710 baptismo;
2430 4644 2643 4710 sanctos
2690 4634 3260 4710 veterisg'l'estatnenti
3299 4657 3419 4695 cum
3451 4653 3675 4710 peccato

2097 4704 2166 4778 de
2195 4706 2293 4760 hac
2318 4708 2420 4759 vita
2452 4706 2746 4778 migrasse;
2777 4708 3042 4762 hominem
3078 4709 3128 4763 in
3169 4704 3677 4778 peccatum'neces-

2098 4776 2255 4830 sitate
2313 4775 2675 4844 praecipitari;
2732 4779 3066 4833 Salvatorem
3118 4775 3437 4835 necessitate
3493 4784 3672 4834 carnis

2097 4845 2264 4899 fuisse
2293 4847 2572 4920 mentitum
2596 4856 2692 4920 ;_et
2713 4860 2927 4917 propter
2953 4850 3193 4914 cjtl~delll
3223 4851 3671 4920 impedimentum

2099 4930 2203 4969 non
2234 4915 2469 4985 patuisse
2498 4916 2677 4969 omnia
2704 4915 2825 4986 quae
2854 4919 3089 4974 valebit.

2172 4995 2197 5033 Β
2239 4986 2388 5041 Hanc
2425 4988 2745 5041 calumniam
2785 5001 2836 5041 ut
2870 5001 3167 5044 removeret
3191 5006 3217 5042 a
3242 4991 3521 5045 catholicis
3565 4992 3677 5045 Atto

2098 5057 2366 5124 gustinus,
2396 5058 2609 5127 scripsit
2631 5057 2766 5112 duos
2794 5059 2959 5114 libros
2985 5060 3051 5115 ad
3082 5059 3353 5115 Valerium
3383 5063 3664 5122 comitem,

2099 5127 2179 5203 tle
2206 5128 2399 5196 quibus
2422 5127 2643 5203 consule
2662 5129 2776 5203 _li_b.
2806 5144 2844 5183 tt
2890 5129 3343 5186 Retractationum
3377 5132 3529 5203 (Cap.
3558 5131 3677 5201 55).

2100 5197 2371 5271 Adversus
2400 5199 2627 5266 primum
2653 5197 2894 5271 Julianus
2914 5197 3681 5271 composuitquatuor'tibros:

2101 5277 2224 5322 octo
2250 5268 2505 5322 adversus
2537 5269 2851 5341 secundum,
2884 5268 3076 5338 quibus
3106 5268 3386 5332 resnondit
3424 5274 3680 5341 Augusti-

2104 5354 2205 5409 nus
2233 5350 2458 5407 utroque
2485 5349 2669 5393 contra
2692 5338 2959 5393 lulianum
2987 5357 3172 5409 opere.
3197 5342 3331 5397 Vide
3355 5338 3574 5397 dissert.
3599 5357 3638 5395 ι.

2178 5405 2206 5445 ιι
2246 5405 2567 5477 Legebantur,
2612 5411 2890 5475 voluntate,
2930 5405 3267 5465 sed-vitiose.
3292 5414 3381 5469 Sic
3410 5415 3552 5471 enim
3585 5412 3686 5466 Ju-

2106 5479 2281 5534 lianus
2314 5481 2441 5551 ipse,
2468 5480 2641 5551 (Apud
2692 5482 2909 5550 August.
2941 5481 3029 5534 lib.
3060 5495 3197 5537 cont.
3227 5482 3339 5537 Jul.
3370 5499 3417 5537 ε.
3453 5484 3543 5550 12)
3574 5502 3585 5536 ε
3619 5482 3693 5533 εδ

2106 5549 2381 5619 Apostolus
2410 5549 2918 5623 tle‘tradugepe’rcati
2940 5554 3257 5622 loquebatur,
3287 5570 3538 5623 nusquam
3556 5568 3682 5603 ron-

2104 5622 2363 5691 grtteutius
2385 5620 2598 5696 diceret.
2649 5619 2775 5675 Ideo
2798 5619 3091 5696 pertransiit
3114 5619 3407 5696 peccatum,
3424 5625 3545 5695 quia
3566 5638 3691 5676 om-

2106 5707 2192 5744 nes
2221 5701 2334 5745 sum
2360 5692 2423 5744 de
2450 5694 2727 5762 coniugum
2757 5694 3018 5762 voluptate
3043 5697 3297 5761 generati.
