3948 6188
215 373 300 431 3⁸21
376 372 690 430 DISSERT.
733 373 798 427 Υ.
842 372 932 428 DE
970 372 1280 430 LIBELLlS
1317 375 1496 430 FIDEI
1534 374 1838 430 SCRIPTIS
1875 377 1964 429 AB
2003 373 2438 431 AUC'IORIBUS
2479 372 2798 433 lirERESlS
2839 378 3277 435 PELAGIANE.
3354 383 3458 438 522

213 488 432 558 suscepti
455 499 602 556 sunt,
626 504 656 543 a
677 487 896 544 diabolo
920 489 1042 557 jure
1066 489 1376 558 :equissimo
1397 505 1519 545 esse
1563 505 1776 559 posses-
1802 497 1854 552 Α

211 593 320 642 sos;

268 668 353 723 l2.
367 669 470 725 Vel
489 671 578 739 qui
603 669 798 725 Filium
817 670 908 724 Dei
935 686 964 723 a
989 679 1234 739 tempore
1257 671 1524 739 passionis
1545 680 1775 726 tantum-

208 761 356 815 modo
375 763 562 831 generi
592 765 830 816 humano
851 762 1038 816 dicunt
1063 763 1302 832 cmpisse
1323 763 1609 833 prodesse;

267 854 354 907 13.
385 853 592 923 Quique
612 864 864 908 asserunt
895 855 948 908 in
978 854 1249 924 baptismo
1278 872 1384 909 non
1410 858 1624 925 penitus
1647 871 1772 926 pec-

209 952 312 996 cata
332 942 502 997 deleri
527 960 542 1004 ;

270 1030 350 1084 li.
395 1032 487 1088 Vel
524 1042 746 1087 sanctos
784 1034 986 1088 veteris
1014 1033 1350 1089 Testamenti
1389 1050 1514 1090 cum
1551 1047 1774 1106 peccato

207 1121 266 1176 tle
285 1124 382 1176 hac
411 1123 533 1178 luce
561 1125 828 1192 migrasse
847 1123 1198 1189 e0nfirmant;

268 1215 350 1268 15.
380 1215 484 1282 Qui
505 1218 669 1271 etiam
693 1216 871 1271 dicunt
897 1215 1170 1272 hominem
1200 1217 1251 1271 in
1280 1226 1559 1286 peccatum
1586 1235 1772 1276 neces-

206 1307 348 1361 sitate
367 1307 719 1376 praecipitari.

1955 491 2040 544 16.
2077 491 2182 546 Sed
2224 502 2280 545 et
2308 490 2439 544 illud
2469 491 2719 544 similiter
2745 505 3117 559 exsecramur,
3154 503 3180 530 ι
3211 494 3457 548 Salvato-

1885 597 1996 635 rem
2021 581 2340 635 necessitate
2360 581 2540 637 carnis
2571 581 2733 636 fuisse
2761 584 3068 647 mentitum,
3090 594 3144 638 et
3164 586 3305 654 quod
3336 601 3458 652 pro-

1884 684 2002 740 pter
2023 672 2462 740 impedimentum
2485 673 2664 726 carnis
2689 687 2794 727 non
2818 676 2994 727 omnia
3020 676 3253 743 potuerit
3281 677 3458 730 facere

1879 782 2002 836 quae
2030 766 2272 828 volebat;

1954 859 2040 911 17.
2066 857 2274 925 Quique
2303 857 2502 924 primas
2533 857 2746 922 nuptias
2773 873 2892 909 cum
2913 857 3238 924 Manichmis,
3263 872 3455 912 secun-

1878 952 1978 1004 das
2007 965 2127 1002 cum
2156 947 2504 1018 Cataphrygis
2534 947 2829 1010 damnant;

1950 1043 2040 1096 18.
2072 1040 2173 1107 Qui
2208 1041 2390 1104 etiam,
2433 1053 2531 1093 nec
2555 1053 2675 1091 cum
2707 1039 2874 1107 gratia
2909 1037 2999 1090 Dei
3032 1037 3214 1090 dicunt
3238 1049 3453 1103 peccata

1876 1148 2035 1202 posse
2059 1132 2239 1185 vitari.
2273 1128 2300 1168 δ
2325 1129 2430 1185 Sed
2455 1136 2510 1183 et
2558 1129 2602 1181 si
2635 1129 2754 1197 quis
2785 1128 2916 1180 dicit
2946 1127 3189 1181 homines
3217 1126 3334 1182 sine
3358 1127 3452 1180 Dei

1872 1224 2044 1292 gratia
2093 1221 2180 1276 vel
2224 1219 2494 1288 adjutorio
2529 1231 2687 1286 posse
2729 1228 2947 1286 peccata
2980 1218 3182 1282 vitare,
3219 1217 3457 1286 graviter

1870 1315 2227 1377 detestamur;

1355 1420 1895 1477 CASTIGATIONES
1936 1423 2026 1477 ET
2063 1419 2294 1476 ΝΟΤΕ.

263 1538 287 1566 ι
327 1530 573 1602 Pelagius
626 1531 815 1586 iisdem
846 1531 960 1602 fere
976 1531 1166 1602 verbis
1199 1529 1406 1602 (Libell.
1453 1542 1585 1602 part.
1637 1531 1764 1601 l‘l):

209 1600 701 1655 Auathematisamus
731 1602 883 1655 etiam
922 1600 1046 1656 illos
1087 1603 1175 1672 qui
1206 1600 1301 1656 Dei
1334 1600 1526 1654 Filium
1555 1600 1767 1656 necessi-

206 1683 290 1724 tate
311 1673 505 1737 carnis,
535 1685 635 1726 etc.
670 1672 803 1726 lllud
837 1673 1010 1737 ipsum
1053 1672 1337 1726 catholicis
1363 1673 1642 1740 objicienti
1672 1674 1767 1727 Ju-

208 1743 332 1795 liano
359 1743 410 1795 in
440 1742 666 1810 epistola
696 1744 760 1794 ad
791 1741 983 1795 Rufum
1026 1742 1096 1796 ita
1130 1743 1407 1810 respondit
1437 1744 1766 1810 A_ngustinua

206 1810 323 1889 (Lib.
357 1827 416 1866 ιιι
447 1806 514 1889 ad
547 1813 720 1889 Bonif.
746 1829 792 1865 c.
824 1813 912 1889 6),
951 1824 1008 1889 ut
1043 1806 1634 1889 simul_'osten_defit,.et
1661 1829 1766 1889 quo

206 1884 400 1936 exloco
432 1882 678 1950 Apostoli
732 1897 760 1936 a
810 1882 1090 1936 catholicis
1146 1883 1309 1936 allato
1360 1882 1639 1952 desumpta
1680 1882 1765 1938 sit

208 1952 477 2018 objiciendi
500 1959 736 2016 occasio,
762 1961 817 2005 et
853 1952 1122 2020 quomodo
1149 1953 1318 2017 locus,
1349 1953 1584 2020 alioquin
1626 1955 1766 2008 diffi-

205 2023 322 2094 cilis,
353 2025 424 2076 sit
455 2022 1047 2094 intelligendus.Quetn
1080 2025 1283 2094 justum
1312 2030 1638 2089 advocatum,
1670 2028 1764 2090 ait,

205 2093 313 2145 absit
339 2104 394 2145 ut
417 2093 670 2157 dicamus,
705 2094 835 2146 sicut
860 2093 949 2146 isti
969 2093 1366 2159 calumniantur,
1395 2097 1566 2149 carnis
1594 2111 1766 2148 neces-

207 2165 329 2215 sitate
355 2165 658 2226 mentitum;
687 2164 776 2216 sed
807 2163 1024 2216 dicimus
1049 2179 1164 2217 eum
1204 2165 1257 2216 in
1291 2166 1628 2218 similitudine
1651 2180 1769 2217 car-

207 2235 270 2284 nis
295 2235 496 2303 peccati
522 2236 587 2287 de
613 2242 818 2304 peccato
845 2233 1118 2287 damnasse
1161 2243 1440 2298 peccatum.
1477 2237 1625 2304 Quod
1659 2238 1768 2300 [or-

207 2314 318 2356 tam
352 2305 444 2376 isti
495 2303 982 2376 nonintelligentes,
1011 2312 1054 2357 et
1083 2304 1434 2358 calumniandi
1486 2303 1768 2376 cripidit'ate

203 2375 380 2446 cacati,
411 2390 571 2439 quam
592 2369 812 2446 diversis
835 2369 996 2446 modis
1021 2376 1211 2442 peccati
1240 2391 1421 2428 nomen
1447 2375 1499 2428 in
1528 2369 1764 2446 Sc'rjptu-

203 2443 271 2516 ris
280 2447 472 2497 sanctis
526 2445 649 2516 poni
693 2443 1232 2516 soleat_,_ignorantes,
1276 2455 1532 2516 peccatum
1578 2443 1768 2499 Christi

201 2512 443 2586 afﬁrmare
471 2512 564 2586 nos
585 2517 807 2586 jactant.
832 2513 1253 2586 Dicimusitaque
1279 2514 1555 2582 Christum,
1582 2529 1627 2568 et
1649 2517 1766 2569 nul-

202 2591 292 2634 lum
319 2583 568 2637 imbuisse
585 2583 874 2653 peccatum,
920 2598 1011 2636 nec
1053 2583 1108 2634 in
1150 2585 1344 2646 anima,
1375 2602 1463 2638 nec
1490 2588 1544 2638 in
1590 2603 1763 2647 carne,

199 2664 238 2703 et
257 2654 581 2725 suscipiendo
611 2671 814 2706 carnem
841 2655 893 2704 in
915 2653 1441 2725 similitudine_carnis
1469 2657 1661 2722 peccati
1703 2659 1767 2711 de

199 2723 398 2789 peccato
413 2726 693 2796 damnasse
714 2735 996 2796 peccatum,
1019 2724 1154 2796 quod
1187 2723 1489 2796 subobscure
1526 2726 1589 2778 ab
1628 2729 1768 2796 Apo-

198 2796 317 2846 stolo
339 2795 541 2847 dictum
571 2794 766 2848 duobus
791 2794 953 2846 modis
979 2793 1301 2862 intelligitur,
1337 2804 1442 2848 etc.

257 2862 282 2900 δ
315 2865 550 2920 Accedit
588 2865 838 2933 deinceps
876 2863 941 2916 ad
981 2878 1051 2934 ea
1079 2863 1400 2928 damnanda,
1431 2880 1550 2934 qua:
1579 2866 1765 2922 catho-

199 2935 274 2989 lici
295 2950 353 2988 ex
371 2932 784 3004 Pelagianorum
804 2932 1139 3004 dogmatibus
1156 2932 1568 3004 concludebant.
1593 2938 1645 2989 1⁸
1661 2939 1766 2991 llo-

196 3009 354 3060 mines
384 3003 528 3060 sine
555 3006 649 3059 Dei
687 3005 887 3073 gratia,
934 3005 1014 3057 vel
1047 3003 1314 3073 adjutorio
1358 3019 1520 3074 posse
1551 3017 1763 3074 peccata

197 3079 370 3132 vitare.
406 3075 472 3128 2⁸
505 3076 764 3130 Parvulos
803 3076 889 3128 vel
927 3074 1189 3145 baptismo
1216 3090 1321 3129 non
1369 3076 1630 3145 indigere,
1680 3079 1764 3132 vel

199 3161 290 3201 non
318 3146 516 3217 iisdem
548 3145 875 3217 sacramenti
905 3144 1079 3217 verbis
1101 3145 1302 3217 debere
1339 3144 1574 3217 ipsis,’ac
1595 3149 1765 3217 majo-

194 3218 326 3270 ribus
356 3216 624 3270 conferri.
656 3218 718 3269 5°
749 3215 825 3268 De
849 3215 1054 3268 duobus
1101 3214 1384 3282 baptizatis
1431 3228 1634 3281 natum,
1680 3214 1763 3274 vel

1873 1543 2074 1599 partem
2105 1530 2452 1590 ﬂexibilibus.
2513 1529 2606 1582 sed
2654 1538 2829 1584 tamen
2885 1531 3196 1599 compositis
3237 1546 3305 1585 ex
3337 1542 3454 1587 arte

1871 1604 2298 1671 Pelagianorum,
2329 1601 2522 1670 quibus
2548 1610 2662 1653 erat
2683 1600 2924 1654 solemne
2952 1601 3024 1654 ita
3060 1602 3226 1670 loqui,
3263 1613 3318 1655 ut
3350 1620 3447 1670 pro

1870 1683 2113 1740 tempore
2134 1683 2189 1726 et
2214 1674 2332 1726 loco
2353 1684 2652 1725 consonare
2679 1678 2898 1740 possent
2923 1672 3226 1725 auditorum
3259 1678 3446 1727 menti.

1941 1739 2144 1806 Tertio,
2181 1742 2357 1810 rejicit
2400 1741 2715 1794 nominatim
2770 1739 3074 1811 hereticos,
3121 1745 3210 1811 qui
3263 1756 3450 1797 contra

1871 1814 2150 1868 Trinitatis
2200 1812 2358 1866 fidem
2407 1818 2714 1873 senserunt,
2769 1810 3032 1878 Arianos,
3086 1810 3444 1878 Sabellianm,

1872 1884 2258 1945 Eunomianos,
2292 1881 2722 1941 Macedonianos,
2756 1879 2940 1950 eisque
2966 1881 3096 1936 dicit
3125 1884 3404 1937 anathema
3430 1902 3448 1950 ;

1798 1941 1845 2000 Β
1871 1954 2010 2022 quod
2047 1971 2149 2010 non
2181 1941 2312 2008 dicit
2338 1963 2536 2012 tamen.
2561 1966 2734 2020 neque
2757 1941 2921 2004 Paulo
2941 1953 3312 2022 Samosatam,
3356 1941 3449 2007 ne;

1869 2020 1973 2094 que
1998 2025 2248 2094 Photino,
2301 2037 2474 2090 neque
2503 2022 2621 2094 aliis
2665 2022 2928 2086 ejusmodi
2953 2020 3222 2078 Christum
3252 2041 3442 2094 purum

1868 2091 1988 2149 esse
2010 2094 2176 2148 Deum
2204 2091 2716 2159 blasphemantihus.

1939 2166 2159 2230 Quarto,
2218 2177 2354 2232 quos
2401 2163 2743 2232 nominatim
2782 2173 3090 2216 exsecratur
3120 2163 3403 2219 hereticos
3427 2206 3444 2232 ,

1869 2235 2100 2290 Arianos
2129 2273 2146 2300 ,
2177 2230 2588 2300 Apollinaristas
2619 2242 2670 2285 et
2697 2230 3038 2293 blanichaeos.
3074 2232 3260 2286 horum
3292 2230 3445 2289 com;

1868 2307 2174 2360 munionem
2199 2304 2496 2358 Nestoriani
2529 2301 2823 2364 catholicis,
2855 2317 2951 2368 per
2971 2303 3290 2357 calumniam
3323 2307 3442 2371 qui-

1867 2376 2012 2442 dem,
2046 2375 2141 2430 sed
2185 2376 2492 2443 frequenter
2516 2381 2570 2426 et
2600 2371 2795 2440 ubique
2847 2373 3054 2443 passim,
3095 2373 3440 2441 objiciebant.

1869 2444 2056 2509 lmmo,
2083 2445 2223 2514 quod
2254 2442 2715 2498 animadversione
2740 2443 2976 2514 dignum,
3031 2442 3443 2514 Apollinaristas

1869 2523 1923 2568 et
1949 2512 2272 2569 Manichaos
2301 2515 2376 2568 ita
2404 2515 2643 2579 damnat,
2675 2522 2731 2566 ut
2752 2512 2907 2565 addat
2952 2512 3205 2569 continuo
3241 2531 3445 2568 corum-

1864 2601 1962 2654 que
1986 2586 2200 2651 similes,
2233 2584 2371 2653 quod
2399 2583 2642 2654 solebant
2672 2581 2989 2636 Nestoriani.

1937 2656 2157 2721 Quinto,
2193 2669 2296 2708 non
2349 2654 2509 2706 alium
2565 2653 2720 2705 linem
2774 2653 3161 2707 lncarnationis
3215 2666 3442 2720 statuit,

1867 2741 2026 2792 quam
2067 2726 2156 2794 qui
2190 2733 2427 2778 assertus
2458 2737 2489 2776 a
2513 2722 2864 2794 Neam-inuis,
2920 2723 3165 2777 nimirum
3196 2737 3254 2778 ut
3281 2727 3441 2779 Chri-

1867 2790 1981 2850 stus
2013 2790 2226 2866 pratiret
2254 2795 2500 2862 exemplo
2547 2793 2758 2848 caeteris
2787 2790 3124 2861 hominibus,
3153 2795 3254 2850 sibi
3285 2796 3438 2850 simi-

1865 2866 2024 2922 libus.

1938 2937 2076 3003 Quid
2119 2944 2312 2990 cartera
2355 2933 2630 3003 speciatim
2680 2947 2989 3004 persequar,
3047 2949 3168 3001 qua:
3215 2940 3443 3004 quisque

1867 3007 2094 3076 legendo
2124 3006 2279 3060 facile
2306 3003 2740 3058 animadvertat?
2769 3005 3093 3071 Augustinus
3133 3013 3287 3076 certe
3322 3003 3444 3072 gra-

1865 3075 2002 3132 viter
2019 3077 2291 3130 hominem
2316 3075 2457 3129 hunc
2484 3083 2635 3142 urget
2656 3084 2958 3141 negantem,
2979 3085 3034 3127 ut
3056 3075 3267 3141 quidem
3291 3077 3442 3130 vide-

1869 3155 1953 3201 tur
2009 3145 2325 3215 Augustino,
2384 3146 2436 3198 in
2490 3143 2720 3215 Virginis
2753 3154 2903 3197 utero
2959 3145 3275 3212 conjunctas
3319 3162 3442 3202 esse

1867 3213 2261 3282 naturasduas,
2306 3215 2401 3270 sed
2431 3213 2860 3282 conjunctionem
2892 3224 3073 3281 postea
3106 3216 3308 3270 meritis
3336 3233 3436 3269 vo-

192 3286 250 3362 de
275 3288 512 3362 muliere
541 3286 830 3362 baptizata,
867 3301 972 3338 non
1001 3299 1158 3353 cgere
1188 3286 1522 3362 baptismatis
1566 3291 1758 3362 gratia.
1786 3300 1831 3362 ε
1867 3288 2592 3362 1ιιηιειιίςῨςοηςεξεειεῃημ«ξεςιεξἶ
2615 3284 3100 3362 Dignusestlocus,
3127 3286 3215 3362 qui
3243 3289 3442 3362 exscri-

193 3356 247 3408 ιο
274 3358 467 3427 Neque
495 3371 590 3427 per
616 3357 787 3409 Adam
831 3370 990 3409 omne
1038 3370 1208 3427 genus
1236 3355 1528 3410 humanum
1572 3355 1717 3414 inori
1742 3401 1758 3425 ,

193 3443 346 3494 neque
368 3424 485 3498 per
512 3425 784 3480 Christum
805 3441 964 3498 omne
991 3441 1160 3498 genus
1191 3424 1483 3498 humanum
1515 3424 1762 3498 resurges;

191 3512 256 3550 re.
286 3499 356 3552 Ea
376 3495 526 3551 'vero
552 3498 770 3550 damnat
797 3497 974 3565 verbis
1016 3495 1279 3558 subdolis,
1311 3507 1368 3550 ut
1419 3495 1759 3565 pluribus'in

190 3567 313 3639 locis
379 3569 727 3622 demonstrat
777 3566 844 3621 de
909 3564 1027 3619 aliis
1082 3564 1488 3636 Pelagianorum
1545 3571 1759 3639 scriptis

191 3638 542 3693 Auzustinns.

607 3707 698 3778 fiat
725 3708 979 3778 transitus
1003 3705 1067 3759 ad
1101 3716 1254 3761 notas
1285 3705 1340 3760 in
1367 3716 1610 3776 quartam
1633 3723 1756 3777 par-

185 3786 304 3841 tem,
325 3777 717 3834 exsolvendam
745 3786 870 3845 puto
902 3777 1081 3847 fidem.
1111 3792 1214 3847 qua
1233 3778 1451 3845 promisi
1475 3794 1560 3832 me
1579 3791 1759 3832 osten-

184 3863 356 3902 surum
389 3848 703 3904 Nestoriani
754 3850 952 3901 erroris
986 3846 1257 3901 lulianum
1307 3862 1464 3916 posse
1490 3848 1755 3909 convinci.

180 3929 265 3970 aut
299 3931 461 3974 certe
491 3920 545 3972 in
565 3918 923 3985 suspicionem
971 3917 1340 3972 vehementem
1375 3919 1578 3972 vocari.
1613 3918 1758 3974 Istud

179 4005 301 4043 vero
330 3989 573 4044 conﬁcio
599 3988 832 4056 quinque
862 3988 1209 4055 argumentis.
1234 3987 1366 4042 Nam
1399 3987 1571 4054 primo
1592 3988 1758 4043 Julia-

179 4075 270 4112 nus
301 4061 631 4128 conjunctus
653 4069 734 4111 est
759 4057 1042 4112 Theodoro
1070 4057 1447 4125 Mopsuesteno
1482 4058 1758 4114 Nestorio-

177 4145 273 4196 que
288 4130 602 4185 arctissima
628 4129 1054 4183 necessitudine:
1082 4129 1217 4182 vixit
1232 4129 1374 4184 enim
1395 4129 1532 4196 apud
1553 4139 1758 4185 utrum-

176 4216 273 4255 uue
328 4200 697 4262 familiariter,
757 4209 811 4252 et
857 4198 999 4264 apud
1038 4199 1378 4253 Theodorum
1432 4199 1649 4268 quidem
1703 4202 1754 4255 in

175 4269 373 4334 Cilicia,
391 4286 520 4324 cum
555 4284 690 4338 opus
711 4277 1034 4337 postremum
1052 4279 1236 4324 contra
1251 4271 1599 4337 Augustinum
1618 4271 1754 4325 scri-

177 4339 355 4404 beret;
386 4340 536 4408 apud
569 4339 868 4393 Nestorium
898 4355 1050 4404 vero,
1083 4338 1333 4408 quamdiu
1357 4341 1757 4408 periniperato-

177 4425 281 4464 rem
304 4411 463 4465 licuit
487 4424 614 4465 esse
632 4408 1109 4479 Constantinopoli.
1136 4409 1256 4464 Fuit
1277 4419 1453 4462 autem
1473 4412 1755 4479 utriusque

174 4493 230 4531 ea
276 4482 521 4545 indoles,
573 4495 744 4547 eaque
773 4480 1047 4534 hominum
1093 4494 1222 4534 suas
1275 4480 1554 4546 opiniones
1591 4480 1757 4548 depe-

176 4556 441 4606 reuntium
474 4552 708 4616 insania,
739 4561 798 4604 ut
824 4550 1091 4605 neminem
1115 4558 1374 4612 amarent,
1406 4550 1505 4602 nisi
1527 4564 1755 4605 consen-

174 4622 424 4676 tiettlem:
473 4635 669 4674 omnes
709 4621 1068 4688 despicerent,
1119 4623 1213 4690 qui
1256 4621 1413 4674 aliter
1459 4621 1749 4686 sentirent;

176 4692 526 4746 adversantes
555 4693 756 4746 furiose
784 4692 1045 4746 odissent.

238 4761 450 4816 Deinde
512 4764 568 4815 in
634 4761 973 4832 explicando,
1008 4760 1418 4832 lncarnationis
1447 4761 1701 4832 mysterio
1729 4801 1746 4827 ,

175 4830 351 4886 iisdem
381 4849 518 4886 cum
580 4841 803 4900 utroque
853 4830 1048 4885 Christi
1107 4832 1260 4885 hoste
1310 4830 1746 4886 verbis‘utitur:

175 4915 388 4969 usurpat
429 4903 585 4956 enim
635 4901 994 4972 assumptionis
1037 4917 1254 4967 nomen,
1310 4912 1439 4956 tunc
1482 4904 1750 4972 temporis

173 4971 680 5036 invtdiusissimum,
711 4981 764 5026 et
786 4971 853 5026 ab
883 4983 1107 5040 utroque
1149 4972 1402 5026 haeretica
1429 4971 1746 5025 adhibitum.

173 5040 294 5094 Illud
323 5046 514 5109 ipsum
547 5057 740 5111 nomen
771 5044 1105 5096 conversioni
1156 5043 1396 5111 opponit,
1449 5058 1550 5094 non
1581 5052 1635 5094 ut
1665 5058 1752 5107 per

168 5115 556 5167 conuersionem
588 5110 723 5164 Deus
750 5128 856 5165 esse
905 5113 1173 5179 desineret,
1193 5110 1294 5183 sed
1320 5129 1410 5183 per
1446 5113 1752 5183 assumptio-

169 5198 272 5233 Item
321 5184 508 5236 carnis
554 5183 799 5249 inciperet
843 5199 948 5235 esse
986 5184 1154 5235 homo.
1207 5181 1504 5237 Nestorius.
1534 5181 1595 5236 Si
1637 5184 1750 5250 quis

167 5254 328 5314 ipsum
377 5255 558 5306 Deum
597 5250 818 5306 Verbum
844 5254 1028 5306 dixerit
1081 5268 1279 5307 versum
1306 5269 1412 5307 esse
1435 5253 1488 5304 in
1525 5268 1747 5316 carnem,

165 5339 312 5393 quam
337 5324 598 5393 suscepit,
650 5333 716 5393 ut_
730 5323 1041 5376 inveniretur
1067 5334 1119 5375 ut
1147 5325 1319 5388 homo,
1346 5334 1453 5376 etc.
1484 5322 1749 5377 Julianus.

171 5391 231 5444 (Tt
252 5390 567 5447 ascenderet
587 5393 654 5444 ad
681 5390 846 5444 Deum
867 5395 1035 5455 homo,
1071 5393 1206 5447 Deus
1227 5393 1484 5447 descendit
1502 5393 1569 5447 ad
1591 5393 1755 5445 homi-

168 5477 294 5516 nem.
329 5465 647 5518 Nestorius.
687 5461 826 5515 Vidit
857 5460 995 5516 Deus
1022 5472 1261 5516 naturam
1282 5466 1581 5527 collapsam,
1616 5479 1754 5516 eam-

168 5549 254 5596 que
276 5537 496 5589 deitatis
522 5533 744 5601 potentia
771 5532 1104 5604 apprehendit
1122 5535 1319 5596 elisam.
1367 5535 1643 5601 elisumque
1681 5542 1753 5586 te-

172 5620 304 5669 neas,
344 5616 397 5659 et
435 5619 654 5656 manens
681 5606 815 5670 quod
844 5612 975 5667 erat,
1004 5605 1055 5656 in
1083 5605 1245 5657 altum
1290 5607 1585 5665 sublevavit,
1644 5615 1750 5658 etc.

171 5676 295 5744 Quid
343 5674 573 5730 multa?
620 5673 732 5727 Non
780 5674 900 5727 aliis
927 5674 1108 5729 verbis
1132 5677 1366 5744 explicat
1393 5675 1750 5729 ceconomiam

172 5742 599 5808 hicarnationis,
629 5759 786 5811 quam
840 5758 960 5812 qua:
1007 5744 1049 5798 Τ
1057 5742 1320 5800 heodOrus
1370 5755 1425 5801 et
1475 5745 1752 5800 Nestorius

175 5825 528 5886 usurparunt,
574 5815 829 5881 sintiiguis
878 5815 981 5868 illis
1021 5817 1256 5884 quidem,
1300 5826 1356 5872 et
1383 5817 1435 5872 in
1470 5826 1752 5884 utramque

560 5903 827 5966 Ριτιοι.
875 5905 1158 5968 XLVIII.

1865 3358 2044 3422 batur,
2099 3359 2223 3412 licet
2252 3355 2505 3425 prolixior
2534 3373 2550 3425 ς
2579 3358 2629 3408 in
2657 3369 2723 3408 eo
2752 3354 2892 3408 enim
2922 3356 3249 3418 Augustinus
3275 3356 3441 3411 Julia-

1865 3445 1990 3483 num
2023 3423 2266 3494 Deiparaé
2291 3427 2511 3495 virginis
2539 3423 2750 3478 hOSIem
2779 3439 2902 3495 esse
2944 3425 3126 3479 nititur
3154 3431 3440 3482 ostendere

1862 3499 1998 3568 (Lib.
2045 3516 2097 3553 tv
2126 3493 2233 3567 ορ.
2284 3493 2503 3565 Imperf.
2536 3495 2725 3568 c.g8_3).
2775 3493 2936 3568 Dicis
2965 3497 3106 3568 clara
3152 3499 3438 3568 t_estimonio

1862 3564 2149 3637 perdoceri.
2181 3564 2336 3636 quod
2373 3564 2609 3630 Suscepti
2643 3564 2875 3637 hominis
2918 3566 3122 3631 justitia
3153 3566 3288 3637 Filio
3321 3569 3436 3630 Dei.

1863 3635 1968 3693 non
1993 3641 2059 3694 de
2089 3635 2293 3692 natura:
2319 3637 2648 3695 diversitate.
2680 3635 2772 3689 scd
2805 3635 2870 3688 de
2895 3635 3200 3690 voluntaria
3227 3640 3438 3693 actione

1859 3709 2180 3763 substiterit.
2206 3705 2356 3759 Itane
2384 3722 2520 3768 vero,
2551 3721 2612 3758 ne
2634 3703 2730 3756 hoc
2771 3706 2976 3774 quidem
3005 3705 3234 3759 Christus
3273 3711 3439 3761 diver-

1860 3794 1972 3831 sum
1999 3779 2177 3832 habuit
2204 3781 2257 3829 in
2288 3785 2491 3840 natura,
2524 3776 2660 3843 quod
2683 3775 2755 3826 ita
2783 3773 2866 3827 ea:
2902 3773 3114 3844 Virgine
3155 3783 3309 3829 natus
3337 3790 3434 3840 est,

1861 3860 1914 3919 ut
1932 3851 2046 3919 jam
2070 3855 2223 3915 esset,
2254 3862 2358 3898 non
2381 3847 2544 3919 solum
2569 3844 2806 3919 hominis,
2832 3844 2922 3896 sed
2943 3845 3095 3919 etiam
3118 3844 3211 3919 Dei
3234 3845 3438 3902 Filius?

1861 3913 2066 3986 Ergone
2109 3913 2216 3971 ista
2245 3917 2517 3983 susceptio,
2549 3930 2670 3986 quae
2702 3913 2888 3986 Deum,
2911 3921 2962 3966 et
2984 3915 3253 3986 hominem
3280 3933 3435 3970 unam

1859 3983 1979 4058 fecit
1999 4005 2109 4042 esse
2130 4003 2418 4055 personam,
2442 3985 2571 4058 nihil
2593 3984 2674 4058 illi
2695 3983 2890 4058 homini
2911 3984 3069 4058 valuit
3096 3983 3169 4058 ad
3180 3987 3436 4039 excellen-

1859 4054 1982 4128 tiam
2002 4054 2238 4128 justitiae,
2268 4073 2422 4126 quam
2451 4055 2576 4108 dicis
2600 4056 2646 4108 ei
2667 4054 3268 4128 deuoluntaridactioue
3301 4059 3437 4128 Vsub-

1858 4122 2090 4182 stitisiei
2121 4122 2322 4182 Siccine
2343 4143 2431 4180 vos
2451 4138 2628 4179 contra
2660 4122 2756 4176 Dei
2787 4125 3005 4193 gratiam
3030 4123 3262 4190 defensio
3290 4127 3437 4180 liberi

1858 4201 2055 4252 arbitrii
2083 4198 2367 4267 praecipites
2387 4198 2513 4264 agit,
2544 4196 2772 4267 utetiam
2792 4196 2959 4262 ipsum
2992 4194 3343 4267 mediatorrm,
3377 4209 3433 4251 ut

1857 4279 1986 4323 esset
2006 4264 2178 4321 Filius
2200 4264 2298 4320 Dei
2325 4269 2524 4331 unicus,
2548 4266 2806 4317 voluntate
2831 4279 2927 4314 sua
2963 4265 3205 4316 meruisse
3227 4264 3430 4332 dicatis,

1856 4349 1903 4392 et
1926 4340 2114 4408 falsum
2137 4337 2429 4408 esse,_quod
2483 4333 2920 4408 tot_rt__c0itﬁtetur_
2943 4332 3201 4408 Ecclesia,
3229 4337 3436 4408 credere

1857 4401 1990 4461 se'in
2019 4407 2195 4461 Iesum
2220 4401 2499 4469 Christum,
2524 4401 2723 4456 Filium
2753 4401 2849 4455 Dei
2880 4401 3060 4473 Patris
3107 4403 3457 4473 omnipotenQ

1857 4480 1942 4542 tis,
1966 4479 2170 4531 unicum
2190 4475 2466 4530 Dominum
2483 4485 2734 4536 nostrum,
2754 4483 2930 4525 natum
2947 4473 3011 4526 de
3035 4472 3434 4541 Spiritu’sancte

1855 4564 1920 4602 ea:
1956 4547 2128 4601 Maria
2154 4547 2381 4616 virgine?
2430 4544 2727 4601 Secundum
2745 4544 2897 4616 _enim
2936 4560 3024 4596 tios
3068 4560 3169 4597 non
3210 4561 3242 4599 a
3272 4545 3433 4601 Verbo

1857 4617 1955 4672 Dei
1974 4620 2123 4672 homo
2151 4613 2413 4686 susceptus
2442 4623 2537 4680 est,
2570 4625 2712 4666 utea:
2745 4613 2958 4686 Virgine
2984 4626 3312 4686 nasceretur;
3342 4620 3434 4670 sed

1779 4674 1833 4734 D
1857 4698 2008 4742 natus
2031 4705 2092 4743 ea:
2127 4674 2357 4756 Virgine,
2379 4701 2484 4740 suae
2511 4674 2684 4753 postea
2703 4674 2974 4736 volun-tatis
2992 4683 3171 4756 virtute
3213 4674 3434 4753 profecit

1855 4771 1902 4814 et
1932 4761 2068 4830 fecit,
2100 4767 2154 4811 ut
2183 4755 2403 4830 a’Verbo
2424 4756 2518 4810 Dei
2546 4757 2902 4830 susciperetur,
2930 4769 3028 4806 non
3057 4755 3206 4830 talem
3232 4771 3301 4830 ac
3315 4765 3434 4830 tan-

1859 4823 1964 4883 tam
2003 4823 2310 4882 voluntatem
2339 4828 2429 4880 illa
2455 4823 2775 4892 susceptione
2807 4823 3012 4887 habent,
3048 4825 3136 4875 sed
3178 4823 3246 4877 ad
3285 4826 3432 4878 illam

1856 4901 2224 4969 susceptionem
2247 4899 2340 4950 tali
2370 4913 2431 4950 ac
2474 4908 2619 4969 tanta
2641 4893 3257 4969 voluntateprteveniens.
3320 4893 3432 4948 Nec

1867 4963 2083 5023 Verbum
2103 4969 2225 5022 caro
2257 4973 2460 5039 factum
2491 4977 2564 5021 est
2601 4965 2656 5039 in
2681 4974 2821 5039 utero
2872 4963 3116 5039 Virginis,
3144 4965 3233 5016 sed
3257 4975 3433 5039 postea

1859 5043 2040 5095 merito
2067 5041 2230 5107 ipsius
2257 5034 2490 5091 ’hominis
2536 5047 2582 5088 et
2607 5036 2718 5103 ejus
2749 5034 2986 5107 humana:
3027 5034 3432 5107 tfoluntariteque

1859 5105 2188 5164 virtutis§Ex
2212 5125 2310 5178 quo
2339 5125 2423 5178 nos
2464 5106 2690 5178 sequitur
2729 5105 2879 5156 etiam
2918 5105 3070 5168 illud,
3103 5113 3160 5156 ut
3178 5108 3432 5172 quomoda

1857 5182 2006 5234 illum
2045 5173 2250 5233 creditis
2276 5197 2304 5232 a
2346 5177 2504 5231 Verbo
2530 5173 2640 5227 'Dei
2684 5185 2948 5243 prapterea
2968 5186 3254 5245 susceptum
3301 5192 3426 5241 esse,

1855 5252 1975 5320 quia
1997 5250 2151 5303 voluit
2176 5265 2193 5302 :
2217 5251 2291 5301 sic
2311 5249 2499 5320 multos
2530 5245 2747 5320 credatis
2774 5246 2844 5320 ita
2870 5245 3064 5312 suscipi
3091 5249 3345 5320 patuisse,
3387 5249 3432 5298 si

1856 5315 2007 5376 etiam
2027 5321 2125 5387 ipsi
2147 5321 2381 5374 similiter
2419 5316 2711 5387 voluissent,
2761 5316 2837 5366 vel
2867 5331 3032 5387 posse.
3087 5315 3326 5387 sip‘elint,
3370 5333 3432 5368 ac

1859 5409 1947 5459 per
1971 5384 2064 5444 hoc
2085 5392 2299 5460 segnitia
2329 5391 2562 5441 humanm
2584 5386 2853 5460 voluntatis
2884 5385 3018 5460 ﬁeri,
3045 5392 3101 5460 ut
3126 5384 3215 5437 ille
3243 5387 3434 5460 unicus

1858 5454 1943 5519 sit.
1975 5478 2088 5514 cum
2119 5454 2288 5530 plures
2310 5475 2416 5512 esse
2441 5466 2678 5530 possent,‘
2694 5457 2738 5508 si
2742 5455 2983 5530 _lt_0iitines
3004 5454 3203 5530 uellent.
3233 5454 3363 5530 Hinc
3385 5457 3432 5508 si

1859 5533 2061 5596 dicitis,
2089 5523 2176 5583 ubi
2205 5539 2277 5583 est
2303 5523 2465 5582 vestra
2495 5525 2681 5595 frons!
2732 5524 2795 5578 Si
2833 5540 2935 5578 non
2981 5523 3174 5591 dicitis,
3223 5527 3310 5578 ubi
3354 5533 3432 5578 est

1853 5603 2059 5656 hieresis
2094 5608 2256 5652 vestra
2278 5601 2302 5652 ?

1929 5673 2120 5725 Verum
2157 5669 2373 5725 difficile
2399 5677 2482 5722 est
2505 5666 2824 5734 intelligere,
2853 5679 2954 5734 qua
2983 5665 3190 5718 ratione
3214 5672 3430 5717 sanctus

1852 5741 2040 5795 doctor
2075 5758 2140 5796 ex
2189 5741 2368 5794 verbis
2413 5738 2607 5793 Juliani
2661 5733 2927 5790 coniicere
2977 5735 3233 5801 potuerit.
3284 5733 3428 5800 quod

1852 5822 2073 5868 conatus
2099 5821 2200 5867 est.
2238 5811 2410 5866 Verba
2439 5810 2579 5864 enim
2609 5807 2815 5861 videtur
2835 5805 3106 5869 accepi.sc
3132 5804 3183 5855 in
3211 5816 3424 5854 sensum

2947 5895 3012 5948 17
