3962 6180
475 341 504 392 ὃ

507 339 578 393 25
901 333 989 386 AD
1032 327 1307 384 PARTEM
1348 325 1611 380 PRIMA.“
1653 322 1944 381 OPERUM
1978 326 2044 379 si.
2092 324 2533 383 MERCATORIS
2572 326 2913 383 APPENDIX
2955 329 3293 389 SECUNDA.

3613 332 3707 393 sat

546 455 630 512 t9,
669 452 759 507 vel
788 451 875 521 qtti
911 456 1069 516 negat
1096 444 1353 512 parvulos
1375 442 1641 512 baptismo
1665 441 1923 511 indigere,
1966 453 2052 496 aut
2085 448 2132 504 Α
2160 458 2278 512 qua:
2306 445 2349 497 si
2376 445 2536 497 aliter
2557 446 2751 514 ptttatis
2782 447 3030 502 tenenda.
3060 451 3338 507 rescribite
3373 471 3383 505 :
3414 455 3493 509 sin
3542 469 3707 511 autem

474 548 589 600 aliis
634 540 957 597 sacramenti
1011 536 1191 592 verbis
1235 536 1427 589 asserit
1456 548 1615 603 quam
1665 534 1715 586 in
1760 534 2053 601 majoribus

474 637 670 691 debere
693 630 989 693 celebrari;

544 725 632 779 20.
664 723 721 779 Si
744 722 865 792 quis
886 720 1048 775 etiam
1077 716 1290 773 dicitde
1308 716 1517 771 duobus
1544 715 1825 783 baptizatis
1848 723 2050 776 natum,

472 804 558 868 vel
589 813 655 867 dc
683 812 909 865 muliere
941 808 1206 877 baptizata
1234 816 1545 875 pronatum,
1575 805 1909 873 baptismatis
1933 821 2053 873 gra-

478 909 547 963 tia
578 922 682 960 non
713 919 908 974 egere;

546 1003 638 1057 2i.
670 1000 763 1054 Vel
797 1000 1124 1068 quicumque
1162 991 1357 1047 asserit
1383 991 1524 1061 quod
1556 1004 1734 1059 neque
1767 1002 1861 1056 per
1886 986 2055 1040 Adam

374 1100 381 1103 ’
477 1109 636 1151 οιιιιιε
661 1104 828 1162 genus
857 1088 1133 1143 hominum
1162 1084 1442 1149 moriatur,
1465 1096 1643 1151 neque
1673 1095 1767 1150 per
1786 1078 2054 1133 Christum

478 1199 642 1242 omne
663 1198 832 1254 genus
854 1188 1119 1249 resurgat.

548 1276 637 1329 22.
665 1274 760 1331 Vel
783 1274 826 1328 si
849 1286 969 1343 quae
988 1280 1116 1327 sunt
1147 1268 1249 1322 alia
1279 1282 1397 1335 qua:
1440 1266 1524 1319 vel
1565 1272 1750 1319 contra
1783 1262 1941 1316 ﬁdem
1969 1276 2060 1316 ca-

481 1367 735 1423 tholicam
764 1365 1005 1426 veniant,
1037 1361 1123 1416 vel
1160 1359 1226 1414 ad
1278 1357 1710 1426 indisciplinatas
1756 1353 2059 1423 pertineant

479 1461 826 1531 quaestiones,
859 1456 1017 1513 simili
1040 1452 1417 1509 exsecratione
1438 1449 1775 1505 damnamus.

998 1587 1176 1642 PARS
1213 1583 1522 1652 QUARTA.

466 1684 766 1740 Excusatio
798 1672 1530 1750 Pelagianorum,provocatio
1555 1670 1623 1723 ad
1641 1670 1921 1750 plenariam
1939 1685 2059 1738 syn-

555 1756 728 1815 odum,
749 1743 1017 1819 prreteaius
1044 1764 1145 1800 non
1176 1743 1538 1819 subscribendi,
1563 1743 1890 1819 reprehensio
1918 1756 2060 1819 sum-

2158 534 2461 590 contradici
2482 534 2593 591 iatis
2623 553 2725 589 non
2758 546 2956 608 poteSt.
2985 549 3037 593 et
3067 550 3245 595 tamen
3274 544 3463 613 aliquis
3492 548 3713 601 voluerit

2156 635 2337 679 contra
2360 641 2459 681 nos
2481 628 2789 681 scandalum
2830 631 3126 695 concitare,
3177 644 3325 687 certa
3357 637 3425 689 sit
3470 639 3714 693 sanctitas

2157 727 2358 784 vestra,
2398 727 2421 756 ε
2454 732 2553 773 nos
2580 719 2647 773 ad
2671 719 2994 774 audientiam
3026 721 3287 791 plenaria:
3310 727 3496 796 synodi
3536 745 3715 797 provo-

2156 825 2328 864 casse.
3162 860 3172 870 ,

2228 902 2281 955 5.
2309 898 2333 936 ἀ
2365 900 2499 955 Illud
2551 912 2727 956 autem
2778 906 3118 959 sanctitatem
3159 917 3390 961 vestram
3423 911 3719 978 specialiter

2158 991 2508 1046 admonemus
2537 1008 2603 1047 ne
2649 992 2714 1045 ad
2747 1005 2978 1048 vestram
3011 998 3484 1065 reprehensionem
3530 999 3717 1055 factum

2158 1084 2386 1151 putetis;
2418 1081 2559 1151 quod
2591 1092 2613 1119 ⁸
2646 1086 2723 1137 sic
2768 1084 3045 1140 absentum
3077 1087 3507 1155 damnationem,
3538 1090 3606 1145 ob
3631 1091 3720 1146 Dei

2160 1172 2402 1225 timorem
2421 1213 2436 1236 ,
2462 1172 2800 1228 subscribere
2826 1190 2929 1229 non
2981 1175 3258 1242 audemus,
3290 1178 3432 1232 docti
3463 1194 3559 1247 per
3579 1179 3721 1233 Scri—

2158 1274 2344 1331 pturas
2372 1265 2652 1317 lmmauam
2686 1266 3012 1320 voluntatem
3042 1269 3326 1337 praeceptis
3355 1270 3449 1323 Dei
3502 1286 3606 1324 non
3635 1272 3725 1326 de-

2160 1352 2288 1407 bere
2304 1354 2547 1421 prazferri
2570 1354 2792 1409 dicentis
2807 1354 3001 1425 (Exod.
3022 1373 3174 1423 χχιιι,
3191 1358 3404 1428 Ljuxta
3422 1359 3720 1431 Septuag.):

2167 1444 2185 1482 ί
2229 1445 2348 1499 Non
2376 1448 2547 1500 credes
2575 1447 2777 1500 auditui
2814 1463 2965 1511 vano,
3008 1464 3098 1502 nec
3125 1450 3406 1502 consenties
3428 1465 3542 1502 cum
3560 1451 3728 1519 iniquo

2162 1539 2273 1605 fieri
2299 1541 2436 1592 testis
2458 1539 2701 1611 injustas.
2721 1539 2787 1593 Et
2809 1554 2875 1603 ne
2901 1541 3225 1595 multitudini
3258 1541 3379 1609 quis
3404 1542 3726 1598 credendum

2162 1638 2392 1697 putaret,
2426 1630 2667 1697 adjuuxit
2700 1629 2888 1701 (lbid.)
2923 1648 2935 1683 :
2966 1631 3087 1684 Non
3128 1632 3227 1685 eris
3256 1648 3370 1685 cum
3400 1632 3632 1704 pluribus
3673 1635 3728 1687 in

2162 1720 2377 1773 malitia.
2414 1720 2476 1773 Et
2502 1721 2691 1774 iterum
2711 1739 2723 1772 :
2742 1718 3053 1778 Priusquam
3078 1721 3379 1789 interroges,
3407 1739 3467 1775 ne
3488 1724 3730 1793 vitupem

554 1827 623 1877 mi
654 1809 928 1891 pontiﬁcis,
957 1820 1223 1891 detortum
1244 1815 1313 1891 S._
1342 1812 1689 1891 Chrysostomi
1717 1810 2057 1865 testimonium
2082 1822 2135 1887 ⁸Β
2163 1826 2481 1880 quamquam.
2520 1812 2583 1865 Et
2605 1812 2797 1865 iterum
2828 1809 3051 1880 (Eccles.
3078 1826 3154 1877 ιι,
3184 1812 3239 1882 ’1)
3276 1830 3287 1864 :
3322 1811 3469 1879 Quod
3498 1814 3729 1867 viderunt

554 1882 1073 1962 adversus'peccatum
1092 1885 1363 1955 originale,
1379 1894 1423 1936 et
1446 1882 1699 1951 epilogus.

557 2013 609 2064 1.
640 2018 664 2045 ι
694 2007 820 2061 llaec
874 2013 1049 2057 autem
1081 1999 1280 2063 omnia,
1325 1997 1394 2051 de
1424 1995 1622 2066 quibus
1669 2007 1809 2048 nunc
1861 1992 2058 2061 agitur,

482 2104 541 2158 id
568 2111 803 2169 est,qu:e
828 2098 879 2151 itt
911 2096 1014 2148 line
1045 2090 1439 2153 damnavimus,
1463 2087 1563 2152 ipsi
1587 2086 1749 2141 etiam
1778 2084 1843 2139 de
1872 2084 2062 2153 quibus

467 2195 587 2248 ista
610 2192 904 2262 jactentur,
955 2184 1092 2238 falso
1134 2182 1235 2236 sibi
1275 2178 1484 2249 objecta
1535 2186 1819 2242 testantes,
1868 2174 2065 2230 libellis

487 2283 725 2356 propriis
746 2279 1151 2335 damnaverunt.

555 2376 611 2431 2.
642 2374 670 2413 δ
700 2373 843 2437 Haec,
868 2378 926 2424 ut
961 2367 1117 2422 nobis
1142 2364 1435 2420 secundum
1464 2363 1702 2433 regulam
1733 2362 2059 2418 catholicam

474 2467 660 2523 'visum
689 2474 789 2532 est,
806 2472 996 2517 vestrae
1023 2458 1293 2513 sanctitati
1312 2458 1614 2525 conscripta
1635 2456 2057 2521 transmisimus,

2162 1906 2295 1956 oculi
2320 1913 2390 1956 tui
2415 1904 2639 1969 loquere.

2166 2007 2171 2013 ‘
2232 1996 2287 2049 4.
2324 1995 2451 2050 ltem
2479 2000 2530 2049 in
2554 1994 2848 2065 Evangelio
2879 1995 3090 2064 (Matth.
3126 2013 3217 2067 vn,
3263 2000 3317 2069 1)
3351 2017 3364 2053 :
3397 1999 3577 2054 Nolite
3596 2001 3736 2072 judi-

2164 2104 2299 2152 care,
2326 2096 2380 2140 ut
2407 2102 2507 2140 non
2517 2087 2858 2155 judicemini;
2879 2089 3035 2141 nolite
3048 2091 3405 2155 condemnare,
3421 2100 3473 2143 ut
3495 2108 3595 2145 non
3619 2109 3736 2143 con-

2167 2181 2474 2234 demnemini
2503 2196 2520 2232 :
2554 2181 2607 2234 in
2626 2196 2725 2250 quo
2750 2181 2886 2234 enim
2904 2181 3111 2252 judicio
3126 2184 3505 2252 judicaveritis,
3530 2186 3739 2254 judico-

2168 2275 2301 2327 bitur
2328 2274 2389 2328 de
2417 2272 2587 2338 vobis;
2610 2282 2656 2327 et
2685 2289 2787 2342 qua
2816 2289 3051 2328 mensura
3076 2276 3236 2330 mensi
3264 2275 3488 2347 fueritis,
3511 2280 3739 2331 remetie-

2168 2375 2252 2420 tur
2280 2366 2433 2420 vobis.

2238 2456 2367 2512 ltem
2400 2457 2453 2512 in
2482 2456 2589 2512 alio
2643 2456 2971 2527 evangelista
2999 2456 3180 2527 (Joau.
3208 2474 3300 2527 vn,
3330 2457 3419 2528 51)
3451 2458 3612 2514 etiam
3640 2459 3733 2514 Ju-

1637 2610 1884 2669 CASTIG
1894 2611 2095 2667 ATION
2104 2612 2184 2668 ES
2224 2612 2310 2667 ET
2350 2612 2578 2670 NOTAE.

496 2764 727 2818 alienum
757 2777 768 2810 ε
804 2771 925 2811 nam
955 2754 1200 2810 Julianus
1229 2750 1279 2805 id
1313 2765 1474 2804 unum
1506 2748 1617 2803 suis
1657 2747 1835 2801 verbis
1860 2745 2063 2819 signjii~

484 2817 619 2889 care
647 2828 834 2892 voluit,
864 2836 919 2878 ut
949 2840 1015 2898 es
1041 2824 1155 2898 ipso
1186 2829 1437 2898 contextu
1468 2826 1710 2889 apertum
1760 2828 1862 2898 est,
1912 2817 2067 2874 Chri-

494 2916 635 2958 stum
660 2891 1050 2968 operapietatis
1074 2891 1423 2960 justitircque,
1449 2903 1553 2941 non
1578 2891 1893 2968 necessitate
1910 2898 2065 2968 natu-

496 2990 592 3037 ηε,
618 2958 782 3038 quam
812 2958 1073 3038 diversam
1101 2977 1128 3015 a
1162 2958 1343 3038 nostra
1370 2970 1558 3013 nactus
1580 2968 1743 3038 esset,
1767 2958 1860 3038 sed
1880 2958 2065 3038 volun:

497 3026 604 3097 tate
628 3026 792 3095 libera
827 3035 1130 3091 exercuisse
1160 3030 1299 3100 quod
1326 3044 1508 3100 verum
1530 3038 1646 3100 est,
1678 3036 1731 3081 et
1756 3026 1819 3081 ad
1849 3027 1899 3081 id
1923 3028 2063 3100 quod

489 3112 774 3181 agebatur,
828 3107 1090 3181 apprime
1117 3098 1445 3181 conducens.
1500 3099 1680 3168 Neque
1717 3111 1877 3181 .vero.
1910 3098 2067 3151 aliter

498 3154 1563 3248 sanarewp’otuirtZQiqt—iidcmnaturarum
1595 3154 2063 3248 coniunctionem,
2093 3154 2136 3213 C

502 3236 603 3319 qua
631 3236 981 3319 Christusest
1012 3236 1149 3297 Deus
1181 3242 1372 3319 homo,
1407 3238 1601 3319 {actam
1653 3237 1838 3318 dicere
1861 3236 2072 3318 _debuit

505 3307 558 3377 in
583 3330 733 3376 utero
755 3314 1006 3384 Virginis,
1036 3328 1155 3384 cum
1197 3327 1260 3364 ex
1305 3309 1468 3384 Maria
1499 3321 1713 3384 semper
1744 3307 1945 3377 virgine
1973 3323 2071 3361 na-

506 3404 616 3446 tum
670 3378 878 3443 asserat
904 3378 1024 3438 eum
1066 3382 1155 3450 qui
1201 3379 1493 3434 secundum
1520 3378 2071 3450 divinitatemnum-

504 3478 662 3530 quam
688 3453 1041 3530 deluit_Patri.
1084 3446 1282 3530 Posset
1305 3450 1463 3530 igitur
1486 3446 1936 3530 aliquisnolpinari,
1966 3446 2075 3530 ᾼιιτ

500 3516 770 3602 gustinum
793 3522 1278 3602 idipsum_sensisse
1298 3519 1365 3573 de
1388 3517 1708 3602 novisPauli
1737 3516 2071 3602 Samosateni

498 3586 1043 3664 ζεέιηιατῑδιιεξίιυοό
1071 3606 1259 3646 omnes
1299 3586 1952 3664 communiterchaulo,
1975 3586 2073 3664 qui

503 3656 619 3728 suis
659 3656 934 3726 Christum
961 3663 1164 3717 meritis
1192 3660 1483 3731 profecisse
1526 3657 1704 3713 docuit
1754 3658 1802 3709 in
1834 3656 2072 3724 appella-

474 3746 702 3798 -tionem
732 3738 855 3795 Filii
898 3736 1023 3789 Dei:
1058 3748 1155 3787 nec
1194 3735 1335 3787 enim
1388 3731 1562 3784 adhuc
1604 3736 1925 3798 exercuerat,
1955 3741 2076 3783 sese

503 3796 759 3867 adversus
789 3808 891 3862 hoc
922 3805 1294 3859 hmreticorttm
1326 3815 1511 3870 genus,
1547 3800 1774 3870 quiﬂetsi
1806 3796 2073 3852 Christum

499 3888 755 3952 putarent
797 3892 916 3932 esse
941 3889 1133 3952 purum
1169 3868 1462 3952 hominem,
1484 3886 1573 3952 ‘ex
1596 3940 1608 3952 ι
1628 3868 1844 3952 Virgine
1899 3871 2074 3952 tamen

500 3937 811 4010 asserebant
832 3937 1095 4017 prodiisse
1114 3942 1460 4017 coniunctum
1484 3940 1662 4017 verbo
1684 3938 1801 4017 Dei,
1825 3937 2078 4017 qualiter-

504 4008 734 4092 cumque
764 4008 1334 4092 tandcmconjuuctas
1353 4010 1510 4091 foret.
1541 4008 1742 4092 Verum
1788 4008 1886 4092 Itale
1923 4008 1990 4061 de
2020 4023 2076 4062 re

502 4077 747 4150 dicemus
793 4084 1063 4155 copiosius
1108 4077 1175 4136 ad
1223 4080 1809 4157 posteriorem-partem
1842 4077 2073 4157 Onerum

504 4147 837 4224 mercatoris,
864 4147 955 4212 ubi
983 4157 1155 4208 futura
1198 4147 1283 4206 est
1309 4147 1631 4224 dissertatio
1644 4147 1723 4224 _de
1747 4147 1935 4224 ᾔρετεεὶ
1976 4147 2075 4224 Ne-

505 4216 676 4297 storii,
699 4216 859 4299 quam
879 4226 1188 4299 Cassianus,
1217 4222 1553 4299 scriptorque
1573 4216 1827 4299 epitaphii
1854 4216 2073 4299 haeresis

505 4292 839 4355 Nestorianre
859 4312 920 4350 ac
940 4296 1257 4364 Pelagianm,
1290 4292 1488 4364 aliique
1518 4292 1825 4364 nonpauci,
1858 4296 2075 4357 propter

498 4369 848 4437 anticipatam
877 4359 1204 4437 opinionem,
1233 4375 1337 4437 non
1364 4360 1494 4414 satis
1524 4359 1926 4437 intellescrunt.

579 4427 896 4495 ProJuliani
915 4427 1225 4488 defensione
1240 4430 1433 4485 all‘erre
1456 4438 1636 4499 posset
1658 4427 1918 4499 quispiam
1944 4442 2075 4499 non-

507 4512 655 4566 nulla
709 4504 1065 4563 confessionis
1094 4502 1277 4565 verba,
1328 4497 1520 4571 quibus
1560 4497 2073 4571 contr.t_Nes_toriunt
2108 4514 2154 4571 ι)

512 4565 659 4650 loqui
681 4578 973 4650 videatur;
1015 4572 1089 4626 ait
1136 4570 1300 4650 enim,
1332 4565 1540 4650 missum
1578 4584 1701 4650 esse
1733 4566 1827 4620 Dei
1856 4565 2073 4650 Filium,

508 4638 680 4708 nulum
707 4665 767 4704 ex
810 4644 983 4701 Maria
1031 4657 1226 4707 semper
1252 4642 1461 4708 virgine,
1511 4639 1782 4691 redemisse
1827 4638 2076 4690 mundum

511 4720 753 4790 patiendo
776 4764 791 4786 ,
846 4724 1099 4790 mortuum
1149 4726 1360 4790 e_sse_¢_1c
1400 4710 1719 4790 surrexisse,
1766 4717 1833 4790 ut
1870 4717 2077 4790 mortem

466 4836 469 4839 λ
512 4776 819 4848 Ηωινιιετεὶε
841 4801 958 4855 quae
978 4781 1271 4855 Nestoriani
1303 4779 1443 4855 ferre
1462 4793 1565 4831 non
1594 4786 1857 4855 poterant.
1881 4776 2076 4855 iterum

512 4846 632 4918 cum
658 4846 776 4917 hanc
803 4846 989 4913 eadem
1019 4852 1180 4906 verba
1212 4849 1550 4913 Theodorus,
1602 4850 1766 4902 immo
1817 4855 1871 4900 et
1898 4846 2081 4901 Nesto-

464 4978 465 4983 η
510 4934 620 4988 rius
643 4927 927 5001 aliquando
951 4920 1346 5001 usurpaverint,
1367 4918 1707 5001 dissimulare
1729 4927 1952 4999 possunt
1975 4921 2081 4971 lue-

514 5005 694 5064 resim,
714 4999 941 5070 purgare
962 5000 1334 5070 non_possunt_,
1355 4999 1513 5070 utea,
1538 5002 1692 5057 quam
1716 5002 2078 5056 promtsmus.

512 5062 887 5126 dissertatione
918 5062 1255 5119 manifestum
1298 5062 1408 5114 liet.

582 5142 716 5196 Tota
744 5139 857 5193 lere
880 5143 1064 5204 quarta
1099 5146 1220 5201 pars
1244 5131 1409 5204 libelli
1436 5128 1808 5183 dissertatione
1857 5128 1909 5204 θ,
1963 5141 2080 5204 qua:

460 5254 463 5255 ν
512 5211 580 5266 de
607 5197 1617 5275 subscriptionibus'est,_eXplicatur:
1664 5213 1830 5269 quare
1869 5197 2083 5252 brevius

512 5280 718 5351 singula
747 5272 1049 5351 attingenda
1077 5283 1223 5351 sunt,
1255 5272 1417 5325 immo
1445 5278 1914 5351 eatenus-tantum,
1945 5283 2078 5351 qua:

515 5340 667 5406 tenus
713 5351 796 5403 vel
826 5340 909 5401 ad'
925 5343 1200 5400 historiam
1231 5351 1490 5411 spectant,
1523 5340 1605 5393 vel
1658 5340 1743 5405 iis,
1795 5353 1914 5409 quae
1957 5346 2139 5392 sunts

512 5421 652 5492 apud
684 5418 1446 5492 Augustinum.“responleut.

584 5501 613 5530 ι
669 5478 871 5548 ᾹΙΙιῖιΙὶι
913 5490 980 5541 ad
1038 5478 1247 5539 libellos
1302 5481 1497 5548 Pelagii
1527 5521 1539 5537 .
1583 5478 1972 5549 Calestiique,
2022 5485 2081 5533 et

516 5559 809 5629 prasertim
839 5558 907 5629 ad
948 5558 1153 5629 litteras
1180 5552 1378 5621 Pelagii
1418 5552 1483 5603 ad
1526 5549 1893 5629 innocentium
1913 5589 1928 5609 ,
1960 5549 2081 5619 qui-

498 5621 614 5696 ,bus
640 5628 939 5698 versipellis
965 5627 1246 5681 haereticus
1272 5631 1503 5698 mentem
1531 5636 1680 5698 suam
1707 5621 1785 5674 sic
1810 5634 2080 5698 exponere

519 5700 684 5757 videri
718 5690 919 5761 voluit,
952 5706 1009 5750 ιιι
1046 5705 1363 5765 perpetuum
1408 5696 1605 5765 facere!
1645 5690 1822 5765 fucum
1847 5729 1862 5753 ,
1898 5691 2077 5765 verbis

512 5785 711 5843 nempe
742 5767 1001 5839 ambiguis
1026 5761 1124 5833 ,ἐτι
1148 5761 1367 5836 propter
1398 5761 1800 5839 signiﬁcationis
1828 5761 2076 5830 amplitu-

2171 2748 2351 2803 dinem
2393 2751 2860 2807 commutabilibus
2904 2754 2955 2807 in
2998 2755 3173 2808 varios
3210 2767 3422 2808 sensus.
3465 2752 3602 2808 Vide
3632 2756 3743 2809 Au-

2170 2820 2443 2894 gustinum
2475 2820 2887 2894 lib._de__Gratia
2918 2823 3115 2878 Christi
3137 2865 3152 2887 .
3188 2826 3240 2878 in
3269 2840 3375 2894 quo
3405 2832 3459 2877 et
3506 2824 3747 2879 libellum

2170 2889 2473 2961 et_littcras
2507 2891 2705 2961 Pelagii
2735 2894 3027 2947 examinat.

2242 2958 2285 3031 b_
2330 2959 2576 3016 lnsolens
2626 2958 2910 3031 periodus,
2958 2974 3013 3017 et
3051 2963 3101 3017 ei
3141 2963 3363 3023 similis,
3408 2977 3529 3031 qua:
3568 2973 3651 3017 est
3691 2965 3749 3017 iu

2170 3028 2345 3097 capite
2392 3030 2582 3102 ultimo
2630 3028 2750 3086 libri
2797 3028 2955 3101 primi
3000 3032 3065 3086 ad
3115 3028 3480 3096 Bonifaciutn,
3528 3049 3742 3102 quaque

2170 3100 2441 3221 stltamwad
2497 3101 2723 3157 clericos
2779 3100 3053 3157 Romanos
3106 3104 3392 3172 epistolam
3450 3100 3746 3158 leestius

2172 3183 2201 3221 e
2228 3183 2339 3221 ausi
2373 3207 2387 3221 .

2172 3170 2387 3224 clausit.

2247 3250 2268 3278 ο
2312 3239 2443 3313 ﬂuit:
2486 3244 2855 3313 provocationi
2898 3243 3177 3313 respondit
3225 3250 3449 3313 sanctus
3495 3244 3755 3312 Augusti-

2172 3325 2272 3382 nus
2303 3308 2453 3380 (Lib.
2483 3308 2544 3382 tv
2562 3312 2629 3363 ad
2661 3311 2896 3382 Bonifac.
2928 3308 3106 3368 cfult.
3131 3314 3150 3382 )
3175 3354 3189 3376 ,
3221 3312 3488 3378 simulque
3516 3308 3619 3366 tria
3653 3314 3755 3366 do-

2172 3380 2281 3453 cuit
2312 3388 2491 3453 uolatu
2518 3380 2855 3453 dignissima.
2890 3380 3158 3446 Primum,
3194 3398 3298 3435 non
3331 3397 3452 3436 esse
3483 3397 3619 3451 opus
3647 3398 3747 3453 sy-

2172 3449 2313 3522 nodo
2336 3491 2349 3512 ,
2382 3462 2440 3522 ut
2467 3451 2687 3522 haeresis
2714 3460 2901 3520 aperta
2933 3454 3255 3514 damnetur;
3288 3449 3545 3518 alterum,
3582 3449 3748 3522 longe

2175 3520 2355 3592 plures
2388 3520 2619 3575 Itasrescs
2655 3521 2871 3589 judiciis
2909 3522 3361 3592 particularibus,
3406 3538 3570 3589 quam
3618 3520 3744 3576 uni-

2175 3591 2471 3644 versalibus
2499 3592 2721 3662 synodis
2748 3591 3043 3647 exstinctas
3069 3609 3083 3657 ;
3113 3601 3448 3661 postremum
3471 3634 3485 3651 ,
3522 3593 3748 3646 ιπηιγειί-

2176 3674 2269 3713 cos
2299 3670 2518 3729 pr0pter
2545 3662 2852 3727 superbiam
2882 3678 3077 3729 urgere
3103 3706 3115 3730 ,
3165 3673 3224 3716 ut
3263 3672 3624 3730 congregetur
3657 3679 3755 3730 sy-

2178 3730 2352 3802 nodus
2374 3772 2389 3796 ,
2422 3730 2647 3798 perinde
2674 3733 2826 3801 quasi
2855 3733 2988 3787 tales
3019 3733 3125 3786 sint
3147 3773 3161 3797 ,
3190 3744 3409 3802 propter
3438 3748 3575 3801 quos
3605 3742 3759 3786 totus

2176 3800 2326 3853 orbis
2353 3802 2678 3855 commoveri
2708 3803 2922 3856 debeat.

2249 3867 2275 3905 ά
2319 3869 2669 3924 Plenissimus
2708 3880 2789 3925 est
2836 3871 2924 3925 hic
2972 3871 3123 3925 locus
3169 3871 3418 3939 maiignm
3469 3872 3758 3935 cujusdam

2181 3939 2565 4006 impudentiae:
2599 3942 2891 4009 exprobrat
2921 3944 3061 3995 enim
3106 3958 3319 3995 summo
3365 3942 3604 4010 pontiﬁci
3650 3944 3759 3994 im-

2178 4025 2341 4078 purus
2373 4014 2552 4078 homo,
2575 4012 2714 4080 quod
2744 4012 2796 4065 in
2826 4026 2894 4066 eo
2925 4021 3201 4077 peccasset
3228 4011 3363 4079 ipse,
3396 4011 3449 4064 iu
3482 4026 3591 4080 quo
3623 4027 3762 4077 pec-

2177 4089 2362 4134 cantes
2388 4081 2673 4136 Africanos
2711 4083 3066 4151 castigasset,
3096 4081 3287 4149 quibus
3327 4085 3764 4151 exprobraverat

2180 4164 2420 4218 praeceps
2446 4151 2500 4203 in
2521 4165 2680 4206 causa
2704 4149 2904 4219 Pelagii
2931 4161 2987 4205 et
3005 4152 3244 4206 leestii
3263 4150 3545 4218 judicium.
3572 4149 3763 4205 Utitur

2177 4234 2423 4289 quoque,
2456 4221 2519 4274 ad
2561 4221 2901 4276 contumelia:
2945 4231 3290 4290 augmentum
3316 4262 3330 4285 ,
3375 4221 3563 4275 iisdem
3610 4221 3764 4275 Scri-

2179 4298 2349 4355 ptura:
2397 4291 2756 4355 testimoniis,
2804 4292 2971 4345 immo
3020 4303 3073 4345 et
3124 4292 3311 4345 iisdem
3360 4292 3580 4356 verbis,
3629 4305 3760 4359 quas

2179 4369 2528 4428 usurpaverat
2556 4360 2803 4415 Zosimus
2833 4362 2885 4413 in
2917 4361 3147 4430 epistola
3177 4360 3212 4412 2
3242 4362 3308 4415 ad
3339 4363 3650 4424 Africanos,
3684 4362 3756 4415 de

2178 4443 2338 4483 causa
2369 4430 2567 4499 Pelagii
2595 4440 2649 4484 et
2676 4430 2940 4485 Ccelestii.
3477 4469 3493 4486 .

2255 4508 2279 4535 °
2326 4498 2554 4567 Propter
2584 4500 2700 4554 hinc
2728 4500 2939 4569 aliaque
2984 4500 3263 4568 superiora
3312 4499 3509 4561 verba,
3548 4499 3759 4552 moveri

2186 4576 2362 4637 pctest
2391 4585 2496 4623 non
2534 4570 2630 4624 ahs
2660 4585 2719 4625 re
2746 4570 2978 4637 quastio
2999 4612 3014 4636 ,
3045 4585 3111 4623 an
3143 4571 3193 4623 in
3226 4570 3326 4622 alia
3366 4583 3583 4636 quoque
3618 4570 3758 4622 alte-

2184 4638 2294 4693 rius
2322 4638 2545 4694 hteresis
2576 4655 2734 4693 causa
2765 4642 3021 4706 imperata
3052 4642 3120 4693 sit
3164 4640 3491 4704 subscriptio
3529 4640 3759 4691 damna-

2152 4746 2157 4753 ι
2187 4709 2346 4774 tioni,
2376 4724 2481 4762 non
2511 4718 2712 4764 tantum
2740 4709 3049 4778 dogmatum
3073 4750 3087 4771 ,
3118 4710 3210 4765 sed
3240 4710 3401 4763 etiam
3430 4720 3718 4763 auctomm
3743 4747 3758 4766 .

2185 4792 2305 4831 cum
2332 4780 2402 4833 de
2430 4794 2592 4833 sensu
2644 4781 2899 4834 librorum
2942 4781 3009 4833 ab
3058 4780 3187 4846 ip~is
3230 4780 3563 4847 scriptorum
3589 4821 3604 4841 ,
3652 4792 3762 4831 non

2190 4848 2409 4915 perinde
2456 4864 2518 4903 ac
2574 4849 2857 4914 Ecclesia,
2911 4850 3153 4903 nonnulli
3205 4860 3482 4903 auctorum
3542 4847 3762 4915 patroni

2187 4920 2483 4982 sentirent,
2517 4931 2980 4988 causarenturque
3007 4920 3078 4972 ob
3111 4920 3205 4973 Dei
3245 4923 3490 4988 timorem
3531 4929 3589 4972 et
3631 4918 3765 4971 elia-

2188 4989 2361 5042 ritatis
2385 4988 2695 5043 christiana:
2742 4987 2947 5057 legem,
2996 5004 3055 5043 se
3100 5006 3204 5042 non
3252 5002 3409 5056 posse
3453 4987 3763 5052 damnare,

2181 5076 2315 5125 quos
2350 5060 2615 5113 catltoliee
2676 5062 2879 5115 sentire
2943 5059 3249 5113 crederent.
3295 5059 3769 5125 Respondendum

2182 5129 2232 5181 id
2266 5130 2442 5195 ipsum
2472 5130 2849 5199 contigissein
2880 5143 3039 5182 causa
3081 5129 3313 5182 Nestorii
3335 5169 3350 5191 ,
3384 5128 3524 5199 quod
3567 5140 3759 5182 osten-

2150 5199 2372 5252 demus
2421 5199 2473 5251 in
2522 5198 3028 5261 observationibus,
3078 5200 3146 5253 ad
3202 5198 3491 5253 secundam
3544 5209 3770 5267 partem

2182 5282 2404 5337 operum
2438 5270 2589 5323 Marii
2615 5271 2949 5324 Mercatoris.

2220 5408 2233 5417 .
2258 5336 2289 5417 ‘_
2311 5338 2498 5417 Locus
2520 5340 2612 5417 ille
2657 5339 2831 5393 Exod.
2878 5340 3153 5417 Iiliqulll
3183 5336 3503 5417 secundum
3523 5338 3731 5417 Septua
3751 5367 3778 5377 ο

2180 5408 2329 5477 ginta
2384 5425 2415 5463 a
2464 5409 2683 5464 Zosimo
2732 5424 2942 5531 quqque
2990 5409 3233 5475 allen-tur,
3265 5410 3345 5463 sic
3382 5423 3445 5462 se
3490 5407 3653 5461 habet
3704 5409 3779 5461 in

2186 5479 2414 5531 vulgatis
2452 5479 2730 5531 codicibus
2764 5498 2776 5531 :
2875 5496 2941 5531 on
2977 5481 3226 5531 suscinies
3265 5493 3407 5531 uoces
3459 5478 3720 5531 mendacii
3753 5517 3779 5531 -

2186 5479 2414 5547 vulgatis
2452 5479 2730 5534 codicibus
2764 5498 2776 5531 :
2819 5479 2941 5532 Non
2977 5481 3226 5547 suscipies
3265 5493 3407 5532 voces
3459 5479 3720 5531 mendacii
3753 5517 3779 5540 ,

2140 5586 2143 5589 -
2182 5554 2487 5630 necjunges
2515 5566 2725 5630 manum
2750 5560 2934 5630 tuam,
2959 5558 3014 5602 ut
3054 5567 3147 5630 pro
3188 5550 3346 5630 impio
3387 5548 3529 5630 dicas
3564 5550 3781 5615 falsum

2182 5619 2543 5673 testimonium.
2583 5619 2704 5673 Non
2738 5621 2959 5684 sequeris
2990 5619 3191 5673 turbam
3218 5620 3288 5671 ad
3319 5621 3610 5687 faciendum
3645 5633 3779 5669 ma-

2180 5690 2287 5743 lum
2310 5707 2329 5755 ;
2358 5706 2446 5743 nec
2472 5690 2527 5744 in
2546 5690 2751 5760 judicio
2778 5691 3114 5757 plurimorum
3136 5690 3423 5760 acquiescas
3451 5690 3719 5742 sententia
3750 5725 3777 5753 ,

2180 5769 2236 5813 ut
2261 5777 2291 5813 α
2328 5780 2442 5819 vero
2471 5769 2658 5822 deum.
