3962 6180
313 309 397 365 5ὲ9
465 306 783 365 DISSERT.
817 305 883 363 V.
917 307 1006 364 DE
1046 306 1353 364 LIBELLIS
1393 305 1573 363 FlDEl
1610 304 1922 364 SCRIPTIS
1960 305 2052 361 AB
2087 304 2524 365 AIICTORIBUS
2564 304 2884 361 liERESlS
2920 302 3353 361 PELAbIANzE.
3427 308 3528 414 5'30

315 417 714 489 mandarel‘Aut
748 433 867 483 qua:
904 418 1077 473 edicta
1110 419 1331 488 intelligi
1377 427 1629 489 possunt,
1662 427 1857 489 praeter
1882 420 1934 479 Α
1962 426 2096 474 erat.
2139 417 2220 471 An
2251 427 2471 486 propter
2500 416 2646 471 sedis
2673 416 3025 489 dignitatern?
3060 418 3130 472 At
3176 419 3532 489 Hipponensis

312 492 399 539 duo
441 488 530 540 illa
576 486 827 554 Honorii,
861 504 979 555 qua:
1021 500 1175 543 antea
1225 486 1678 544 incuteravimus?
1714 487 1853 553 Quid

312 559 522 625 denique
568 557 746 629 edicta
791 558 1123 629 imperabant
1151 557 1449 629 episcopis.
1482 558 1587 612 nisi
1620 559 1855 629 subseri:

313 629 527 694 ptionetn
575 628 1005 682 eoudemnatioui
1050 628 1248 697 Ρσιιιιείἰ
1296 642 1457 697 atque
1489 629 1760 693 leestii,
1804 628 1854 683 id

311 708 409 758 est,
437 698 679 765 epistolas
704 713 734 751 a
764 697 977 752 Zosimo
1004 704 1214 769 missai,
1247 710 1304 753 ut
1330 711 1608 755 ostensum
1636 705 1719 755 est
1747 697 1856 754 dis-

310 773 583 822 sertatione
609 771 961 836 prmedente.

369 838 612 911 ldipsutn
642 838 926 911 conﬁrmat
971 839 1235 895 Mercator
1275 837 1558 911 (Iuprtef.
1589 838 1657 893 ad
1697 842 1857 911 νεῖαι.

310 908 453 979 tymb.
485 906 744 979 aIIteod.
791 907 1079 976 Mopeuest.
1126 906 1440 979 conscripti).
1481 906 1860 976 Iulianus,in-

310 977 425 1044 quit,
457 977 527 1049 a_d
552 976 878 1049 Theodorum
900 980 1183 1049 peragratis
1213 976 1380 1043 terris,
1399 976 1456 1033 et
1476 989 1684 1034 exarata
1706 980 1852 1045 mari,

310 1045 677 1117 atqueOriente
717 1045 962 1112 lustrato,
986 1045 1104 1103 cum
1129 1049 1309 1113 sociis,
1339 1056 1388 1103 et
1421 1049 1783 1117 participibus,
1812 1059 1859 1102 et

310 1116 764 1189 συνταλαιπώροις,
802 1135 989 1189 magno
1017 1120 1132 1171 nisu
1162 1127 1419 1189 tamquam
1457 1118 1525 1171 ad
1556 1116 1859 1189 christiano-

308 1201 408 1258 rttm
436 1186 729 1258 aequatum
756 1186 1089 1258 praedicatum
1120 1188 1420 1257 magistrum
1448 1188 1686 1258 tetendit,
1718 1196 1772 1258 ut
1797 1186 1860 1239 de

307 1255 475 1309 hieresi
504 1255 808 1327 Pelagiana,
837 1274 926 1311 seu
956 1255 1279 1324 Calestiana,
1305 1274 1457 1327 quam
1485 1256 1859 1326 defendendam

307 1341 358 1376 ac
384 1325 688 1396 sequendam
728 1328 976 1394 suscepit,
1009 1328 1071 1380 ab
1100 1327 1211 1396 ipso
1251 1325 1659 1394 conﬁrmaretur,
1711 1335 1860 1395 atque

306 1395 411 1448 inde
439 1397 574 1448 velut
602 1395 890 1450 instructior
918 1407 1029 1450 octo
1051 1395 1228 1449 contra
1254 1395 1411 1464 ﬁdem
1438 1397 1744 1451 catholicam
1771 1413 1861 1463 po-

306 1465 394 1539 tius
425 1481 583 1539 quam
618 1476 792 1518 contra
831 1477 1020 1539 sanctae
1052 1468 1309 1539 memoria:
1344 1466 1680 1539 Augustinum
1716 1466 1861 1539 uolu-

303 1535 427 1603 iniqa
455 1535 571 1599 illa,
599 1544 655 1588 ut
676 1546 840 1603 putat,
865 1536 1259 1603 prudentissima
1281 1535 1537 1591 conderet.
1566 1536 1697 1591 Cum
1717 1536 1859 1589 enim

303 1551 427 1614 anqa
455 1551 571 1599 tua,
599 1551 655 1588 ut
713 1551 840 1602 atat,
865 1551 1259 1603 prudentissima
1281 1551 1537 1591 conderet.
1566 1551 1697 1591 uutu
1717 1551 1859 1589 enim

302 1601 538 1659 Julianus
568 1606 622 1658 in
653 1551 894 1660 (Eliciam
931 1604 1204 1675 prolectus
1238 1606 1310 1660 sit
1336 1620 1466 1659 ann.
1487 1607 1627 1671 421,
1658 1614 1750 1660 aut
1777 1618 1861 1659 se-

301 1683 518 1746 quente,
553 1689 655 1746 nec
686 1686 862 1746 tamen
907 1677 1055 1745 prius
1083 1676 1154 1729 sit
1195 1676 1464 1746 profectus
1508 1690 1665 1746 quam
1712 1675 1861 1746 deje-

301 1744 501 1815 eiusde
532 1744 688 1810 sede,
722 1744 986 1814 dejectutn
1014 1745 1252 1815 oportuit
1279 1754 1406 1800 ante
1436 1744 1563 1800 ann.
1595 1745 1721 1799 ΩΙ.
1753 1744 1859 1799 Sed

298 1813 526 1885 libellum
571 1830 685 1869 suae
726 1813 850 1870 tidei
890 1813 1105 1884 scripsit
1142 1825 1268 1871 ante
1311 1815 1661 1885 ejectionem,
1690 1824 1749 1869 ut
1789 1830 1858 1869 ex

300 1883 756 1956 animadversione
804 1883 1246 1956 quarta’eonstat
1286 1902 1297 1936 :
1330 1883 1554 1956 scripsit,
1593 1887 1754 1956 igitur
1790 1899 1858 1956 eo

300 1955 547 2025 temporis
593 1954 874 2009 intervallo
903 1956 1044 2025 quod
1075 1956 1142 2009 ab
1168 1969 1297 2009 anu.
1322 1954 1431 2009 418
1452 1954 1637 2025 hujus:
1673 1955 1859 2009 saeculi

298 2023 353 2076 ad
380 2021 849 2089 420.intercessit;
885 2021 1023 2093 quod
1064 2037 1241 2080 autem
1288 2041 1414 2079 anu.
1457 2021 1575 2093 ipso
1612 2023 1716 2079 418
1761 2025 1862 2079 de-

298 2092 700 2166 monstrandum
742 2095 1067 2166 est,‘soluta
1114 2095 1263 2163 prius
1315 2092 1612 2164 quaestione
1663 2096 1858 2166 altera,

299 2177 515 2231 quorum
562 2164 769 2220 scilicet
813 2163 1029 2221 nomine
1064 2166 1309 2223 Julianus
1336 2163 1651 2234 rscripserit,
1691 2176 1745 2219 et
1792 2163 1860 2218 ad

298 2249 438 2301 quem
448 2275 466 2288 .

362 2302 561 2357 Verum
588 2302 887 2358 Siculorum
932 2305 1148 2360 nomine
1176 2304 1478 2374 scripsisse,
1510 2304 1753 2359 dubitare
1776 2304 1865 2358 vix

299 2372 429 2437 licet,
473 2388 600 2427 cum
639 2374 690 2426 id
735 2374 1036 2443 significent
1065 2386 1248 2441 aperte
1277 2372 1515 2429 extrema
1561 2374 1861 2441 subiuncta:

296 2444 540 2498 elau~ulm
569 2443 729 2498 verba
765 2442 1040 2511 :Explicit
1070 2444 1270 2498 libellus
1300 2442 1421 2511 ﬁdei
1450 2445 1510 2497 δ.
1539 2442 1587 2496 Ι.
1627 2443 1687 2497 C.
1730 2444 1862 2511 Quis

297 2515 425 2565 enim
469 2530 581 2567 non
611 2513 786 2567 videat
814 2516 983 2567 tribus
1014 2515 1130 2567 istis
1160 2515 1354 2568 litteris
1380 2515 1437 2568 S.
1471 2512 1510 2567 l.
1541 2513 1603 2566 Ο.
1632 2516 1861 2567 breviari

296 2582 503 2654 aliquod
540 2597 765 2654 nomen,
797 2598 896 2637 nec
923 2584 1069 2638 aliud
1115 2598 1271 2650 posse
1293 2624 1308 2647 ,
1337 2599 1492 2650 quam
1525 2584 1858 2654 Siculorum,

297 2654 335 2704 si
366 2653 560 2719 modo,
590 2651 732 2723 quod
782 2654 1064 2717 proclivius
1099 2663 1181 2708 est
1210 2654 1441 2719 epiuari,
1483 2664 1592 2707 tres
1632 2653 1739 2708 illm
1770 2651 1861 2707 lit;

296 2732 411 2793 tera!
439 2725 493 2777 in
526 2737 689 2776 unam
717 2724 974 2793 syllabam
1005 2723 1344 2778 coalescant?

356 2791 546 2861 Neque
574 2795 715 2847 enim
749 2791 851 2847 illis
882 2794 1241 2859 temporibus,
1272 2793 1313 2846 si
1358 2806 1461 2861 qua
1491 2792 1619 2847 fides
1650 2793 1865 2846 liistOri-

293 2864 362 2913 eis
391 2860 816 2931 et’geograpbis,
847 2864 936 2916 ulli
971 2865 1109 2917 inter
1134 2863 1345 2916 Latinos
1373 2860 1627 2917 exsutere
1658 2863 1860 2932 populi,

292 2948 536 2998 quorum,
565 2933 647 2986 vel
682 2948 871 2987 nomen
903 2933 971 2986 ab
998 2933 1097 2987 liae
1138 2933 1342 3002 syllaba
1380 2931 1588 2985 initium
1621 2931 1859 3001 duceret,

292 3004 366 3056 vel
391 3003 637 3072 episcopi
683 3006 980 3069 pertinaces
1011 3007 1061 3056 in
1089 3018 1274 3057 errore
1322 3002 1605 3070 Pelagiano
1642 3005 1864 3057 exstite-

291 3073 407 3127 rint.
433 3072 482 3126 N
504 3088 578 3127 nm
608 3073 750 3140 quod
781 3074 936 3126 alicui
969 3090 1072 3126 non
1116 3072 1401 3126 admodum
1431 3081 1634 3127 attento
1678 3074 1862 3128 venire

1893 1780 1940 1839 B

1961 489 2147 543 civitas
2175 503 2347 556 neque
2377 503 2470 556 per
2492 501 2550 540 se
2581 487 2888 555 praestabat,
2922 503 3092 553 neque
3123 487 3252 544 tune
3272 491 3530 556 temporis

1958 558 2244 630 primatum
2275 557 2532 630 Nutnidim
2556 558 2798 620 tenebat,
2822 556 2893 609 ob
2913 565 3121 630 tetatem
3150 559 3232 630 sui
3264 561 3522 630 episcopi.

2034 628 2232 682 Deinde
2275 626 2706 682 animadversum
2751 637 2830 679 est
2878 626 3156 693 episcopos
3202 626 3413 683 Siculos
3448 626 3522 683 iul

1959 713 2081 753 eum
2112 698 2458 769 rescripsisse
2487 712 2516 749 a
2539 712 2645 767 quo
2690 696 2833 764 prius
2871 696 2922 747 in
2957 695 3530 769 epistolaChrysosto-

1959 783 2080 823 mus
2110 762 2354 838 laudatus
2379 776 2542 823 esset.
2557 762 2642 838 'At
2673 762 2831 838 nemo
2857 762 3073 838 tradidit
3102 764 3157 817 in
3197 762 3338 838 hunc
3364 784 3530 838 usque

1958 840 2098 894 diem
2122 839 2189 892 ab
2213 837 2510 907 Augustino
2536 836 2698 907 ullam
2737 834 2969 907 alicujus
2990 836 3245 907 momenti
3277 834 3529 907 scriptam

1959 923 2078 964 esse
2104 904 2407 978 epistolam,
2440 907 2521 978 vel
2543 904 3079 978 deieondemnatioue
3102 906 3266 958 totius
3288 904 3529 978 Inieresis,

1959 981 2041 1034 vel
2068 974 2155 1032 de—
2176 977 2561 1047 qumstionibus
2604 976 3028 1048 Pelagianorum,
3059 975 3109 1028 in
3140 990 3243 1048 qua
3295 974 3533 1048 Chryso—

1960 1058 2163 1101 stomus
2196 1045 2384 1101 dictus
2408 1048 2498 1113 sit,
2529 1063 2631 1100 non
2677 1045 2989 1099 destruxisse
3013 1087 3028 1110 ,
3075 1045 3161 1097 sed
3204 1045 3534 1115 conﬁrmasse

1960 1116 2238 1171 Ecclesiae.
2285 1117 2352 1169 Et
2376 1130 2522 1187 vero,
2565 1118 2609 1170 si
2634 1132 2738 1187 qua
2771 1117 2905 1170 tanti
2946 1115 3200 1168 momenti
3231 1118 3533 1184 conscripta

1960 1199 2125 1251 esset,
2157 1202 2328 1257 neque
2356 1186 2609 1257 tacuisset
2650 1186 2997 1257 Augustinus,
3028 1199 3149 1237 eum
3180 1198 3271 1257 sua
3302 1190 3533 1242 nonnul-

1961 1257 2029 1311 lis
2074 1256 2338 1325 super'iis
2368 1256 2773 1322 qumstionibus,
2805 1269 2967 1324 opera
3017 1256 3242 1323 legenda
3291 1260 3533 1324 praescri-

1960 1326 2100 1396 psit;
2153 1341 2325 1393 neque
2366 1325 2667 1380 ‘Possidius
2713 1325 3139 1394 praetermisisset
3172 1327 3223 1378 in
3270 1327 3534 1392 indiculo,

1961 1398 2048 1468 ubi
2092 1407 2198 1450 tam
2238 1397 2523 1468 diligenter
2554 1405 2807 1450 tractatus
2854 1396 3213 1465 epistolasque
3252 1399 3532 1468 Augustini

1962 1467 2221 1523 adversus
2250 1467 2565 1535 Pelagianos
2597 1476 2859 1521 recenset.

2032 1536 2183 1591 Adde
2232 1537 2372 1607 quod
2416 1537 2578 1591 Siculi
2623 1536 2953 1607 respondent
2981 1537 3032 1592 ei
3079 1536 3169 1607 qui
3217 1539 3533 1595 auctoritate

1964 1606 2416 1675 subscriptionem
2446 1607 2713 1675 exigebat.
2745 1606 2894 1659 lianc
2923 1621 3049 1660 vero
3080 1622 3180 1676 qua
3215 1608 3533 1664 auctoritate

1965 1678 2203 1739 exigeret
2236 1677 2600 1745 Augustinus?
2631 1676 2746 1730 Non
2767 1691 2924 1744 quam
2956 1676 3158 1730 laceret
3182 1680 3531 1746 prmrogativa

1965 1748 2131 1814 sedis,
2160 1762 2281 1800 nam
2313 1748 2546 1800 minimte
2577 1757 2830 1816 praeerat;
2864 1761 2968 1800 non
3002 1762 3157 1815 quam
3187 1746 3408 1801 adderet
3440 1765 3529 1803 re-

1966 1819 2220 1886 scriptum
2252 1816 2546 1885 imperiale,
2578 1816 2798 1869 adderet
2827 1817 2967 1870 enim
3005 1818 3057 1869 in
3100 1816 3241 1870 solos
3272 1817 3534 1872 Numidiae

1962 1887 2267 1955 episcopos,
2313 1902 2539 1955 quorum
2589 1887 2639 1939 in
2692 1886 2965 1955 provincia
3015 1898 3133 1940 erat
3177 1888 3534 1956 AuguSIinus;

1962 1973 2067 2080 gon
2097 1958 2320 2012 adderet
2348 1957 2400 2011 in
2427 1956 2635 2011 Siculos
2654 1998 2667 2022 ,
2699 1956 2788 2025 qui
2825 1958 3059 2009 ltomaua
3099 1956 3319 2011 dioecesi
3346 1971 3535 2013 cense-

2001 2036 2180 2080 antur.

2001 2036 2180 2081 antur.

2033 2097 2166 2177 Quid
2216 2094 2357 2177 quod
2405 2110 2509 2175 non
2557 2093 2901 2173 mediocriter
2947 2105 3097 2176 nutat
3132 2096 3279 2177 Andes
3327 2097 3530 2177 codicis

1963 2165 2278 2231 Barouiani,
2305 2165 2493 2227 partim
2525 2168 2648 2233 quia
2678 2177 2803 2219 tunc
2834 2166 3090 2233 temporis
3119 2166 3445 2233 Augustinus
3476 2168 3527 2220 in

1964 2238 2234 2304 provincia
2290 2235 2553 2289 Numidia:
2598 2239 2779 2288 senior
2822 2250 2926 2288 non
2970 2244 3116 2298 erat,
3165 2250 3263 2289 nec
3312 2236 3573 2303 proinde,

1964 2307 2193 2373 primas,
2236 2314 2294 2358 ut
2333 2310 2397 2358 ad
2429 2320 2550 2358 eum
2590 2304 2909 2371 dirigeretur
2950 2307 3284 2373 imperatoris
3313 2307 3533 2359 manda-

1964 2386 2094 2437 ttuu,
2125 2387 2285 2443 atque
2314 2377 2384 2428 ita
2418 2375 2699 2429 Valentino
2744 2374 3046 2443 Altpioque.
3073 2388 3124 2429 et
3157 2376 3274 2427 aliis
3310 2386 3535 2444 quatuor

1963 2445 2262 2508 Augustino
2299 2445 2628 2508 senioribus,
2662 2448 2797 2498 iacta
2841 2446 3030 2498 luisset
3077 2445 3296 2512 injuria;
3342 2449 3532 2511 partim

1963 2517 2087 2583 quia
2120 2526 2296 2570 tacent
2330 2517 2396 2569 de
2432 2530 2491 2569 re
2518 2525 2659 2568 tanta
2690 2514 2961 2578 li-storici,
2995 2514 3201 2583 ipsique
3230 2515 3535 2572 laudatores

1964 2585 2279 2656 Augustini,
2313 2585 2558 2656 imtnoget
2600 2585 2922 2656 Pelagiani,
2944 2602 3047 2637 non
3082 2585 3289 2638 taeituri
3322 2587 3535 2656 utique,

1965 2670 2138 2722 neque
2168 2654 2242 2720 lii,
2274 2670 2447 2724 neque
2476 2653 2573 2715 illi,
2597 2653 2643 2707 si
2676 2655 2777 2707 tale
2804 2654 3051 2723 quiddam
3079 2656 3406 2724 coiitigisset.

2038 2725 2278 2794 Denique
2316 2739 2439 2778 cum
2482 2725 2609 2779 nihil
2656 2726 2983 2792 Angusunus
3007 2740 3035 2777 a
3070 2724 3363 2789 Pelagianis
3398 2728 3535 2780 serio

1966 2804 2136 2863 ptum,
2164 2795 2457 2862 praesertim
2488 2810 2516 2847 a
2547 2794 2776 2852 Juliano.
2801 2794 3076 2863 reliquerit
3104 2795 3218 2848 sine
3250 2810 3533 2863 reslionso,

1968 2866 2224 2933 profecto,
2259 2874 2348 2918 aut
2382 2872 2488 2917 tam
2515 2866 2773 2933 prolixam
2807 2864 2927 2918 iidei
2950 2867 3361 2933 confessionem,
3396 2873 3537 2918 tim-

1966 2950 2070 3004 que
2118 2935 2863 3005 audaciter?provocatoriani
2910 2935 2977 2986 ad
3035 2934 3288 3005 pleuaria:
3342 2936 3533 3005 synodi

1966 3003 2292 3058 audientiam
2333 3004 2640 3068 refellisset,
2687 3012 2777 3057 aut
2818 3003 2935 3072 ejus
2978 3004 3167 3056 saltem
3211 3003 3531 3073 aliquando,

1968 3091 2069 3130 nec
2094 3074 2512 3143 infrequentem,
2543 3088 2643 3127 nec
2670 3073 2847 3137 levem
2876 3075 3203 3127 mentionem
3232 3073 3466 3128 iecisset.

291 3154 462 3216 posset
511 3143 567 3199 in
620 3153 851 3216 ruentem
892 3143 982 3216 his
1026 3142 1218 3216 litteris
1265 3141 1489 3196 iudicari
1535 3141 1856 3216 Campanos,
1888 3144 1934 3206 C
2036 3141 2611 3216 Quarecorrigenduin
2644 3144 2860 3216 omnino
2887 3152 2971 3216 est
2995 3143 3268 3197 Sirmoudi
3305 3158 3535 3213 apogta-

288 3212 601 3280 Apulosque
622 3211 815 3265 Julinui
842 3214 1216 3280 provinciales,
1248 3222 1338 3266 aut
1360 3212 1747 3283 conterminos,
1772 3215 1861 3283 qui

287 3283 406 3335 olitn
425 3284 641 3345 Sicani,
666 3286 946 3347 posueritis
973 3284 1297 3338 temporibus
1314 3282 1481 3336 Siculi
1503 3283 1579 3337 cis
1600 3281 1858 3348 Pharum,

287 3352 406 3405 tlieti
432 3362 599 3413 sunt,
628 3350 960 3420 redarguitur
990 3352 1141 3407 facile
1178 3355 1384 3406 ratione
1415 3360 1715 3420 temporum
1747 3370 1759 3404 :
1790 3354 1861 3406 si-

285 3422 496 3490 quidem
532 3424 723 3489 quiuto
766 3422 964 3476 smculo
993 3423 1216 3477 necdum
1268 3424 1483 3476 inventa
1523 3422 1696 3476 fuerat
1725 3438 1859 3476 nova

283 3493 575 3558 appellatio
622 3492 922 3548 Siculorum
955 3497 1031 3546 cis
1061 3490 1316 3558 Pharum,
1344 3502 1397 3547 et
1446 3501 1598 3547 vetus
1646 3492 1861 3547 Sicano-

284 3575 393 3614 rum
418 3561 742 3630 jamdudum
766 3562 1120 3615 obsoleverat.

347 3634 486 3698 Quid
531 3632 672 3702 quod
701 3633 1023 3687 conveniunt
1051 3630 1295 3702 apprime
1324 3632 1518 3702 Siculis
1540 3631 1717 3685 omnia
1744 3647 1861 3701 qua:

282 3700 562 3767 pertinent
605 3700 670 3754 ad
720 3717 953 3770 praesens
1003 3701 1291 3770 negetium.
1340 3700 1470 3755 Nam
1501 3700 1861 3756 etleestia-

282 3789 398 3825 nam
434 3771 711 3833 hmresiui,
752 3787 869 3840 qua:
909 3773 1021 3825 sola
1053 3773 1162 3825 fere
1195 3771 1293 3825 hoc
1326 3771 1378 3824 in
1411 3771 1589 3825 libello
1617 3770 1863 3839 detondi-

282 3852 382 3906 tur,
416 3842 642 3910 pluritni
667 3842 1045 3909 sequebantur,
1064 3852 1117 3896 et
1138 3856 1203 3895 ex
1228 3842 1408 3897 Sicilia
1437 3841 1674 3894 nonnulli
1706 3840 1861 3909 ejecti

281 3920 403 3965 sunt
439 3922 570 3981 post
596 3912 829 3981 edictuin
878 3911 1474 3981 imperatorisiproptcr
1517 3910 1860 3981 pertinaciam

281 3981 329 4033 iu
357 3979 576 4043 errore,
615 3992 667 4034 et
710 3979 961 4036 Julianus
994 3982 1187 4034 multos
1224 3979 1278 4033 in
1310 3981 1411 4034 hac
1459 3981 1629 4034 insula
1680 3980 1863 4035 habuit

278 4053 505 4121 amicos,
534 4049 673 4118 apud
712 4064 846 4119 quos
876 4052 1087 4106 tandem
1118 4050 1278 4118 obiit,
1310 4066 1427 4121 qua:
1456 4052 1553 4104 tria
1586 4054 1638 4104 in
1687 4052 1862 4120 elogio

276 4118 469 4174 Jnltaui
494 4118 863 4175 demonstrata
892 4132 1037 4175 sunt.

345 4191 583 4259 Scripsit
613 4205 770 4259 porro
795 4190 1101 4245 Siculorum
1143 4189 1361 4244 nomine
1399 4191 1465 4243 ad
1495 4206 1616 4244 eum
1656 4190 1863 4257 episco-

278 4275 426 4326 pum,
456 4260 555 4330 qui
603 4269 784 4328 posset
808 4262 1122 4315 auctoritate
1150 4260 1362 4314 Siculos
1409 4260 1475 4313 ad
1524 4262 1863 4314 subscriben-

277 4334 401 4385 dum
457 4331 808 4399 compellere,
863 4339 921 4386 ut
961 4338 1173 4386 constat
1221 4346 1289 4385 ex
1329 4339 1478 4384 sexta
1526 4330 1863 4384 animadver-

276 4415 447 4454 smne.

346 4473 598 4536 Quatuor
624 4484 752 4541 vero
781 4472 1017 4541 episcopi
1043 4470 1299 4525 exstitere
1342 4477 1467 4524 tunc
1499 4470 1771 4539 temporis,
1808 4470 1859 4524 id

274 4554 377 4605 est,
407 4539 701 4595 interrallo
723 4540 948 4595 duorum
970 4539 1241 4596 annorum
1266 4541 1539 4609 przedieto,
1572 4542 1660 4608 qui
1688 4541 1739 4594 id
1765 4557 1857 4609 po-

274 4612 445 4665 tuisse
474 4609 921 4680 videriiqueant;
952 4611 1058 4665 duo
1099 4622 1316 4679 propter
1356 4612 1668 4679 dignitatem
1714 4613 1856 4666 sedis

274 4681 618 4745 apostolica,
644 4679 885 4735 ZOsitnus
913 4693 967 4736 et
999 4681 1340 4745 Bonifacius;
1387 4682 1495 4734 duo
1525 4680 1704 4733 itidem
1746 4696 1859 4745 pro-

275 4761 393 4816 pter
443 4750 791 4816 imperatoris
827 4751 1060 4806 edictum
1089 4751 1154 4805 ad
1186 4766 1244 4805 se
1286 4750 1547 4804 directum
1568 4794 1582 4817 ,
1612 4750 1859 4805 Aurelius

272 4832 323 4872 et
355 4821 695 4889 Augustinus
722 4822 789 4887 (si
818 4830 992 4875 tamen
1016 4836 1201 4877 verum
1233 4820 1303 4874 sit
1325 4821 1514 4876 eodem
1547 4833 1733 4873 tenore
1754 4836 1860 4889 quo

274 4890 351 4961 ad,
370 4890 681 4961 Aurelium.
709 4891 871 4945 etiam
901 4891 968 4944 ad
994 4892 1343 4961 Augustinum
1395 4891 1649 4945 directum
1672 4891 1861 4961 tuisse

271 4960 521 5014 edictum
560 4960 630 5031 ab
653 4961 995 5028 imperatore.
1026 4959 1164 5030 quod
1193 4962 1467 5031 legebatur
1496 4961 1557 5031 in
1589 4959 1772 5014 codice
1799 4961 1864 5013 il-

276 5028 601 5100 lustrissinii
634 5030 917 5100 Annalium
967 5028 1265 5099 scriptoris
1290 5030 1460 5100 (Tom.
1492 5030 1531 5084 \'
1571 5031 1761 5082 Annal.
1795 5032 1862 5083 ad

271 5117 397 5177 una:
453 5099 589 5167 H8)
619 5115 631 5151 :
665 5099 917 5177 sed_uulli
957 5103 1180 5157 iStorum
1227 5099 1480 5177 quatuor,
1507 5110 1861 5177 prieterquam

270 5168 505 5224 Zosinio
539 5170 872 5242 conveniunt
918 5182 1078 5237 noue,
1111 5168 1255 5242 qua!
1277 5172 1618 5225 continentur
1648 5169 1701 5223 in
1726 5168 1865 5224 ani-

271 5239 748 5294 uiatlversionibus
777 5251 931 5295 antea
963 5239 1170 5311 positis.

342 5311 538 5379 Neque
563 5310 705 5381 enim
728 5310 1053 5369 conveniunt
1074 5312 1397 5381 Augustino,
1426 5325 1521 5379 pro
1549 5324 1653 5376 quo
1681 5319 1862 5381 tamen

271 5378 574 5449 plurimum
602 5378 777 5435 facere
800 5381 1011 5436 videtur
1041 5378 1249 5436 Bardnii
1273 5378 1461 5438 codex.
1486 5382 1599 5449 Qua
1621 5381 1760 5433 enim
1792 5380 1861 5438 de

269 5466 440 5503 causa
489 5448 656 5504 Siculi
686 5450 1037 5518 Augustinum
1085 5454 1301 5507 nomine
1330 5448 1862 5518 Patris'compellas-

267 5521 430 5574 sent?
464 5522 561 5591 An
593 5531 806 5591 propter
834 5523 1264 5577 observantiam?
1293 5527 1358 5577 At
1384 5537 1507 5591 erga
1532 5522 1675 5573 illam
1707 5534 1861 5576 erant

267 5588 651 5651 intensissimi,
682 5590 751 5643 ob
794 5607 905 5645 rem
940 5602 1047 5646 tam
1100 5594 1306 5647 naviter
1347 5588 1549 5661 gestam
1602 5594 1860 5645 adversus

264 5678 429 5713 suam
464 5660 738 5732 literesim.
769 5664 846 5715 Att
880 5671 1095 5732 propter
1135 5660 1381 5716 nitatem?
1409 5661 1475 5715 At
1505 5661 1692 5713 Florus
1722 5675 1860 5715 auus

262 5749 326 5787 ca
367 5727 516 5794 ipsis
555 5727 1031 5799 nominatissimus,
1065 5744 1329 5804 provecta:
1360 5732 1643 5787 admodum
1686 5734 1860 5786 allatis

1891 4512 1936 4570 D

1968 3212 2128 3282 pilum
2162 3214 2226 3267 ad
2259 3211 2573 3267 lure—verba
2603 3230 2615 3264 :
2650 3211 2795 3265 Illud
2834 3213 3008 3274 etiam,
3040 3222 3212 3265 sancte
3242 3230 3304 3265 ac
3333 3211 3537 3268 veneru-

1965 3284 2084 3338 bilis
2114 3285 2270 3353 frater
2301 3295 2344 3337 et
2371 3283 2855 3355 pateriAugustine;
2885 3297 2986 3355 vox
3015 3284 3157 3355 enim
3186 3284 3374 3336 ultima
3404 3300 3536 3350 sup-

1967 3352 2137 3424 posita
2162 3362 2246 3407 est
2268 3356 2336 3406 ab
2364 3352 2722 3413 exscribente,
2747 3368 2865 3407 cum
2892 3354 3030 3407 foret
3058 3352 3111 3406 in
3143 3355 3308 3407 teteri
3348 3356 3534 3409 codice

1963 3424 2237 3494 geminum
2269 3424 2346 3479 SS
2375 3424 2559 3494 ﬁguris
2592 3426 2729 3478 inter
2772 3438 2833 3494 se
2860 3425 3148 3488 connexis,
3181 3439 3283 3493 qua
3325 3426 3533 3480 ratione

1966 3493 2173 3548 veteres
2218 3493 2391 3548 Latini
2422 3493 2461 3547 Ζ
2491 3493 2734 3548 Οτωουηι
2774 3493 3094 3562 pingebant,
3127 3496 3170 3547 si
3200 3494 3413 3562 quando
3458 3498 3533 3547 uti

1965 3563 2296 3619 breviatione
2340 3564 2569 3622 vellent;
2610 3564 2811 3630 putavit
2851 3564 2991 3618 enim
3026 3578 3145 3619 esse
3176 3568 3251 3628 A,
3284 3581 3384 3633 qua
3413 3564 3535 3619 bre-

1964 3635 2199 3688 viatione
2225 3634 2552 3701 Augustinus
2580 3635 2922 3687 indicaretur.

2035 3704 2141 3759 Sed
2180 3718 2353 3772 neque
2388 3706 2549 3757 etiam
2590 3705 2917 3757 conveniunt
2962 3704 3181 3772 Aurelio
3224 3714 3362 3757 none
3401 3719 3535 3772 quas

1964 3774 2215 3835 diximus,
2245 3771 2345 3826 etsi
2376 3773 2550 3826 littera
2583 3772 2834 3841 prmtlicta
2866 3773 3044 3825 favere
3072 3771 3319 3825 videatur
3357 3790 3369 3823 ε
3406 3771 3527 3826 nam

1966 3845 2088 3897 licet
2127 3843 2195 3896 ab
2235 3841 2558 3909 imperatore
2586 3840 2825 3912 edictum
2863 3841 3162 3912 acceperit,
3204 3853 3536 3911 acceptoque

1963 3913 2244 3982 epistolam
2281 3912 2504 3982 dederit
2559 3910 2623 3965 ad
2672 3910 3009 3982 epise0pos,‘
3040 3925 3140 3979 qua
3195 3910 3536 3967 subscribere

1963 3972 2292 4037 damnationi
2324 3982 2695 4035 [imretieorutn
2710 3972 3036 4034 'mandaret:
3058 3972 3334 4033 inandavit
3356 3991 3532 4036 tamen

1964 4068 2062 4123 pro
2089 4053 2223 4120 juris
2256 4052 2341 4105 sui
2373 4050 2607 4110 modulo.
2642 4051 2693 4103 id
2722 4058 2824 4123 est,
2855 4050 2982 4103 solis
3014 4050 3301 4123 Byzarenae
3339 4060 3395 4103 et
3428 4054 3530 4104 Ar-

1965 4119 2223 4192 iugitana:
2249 4122 2557 4192 provineite,
2589 4130 2681 4192 aut
2708 4121 2772 4172 ad
2798 4135 3063 4192 sumntum
3101 4119 3297 4192 Africa:
3326 4123 3535 4192 episco-

1966 4190 2065 4262 pls.
2093 4190 2298 4246 Deinde
2333 4192 2563 4262 nullartit
2593 4190 2959 4262 Clirysostomi
2994 4190 3194 4262 mentio
3224 4191 3279 4242 in
3308 4190 3533 4259 epistola

1964 4259 2122 4332 quam
2155 4263 2323 4317 dedit.
2367 4261 2607 4332 Denique
2631 4263 2674 4332 _si
2702 4259 2827 4327 quid
2869 4259 3134 4332 ejusmodi
3166 4271 3461 4332 accepisset
3502 4277 3536 4316 a

1966 4329 2304 4400 Pelagianis,
2339 4330 2524 4399 procul
2558 4330 2720 4383 dubio
2751 4344 2855 4383 non
2891 4329 3123 4383 celasset
3156 4330 3533 4398 Augustinum,

1969 4416 2068 4455 nec
2095 4402 2420 4468 Augustinus
2446 4401 2561 4469 ipse
2587 4400 2849 4469 siluisset,
2880 4413 3000 4453 eum
3029 4400 3209 4453 omnia
3240 4402 3379 4454 inter
3407 4416 3539 4456 con-

1962 4473 2170 4541 jnratos
2198 4472 2397 4524 amicos
2427 4468 2491 4541 eo
2517 4484 2683 4538 usque
2705 4468 2923 4533 iuerint,
2948 4469 3129 4541 bocin
3151 4471 3366 4541 negotio
3390 4472 3538 4526 aliis-

1964 4539 2069 4610 que
2099 4542 2166 4593 ad
2197 4540 2622 4596 ecclesiasticum
2654 4542 2893 4609 regimen
2936 4539 3361 4606 pertinentibus,
3389 4556 3537 4595 com-

1962 4613 2165 4677 munia,
2195 4622 2255 4664 ut
2279 4611 2479 4665 Aurelii
2507 4610 2835 4680 Augustinus
2863 4611 3022 4665 luerit
3049 4625 3186 4681 pene
3208 4624 3385 4680 mens,
3417 4614 3535 4666 ani-

1963 4697 2185 4751 musque
2213 4691 2266 4736 et
2287 4696 2496 4735 manus.

2032 4748 2201 4807 Immo
2228 4766 2401 4819 neque
2423 4750 2749 4805 conveniunt
2776 4748 2981 4805 eaedem
3012 4750 3129 4804 ista:
3158 4757 3298 4802 noue
3324 4749 3537 4804 Bonifa-

1963 4824 2068 4888 cio,
2121 4823 2249 4876 licet
2292 4818 2504 4875 summo
2545 4820 2809 4889 pontiﬁci.
2861 4818 2994 4874 Nam
3043 4819 3290 4889 quamvis
3340 4822 3394 4873 in
3442 4834 3539 4877 sua

1964 4894 2171 4947 ditione
2220 4892 2443 4946 haberet
2485 4891 2734 4954 Siculos,
2780 4902 2835 4944 et
2877 4904 2974 4942 sua
3029 4890 3176 4958 ipsos
3222 4889 3541 4946 auctoritate

1968 4973 2153 5027 poSset
2178 4963 2243 5015 ad
2286 4962 2729 5016 subscribendum
2757 4974 2983 5030 cogere;
3024 4960 3229 5030 nullam,
3251 4968 3430 5015 tamen
3464 4961 3540 5016 le-

1966 5038 2110 5102 gitur
2138 5034 2421 5101 epistolam
2455 5031 2756 5102 scripsisse,
2785 5029 2898 5102 sive
2923 5044 3047 5099 quae
3076 5029 3385 5102 mandatum
3413 5032 3540 5087 sub-

1959 5100 2259 5169 s'criben’di,
2289 5104 2404 5173 sive
2431 5117 2549 5173 quae
2568 5100 2794 5173 tandem
2821 5100 3192 5173 Qhrysostotni
3216 5100 3537 5156 contineret.

1964 5173 2248 5241 Quomodo
2289 5170 2529 5226 enim'si
2580 5172 2769 5227 luisset
2813 5170 3013 5238 aliqua,
3062 5171 3336 5225 siluissent
3385 5173 3545 5239 hujus

1967 5242 2224 5312 temporis
2272 5245 2595 5310 scriptores,
2636 5242 2965 5310 caeteroquin
3012 5251 3118 5294 tam
3156 5241 3443 5309 diligentes
3488 5242 3542 5297 in

1968 5313 2313 5367 recensendis
2342 5312 2671 5381 pontiﬁcum,
2702 5312 3163 5381 concitorumque
3189 5312 3420 5365 decretis
3443 5316 3542 5365 ad-

1973 5397 2164 5437 versus
2189 5380 2540 5454 PelagianOs?
2555 5380 2835 5454 Quomodo
2851 5380 3290 5454 prgtermisisset
3310 5383 3545 5454 Prosper

1972 5463 2078 5506 tam
2106 5449 2353 5507 curiosus
2384 5467 2566 5507 rerum
2594 5450 2909 5510 Innocentii,
2933 5449 3158 5512 Zosimi,
3194 5450 3467 5514 Bonifaeii,
3491 5462 3545 5505 et

1968 5523 2251 5578 Ctelestini
2298 5523 2597 5576 scrutator?
2625 5522 2903 5589 Quomodo
2938 5520 3194 5575 tacuisset
3220 5520 3547 5590 Augustinus

1969 5594 2113 5661 ipse,
2156 5608 2274 5647 eum
2318 5604 2423 5645 tam
2460 5592 2615 5645 avide
2654 5591 3023 5657 undecumque
3067 5594 3348 5659 conquirat
3389 5605 3545 5655 argu-

1971 5675 2149 5717 menta
2171 5704 2184 5725 ,
2215 5663 2408 5732 quibus
2451 5664 2763 5732 Pelagianos
2791 5678 2819 5717 a
2849 5661 2978 5716 sede
3003 5662 3297 5729 aposmtiea
3325 5661 3543 5713 danina-
3602 5688 3605 5689 ν

1971 5742 2054 5788 tos
2083 5734 2431 5788 demonstret.
