3962 6180
421 302 516 356 εει
843 302 936 358 AD
974 294 1253 356 PARTEM
1296 291 1563 351 PRIMAM
1603 293 1889 351 OPERUM
1927 296 2001 349 Μ.
2042 293 2485 356 MERCATORIS
2524 299 2870 356 APPENDIX
2908 301 3244 362 SECUNDA.

3567 302 3672 357 55.!

487 414 707 484 Accedit
752 411 890 484 quod
917 412 986 484 isi
1038 406 1346 484 Bonifacius
1399 406 1559 484 ullam
1609 421 1637 459 a
1684 406 1983 484 Pelagianis
2013 409 2058 468 A
2091 406 2218 484 HS,
2250 410 2466 465 circiter
2490 427 2728 484 mensem
2757 413 3151 482 Septembrem,
3182 423 3273 470 aut
3303 414 3462 471 etiam
3499 414 3645 471 Octo-

414 482 711 552 accepisset
741 477 1018 552 epistolam
1045 480 1179 552 tanti
1224 479 1477 552 momenti
1518 477 1701 552 quanti
1743 479 1842 552 ista
1877 490 1981 543 est,

414 548 688 623 acceptam
738 548 923 623 procul
971 549 1132 623 dubio
1176 549 1413 623 misisset
1465 548 1537 623 ad
1572 549 1942 623 __Augt_tstinum
1969 588 1984 614 ,

412 616 637 743 Felgitige
662 616 822 689 atque
844 622 975 674 alias
1004 621 1136 672 duas
1167 616 1359 689 (Libris
1387 633 1440 671 tv
1469 618 1537 670 ad
1563 616 1859 689 Bonifac.),
1895 634 1984 673 re-

437 708 465 743 u
528 708 556 743 n
599 707 705 743 am.

437 700 705 745 utandam.

482 761 705 826 Deinde,
737 760 840 815 hoc
884 762 1113 831 primum
1152 759 1335 814 libello
1358 758 1729 831 videturfacm
1770 775 1799 812 a
1830 759 1984 814 Pela-

408 831 578 895 gianis
606 828 899 900 appellatio
918 832 981 885 ad
1012 831 1394 883 mcumenicam
1423 828 1718 897 synodum;
1751 831 1982 899 scriptus

406 911 492 971 est
522 902 677 971 igitur
702 912 823 955 ante
867 902 1000 955 duas
1030 900 1435 971 Pelagianorum
1461 900 1686 971 litteras,
1721 914 1853 971 quas
1880 901 1981 953 Bu-

407 968 629 1026 nilacius
660 987 752 1039 per
780 971 1011 1040 Alipiutn
1047 972 1097 1022 in
1125 968 1356 1023 Africam
1382 969 1671 1023 transmisit
1699 971 1764 1023 ab
1802 970 1980 1040 Augu-

404 1042 544 1094 stino
565 1042 934 1095 confutandas.
964 1039 1094 1092 Nam
1126 1040 1176 1092 in
1208 1040 1339 1094 libro
1365 1050 1555 1107 quarto
1581 1039 1978 1108 confutationis,

402 1113 578 1179 capite
602 1113 820 1176 ttltitno,
855 1121 1053 1165 mentio
1086 1109 1141 1163 lit
1169 1122 1280 1164 tum
1310 1110 1683 1178 appellationis
1730 1111 1977 1176 hujusce-

405 1182 569 1247 modi,
600 1190 709 1237 tttm
738 1192 960 1244 exactre,
989 1182 1094 1243 vel,
1120 1190 1176 1234 ut
1204 1181 1419 1235 aiebant
1464 1179 1719 1245 haeretici,
1753 1191 1977 1235 estorta:

403 1268 431 1303 a
465 1252 794 1321 simplicibus
819 1252 1084 1321 episcopis
1115 1250 1542 1321 subscriptionis.
1568 1250 1724 1321 Quod
1767 1251 1813 1303 si
1853 1266 1978 1304 exa-

401 1331 489 1375 cta
516 1320 583 1376 sit
628 1322 950 1389 subscriptio
976 1324 1041 1376 ab
1067 1320 1334 1390 episcopis
1378 1320 1671 1387 nonnullis,
1701 1334 1850 1375 certe
1881 1336 1977 1390 per

401 1393 705 1459 epistolam.
766 1395 848 1446 cui
898 1392 1123 1447 rebelles
1174 1390 1337 1446 Siculi
1397 1390 1738 1459 respondent.
1777 1390 1973 1446 Verum

402 1464 627 1531 epistola
654 1463 740 1515 illa
772 1477 874 1516 non
909 1464 1006 1516 fuit
1034 1462 1307 1522 Bonifarii,
1346 1469 1403 1514 ut
1426 1461 1536 1528 jatn
1559 1474 1833 1514 emensum
1857 1473 1971 1518 est:

404 1548 575 1602 neque
604 1547 733 1586 vero
760 1548 879 1588 esse
906 1533 1093 1601 potuit,
1122 1531 1318 1599 aliaqui
1355 1531 1631 1602 debuisset
1657 1531 1818 1584 scribi
1850 1543 1974 1585 ante

402 1600 616 1657 kalend.
644 1602 751 1657 Jul.
777 1600 1056 1667 ann.’4l9,
1083 1618 1189 1671 quo
1212 1611 1449 1669 tempore
1478 1600 1780 1654 Bonifacius
1814 1602 1973 1655 tradi-

400 1674 480 1727 dit
508 1675 685 1741 Alipio
730 1672 1049 1727 deferendas
1074 1672 1380 1741 Augustino
1419 1672 1655 1735 litteras,
1696 1677 1747 1723 in
1782 1672 1973 1736 quibus

397 1744 773 1813 episcoporum
806 1743 1094 1812 pertinacia
1133 1745 1390 1797 adversus
1423 1741 1791 1795 subscribeudi
1821 1757 1973 1813 man-

399 1810 605 1883 datum,
636 1810 819 1884 utique
838 1812 1155 1883 jamdudum
1181 1813 1596 1884 promulgatum,
1634 1810 1970 1879 provocatio-

398 1900 502 1955 {ttte
545 1881 609 1939 ad
655 1881 927 1955 synodum
966 1884 1361 1955 continebatur.
1403 1881 1591 1955 Neque
1624 1890 1802 1955 tamen
1849 1893 1974 1937 ante

399 1953 614 2008 kalend.
638 1951 746 2009 Jul.
770 1954 933 2009 scribi
965 1954 1135 2021 potuit
1156 1972 1167 2006 :
1188 1951 1456 2021 quomodo
1474 1952 1612 2005 enim
1645 1952 1969 2017 Bonifacius,

396 2025 715 2080 auctoritate
740 2029 971 2079 nondum
997 2025 1127 2079 satis
1168 2025 1412 2091 probata,
1445 2023 1678 2076 nondum
1711 2024 1880 2077 victor
1906 2024 1972 2077 de

406 2096 630 2159 hulalio,
672 2095 823 2164 cujus
870 2096 1112 2160 partibus
1152 2092 1726 2164 Pelagianigfavebant,
1763 2102 1968 2164 tantum

396 2164 674 2220 decretum
719 2161 1009 2219 edidisset?
1042 2164 1138 2218 Vix
1184 2164 1329 2217 enim
1365 2161 1607 2216 kalendis
1652 2163 1780 2231 ipsis
1817 2161 1971 2218 Juliis

396 2250 524 2288 ann.
563 2234 667 2290 419
738 2238 957 2304 pacilice
1001 2234 1184 2289 sedem
1222 2233 1601 2301 apostolicam,
1651 2234 1803 2302 pulso
1848 2250 1968 2288 cum

396 2306 509 2359 suis
536 2305 767 2367 Eulalio,
798 2305 1033 2359 teni-bat.

466 2374 653 2430 Restat
684 2376 843 2444 igitur
869 2375 1077 2445 opinari
1114 2372 1337 2445 Zosimo
1366 2372 1599 2428 oblatum
1633 2373 1794 2445 fuisise
1826 2373 1970 2433 hunc

399 2444 667 2513 libellum;
703 2443 759 2501 et
788 2443 918 2501 vero
946 2445 1070 2499 huic
1099 2444 1341 2513 opinioni
1381 2447 1559 2497 omnia
1582 2443 1970 2498 admirabiliter

394 2517 760 2570 consentiunt.

467 2586 596 2640 Nam
632 2588 835 2654 primo,
864 2586 1095 2640 habebat
1121 2593 1336 2639 sanctus
1369 2583 1599 2652 pontiles
1636 2584 1810 2654 insua
1833 2583 1971 2638 dite-

394 2659 503 2712 cesi
525 2653 760 2722 Siculos,
782 2656 922 2725 apud
951 2671 1084 2722 quos
1106 2654 1408 2725 agitabatur
1434 2654 1522 2725 illa
1550 2653 1816 2725 praecipue
1846 2669 1967 2721 pars

397 2730 617 2782 ineresis
641 2722 961 2796 Pelagianae,
990 2722 1211 2796 propter
1234 2740 1395 2791 quam
1417 2722 1806 2778 defendendam
1834 2726 1967 2780 scri-

395 2807 516 2864 ptus
540 2798 749 2852 videtur
778 2797 1011 2851 libellus.

468 2866 668 2921 Deinde
698 2865 1112 2935 prolixissimam
1151 2866 1216 2919 ad
1251 2864 1530 2935 universos
1562 2863 1967 2935 rorbisepisco~

396 2950 491 3005 pos
516 2934 799 3005 epistolam
828 2936 992 3002 misit,
1022 2937 1128 2999 cui,
1156 2945 1425 3003 tamquam
1449 2934 1572 3005 lidei
1595 2934 1814 3004 regula),
1841 2935 1965 2990 sub.

392 3004 635 3078 scribere
675 3005 936 3078 deberent
973 3009 1295 3078 quicumque
1326 3021 1473 3059 suam
1516 3004 1675 3059 ﬁdem
1713 3006 1967 3078 Ecclesia:

395 3076 672 3143 probatam
711 3077 926 3132 vellent.
963 3074 1017 3133 lit
1060 3077 1149 3132 illa
1181 3074 1306 3131 vero
1338 3092 1443 3130 non
1485 3085 1690 3130 tantum
1726 3084 1831 3129 tota
1864 3074 1966 3130 Pe-

2092 476 2276 555 bretn;
2308 484 2539 555 scriptus
2576 483 2716 537 enim
2760 476 2864 549 est,
2899 476 3199 555 missusque
3249 486 3313 539 ad
3364 486 3657 555 Zosimum,

2089 559 2208 625 post
2237 550 2388 604 datas
2418 550 2485 605 ab
2518 555 2631 623 ipso
2653 556 2858 625 litteras
2886 555 2951 609 ad
2969 550 3155 609 omnes
3170 555 3316 610 orbis
3339 550 3659 625 Episcopus;

2086 616 2376 696 dotte_sunt
2404 616 2783 696 veroittvrkal.
2834 625 2998 696 Maias
3050 626 3288 694 ejusdem
3336 616 3482 679 anni.
3520 616 3662 696 Ergo

2087 701 2205 768 com
2230 689 2477 768 zosimus
2507 694 2703 748 abierit
2729 696 2815 768 die
2840 695 2910 749 26
2952 689 3261 749 Decembris
3291 698 3527 763 ejusdem
3562 689 3661 751 aii-

2086 761 2159 816 ni.
2196 771 2250 813 et
2279 761 2515 815 libellum
2549 772 2726 818 tamen
2774 765 2915 819 hunc
2956 770 3223 832 acceperit
3264 761 3385 820 ante
3431 769 3655 829 obitum.

2085 842 2186 904 nec
2241 835 2511 904 acceperit
2564 834 2869 903 priusquam
2928 851 3039 888 suae
3090 836 3340 891 dimcesis
3392 839 3661 904 episcopis

2085 901 2528 974 subscribendum
2552 901 2877 967 mandasset,
2912 921 3017 957 non
3048 907 3257 960 videtur
3281 901 3438 971 posse
3452 901 3659 974 tempus

2082 982 2188 1036 quo
2244 972 2582 1038 conscriptus
2629 986 2711 1028 est
2748 975 2958 1029 libellus
3008 976 3341 1037 commodius
3395 972 3651 1030 collocari

2081 1053 2239 1108 quam
2266 1041 2318 1095 in
2361 1042 2540 1097 medio
2568 1046 2849 1098 intervallo
2880 1044 3017 1108 quod
3066 1046 3132 1097 ab
3190 1046 3352 1100 missa
3402 1053 3657 1101 tractoria

2081 1107 2278 1182 Zosimi
2310 1114 2374 1165 ad
2406 1112 2646 1182 ejusdem
2671 1115 2872 1168 obitqu
2902 1107 3229 1169 intercessit.

2153 1179 2270 1235 Jam
2304 1179 2710 1250 vero'scriptum
2742 1199 2769 1236 a
2798 1184 3005 1239 Juliano
3029 1186 3322 1246 loquuntur
3356 1184 3439 1238 hae
3463 1186 3657 1241 littera:

2080 1261 2328 1319 quatuor,
2359 1253 2398 1305 I.
2442 1252 2506 1307 γ.
2548 1253 2610 1308 L.
2638 1254 2677 1307 l.
2711 1269 2737 1306 a
2770 1255 3075 1320 Sirmondo,
3104 1264 3163 1308 ut
3191 1263 3346 1310 erant
3384 1257 3434 1309 in
3467 1258 3655 1311 codice

2078 1323 2466 1388 manuscripto,
2501 1338 2566 1377 ex
2599 1324 2781 1391 liguris
2812 1340 2946 1393 pene
2965 1326 3406 1380 evanescentibus
3435 1342 3659 1394 expres-

2077 1407 2182 1457 sae;
2207 1401 2269 1464 et
2300 1400 2352 1445 ttt
2383 1394 2577 1448 littera:
2597 1395 2837 1461 silerent,
2869 1411 3026 1463 quem
3050 1397 3209 1449 alium
3229 1403 3496 1449 auctorem
3530 1414 3659 1464 p0:-

2077 1463 2554 1534 setidentonstrare
2607 1468 2742 1518 ratio
2796 1466 3073 1534 temporis,
3109 1466 3378 1519 scribendi
3414 1463 3655 1529 occasio,

2077 1533 2282 1602 Stylus,
2330 1535 2551 1601 spiritus
2606 1533 2997 1590 scribentiset
3048 1537 3291 1590 doctrina
3321 1577 3335 1602 ,
3391 1549 3453 1590 ac
3505 1537 3658 1592 locus

2077 1603 2446 1673 Cltrysostomi
2485 1604 2776 1658 laudatus?

2147 1673 2211 1726 Et
2236 1674 2376 1727 ratio
2397 1675 2613 1743 quidem
2643 1674 2931 1741 temporis;
2959 1689 3079 1728 nam
3102 1675 3401 1729 confectum
3428 1684 3512 1729 est
3536 1692 3658 1730 cer-

2076 1741 2144 1795 tis
2172 1741 2499 1810 argumentis
2524 1744 2761 1799 libellum
2793 1743 2936 1798 hunc
2957 1747 3212 1813 scriptum
3232 1760 3374 1803 esse.
3399 1747 3658 1799 missum-

2074 1825 2177 1934 que
2204 1813 2268 1866 ad
2300 1814 2568 1868 Zosimum
2599 1829 2723 1869 ann.
2773 1814 2897 1869 M8.
2932 1817 3047 1880 Quo
3077 1825 3316 1884 tempore
3341 1817 3470 1868 duas
3496 1832 3555 1869 se
3588 1817 3657 1871 ad

2117 1885 2343 1934 osimum
2375 1884 2580 1934 litteras
2604 1886 2671 1934 de
2705 1885 3086 1934 oua-stiombus
3118 1886 3519 1934 Pelagianorum
3547 1886 3650 1934 de-

2117 1885 2343 1936 osimum
2375 1884 2580 1938 litteras
2604 1886 2671 1938 de
2705 1885 3086 1953 quaestionibus
3118 1886 3519 1952 Pelagianorum
3547 1886 3650 1941 de-

2074 1954 2217 2006 disse
2246 1953 2495 2025 Julianus
2529 1954 2777 2017 afﬁrmat,
2805 1955 3073 2021 simulque
3120 1965 3302 2023 aperte
3354 1968 3509 2025 negat
3544 1958 3659 2021 pri-

2074 2038 2214 2077 mam
2260 2040 2325 2077 ex
2377 2024 2603 2091 duabus,
2664 2041 2793 2091 quas
2847 2026 3172 2092 Augustinus
3220 2024 3452 2090 refellit,
3497 2042 3655 2082 suam

2072 2106 2215 2147 esse.
2239 2092 2537 2147 Secundam
2556 2098 2814 2164 agnoscit,
2841 2096 2933 2147 sed
2958 2106 3139 2150 neutra
3164 2104 3249 2150 est
3267 2097 3330 2148 ad
3352 2095 3653 2150 Zusimum.

2149 2164 2349 2217 Deinde
2369 2166 2581 2219 occasio
2602 2165 2898 2229 scribendi;
2926 2166 3119 2219 missus
3140 2176 3221 2218 est
3248 2167 3388 2219 enim
3414 2168 3475 2217 ad
3496 2166 3656 2218 Zosi-

2072 2246 2217 2289 mum
2251 2234 2463 2288 libellus
2496 2236 2711 2290 nomine
2737 2251 2919 2305 eorum
2951 2239 3035 2305 qui
3067 2251 3186 2289 cum
3209 2236 3272 2287 ad
3303 2239 3655 2290 subscriben-

2071 2310 2195 2356 dqu
2249 2305 2575 2359 damnationi
2635 2304 3034 2370 haereticorum,
3083 2306 3397 2359 auctoritate
3451 2309 3652 2360 summi

2072 2377 2337 2442 pontilicis
2364 2377 2830 2443 compellerentur,
2864 2376 3203 2442 pertinaciter
3240 2386 3414 2430 tamen
3468 2378 3655 2429 detre-

2072 2456 2301 2498 etarent.
2329 2446 2521 2498 Mariti.
2551 2447 2813 2499 Mercator
2844 2454 3067 2499 teatatur
3089 2446 3292 2499 litteras
3318 2461 3448 2515 quas
3476 2446 3655 2500 Julii-

2073 2530 2171 2567 nus
2193 2518 2339 2569 dedit
2358 2518 2421 2568 ad
2446 2516 2741 2580 Z—siiuum,
2768 2530 2901 2568 unas
2920 2517 3134 2580 saltem,
3154 2516 3339 2569 eadem
3361 2521 3655 2570 occasione

2070 2588 2429 2653 conscriptas;
2481 2602 2578 2640 nec
2613 2586 2773 2639 terbo
2801 2594 3007 2639 tantum
3054 2593 3299 2649 testatur,
3350 2588 3443 2641 sed
3486 2589 3656 2641 unius

2070 2671 2283 2723 qquue
2308 2658 2546 2725 epistulae
2580 2656 2931 2725 fragmentum
2956 2654 3138 2718 refert,
3167 2655 3541 2725 Julianttmque
3572 2660 3652 2710 ita

2069 2728 2355 2796 compellat
2387 2725 2522 2791 (Lib.
2559 2727 2777 2797 Subnot.
2808 2742 2927 2797 cap.
2959 2726 3049 2794 7):
3081 2726 3216 2778 Audi
3243 2742 3378 2778 nunc
3404 2738 3451 2779 et
3492 2737 3568 2790 tu,
3596 2740 3657 2781 et

2068 2796 2157 2917 zui
2186 2812 2266 2849 me
2293 2806 2339 2851 et
2370 2807 2416 2850 te
2461 2798 2731 2878 dignanter
2755 2796 3029 2878 nabuerint
3077 2796 3265 2877 legere,
3307 2796 3428 2864 quid
3466 2807 3659 2878 contra

2110 2882 2206 2917 unc
2242 2883 2445 2917 sensum
2474 2880 2614 2917 tuum
2643 2882 3018 2917 inmussimum.
3052 2881 3426 2917 suavissimum-
3476 2884 3659 2917 smnu—

2110 2882 2206 2919 unc
2242 2883 2445 2921 sensum
2474 2866 2614 2919 tuum
2643 2868 3018 2937 impiissimum,
3052 2866 3426 2938 pravissimum,
3476 2868 3661 2938 impu—

2069 2935 2421 2990 dentissimam
2451 2935 3011 3007 petulantissimumque
3038 2935 3156 2988 olim
3200 2937 3306 3005 ipse
3334 2935 3655 3002 pronuntia-

2069 3007 2219 3075 veris,
2250 3008 2301 3060 in
2331 3009 2545 3073 epistola
2576 3008 2801 3060 videlicet
2824 3018 2931 3064 tua.
2960 3022 3113 3072 quam
3143 3007 3209 3058 ad
3238 3007 3405 3059 sedem
3434 3018 3655 3075 aposto-

2068 3073 2222 3129 licam
2243 3078 2333 3131 illo
2360 3089 2581 3143 tempore
2620 3094 2771 3130 ausus
2796 3092 2849 3129 es
2878 3077 3103 3141 mittere,
3137 3075 3341 3144 quando
3370 3073 3655 3131 conventus

394 3142 518 3216 lagii
567 3144 911 3216 leestiique
967 3162 1128 3202 causa
1187 3146 1595 3217 continebatur,
1646 3146 1743 3200 sed
1798 3147 1962 3201 etiam
1991 3142 2036 3204 C
2066 3148 2356 3217 detrectasti
2405 3164 2521 3201 cum
2573 3149 2805 3201 universa
2852 3145 3085 3199 Ecclesia
3129 3142 3218 3217 per
3265 3156 3427 3199 totum
3474 3148 3654 3202 orbem

392 3219 703 3273 testimonia
728 3217 945 3273 Patrum
978 3218 1234 3273 adversus
1261 3216 1506 3278 hazresitn
1536 3216 1862 3270 damnatam.

466 3286 778 3357 ldgtestatur
805 3288 1069 3342 Mercator
1101 3289 1153 3340 in
1181 3287 1604 3341 Commonitorio
1632 3286 1783 3357 (Cap.
1820 3288 1843 3339 1
1868 3326 1884 3352 ,
1916 3297 1964 3341 et

394 3356 487 3411 lib.
519 3356 737 3411 Subnot.
766 3374 877 3427 cap.
909 3360 986 3425 7).
1018 3358 1295 3412 Mercatori
1330 3357 1599 3411 consentit
1634 3356 1962 3424 Attgusdnus

394 3429 451 3479 in
482 3427 595 3480 limo
626 3428 791 3495 verba
823 3426 960 3495 (Lib.
990 3428 1053 3481 de
1090 3427 1237 3481 Pecc.
1272 3426 1419 3495 Orig.
1449 3442 1495 3479 c.
1526 3427 1622 3493 2i)
1648 3443 1663 3481 :
1688 3429 1803 3478 Alia
1833 3443 1959 3495 quo.

393 3512 493 3565 que
530 3497 691 3566 ipsius
727 3494 945 3550 Caelestii
978 3498 1031 3549 in
1074 3498 1198 3551 urbe
1229 3494 1411 3560 Roma,
1450 3496 1504 3549 in
1532 3513 1648 3566 qua
1675 3494 1961 3550 diutissime

392 3565 613 3638 vixerat,
648 3577 799 3636 atque
834 3569 888 3619 in
912 3566 992 3620 his
1031 3570 1197 3638 fuerat
1232 3568 1374 3638 prius
1411 3565 1722 3638 sermonibus
1758 3577 1964 3619 conten-

392 3636 714 3703 tionibusque
753 3647 1007 3704 versatus,
1032 3636 1180 3690 'cnra
1220 3636 1454 3706 ﬁdelium
1490 3637 1710 3704 fratrum
1761 3642 1962 3704 prolata

395 3717 688 3772 patuerunt.
725 3706 852 3774 Qut:
880 3708 1062 3760 litteris
1090 3709 1226 3771 suis,
1256 3723 1388 3777 qua:
1422 3707 1728 3774 conscripsit
1766 3724 1856 3777 per
1884 3716 1962 3759 to-

395 3788 504 3829 mm
543 3779 714 3849 orbem
758 3777 1113 3849 perferendas,
1166 3794 1317 3849 papa;
1344 3775 1578 3849 quimus
1627 3775 1959 3842 exsecranda,

390 3849 524 3920 sicut
548 3848 715 3920 legere
742 3846 968 3917 potestis,
1000 3846 1233 3920 aitexuit,
1264 3848 1352 3900 ubi
1371 3846 1648 3920 Pelagius,
1675 3856 1778 3920 etc.

464 3916 663 3982 Tertio,
689 3916 877 3988 passus
907 3929 991 3988 est
1024 3918 1269 3973 Zosimus
1291 3936 1316 3967 ιι
1359 3916 1572 3971 Julianu
1610 3918 1958 3988 calumniam,

390 3988 545 4056 quasi
586 3987 1041 4057 praevaricationis
1087 4004 1209 4042 reus
1252 3998 1414 4058 esset.
1449 3988 1779 4054 Augustinus
1819 3987 1957 4058 (Lib.

389 4073 444 4111 γι
485 4059 540 4111 in
579 4056 697 4113 Jul.
728 4075 776 4115 c.
818 4059 876 4121 4,
908 4060 1022 4113 sub.
1066 4059 1184 4126 fin.)
1218 4075 1230 4109 :
1264 4056 1427 4121 Quale
1468 4069 1538 4109 est
1582 4069 1780 4120 autem,
1824 4056 1959 4125 quod

390 4130 549 4183 beata:
575 4130 830 4183 memoriae
866 4126 1131 4183 Zosimum
1165 4127 1460 4195 apostolica:
1486 4126 1619 4179 sedis
1644 4128 1957 4195 episcOpum,

388 4209 442 4250 ut
471 4203 526 4252 in
554 4207 643 4271 tua
670 4200 998 4271 perversitate
1035 4200 1276 4270 persistas
1294 4237 1308 4259 ,
1341 4197 1775 4271 praevaricationis
1803 4214 1959 4271 accu-

387 4284 492 4329 sas,
522 4270 613 4338 qui
654 4266 756 4323 non
780 4272 986 4323 recessit
1031 4266 1062 4321 ὰ
1091 4285 1183 4323 suo
1228 4267 1594 4338 prcedecessoge
1634 4266 1956 4332 Innocentio,

386 4336 543 4403 quem
561 4348 615 4391 tu
644 4342 905 4390 nominare
926 4341 1155 4402 timuisti,
1174 4336 1263 4393 sed
1291 4337 1515 4390 maluisti
1536 4336 1814 4403 Zosimum,
1840 4340 1960 4407 quia

387 4410 487 4474 egit
528 4407 763 4475 primitus
795 4406 958 4460 lenius
1000 4424 1115 4460 cum
1145 4408 1378 4462 Caelestio
1397 4448 1410 4473 ,
1440 4409 1682 4475 quoniam
1711 4424 1763 4460 se
1799 4410 1851 4461 in
1880 4408 1958 4462 lus

387 4478 618 4531 sensibus
648 4478 825 4530 vestris
851 4476 895 4545 si
921 4477 1044 4542 quid
1075 4478 1394 4544 displiceret,
1425 4489 1660 4545 paratum
1686 4495 1791 4531 esse
1817 4478 1957 4532 dixe—

385 4556 465 4600 rat
505 4547 724 4618 corrigi,
773 4554 819 4601 el
866 4543 1159 4600 Innocentii
1201 4547 1384 4601 litteris
1426 4543 1801 4601 consensurum
1855 4566 1961 4603 esse

384 4617 704 4686 promiserat.

461 4687 702 4757 Denique
730 4687 1000 4741 Julianum
1028 4685 1242 4740 Zosimo
1269 4686 1402 4740 duas
1434 4688 1647 4741 misisse
1682 4689 1958 4756 epistolas,

386 4757 693 4829 priusquam
721 4759 978 4812 adversus
1005 4759 1363 4829 Augustinum
1396 4759 1687 4829 scriberet,
1723 4760 1959 4813 unanimi

382 4826 652 4885 consensu
716 4830 1042 4882 conﬁtentur
1096 4826 1337 4880 Julianus
1402 4839 1559 4895 atque
1608 4828 1957 4889 Auentinus.

382 4898 516 4969 (lum
551 4901 693 4969 enim
725 4899 968 4953 Julianus
1001 4897 1230 4969 dixisset
1270 4895 1469 4969 (ιιὶὀηι
1515 4896 1618 4967 0p.
1646 4898 1864 4969 Imperf.
1909 4918 1955 4957 c.

383 4967 474 5037 17)
515 4987 528 5022 :
572 4968 721 5024 Facit
759 4985 959 5039 quoque
993 4967 1308 5039 Augustinus
1346 4967 1577 5031 epistola:
1620 4967 1952 5037 mentionem,

380 5056 534 5104 quam
554 5056 586 5093 a
612 5056 690 5092 me
717 5037 788 5091 ait
822 5037 1036 5091 Romam
1066 5038 1223 5105 fuisse
1250 5037 1526 5101 directam;
1552 5042 1639 5091 sed
1666 5041 1817 5092 verba
1844 5057 1957 5107 qua:

291 5150 302 5160 .
382 5109 554 5179 posuit
576 5110 881 5179 nequivimus
911 5125 1013 5177 quo
1039 5110 1101 5160 de
1131 5108 1327 5179 scripto
1352 5107 1642 5179 loqueretur
1662 5126 1953 5177 agnoscere.

383 5177 435 5229 Ν
444 5195 525 5231 um
551 5180 621 5231 ad
647 5177 907 5233 Zosimum
939 5180 1195 5250 quondam
1237 5178 1389 5250 illius
1420 5178 1638 5250 civitatis
1667 5180 1955 5250 episcopum

379 5264 535 5313 super
558 5250 636 5303 Itis
663 5248 1024 5317 qua’slionibus
1052 5250 1179 5301 duas
1210 5249 1450 5316 epistolas
1477 5248 1755 5316 destinavi;
1783 5248 1955 5303 verum

378 5333 438 5369 eo
467 5328 688 5391 tempore
709 5336 806 5385 quo
832 5320 999 5391 adhno
1032 5321 1185 5374 libros
1215 5334 1431 5372 exorsus
1456 5336 1555 5373 non
1583 5336 1740 5391 eram.
1775 5323 1955 5389 Angit-

380 5389 864 5461 stinus‘respondet
895 5409 907 5444 :
940 5389 1068 5444 HIEC
1092 5391 1308 5461 epistola
1335 5405 1437 5443 non
1466 5400 1534 5442 est
1568 5393 1636 5442 ad
1661 5389 1947 5456 Zosimum,

376 5460 464 5509 sed
488 5459 557 5512 ad
580 5476 666 5513 eos
695 5461 1005 5514 seducendos
1036 5459 1130 5526 qui
1151 5461 1329 5514 Romtc
1356 5470 1556 5531 possent
1588 5463 1681 5513 tali
1716 5463 1951 5516 suasione

378 5532 589 5596 seduci;
618 5534 710 5601 sed
744 5533 787 5582 si
824 5547 937 5584 eam
978 5547 1076 5583 non
1111 5534 1405 5601 regnoscis,
1444 5547 1553 5584 ecce
1593 5549 1692 5585 non
1734 5534 1795 5585 sit
1836 5544 1945 5599 tua,

378 5604 571 5654 utinam
596 5611 645 5654 et
669 5599 749 5653 illi
776 5600 894 5653 libri
924 5616 1023 5654 non
1049 5599 1213 5654 essent
1245 5603 1338 5663 tui,
1369 5602 1458 5653 sed
1482 5602 1658 5667 alieni,
1683 5612 1787 5657 etc.

455 5672 526 5724 iis
564 5670 646 5724 his
673 5682 848 5725 autem
881 5671 949 5725 ita
991 5673 1371 5739 comproliutis,
1403 5674 1601 5739 liquido
1628 5680 1769 5737 patet
1791 5673 1947 5727 libel-

379 5738 487 5795 lum
513 5740 658 5809 ﬁdei,
693 5741 761 5797 de
787 5757 894 5811 quo
924 5756 1063 5796 nunc
1093 5738 1283 5811 agitur,
1325 5744 1579 5811 scriptum
1607 5742 1767 5799 fuisse
1815 5758 1942 5797 ann.

1984 4512 2036 4571 D

2068 3216 2337 3287 Pelagium
2364 3218 2752 3287 Caelestiumque
2776 3217 3041 3287 damnare.

2136 3285 2392 3350 Accedat,
2421 3287 2560 3352 quod
2592 3285 2817 3356 ipsemet
2853 3286 3095 3341 Julianus
3142 3285 3333 3355 prodat
3380 3301 3440 3341 se
3484 3287 3649 3357 satis,

2064 3357 2253 3413 Saltem
2276 3358 2500 3413 eruditis
2526 3359 2718 3424 oculis,
2751 3372 2858 3413 non
2883 3365 3089 3410 tantum
3120 3358 3284 3427 stylo,
3316 3370 3423 3426 quo
3452 3357 3648 3427 utitur,

2064 3429 2392 3495 metapltoris
2422 3428 2748 3491 abundante,
2799 3427 2893 3482 sed
2915 3428 3075 3481 etiam
3098 3429 3368 3479 scribendi
3400 3428 3595 3495 Spiritu
3630 3468 3648 3495 ,

2063 3498 2153 3566 qui
2177 3512 2318 3567 saepe
2333 3498 2415 3554 vel
2439 3500 2744 3553 intumescit
2764 3499 2831 3552 ad
2852 3496 3233 3567 arrogantiam,
3259 3498 3342 3550 vel
3364 3499 3415 3550 in
3435 3497 3655 3565 jactan-

2066 3567 2195 3621 tiam
2227 3574 2484 3623 vanescit.

2134 3638 2267 3702 Quid
2294 3638 2435 3691 enim
2468 3641 2567 3691 ista
2598 3637 2817 3706 periodo
2840 3636 3261 3705 tnetapltoricum
3289 3635 3495 3703 magis?
3522 3634 3653 3690 Cer-

2064 3718 2173 3761 tum
2197 3708 2263 3761 sit
2282 3709 2439 3778 igitur
2454 3710 2591 3777 apud
2617 3709 2935 3761 sanctitatem
2955 3718 3190 3772 vestrum,
3216 3708 3338 3777 quia
3361 3718 3650 3775 quantum-

2064 3778 2182 3832 libet
2213 3779 2307 3830 Itoc
2338 3795 2475 3832 mare
2498 3780 2656 3831 ventis
2677 3778 2921 3846 flantibus
2946 3779 3266 3837 intumescat,
3298 3788 3346 3829 et
3375 3779 3569 3830 amaris
3592 3778 3651 3831 in

2063 3864 2156 3900 nos
2184 3849 2423 3915 [luctibus
2452 3846 2716 3913 e/Teratur,
2771 3862 3051 3915 numquam
3104 3848 3286 3915 integri
3323 3847 3517 3914 judicii
3552 3847 3652 3899 do-

2062 3934 2222 3982 mum,
2252 3935 2365 3988 qua:
2387 3934 2545 3988 supra
2577 3917 2765 3975 Christi
2803 3918 3063 3988 justitiam
3092 3917 3306 3988 fundata
3332 3928 3426 3980 est,
3452 3919 3652 3986 poterit

2061 3985 2374 4041 commovere
2404 3986 2497 4057 (In
2518 3988 2658 4042 libel.
2690 3985 2822 4055 part'.
2856 4003 2907 4040 tv
2936 4002 3075 4039 num.
3105 3985 3182 4057 9).

2133 4058 2267 4122 Quid
2299 4061 2634 4127 arrogantius
2669 4059 3064 4126 jactantiusque
3110 4057 3333 4127 homine
3367 4070 3645 4109 summum

2065 4128 2367 4197 pontificem
2389 4125 2446 4182 ei
2467 4138 2627 4197 caput
2653 4125 2814 4181 tutius
2864 4126 3117 4181 Ecclesia:
3164 4127 3242 4197 sic
3289 4125 3649 4192 :tlloquente?

2062 4196 2211 4259 Hirc,
2260 4208 2311 4249 ut
2364 4197 2504 4252 nobis
2535 4196 2821 4252 secundum
2862 4197 3095 4268 regulam
3140 4196 3447 4268 catholicam
3474 4196 3647 4249 visum

2060 4280 2155 4326 est.
2186 4281 2362 4321 vestrw
2390 4268 2648 4321 sanctitati
2686 4267 2974 4335 conscripta
3021 4267 3414 4327 transmisimus,
3458 4281 3573 4330 qua:
3598 4271 3649 4319 si

2061 4339 2211 4391 aliter
2240 4338 2431 4407 putatis
2452 4339 2687 4401 tenenda,
2718 4338 3010 4407 rescribite;
3039 4338 3119 4390 sin
3143 4345 3311 4407 autem
3358 4336 3649 4388 contradici

2058 4409 2169 4460 istis
2197 4406 2294 4459 non
2322 4418 2505 4476 potest,
2535 4418 2582 4462 et
2630 4419 2799 4461 tamen
2843 4406 3029 4477 aliquis
3074 4406 3288 4459 voluerit
3339 4415 3516 4458 contra
3547 4421 3647 4477 nos

2058 4478 2361 4531 scandalum
2388 4482 2657 4543 concitare,
2686 4485 2823 4531 certa
2845 4478 2909 4530 sit
2938 4479 3177 4529 sanctitas
3222 4485 3403 4539 vestra,
3436 4490 3529 4527 nos
3574 4476 3647 4527 ad

2061 4550 2369 4601 audientiam
2400 4548 2644 4616 plenaria:
2658 4548 2839 4617 synodi
2855 4562 3151 4615 provocasse
3172 4544 3356 4613 (Ibid.,
3379 4561 3530 4617 num.
3556 4545 3643 4612 2).

2137 4619 2275 4671 Nihil
2305 4620 2495 4671 attinet
2521 4615 2703 4672 dicere
2724 4618 2790 4671 de
2819 4618 3080 4682 dot-trina,
3133 4631 3251 4668 cum
3303 4615 3593 4682 unicuique
3624 4654 3644 4678 ,

2064 4690 2143 4740 vel
2174 4688 2347 4741 obiter
2367 4688 2618 4751 intuenti,
2644 4698 2893 4742 constare
2926 4687 3110 4754 possit,
3162 4686 3403 4739 eamdem
3452 4684 3645 4754 hocgitt

2060 4758 2243 4811 liliellu
2274 4760 2532 4811 contineri
2578 4774 2700 4827 qua:
2730 4759 2782 4809 in
2836 4752 2955 4809 aliis
2986 4755 3182 4827 Juliani
3230 4755 3378 4827 lilo‘is
3425 4752 3649 4827 indubi-

2063 4830 2204 4888 tatis,
2235 4838 2291 4882 et
2319 4824 2615 4897 prtesertini
2645 4829 2696 4881 in
2723 4828 2948 4896 epistula
2970 4828 3033 4897 ad
3060 4825 3266 4897 Rufum
3286 4824 3645 4897 Tltessaloni-

2060 4914 2297 4965 censem,
2322 4894 2411 4952 ubi
2439 4912 2577 4951 tatus
2604 4907 2686 4953 est
2707 4894 2774 4949 in
2794 4898 2949 4949 laude
2974 4896 3125 4949 liberi
3155 4894 3381 4965 arbitrii.
3431 4902 3645 4965 datura:

2062 4962 2328 5032 humanae,
2379 4969 2702 5035 nuptiarum,
2757 4976 2811 5020 et
2839 4975 3145 5019 sanctorum
3194 4962 3388 5016 veteris
3441 4962 3640 5035 Testa-

2061 5042 2222 5095 tnenti
2248 5055 2262 5103 ;
2301 5034 2595 5107 iisdemque
2645 5039 2808 5090 utitur
2840 5034 3163 5107 testimoniis
3188 5036 3500 5107 Scripturge,
3532 5034 3643 5088 im-

2060 5126 2147 5163 ntu
2176 5123 2226 5163 et
2255 5110 2440 5163 iisdem
2470 5104 2668 5171 verbis,
2705 5117 2757 5158 ut
2788 5122 2853 5161 ex
2880 5106 3022 5159 notis
3052 5105 3202 5159 facile
3238 5104 3528 5157 constabit.

2130 5179 2234 5235 Sed
2266 5179 2513 5233 utomnia
2543 5178 2645 5231 alia
2670 5177 2857 5230 indicia
2876 5176 3163 5241 ancipitem
3188 5173 3426 5227 facerent
3448 5172 3643 5240 conje-

2057 5258 2286 5316 cturam,
2317 5264 2518 5304 certam
2569 5248 2725 5301 tidem
2768 5247 2893 5300 facit
2944 5245 3209 5313 prolatum
3260 5242 3641 5316 Chrysostomi

2056 5312 2442 5384 testimonium,
2499 5319 2638 5386 qttod
2691 5328 2876 5370 contra
2932 5312 3524 5386 peccatutnhoriginale
3582 5314 3643 5365 in

2057 5391 2237 5445 libello
2260 5390 2405 5443 Fidei
2431 5383 2679 5457 primum,
2707 5388 2901 5441 deinde
2921 5386 2975 5439 in
2996 5392 3186 5454 quarto
3209 5383 3355 5457 libro
3374 5383 3643 5457 adversus

2058 5462 2116 5517 S.
2149 5453 2496 5529 Augustinum
2528 5474 2558 5512 a
2588 5459 2799 5513 Julianu
2846 5453 3062 5529 allatum
3115 5464 3227 5517 est;
3259 5453 3448 5529 iisdem
3491 5454 3639 5506 enim

2054 5524 2320 5586 verbis'in
2372 5542 2597 5595 utrotiue
2650 5531 2766 5581 loco
2817 5528 3119 5593 exponitur,
3153 5532 3308 5595 prout
3334 5524 3525 5595 videre
3555 5532 3639 5576 est

2055 5600 2194 5671 apud
2226 5602 2283 5654 S.
2315 5593 2669 5669 Augustinum
2703 5596 2840 5671 (Lib.
2869 5598 3107 5671 tadvers.
3140 5593 3403 5671 Ju_l_._cap.
3450 5593 3528 5658 6).

2124 5671 2296 5726 Porro
2317 5663 2491 5724 autem
2523 5663 2783 5723 annotare
2822 5668 2873 5721 in
2924 5666 3119 5720 librum
3170 5664 3300 5717 nihil
3340 5663 3636 5715 admodum

2055 5751 2139 5799 est
2158 5742 2212 5798 in
2241 5740 2440 5804 animo,
2470 5749 2821 5809 praaterquam
2848 5752 2967 5806 quin
2991 5733 3307 5791 eruditionis
3333 5733 3449 5788 sive
3474 5734 3635 5787 histo-
