3962 6180
267 318 352 373 535
419 315 721 373 DlSSERT.
756 314 820 370 γ.
873 313 961 371 DE
1001 314 1307 370 UBELLIS
1344 313 1529 369 FIDE]
1563 312 1863 370 SCRIPTIS
1902 313 1992 368 AB
2032 313 2463 371 AUCTORIBUS
2501 313 2819 371 HASRESIS
2856 315 3291 375 PELAGlANE.
3366 314 3471 370 554

263 433 387 493 ricte.
416 433 528 485 sive
548 432 772 493 alterius
798 429 1392 500 exquisitiorisluerint,
1415 430 1648 483 maxime
1673 443 1793 483 cum
1822 433 1869 488 Α
1902 427 2048 482 tione
2078 429 2367 483 subnixum
2394 447 2409 483 :
2437 429 2764 485 credendum
2791 438 2873 487 est
2901 431 3041 486 enim
3063 474 3079 498 ,
3108 433 3465 488 immortalem

262 501 315 554 ad
340 503 465 556 alios
514 502 663 556 Fidei
716 499 922 555 libellos
972 499 1335 553 animadversa
1382 502 1488 552 sint
1540 500 1795 553 hactenus

260 573 408 638 plura,
456 581 511 625 et
557 574 608 625 in
657 572 986 638 exponendis
1035 569 1369 638 dogmatibus
1396 568 1669 622 immorari
1702 583 1800 622 nec

259 643 442 703 deceat,
477 656 578 696 nec
604 642 764 696 etiam
815 642 988 694 liceat.
1036 641 1090 693 Id
1130 655 1291 692 unum
1342 648 1516 693 tamen
1565 639 1800 692 conabor

253 711 534 774 ostendere,
566 726 670 780 quo
693 710 972 764 defendam
1002 710 1285 778 AuguSIiui
1326 708 1604 776 judicium,
1629 709 1798 780 Julia-

252 795 356 833 num
379 779 709 835 Nestor-lana:
742 781 983 843 haeresis,
1010 781 1091 835 sin
1116 780 1289 832 minus
1316 780 1581 845 convinci,
1609 779 1797 833 saltem

250 851 294 901 in
319 851 672 918 suspicionem
717 851 931 916 merito,
975 864 1199 918 eamque
1254 863 1360 901 non
1400 849 1571 901 levem
1616 848 1797 903 vocari

248 933 527 1057 Ροῗιῗξρειιῐη
560 989 806 1058 praestitit
846 989 1087 1043 Julianus
1136 988 1190 1041 in
1237 988 1404 1056 prima
1437 997 1610 1056 parte,
1657 986 1796 1055 quod

248 1058 471 1127 Pelagius
500 1069 556 1114 et
583 1060 885 1115 Caelestius.
918 1058 1106 1120 Multa,
1155 1060 1219 1112 de
1246 1057 1427 1115 auibus
1456 1074 1555 1111 non
1578 1059 1799 1110 interro-

246 1128 461 1193 gabatur,
494 1129 754 1193 disseruit,
809 1138 853 1183 et
895 1128 957 1181 ab
1001 1131 1195 1180 unitate
1246 1127 1507 1180 Trinitatis
1538 1142 1693 1196 usque
1729 1127 1796 1180 ad

244 1198 641 1258 resurrectionem
667 1200 856 1263 carnis,
910 1199 1045 1267 quod
1088 1197 1267 1249 abillo
1311 1213 1453 1249 nemo
1480 1196 1790 1267 (querebar,

243 1267 621 1337 disputationem
645 1280 891 1337 quantum
918 1265 1097 1332 voluit,
1123 1267 1407 1320 terminavit
1431 1265 1669 1337 (August.
1702 1266 1789 1319 lib.

244 1339 295 1390 de
314 1335 457 1391 Crat.
488 1335 675 1392 Christ.
707 1354 821 1407 cap.
842 1337 957 1405 52).

301 1449 615 1517 (Sequuntur
644 1452 781 1520 apud
813 1449 1115 1504 Carnerium
1160 1457 1292 1505 uolt!
1332 1464 1460 1517 quas
1488 1447 1793 1518 subjecimus

244 1522 404 1586 textui,
432 1522 486 1573 in
513 1520 650 1574 calce
681 1520 1033 1590 paginarum.)

303 1610 409 1663 Non
438 1611 577 1676 erit,
609 1612 818 1677 opinor,
857 1612 1092 1666 alienum
1140 1626 1168 1665 a
1201 1612 1322 1666 loco
1352 1612 1403 1666 in
1434 1624 1542 1680 quo
1571 1625 1789 1676 sumus,

245 1681 418 1735 allerre
444 1693 563 1749 qua:
593 1681 858 1735 Mercator
886 1697 951 1736 ex
979 1683 1148 1736 altera
1175 1681 1369 1736 Juliani
1413 1686 1478 1736 ad
1520 1680 1788 1735 Zositnum

244 1751 453 1818 epistola
477 1750 777 1817 excerpsit,
807 1760 860 1804 et
887 1751 938 1805 in
969 1753 1161 1806 librum
1188 1751 1631 1806 Suhnotationum
1658 1766 1788 1805 con-

243 1820 352 1885 iecit
386 1820 700 1890 :iepistolas
740 1821 883 1874 enim
921 1821 1058 1875 duas
1102 1822 1381 1890 scripsisse
1422 1836 1480 1875 se
1523 1822 1589 1875 ad
1632 1821 1782 1874 Zosi-

245 1905 369 1960 mum
396 1889 644 1960 Julianus
674 1890 789 1958 ipse
813 1892 1095 1960 agnoscit,
1146 1889 1284 1960 apud
1327 1893 1682 1959 Augustinum
1728 1892 1780 1945 in

244 1959 393 2027 Opere
421 1959 743 2031 lnipertecto
769 1958 919 2031 (Cap.
942 1959 974 2013 6
995 1970 1041 2015 et
1060 1960 1135 2031 9).
1165 1958 1228 2015 Et
1254 1958 1505 2031 ambze’iu'
1533 1962 1779 2015 eumdem

245 2043 445 2096 scopum
477 2029 808 2093 collineant‘,
842 2029 946 2085 non
977 2029 1104 2084 una
1126 2042 1300 2085 tamen
1341 2029 1580 2095 ratione,
1620 2032 1785 2098 siqui-

243 2098 346 2151 dem
390 2098 545 2167 prior
583 2098 970 2167 professionem
1022 2100 1144 2155 ﬁdei
1191 2101 1468 2163 continet,
1522 2103 1785 2168 posterior

243 2168 625 2223 damnationem
654 2169 887 2238 quinque
911 2171 1336 2239 propositionum
1381 2170 1620 2224 Ctelestii
1643 2210 1657 2234 ,
1687 2170 1781 2223 sed

244 2239 399 2291 alieno
426 2253 593 2292 sensu
638 2249 1014 2307 acceptarum:
1065 2248 1126 2294 ut
1169 2240 1412 2294 videatur
1441 2251 1698 2308 utraque,
1732 2250 1782 2293 et

245 2322 434 2362 summo
471 2308 709 2376 pontiﬁci
754 2309 1043 2377 injuriosa,
1071 2310 1154 2364 cui
1183 2324 1464 2364 censuram
1501 2324 1650 2363 suam
1684 2324 1782 2363 ex-

246 2380 474 2440 probrat,
506 2379 650 2431 velut
680 2378 907 2445 iniquam
934 2395 949 2441 ;
983 2389 1036 2434 et
1066 2379 1337 2447 Pelagium
1368 2378 1785 2446 Cwlestiumque

242 2461 503 2518 excusare,
531 2458 795 2515 tamquam
819 2450 924 2503 alio
947 2464 1106 2504 sensu
1124 2494 1137 2516 ,
1162 2465 1317 2518 quam
1349 2463 1602 2502 censores
1630 2448 1787 2501 intel—

244 2516 501 2583 lexissent,
526 2518 765 2588 locutos;
784 2528 838 2573 et
860 2520 1053 2574 factum
1078 2516 1377 2588 approbare
1396 2518 1592 2574 Juliani
1614 2519 1786 2572 socio-

245 2600 447 2653 rumque
473 2587 843 2656 episcotiorum
869 2628 883 2651 ,
908 2590 997 2656 qui
1025 2587 1369 2656 pertinaciter
1396 2590 1787 2642 detrectassent

244 2657 497 2727 tractoria:
534 2655 730 2710 Zosimi
760 2655 1098 2712 subscribere
1118 2702 1132 2725 ,
1169 2659 1269 2713 hoc
1296 2667 1377 2713 est
1402 2699 1417 2723 ,
1448 2667 1506 2711 ut
1534 2658 1635 2727 ipsi
1678 2659 1789 2710 aie-

244 2724 399 2797 bant,
426 2725 567 2780 ferre
594 2728 912 2781 sententiam
945 2724 1131 2782 contra
1163 2737 1491 2797 praeceptum
1524 2724 1787 2795 apostoli-
1820 2752 1825 2755 ι

242 2808 366 2868 cum_
391 2795 440 2849 in
482 2810 614 2860 eos,
661 2800 749 2864 qui
790 2811 852 2868 se
896 2798 1087 2851 libellis
1130 2795 1453 2868 purgarent,
1494 2797 1789 2851 catholicos

244 2863 638 2929 confiterentur,
680 2863 736 2921 et
771 2866 1092 2921 datnnabilia
1131 2863 1254 2921 sibi
1277 2867 1486 2935 objecta
1530 2868 1786 2921 condem-

244 2944 438 3005 narent.
474 2935 747 2989 Posterior
786 2948 932 2991 certe
971 2937 1138 2990 videri
1186 2947 1359 3005 potest
1400 2938 1661 3001 alterius,
1704 2937 1787 2991 sin

243 3003 404 3055 minus
430 3006 874 3075 complementum
901 3006 1164 3075 quoddam
1188 3003 1552 3062 necessarium
1579 3008 1646 3061 ad
1674 3023 1789 3061 rem

244 3074 614 3147 rueragendam,
643 3077 831 3147 saltem
861 3074 943 3131 vel
972 3077 1262 3146 appendix,
1291 3092 1411 3147 quae
1439 3087 1664 3147 cognata
1695 3081 1787 3147 sit,

244 3144 317 3195 vel
345 3154 463 3195 nota
489 3160 610 3209 qua:
641 3146 891 3200 illustret.
1009 3144 1020 3146 ἡ
1046 3144 1051 3145 7
1214 3204 1218 3210 .

308 3210 561 3287 Mercator
603 3214 762 3287 igitur
790 3215 904 3270 hinc
933 3215 1058 3271 inde
1085 3218 1353 3287 excerpsit
1382 3219 1400 3287 (
1424 3218 1534 3272 Lib.
1565 3217 1782 3272 Subnot.

247 3297 347 3357 cap.
371 3284 424 3357 6)
450 3298 466 3335 :
499 3284 635 3335 Audi
663 3302 796 3337 nunc
824 3287 947 3355 quid
986 3288 1107 3339 olim
1145 3284 1265 3355 ipse"
1293 3284 1698 3357 pronuntiaveris
1738 3288 1789 3339 in

248 3355 444 3417 cpistola
465 3394 480 3417 ,
512 3369 665 3428 quam
692 3357 757 3406 ad
785 3358 954 3428 sedem
981 3355 1309 3426 apostolicam
1335 3358 1427 3413 illo
1454 3364 1677 3428 tempore
1699 3373 1793 3409 au-

251 3436 325 3473 sus
358 3432 429 3475 est
470 3423 702 3488 mittere,
742 3427 948 3491 quando
993 3423 1266 3479 conventus
1310 3423 1633 3491 detrectasti,
1676 3442 1793 3479 cum

252 3492 460 3566 universa
490 3491 720 3566 Ecclesia
757 3509 846 3563 per
873 3504 1033 3548 totum
1078 3497 1245 3548 orbem
1266 3536 1281 3559 ,
1313 3495 1584 3566 Pelagium
1629 3498 1793 3551 Crete-

252 3561 474 3635 stiunrque
499 3561 787 3635 dantrnzrej:
808 3580 921 3630 ane
948 3574 1214 3635 antequam
1233 3566 1283 3616 in
1304 3561 1481 3619 maan
1509 3577 1698 3619 sancta:
1724 3567 1792 3619 il-

251 3630 334 3682 lius
363 3630 602 3705 Romana:
632 3630 871 3705 Ecclesia:
897 3630 1085 3686 veniret
1114 3636 1353 3688 antistitis
1376 3676 1389 3693 .
1433 3646 1479 3705 te
1518 3647 1695 3705 agente
1719 3677 1733 3699 ,
1764 3652 1797 3688 a

250 3701 491 3773 nonnullis
520 3718 553 3753 a
583 3710 631 3754 te
659 3704 880 3773 deceptis
900 3742 914 3765 ,
958 3719 1046 3770 per
1083 3712 1241 3756 totam
1281 3721 1406 3772 pene
1435 3701 1647 3758 Italiam
1689 3713 1795 3757 ctr-

247 3771 449 3842 cnmlata
470 3810 484 3833 ,
513 3782 559 3823 et
585 3771 842 3839 tamquam
872 3788 1110 3842 magnum
1133 3773 1328 3842 aliquid
1354 3776 1627 3827 multorum
1655 3777 1798 3827 auri-

249 3840 327 3889 bus
353 3841 603 3892 insinuata
632 3840 975 3910 cognoscitur.
1010 3840 1089 3894 Ibi
1118 3840 1332 3911 uanique
1362 3846 1493 3898 inter
1522 3858 1720 3897 cwteru.

309 3970 401 4034 Qui
430 3980 515 4027 est
542 3973 707 4042 igitur
734 3983 992 4041 assertor,
1022 3977 1161 4044 quod
1205 3992 1381 4044 neque
1431 3993 1527 4047 per
1569 3988 1796 4036 mortem

249 4060 365 4113 Atla:
386 4079 542 4118 omne
570 4080 739 4134 genus
771 4068 1046 4121 hominum
1074 4070 1354 4133 moriatur,
1386 4087 1561 4140 neque
1590 4087 1682 4140 per
1713 4088 1799 4127 re-

247 4154 621 4210 surrectionem
653 4157 886 4222 Christi,
920 4173 1079 4213 omne
1106 4174 1276 4228 genus
1310 4159 1587 4215 hominum
1623 4177 1802 4215 resur-

247 4248 357 4301 gat.
398 4253 580 4296 contra
630 4246 943 4313 Apostolum
993 4249 1161 4301 sentit
1201 4247 1506 4303 dicentem:
1559 4250 1706 4304 Sicut
1746 4252 1800 4304 in

249 4327 398 4382 Adam
427 4348 597 4386 omnes
623 4336 930 4400 moriuntur,
963 4337 1036 4390 ita
1065 4338 1116 4390 in
1146 4334 1349 4392 Christo
1378 4355 1549 4393 omnes
1576 4342 1800 4408 vivi/ica-

251 4422 423 4473 buntur
448 4423 643 4494 (lCor.
675 4441 769 4493 xv,
792 4425 918 4495 22).
950 4429 1081 4482 Jure
1128 4429 1288 4497 igitur
1330 4430 1682 4498 improbatur,
1709 4432 1797 4502 qui

1899 518 2114 584 quidem
2146 519 2339 573 factum
2364 561 2376 582 ,
2406 520 2501 574 sed
2531 520 2619 589 qui
2647 522 2692 574 si
2736 536 2841 576 non
2884 532 3162 590 peccasset
3182 563 3199 588 ,
3237 539 3335 592 per
3370 539 3468 593 gu-

1899 616 2038 661 stum
2068 608 2198 677 ligni
2226 610 2351 663 vitte
2378 612 2633 665 virtutem
2679 621 2864 679 posset
2901 612 3318 670 immortalitatis
3356 615 3467 669 adi-

1900 697 2053 766 pisci.
2089 698 2223 753 Male
2249 699 2414 769 igitur
2452 700 2650 755 dictum
2696 712 2813 765 est,
2860 704 2970 758 sive
3021 713 3303 772 peccaret,
3353 706 3464 759 sive

1900 804 2005 842 non
2039 798 2320 857 peccaret,
2356 789 2525 844 fuisse
2554 793 2896 845 moriturum.

1970 924 2169 980 Eadem
2209 925 2319 979 fere
2359 926 2621 999 Mercator
2654 929 2847 995 repetit
2874 942 2993 994 cap.
3024 928 3094 981 9:
3133 927 3197 981 In
3244 930 3461 999 episto'a

1896 1003 2017 1058 tua,
2048 1012 2195 1067 iure,
2228 1004 2284 1047 ut
2313 998 2727 1062 memoravimus,
2759 998 2826 1049 ad
2864 1008 3051 1050 sancta:
3086 1002 3342 1052 memoria:
3371 1017 3459 1067 pa—

1895 1081 2014 1136 pam
2041 1066 2303 1120 Zosimum
2338 1066 2491 1118 missa
2525 1075 2627 1129 est,
2669 1068 2900 1131 displicet
2941 1067 3058 1131 tibi,
3099 1084 3304 1136 eumque
3338 1066 3462 1122 cen—

1896 1135 2104 1206 demnas
2125 1176 2140 1199 ,
2167 1137 2252 1206 qui
2279 1136 2429 1188 sentit
2448 1176 2461 1197 ,
2496 1137 2648 1189 Aosu
2681 1151 2973 1191 nonnum
3002 1151 3232 1190 rscruu.

1965 1204 2220 1259 Consulat
2261 1207 2431 1260 lector
2461 1212 2613 1258 notas
2644 1206 2710 1259 ad
2737 1216 2897 1274 caput
2942 1218 3148 1259 sextum
3196 1205 3463 1260 Subnota-

1897 1273 2098 1328 tiouttm
2130 1290 2144 1328 :
2174 1276 2297 1328 inde
2324 1277 2464 1329 enim
2506 1276 2763 1344 intelliget
2798 1292 2892 1329 cur
2922 1276 3023 1328 huc
3052 1276 3291 1342 epistola:
3323 1278 3463 1344 frag-

1895 1352 2070 1398 menta
2097 1344 2276 1398 allerri
2308 1344 2623 1410 debuerint,
2651 1347 3098 1414 quemadmodum
3130 1355 3182 1399 et
3213 1347 3313 1398 alia
3343 1362 3462 1413 quae

1895 1428 1959 1467 ex
1992 1415 2217 1481 epistola
2260 1416 2505 1483 ejusdem
2554 1416 2789 1483 Juliani,
2830 1415 3137 1469 eorumdem
3181 1416 3462 1483 episcopo—

1895 1497 2009 1535 rum
2043 1485 2294 1547 nomine,
2324 1485 2387 1537 ad
2418 1485 2612 1539 liul‘um
2646 1486 3180 1543 Thessalonicensem
3212 1484 3462 1552 Augusti-

1894 1567 1995 1606 nus
2042 1546 2310 1623 decerpsit
2354 1553 2547 1625 (Libris
2576 1571 2631 1609 tn
2661 1556 3023 1626 posterioribus
3053 1556 3120 1606 ad
3150 1546 3459 1622 Boaulia),

1893 1638 2116 1691 qumque
2158 1626 2209 1677 in
2257 1626 2483 1679 formam
2521 1627 2763 1693 epistolae
2806 1639 3091 1693 utcumque
3136 1626 3204 1679 ita
3248 1628 3459 1678 restitui

1894 1704 2146 1766 possunt,
2179 1704 2234 1747 ut
2265 1696 2471 1750 facilius
2500 1711 2720 1762 sensus,
2757 1698 2991 1766 partibus
3024 1698 3347 1758 recollectis,
3383 1697 3459 1748 vi-

1818 1788 1862 1848 Β
1890 1762 2100 1817 deatur.

1886 1894 2111 1971 Domino
2133 1899 2419 1971 beatissimo
2439 1902 2854 1971 sanctissimeque
2879 1902 3024 1970 fratri
3048 1914 3093 1955 et
3113 1904 3459 1956 consacerdoti

1958 1967 2154 2042 Rufo,
2190 1969 2479 2042 Occidentis
2531 1967 3109 2042 episcopi'temporibns
3158 1975 3457 2026 orthodoxis

1958 2053 2051 2100 pro
2082 2038 2185 2105 ﬁde
2212 2039 2462 2092 catholica
2503 2038 2913 2108 persecutionem
2950 2046 3107 2108 pnasi.

1955 2146 2109 2217 Cogit
2135 2166 2225 2203 nos
2255 2151 2478 2203 conditio
2504 2169 2673 2205 rerum
2697 2194 2712 2214 ,
2745 2169 2858 2220 qua:
2887 2154 2970 2205 hic
2995 2166 3259 2223 geruntur,
3298 2158 3456 2221 frater

1885 2241 2229 2307 sanctissime,
2274 2242 2454 2294 litteris
2493 2257 2583 2309 per
2622 2255 2668 2294 te
2713 2244 2762 2295 in
2792 2243 3048 2295 auxilium
3092 2254 3369 2307 nostrum,
3404 2254 3456 2295 et

1887 2343 1985 2397 pro
2012 2330 2115 2384 ﬁde
2142 2330 2402 2385 catholica
2423 2372 2439 2397 ,
2469 2341 2657 2386 contra
2701 2332 3113 2386 Manichaaorum
3158 2334 3454 2401 profanita-

1889 2429 1996 2474 tem
2026 2422 2439 2476 consensionem
2481 2423 2837 2478 Orientalium
2876 2423 3253 2491 episcoporum
3295 2439 3459 2493 expo.

1888 2524 2062 2564 scere.
2104 2510 2270 2565 Nobis
2299 2512 2440 2566 enim
2472 2524 2717 2579 movetur
2746 2514 2972 2582 quaestio
2991 2554 3007 2580 ,
3037 2516 3255 2585 virisque
3283 2526 3458 2586 poten-

1890 2601 2021 2654 tibus
2041 2641 2056 2667 ,
2090 2611 2374 2671 propterea
2406 2603 2757 2672 displicemus
2777 2646 2790 2669 ,
2825 2606 2950 2673 quia
2980 2606 3294 2659 damnamus
3322 2622 3417 2661 eos
3438 2651 3452 2674 ,

1890 2707 2022 2762 quos
2051 2693 2298 2759 praedixit
2321 2694 2608 2762 Apostolus
2638 2711 2919 2749 recessuros
2941 2712 2971 2747 a
2989 2697 3107 2764 ﬁde,
3127 2678 3460 2750 cauterialam

1891 2780 2127 2835 habentes
2157 2784 2523 2836 conscientiam
2540 2824 2556 2850 ,
2580 2785 2901 2855 prohibentes
2929 2788 3132 2855 nubere,
3155 2788 3457 2843 abstinentes

1891 2888 1922 2923 a
1948 2872 2071 2925 cibis
2103 2872 2317 2944 (lTim.
2342 2890 2414 2940 tv,
2440 2873 2544 2943 2),
2585 2890 2723 2944 quos
2767 2876 3070 2931 immundos
3112 2887 3329 2945 putant,
3361 2894 3460 2951 nec

1890 2962 2142 3034 putantes
2186 2981 2214 3020 a
2261 2967 2370 3022 Deo
2410 2979 2600 3023 cuncta
2646 2984 2767 3023 esse
2808 2970 3045 3023 condita.
3078 2970 3460 3039 Compellimur

1892 3069 2123 3123 negare,
2166 3056 2307 3124 quod
2351 3059 2526 3110 omnis
2552 3067 2796 3112 creatura
2827 3058 2919 3112 Dei
2949 3060 3083 3112 bona
3114 3061 3217 3124 sit,
3241 3072 3293 3113 et
3315 3062 3459 3115 nulla

1817 3153 1862 3216 ο
1897 3145 1966 3197 sit
1995 3145 2293 3199 substantia
2321 3186 2334 3209 ,
2368 3162 2527 3215 quam
2562 3163 2667 3201 non
2700 3162 2942 3201 summus
2973 3148 3167 3204 fecerit
3194 3150 3349 3205 Deus.

1961 3235 2105 3307 Cogit
2138 3254 2257 3300 nos,
2292 3238 2528 3307 inquam,
2560 3256 2731 3314 rerum
2760 3242 2987 3295 conditio
3015 3253 3232 3295 vestrum
3275 3244 3461 3315 implo-

1890 3344 2002 3381 rare
2044 3330 2335 3399 auxilium,
2369 3332 2569 3400 quando
2610 3332 2727 3385 hinc
2755 3348 2969 3403 sperare
2997 3332 3124 3387 nihil
3156 3335 3307 3387 licet:
3338 3351 3460 3388 nam

1894 3432 2027 3486 papa
2056 3419 2170 3488 ipse
2196 3420 2442 3475 Zosituus
2473 3422 2752 3490 pristinam
2781 3426 3095 3478 retractavit
3120 3426 3461 3480 sententiain.

1893 3506 2132 3578 Cumque
2160 3513 2308 3580 prius
2327 3553 2342 3577 ,
2371 3512 2540 3565 libello
2568 3511 3071 3584 Caelestiitamquam
3095 3516 3343 3568 catholico
3367 3533 3462 3585 ap-

1894 3599 2105 3667 probato
2126 3640 2140 3664 ,
2189 3602 2530 3670 prtecepisset
2557 3602 2705 3656 credi
2737 3612 3017 3670 oportere,
3050 3604 3166 3659 sine
3198 3606 3305 3659 ullo
3334 3606 3465 3659 vitio

1898 3692 2098 3756 peccati
2118 3691 2389 3758 originalis
2413 3691 2681 3745 hominem
2704 3694 2870 3759 nasci,
2888 3693 3172 3760 aliquorum
3194 3711 3344 3759 nunc,
3364 3698 3466 3749 sive

1897 3780 2091 3832 artibus
2113 3780 2339 3845 delusus,
2361 3782 2462 3834 sive
2483 3783 2685 3835 territus
2708 3784 2855 3835 minis
2877 3783 3187 3837 contrarium
3213 3786 3460 3851 deﬁnivit.

1972 3870 2198 3924 Romani
2229 3871 2411 3926 clerici
2434 3871 2689 3941 jussionis
2718 3882 2924 3927 terrore
2950 3873 3184 3941 perculsi
3213 3890 3315 3928 non
3343 3891 3468 3930 eru-

1901 3960 2130 4014 bucrunt
2157 3975 2271 4012 cum
2301 3976 2392 4014 suo
2418 3961 2636 4030 prtcsule
2664 3963 3120 4030 prmvaricatiouis
3144 3964 3346 4018 crimen
3372 3966 3468 4018 ad-

1902 4054 2145 4113 mittere,
2176 4060 2453 4107 utcontra
2496 4053 2729 4120 priorem
2772 4055 3094 4108 sententiam
3138 4069 3321 4119 suam,
3362 4071 3467 4122 qua

1900 4152 2066 4210 gestis
2095 4143 2364 4199 catholico
2403 4142 2641 4212 dogmati
2684 4145 2977 4211 aﬁucrant,
3008 4154 3193 4213 postea
3230 4161 3466 4214 pronun-

1904 4236 2129 4304 tiarent,
2160 4237 2354 4290 malam
2388 4237 2667 4291 hominum
2697 4251 2818 4291 esse
2847 4246 3109 4291 naturam.

1973 4326 2140 4381 Aiunt
2184 4328 2419 4393 scilicet,
2464 4343 2589 4397 quos
2630 4327 2947 4380 adversarios
2973 4328 3217 4396 patimur,
3250 4336 3471 4395 peccato

1903 4422 2033 4477 Adae
2055 4422 2334 4477 arbitrium
2360 4421 2587 4477 liberum
2610 4421 2679 4475 de
2703 4420 2976 4474 hominum
3002 4430 3184 4475 natura
3214 4423 3467 4491 periisse;

253 4508 361 4563 huic
399 4514 684 4569 sementim
725 4517 1083 4570 contradicit;
1118 4517 1220 4571 Per
1258 4520 1513 4573 hominem
1554 4538 1715 4587 mors,
1755 4504 1878 4577 (τι)
1908 4516 2072 4569 Deum
2104 4528 2210 4567 non
2240 4526 2359 4567 esse
2384 4511 2717 4567 nascentium
2765 4512 3144 4576 conditorem;
3190 4527 3220 4565 a
3257 4511 3469 4566 diabolo

250 4615 331 4663 per
355 4602 605 4658 hominem
632 4608 931 4661 resurrectio
961 4617 1277 4664 mortuorum
1308 4610 1471 4680 (Ibid.
1495 4614 1559 4667 2i
1579 4614 1622 4683 ).

313 4692 374 4745 ει
412 4694 523 4749 δωο
564 4711 782 4766 quoque
822 4699 1124 4766 sententia,
1170 4703 1310 4771 quod
1354 4713 1627 4771 peceatqu
1673 4705 1803 4759 Ada:

248 4780 409 4845 ipsum
438 4790 609 4842 solum
641 4789 808 4855 laesit,
841 4800 895 4845 et
922 4807 1025 4848 non
1059 4809 1230 4862 genus
1260 4795 1549 4849 humanum
1571 4838 1587 4861 ,
1632 4813 1661 4850 a
1702 4813 1800 4852 no-

246 4869 323 4926 bis
347 4879 535 4931 merito
564 4879 871 4935 refellitur:
908 4897 1014 4937 non
1054 4885 1197 4939 enim
1239 4887 1341 4940 soli
1385 4887 1523 4957 ipsi,
1572 4889 1666 4943 sed
1709 4904 1803 4958 ge-

245 4967 351 5018 neri
382 4967 614 5024 humano
643 4970 880 5026 obfuisse
906 4975 1238 5030 credendum
1267 4988 1374 5032 εει.

310 5055 453 5121 Quod
484 5068 665 5115 autem
698 5061 1013 5126 infantesin
1043 5080 1109 5121 eo
1135 5074 1275 5121 statu
1308 5068 1420 5121 sint
1440 5111 1453 5132 ,
1488 5067 1541 5122 in
1573 5083 1681 5138 quo
1709 5069 1806 5125 luit

247 5146 404 5200 Adam
444 5158 567 5205 ante
608 5155 1105 5219 praevaricationem
1132 5197 1146 5220 ,
1192 5159 1334 5211 inter
1380 5158 1803 5228 indiscipliuatas

245 5248 426 5301 reputo
452 5242 799 5311 quaestiones.
831 5243 948 5299 Non
980 5248 1123 5300 enim
1156 5262 1250 5315 per
1277 5249 1456 5302 omnia
1489 5249 1541 5302 in
1571 5264 1637 5304 eo
1663 5259 1802 5304 statu

244 5336 396 5392 sunt,
427 5332 512 5399 qui
544 5342 842 5387 nascuntur
888 5335 1077 5400 hodie,
1110 5337 1160 5389 in
1192 5353 1295 5403 quo
1335 5338 1501 5392 Adam
1541 5338 1637 5392 fuit
1681 5350 1806 5394 ante

244 5426 509 5477 peccatum
540 5439 553 5473 :
584 5423 827 5491 quamvis
850 5432 907 5479 et
932 5424 1055 5479 illos
1082 5440 1217 5495 Opus
1245 5428 1336 5481 Dei
1377 5443 1532 5495 esse,
1578 5430 1714 5484 sicut
1753 5439 1808 5486 et

243 5501 365 5569 ille,
396 5513 577 5581 negari
610 5529 715 5567 non
751 5518 944 5583 possit.

310 5598 475 5655 Adam
501 5605 662 5657 etiam
692 5608 974 5661 mortalem
1005 5608 1202 5662 factum
1229 5650 1242 5673 ,
1273 5611 1362 5679 qui
1394 5611 1507 5666 sive
1534 5623 1805 5680 peccaret,

249 5685 351 5744 sive
380 5706 482 5748 non
514 5704 797 5764 peccaret,
845 5696 1032 5753 fuisset
1072 5700 1402 5764 moriturus,
1449 5718 1556 5757 non
1600 5712 1679 5759 est
1724 5721 1806 5759 ra-

1906 4606 2175 4661 institutas
2206 4605 2422 4674 nuptias
2447 4620 2461 4669 ;
2495 4604 2595 4658 sub
2625 4604 2843 4657 nomine
2871 4604 3058 4673 gratia:
3087 4602 3159 4656 ita
3189 4602 3354 4656 latum
3384 4616 3472 4655 as-

1906 4706 2126 4762 serunt,
2173 4706 2231 4752 ut
2278 4696 2489 4761 dicant,
2535 4697 2657 4764 quia
2701 4696 2803 4749 nisi
2853 4695 2995 4749 Deus
3040 4694 3209 4748 invito
3238 4704 3291 4748 et
3322 4694 3471 4747 relu-

1906 4789 2072 4843 Ctanti
2102 4787 2303 4843 homini
2332 4786 2682 4854 inspiraverit
2705 4786 2827 4840 boui
2848 4825 2863 4852 ,
2896 4785 3062 4853 ipsius
3089 4784 3247 4838 etiam
3281 4784 3471 4851 imper-

1842 4888 1847 4891 ‘
1906 4878 2027 4932 tecti
2055 4877 2434 4947 cupiditatem,
2463 4892 2563 4933 nec
2589 4893 2619 4932 a
2647 4878 2793 4932 malo
2821 4875 3119 4938 declinare,
3151 4890 3247 4928 nec
3275 4875 3469 4928 bonum

1911 4978 2095 5038 posset
2119 4970 2381 5039 arripere.

1980 5060 2176 5131 Legem
2205 5061 2402 5116 veteris
2430 5060 2761 5115 Testamenti
2786 5057 3002 5121 dicunt,
3032 5071 3136 5110 non
3167 5056 3236 5110 ob
3266 5056 3364 5109 hoc
3390 5057 3468 5110 da-

1913 5163 2021 5207 tam
2050 5153 2250 5217 l'uisse,
2280 5162 2337 5206 ut
2360 5152 2679 5220 jttstiﬁcaret
2705 5150 3049 5211 obedientes,
3076 5146 3169 5201 sed
3192 5154 3249 5200 ut
3267 5147 3478 5216 gravior

1915 5245 2052 5299 ﬁerit
2087 5260 2245 5298 causa
2291 5244 2514 5313 peccati.
2551 5242 2819 5310 Baptisma
2851 5254 3063 5307 quoque
3096 5239 3339 5307 inquiunt
3370 5250 3473 5291 non

1912 5350 2042 5390 vere
2092 5335 2339 5390 homines
2382 5348 2551 5387 novos
2601 5332 2808 5395 facere,
2858 5330 2908 5384 id
2955 5344 3068 5393 est,
3118 5346 3222 5383 non
3270 5330 3478 5395 plenam

1914 5428 2044 5482 dare
2073 5427 2453 5483 remissionem
2483 5434 2827 5495 peccatorum
2858 5440 2873 5489 ;
2907 5424 3021 5491 sed,
3043 5439 3107 5477 ex
3149 5436 3300 5491 parte
3343 5422 3481 5474 ﬁlius

1914 5520 2007 5574 Dei
2041 5518 2185 5583 ﬁeri,
2215 5535 2278 5573 ex
2309 5528 2457 5587 parte
2490 5528 2668 5571 autem
2698 5517 2836 5571 ﬁlios
2866 5510 3083 5579 smculi,
3127 5514 3176 5567 id
3215 5525 3325 5579 est,
3368 5512 3482 5567 dia-

1917 5614 2023 5667 boli
2057 5627 2370 5677 remanere,
2405 5611 2753 5665 contendunt.

2017 5704 2207 5756 Dicunt
2246 5704 2405 5756 etiam
2462 5702 2719 5767 Spiritum
2762 5706 3006 5753 sanetum
3042 5696 3335 5765 atljtttorem
3380 5690 3479 5743 vir-
