3962 6180
486 335 591 391 555

913 331 1003 385 AD
1045 329 1325 384 PARTEM
1366 325 1629 381 PRIMAM
1668 325 1954 380 OPERUM
1995 325 2063 377 Μ.
2107 321 2545 379 MERCATOBIS
2585 323 2929 380 APPENDIX
2968 325 3306 383 SECUNDA.

3634 332 3740 386 5'»?

480 446 614 501 tutis
641 447 695 500 in
728 445 896 500 veteri
925 444 1271 497 Testamento
1298 455 1403 494 non
1435 439 1639 496 fuisse:
1674 441 1839 494 immo
1867 439 2048 507 aiunt,
2083 442 2132 498 Α
2156 439 2440 491 masculum
2469 450 2516 493 et
2539 441 2780 508 feminam
2811 443 2928 508 fecit
2958 458 3043 495 eos
3067 442 3277 508 (Matth.
3315 459 3427 512 xix,
3458 446 3542 516 4);
3574 458 3623 500 et
3659 449 3742 499 tli-

486 554 677 594 .lmnes
721 536 1009 605 Apostolos
1053 535 1140 588 vel
1181 533 1478 602 Prophetas
1507 548 1614 586 non
1640 532 1797 602 plene
1839 541 2054 585 sanctos

484 629 785 691 exstitisse,
819 627 912 680 sed
944 627 992 680 in
1025 625 1431 692 comparatione
1457 623 1704 692 pejorum
1734 623 1910 676 minus
1941 636 2055 675 ma-

481 722 556 773 los
581 762 594 782 ,
627 729 681 772 et
711 719 849 773 hanc
888 734 1013 772 esse
1049 718 1345 786 justitiam,
1375 718 1462 770 cui
1505 718 1642 771 Deus
1683 715 2050 769 testimonium

480 810 728 873 perhibet
757 851 770 874 ,
811 821 867 862 ut
906 809 1173 877 quomodo
1213 809 1342 861 dicit
1378 807 1634 876 propheta
1680 804 1899 875 (Esech.
1932 822 2051 867 xu,

474 901 608 970 46),
653 902 997 968 justiticatam
1041 900 1327 955 Sodomam
1379 898 1784 965 comparatione
1825 896 2042 949 Judteo-

477 1009 592 1046 rum
610 1035 624 1057 ,
652 996 723 1048 ita
749 994 911 1047 etiam
938 993 1350 1046 criminosorum
1375 990 1780 1058 comparatione
1801 987 2052 1040 dicantur

476 1083 640 1153 aliqui
691 1084 863 1138 sancti
915 1083 1227 1137 exercuisse
1267 1083 1520 1135 virtutem
1552 1099 1564 1134 :
1596 1082 1751 1133 immo
1799 1095 1856 1132 eo
1896 1093 2052 1146 usque

477 1173 803 1244 blasphemia:
832 1181 1207 1243 proruperunt,
1238 1181 1298 1227 ut
1325 1171 1598 1228 Christum
1639 1171 1817 1226 carnis
1860 1182 2051 1225 neces-

476 1265 634 1317 sitate
667 1266 950 1318 mentitum
981 1273 1249 1318 asserant.

546 1355 812 1410 Asserunt
839 1355 1062 1424 pariter,
1092 1365 1214 1424 post
1253 1354 1705 1409 resurrectionem
1751 1352 1885 1406 tales
1926 1365 2050 1420 pro-

475 1458 660 1500 cessus
689 1446 893 1498 futuros
919 1458 1076 1512 esse,
1108 1454 1167 1498 ut
1197 1443 1271 1499 ibi
1315 1444 1573 1513 incipiant
1605 1443 1855 1496 homines
1879 1483 1893 1508 ,
1928 1455 2048 1510 qua:

480 1535 564 1589 hic
594 1535 892 1600 noluerint,
923 1534 1018 1588 Dei
1048 1534 1296 1588 mandata
1328 1533 1626 1601 complere.

553 1625 676 1679 Illac
705 1635 751 1678 et
787 1626 897 1679 alia
925 1642 1039 1678 cum
1071 1625 1373 1679 Manio/unis
1401 1625 1668 1678 sentiunt:
1707 1638 1800 1676 nos
1839 1631 2008 1676 autem
2030 1664 2045 1688 ,

475 1718 658 1787 quibus
687 1716 836 1788 longe
863 1734 896 1770 a
925 1727 1066 1770 tanta
1094 1718 1355 1788 impietate
1383 1717 1620 1770 recedere
1649 1723 1898 1768 statutum
1935 1723 2009 1768 est
2031 1755 2045 1780 ,

2158 530 2234 583 xit
2264 547 2276 580 :
2310 528 2544 593 Crescite,
2574 538 2620 582 et
2649 530 3071 600 multiplicamini,
3098 542 3147 585 et
3175 535 3366 600 replete
3389 544 3577 588 terram
3614 535 3742 602 (Ge-

2157 637 2263 674 nes.
2295 636 2333 685 ι,
2381 620 2502 688 28);
2541 621 2822 689 statimque
2864 621 3011 676 addit
3045 641 3056 673 :
3092 623 3240 689 Quod
3269 641 3386 691 ergo
3436 624 3571 678 Deus
3608 643 3736 680 con-

2149 712 2341 778 junxit,
2371 710 2521 763 homo
2547 727 2650 764 non
2679 721 2876 778 separet
2905 711 3119 782 (Matth.
3154 729 3268 778 xix,
3297 715 3376 782 6).

2226 801 2470 853 Veterem
2499 800 2691 869 legem,
2721 817 2877 870 quam
2912 803 3182 856 ll-lauichmi
3203 817 3575 870 exsecrantur,
3597 807 3736 860 dici-

2156 908 2273 946 mus
2304 892 2593 947 secundum
2625 894 2936 961 Apostolum
2967 894 3143 961 (llam.
3178 911 3269 959 vn,
3309 895 3638 965 12)jusmm,
3679 909 3736 952 et

2155 992 2416 1046 sanctam,
2439 991 2495 1037 et
2534 983 2726 1037 bonam
2768 984 3193 1039 custodientibus
3220 988 3468 1041 mandata
3495 1003 3590 1042 sua
3620 1004 3637 1051 ;
3670 1004 3738 1042 ac

2157 1089 2251 1142 per
2296 1073 2452 1128 ﬁdem
2489 1073 2634 1144 juste
2665 1075 2991 1140 viventibus,
3041 1076 3177 1131 sicut
3215 1079 3488 1146 prophetis
3534 1087 3589 1132 et
3638 1095 3736 1147 pa-

2156 1165 2403 1222 triarchis
2450 1167 2804 1237 omnibusque
2852 1167 3075 1231 sanctis,
3105 1168 3269 1223 vitam
3316 1169 3550 1238 potuisse
3598 1185 3738 1226 con-

2156 1259 2296 1312 ferre
2319 1267 2651 1327 perpetuam.

2228 1349 2532 1404 Asserimus
2571 1351 2796 1405 liberum
2841 1350 3117 1406 arbitrium
3159 1365 3264 1406 non
3317 1353 3560 1419 periisse,
3606 1370 3732 1408 cum

2159 1440 2402 1510 loquatur
2432 1441 2688 1496 Dominus
2742 1456 2838 1508 per
2875 1441 3186 1510 prophetam
3217 1458 3233 1496 :
3270 1443 3334 1497 Si
3384 1445 3642 1498 volueritis
3685 1464 3736 1512 ει

2154 1533 2415 1585 audieritis
2440 1547 2537 1595 me,
2564 1549 2678 1601 qua
2696 1531 2824 1585 bona
2843 1541 2961 1585 sunt
2989 1540 3134 1584 terra
3152 1533 3335 1587 edetis.
3383 1533 3444 1587 Si
3465 1535 3736 1588 volueritis

2153 1632 2200 1676 et
2225 1638 2328 1675 non
2354 1623 2639 1688 audieritis,
2671 1621 2875 1690 gladius
2900 1637 2985 1674 vos
3015 1623 3238 1676 comedet
3267 1622 3402 1692 (Isa.
3438 1639 3477 1689 ι,
3509 1624 3619 1693 19).
3649 1628 3735 1679 Ac

2156 1729 2250 1783 per
2289 1714 2390 1767 hoc
2414 1715 2636 1782 gratiam
2667 1713 2892 1768 dicimus
2935 1714 3344 1782 uniuscujusque
3373 1715 3569 1770 bonum
3600 1731 3732 1785 pro-

477 1819 736 1863 creatum
766 1809 860 1861 Dei
887 1809 1169 1862 convicium
1198 1809 1389 1876 inferre
1414 1824 1517 1861 non
1543 1807 1772 1860 novimus
1793 1845 1809 1870 ,
1839 1806 1928 1860 sed
1967 1805 2060 1857 ho-
2089 1810 2134 1869 B
2163 1807 2388 1874 positum
2413 1805 2697 1872 adjuvare;
2729 1821 2832 1860 non
2859 1815 3034 1860 tamen
3057 1807 3337 1861 reluctanti
3363 1807 3596 1862 studium
3621 1811 3738 1863 vir-

476 1917 656 1953 norem
695 1910 743 1954 et
774 1901 979 1954 laudem
1006 1909 1214 1953 auctore
1239 1898 1470 1969 dignam.
1525 1896 1862 1952 Nascentium
1893 1897 2058 1966 igitur

477 1990 811 2044 conditorem
846 1991 1014 2046 Deum
1042 1991 1241 2044 bonum
1262 2030 1278 2053 ,
1306 2004 1401 2058 per
1430 2003 1589 2057 quem
1619 1987 1755 2041 laeta
1788 1995 1912 2040 sunt
1939 2001 2056 2039 om-

478 2082 595 2143 nia,
628 2079 899 2146 fatemur;
932 2081 1164 2135 fatemur
1191 2088 1246 2134 et
1274 2080 1414 2133 ﬁlios
1458 2078 1734 2132 hominum
1766 2092 1900 2146 opus
1933 2091 2056 2131 esse

481 2172 608 2236 Dei,
647 2186 708 2226 ac
755 2180 1032 2240 peccatum
1063 2187 1224 2226 omne
1250 2186 1356 2225 non
1388 2169 1455 2224 de
1486 2177 1707 2237 natura,
1737 2168 1833 2223 sed
1867 2166 1935 2222 de
1959 2181 2058 2222 vo—

478 2263 686 2318 luntate
712 2263 1083 2328 descendere;
1116 2273 1277 2332 atque
1306 2261 1378 2315 ita
1404 2260 1714 2314 Manichaeis
1739 2258 1936 2312 malam
1961 2273 2056 2310 na-

478 2363 655 2409 turam
697 2355 1004 2410 dicentibus
1032 2368 1250 2408 causam
1292 2368 1413 2408 esse
1455 2353 1692 2422 peccati,
1734 2349 1896 2420 hujus
1931 2364 2056 2403 sen-

481 2448 666 2502 tentiae
697 2449 926 2502 veritate
954 2447 1278 2502 resistimus.
1325 2445 1585 2501 Omnibus
1631 2445 1880 2498 aetatibus
1923 2441 2056 2496 dici-

481 2553 600 2593 mus
633 2538 958 2608 baptismum
1003 2553 1126 2594 esse
1171 2538 1567 2600 necessarium,
1611 2543 1670 2589 ut
1711 2535 1920 2588 scilicet
1965 2534 2053 2587 illa

477 2639 737 2684 creatura
779 2630 833 2684 in
870 2629 965 2683 Dei
1003 2629 1142 2684 lilios
1177 2629 1487 2698 adoptetur,
1530 2642 1634 2681 non
1674 2624 1815 2694 quod
1853 2625 2053 2693 aliquid

478 2736 545 2773 ex
574 2721 886 2788 parentibus
908 2719 1260 2790 trahat,quod
1289 2720 1359 2774 sit
1389 2720 1601 2774 lavacro
1633 2717 2054 2787 regenerationis

478 2811 824 2881 expiandum.
861 2812 1032 2878 Atque
1063 2809 1189 2864 hinc
1217 2808 1465 2864 Christus
1493 2809 1747 2863 Dominus
1776 2809 1866 2876 qui
1895 2808 2055 2861 voluit

478 2903 756 2955 secundum
795 2901 1162 2956 humanitatem
1203 2902 1346 2955 nobis
1395 2902 1507 2969 ﬁeri
1550 2903 1862 2969 conformis,
1907 2902 2051 2955 nulla

481 2994 688 3047 macula
743 2993 947 3062 peccati
999 2993 1096 3047 fuit
1142 3008 1454 3061 respersus,
1509 2994 1790 3063 ipsiusque
1831 3009 1956 3048 caro
1986 2993 2053 3048 ab

477 3084 620 3137 omni
655 3084 860 3152 peccati
889 3085 1211 3153 contagione
1240 3085 1529 3153 purissima
1563 3083 1804 3153 fuit,jam
1839 3083 1963 3137 inde
1986 3083 2053 3136 ab

2158 1895 2283 1948 tutis
2337 1895 2642 1960 immittere,
2692 1895 2813 1964 quis
2846 1911 3180 1965 personarum
3226 1899 3452 1964 acceptio
3502 1914 3604 1950 non
3657 1909 3736 1952 est

2156 1985 2293 2055 apud
2324 1982 2488 2036 Deum
2517 1984 2694 2052 (Rom.
2720 2001 2777 2050 ιι,
2808 1984 2918 2054 11).

2226 2075 2452 2130 Sanctos
2477 2075 2752 2129 laudamus
2772 2083 3040 2144 tamquam
3062 2076 3304 2132 criminis
3325 2091 3510 2147 puros,
3533 2078 3736 2147 quippe

2155 2177 2276 2218 cum
2309 2163 2570 2231 baptisma
2603 2165 2839 2233 perfecte
2880 2165 3128 2221 homines
3165 2167 3386 2222 innovet
3415 2185 3428 2219 :
3461 2169 3732 2237 siquidem

2155 2253 2443 2322 Apostolus
2475 2269 2569 2320 per
2589 2255 2862 2308 lavacrum
2891 2271 3044 2324 aqua:
3067 2256 3365 2312 Ecclesiam
3387 2257 3454 2311 de
3475 2258 3731 2326 gentibus

2156 2353 2390 2398 sanctam
2417 2344 2528 2398 ﬁeri
2557 2346 3058 2416 immaculatamque
3080 2357 3303 2402 testatur
3325 2347 3729 2418 (Ephes.v,27).

2157 2435 2410 2490 Sanctum
2441 2450 2654 2504 quoque
2683 2435 2939 2504 Spiritum
2983 2438 3277 2492 asserimus
3308 2449 3513 2493 mentes
3557 2440 3736 2495 bonas

2156 2523 2210 2578 in
2255 2525 2486 2594 antiquis
2513 2525 2780 2592 adjuvisse
2809 2528 3170 2596 temporibus,
3199 2530 3413 2584 dicente
3466 2531 3732 2598 propheta

2155 2616 2221 2670 ad
2251 2616 2414 2671 Dettm
2444 2635 2455 2668 :
2489 2616 2720 2686 Spiritus
2745 2628 2860 2670 tuus
2889 2619 3051 2673 bonus
3073 2620 3283 2674 deducet
3307 2639 3382 2674 me
3419 2623 3469 2674 in
3497 2625 3627 2675 viam
3653 2640 3741 2677 re-

2155 2719 2288 2763 ctam
2314 2707 2484 2779 (Psal.
2519 2725 2657 2763 cxut
2680 2752 2694 2775 ,
2725 2711 2831 2779 10).
2873 2711 3070 2768 Omnes
3097 2730 3307 2784 quoque
3335 2715 3645 2783 prophetas.
3677 2730 3738 2773 et

2156 2801 2446 2868 apostolos,
2474 2800 2555 2853 vel
2582 2812 2817 2866 sanctos,
2841 2809 2948 2855 tam
2980 2805 3106 2858 novi
3137 2820 3292 2873 quam
3326 2807 3523 2860 veteris
3544 2808 3740 2862 Testa-

2156 2892 2319 2946 menli
2343 2931 2357 2957 ,
2391 2892 2582 2960 quibus
2614 2893 2869 2948 Dominus
2919 2897 3278 2951 testimonium
3312 2895 3589 2966 perhibet,
3627 2916 3736 2955 non

2156 2981 2210 3035 in
2239 2982 2637 3050 comparatione
2682 2984 3085 3053 sceleratorum,
3118 2988 3210 3041 sed
3257 2989 3438 3058 regula
3469 2991 3730 3044 virtutum

2148 3072 2323 3142 justus
2368 3074 2567 3139 fuisse;
2601 3076 2654 3128 in
2684 3074 2862 3130 futuro
2909 3086 3088 3132 autem
3145 3088 3382 3147 tempore
3432 3081 3742 3136 mercedem

479 3175 848 3243 lnfantia,non
878 3176 1200 3230 excellentia
1235 3175 1451 3241 propria
1482 3182 1538 3228 et
1565 3177 1736 3243 gratia
1767 3173 2045 3242 singulari,

2168 3177 2277 3219 e=se
2309 3175 2413 3217 tam
2457 3165 2715 3218 bonorum
2746 3181 2902 3233 quam
2932 3169 3213 3221 malorum.
3251 3167 3518 3223 Caeterum
3543 3167 3744 3224 ‘nemic

484 3265 580 3320 sed
609 3267 990 3320 communione
1021 3274 1255 3326 naturae,
1296 3279 1415 3332 quae
1444 3264 1693 3317 omnibus
1720 3265 1858 3317 inest
1887 3264 2056 3316 infan-

482 3357 648 3412 tibus.
678 3356 958 3424 Quomodo
987 3366 1164 3410 autem
1197 3355 1264 3408 ab
1293 3355 1461 3408 Adam
1496 3362 1772 3422 peccatum
1810 3355 1860 3408 in
1896 3363 2058 3410 caate-

486 3463 574 3502 ros
600 3449 902 3513 transisset,
921 3448 1022 3501 nisi
1054 3445 1422 3515 animm,quod
1453 3445 1691 3499 Ecclesia
1721 3456 2054 3512 exsecratur,

485 3538 712 3606 proinde
738 3553 804 3592 ae
833 3538 1038 3606 peccati
1068 3537 1256 3590 tradux
1287 3535 1463 3590 foret?
1493 3536 1570 3589 Ex
1597 3534 1765 3590 Adam
1797 3536 2054 3604 dicimus,

485 3632 616 3686 nihil
646 3633 772 3686 mali
805 3632 1066 3686 transisse
1096 3645 1192 3700 per
1224 3640 1474 3696 czeteros,
1505 3629 1607 3683 nisi
1639 3638 1867 3684 mortem
1888 3671 1902 3694 ,
1938 3644 2058 3696 qua:

485 3738 589 3777 non
620 3738 835 3791 semper
859 3731 942 3778 est
971 3722 1167 3775 malum
1186 3763 1201 3787 ,
1232 3735 1351 3775 cum
1379 3729 1432 3775 et
1458 3721 1780 3790 martyribus
1807 3720 1875 3774 sit
1899 3734 2058 3774 causa

492 3810 859 3880 praemiorum,
877 3820 931 3866 et
952 3813 1033 3865 vel
1055 3812 1269 3874 bonam,
1285 3813 1369 3865 vel
1400 3811 1593 3864 malam
1609 3818 1838 3864 mortem
1851 3809 1955 3864 dici
1987 3809 2063 3863 fa-

488 3903 622 3970 ciat,
655 3919 761 3957 non
789 3902 1053 3957 resolutio
1081 3916 1404 3971 corporum,
1434 3916 1554 3970 qua:
1601 3900 1980 3954 excitabuntur
2009 3899 2060 3953 in

489 3997 639 4049 omni
677 4009 875 4064 genere
907 3994 1214 4058 hominum,
1245 3992 1338 4047 sed
1387 3993 1697 4046 meritorum
1747 3991 2062 4053 diversitas,

490 4101 612 4156 qua:
640 4085 708 4140 de
739 4085 975 4139 humana
1006 4084 1254 4138 libertate
1280 4083 1562 4151 contingit.

558 4176 782 4245 Nuptias
805 4190 931 4230 vero
957 4174 1253 4230 secundum
1281 4174 1579 4241 Scripturas
1609 4172 1906 4234 laudamus,
1937 4171 2058 4239 quia

490 4263 747 4321 Dominus
787 4267 840 4321 in
872 4266 1158 4336 Evangelio
1187 4264 1420 4334 loquitur
1454 4278 1468 4315 :
1505 4261 1607 4328 Qui
1652 4263 1770 4332 fecit
1799 4264 1861 4314 ab
1891 4263 2056 4326 initio,

500 4443 740 4460 *ᾐ-

2164 3272 2286 3311 nem
2318 3271 2474 3326 posse
2502 3272 2620 3326 qua:
2654 3257 2742 3312 hic
2769 3259 3171 3326 contempserit,
3205 3259 3308 3312 illic
3336 3260 3584 3313 mandata
3618 3277 3748 3327 per-

2165 3347 2345 3409 ﬁcere,
2378 3361 2498 3399 cum
2542 3345 2737 3401 dixerit
2776 3349 3060 3415 Apostolus
3093 3364 3108 3402 :
3141 3348 3352 3417 Oportet
3378 3367 3469 3403 nos
3515 3354 3742 3420 manife-

2161 3437 2286 3490 stari
2330 3445 2447 3488 ante
2495 3436 2716 3489 tribunal
2765 3436 2973 3504 Christi,
3018 3447 3074 3490 ut
3121 3448 3342 3506 reportet
3390 3442 3747 3511 unusquisque

2165 3530 2370 3597 prapria
2415 3529 2639 3597 corporis
2675 3529 2950 3582 secundum
2984 3529 3121 3598 quod
3160 3530 3347 3599 gessit,
3377 3531 3479 3585 sive
3515 3532 3742 3598 bonum,

2160 3619 2265 3672 sive
2290 3619 2482 3671 malum
2510 3617 2577 3688 (ll
2603 3617 2719 3671 Cor.
2753 3634 2804 3682 v,
2836 3617 2949 3686 10).

2232 3708 2396 3776 Atque
2433 3709 2538 3761 hcc
2569 3723 2682 3759 cum
2723 3708 2963 3762 adversus
3003 3707 3316 3762 Manichteos
3354 3708 3610 3762 catholica
3639 3709 3748 3776 ﬁde

2164 3799 2484 3866 conﬁtemur,
2530 3807 2640 3850 tum
2690 3796 2889 3851 inimici
2937 3798 3101 3851 nostri
3130 3799 3182 3851 in
3232 3798 3451 3866 hujusce
3499 3799 3747 3853 veritatis

2165 3891 2349 3945 odium
2380 3889 2520 3943 dicta
2551 3888 2832 3956 Augustini
2873 3898 3258 3957 susceperunt;
3291 3899 3344 3941 et
3373 3899 3486 3942 toto
3529 3889 3750 3958 penitus

2166 3980 2455 4034 Occidente
2484 3994 2588 4032 non
2626 3981 2799 4032 minus
2840 3980 3058 4033 stultum
3095 3995 3252 4048 quam
3293 3979 3511 4048 impium
3544 3981 3746 4050 dogma

2168 4085 2439 4141 receptum
2490 4080 2591 4138 est,
2640 4081 2796 4137 atque
2851 4086 2881 4125 a
2923 4072 3251 4140 simplicibus
3292 4073 3577 4140 episc0pis,
3626 4074 3747 4127 sine

2167 4162 2580 4233 congregatione
2609 4161 2797 4231 synodi
2821 4163 2874 4214 in
2901 4162 3035 4216 locis
3062 4164 3172 4216 suis
3195 4163 3524 4228 sedentibus,
3549 4164 3617 4217 ad
3643 4165 3745 4218 hoc

2166 4251 2592 4308 coollrmandum
2621 4261 2828 4306 extorta
2856 4260 2939 4306 est
2965 4251 3307 4322 subscriptio.

1406 4534 2557 4618 DISSERTATIO
2631 4534 2836 4626 νΙ.

1729 4707 1790 4751 ιιι
1823 4709 1986 4754 DUAS
2022 4708 2257 4752 PARTES
2283 4708 2516 4751 DIVISA.

1595 4849 1997 4921 PARS
2103 4849 2642 4919 PRIMA.

581 5006 664 5058 DE
697 5003 978 5056 SCRIPTIS
1009 5001 1053 5050 Δ
1082 4995 1555 5049 DEFENSORIBUS
1589 5000 1760 5050 FIDE!
1795 4999 2056 5050 ADVERSI

2168 4994 2896 5047 H/ERESIMrPELAGIANAM
2932 4993 3098 5045 ANTE
3131 4993 3395 5044 MOBTEM
3431 4992 3658 5042 SANC'I'I

1939 5083 2302 5133 AUGUSTINI.

498 5222 565 5281 lu
602 5218 749 5278 Hac
787 5213 982 5272 verba
1014 5205 1385 5269 Mercatoris
1418 5226 1434 5265 :
1471 5205 1700 5264 Contra
1723 5206 1991 5282 pueriles
2019 5221 2203 5262 ausus
2233 5203 2360 5282 ejus
2389 5207 2617 5259 sanctor
2650 5197 3122 5282 recordationis
3150 5196 3542 5282 A_ttgustt'nus
3582 5195 3748 5273 Epi-

695 5272 916 5367 scopus
946 5285 1208 5348 diuersis
1233 5283 1605 5362 temporibus
1632 5272 1906 5343 diuersos
1937 5283 2215 5342 condidit
2245 5272 2465 5355 libros,
2493 5284 2612 5338 etc.
2643 5275 2914 5353 (Prtefat.
2947 5278 3013 5334 in
3039 5277 3151 5335 lib.
3182 5272 3545 5353 subnotat.)

568 5467 853 5527 Postquam
881 5447 1611 5527 prtecedentioissertatione
1639 5446 1941 5525 expositum
1971 5451 2073 5506 est,
2109 5450 2154 5506 ι)
2181 5441 2383 5527 statim!
2409 5438 2985 5527 horruissentiopera:
3021 5437 3248 5527 pretium
3279 5433 3746 5527 videtutpernsz—

496 5516 632 5604 quid
653 5516 831 5586 hostes
858 5516 979 5580 fidei
1023 5519 1331 5604 ediderint:
1350 5517 1418 5604 ad
1446 5532 1589 5604 suos.
1607 5531 1860 5604 erro-res,-
1872 5516 2075 5604 lsinqua

499 5584 706 5661 ila—tione
732 5606 969 5668 possent,
999 5587 1421 5668 persuadendcs,
1447 5595 1760 5668 mentesque
1781 5584 2075 5668 catholicas

495 5656 766 5730 verbisii'n
819 5656 1052 5734 Speciem
1084 5658 1404 5734 orthodoxis
1455 5657 1733 5734 fallendus,
1770 5656 2079 5734 nui-inpru-

501 5724 690 5804 dentes
721 5724 998 5797 venenum
1034 5732 1331 5796 haurirent,
1382 5727 1520 5798 quod
1548 5741 1646 5796 per
1685 5739 1744 5781 se
1781 5724 2077 5780 exhibitum

2182 5512 2414 5574 nupsitn,
2448 5519 2654 5562 servata
2692 5505 2990 5575 temporum
3023 5507 3247 5571 ratione,
3296 5520 3566 5575 exponere
3596 5505 3747 5575 quid-3

2182 5572 2306 5648 quid
2353 5580 2420 5631 ab
2462 5587 2649 5648 exortu
2677 5572 3003 5648 haeresisad
3043 5577 3247 5628 obitum
3293 5574 3595 5644 AnguSIini,
3627 5572 3750 5648 fidei

2183 5643 2458 5702 catholica:
2484 5647 2794 5702 defensores
2824 5647 3154 5714 scripserint,
3186 5657 3244 5698 ut
3272 5643 3432 5699 nemo
3459 5661 3562 5697 non
3587 5643 3753 5711 possit

2185 5719 2339 5775 facile
2387 5719 2602 5786 intueri,
2635 5718 2827 5786 quibus
2855 5713 3104 5783 aequasi
3155 5715 3409 5784 gradibus
3453 5715 3648 5770 veritas
3673 5713 3750 5767 vi-
