3972 6180
264 311 372 367 537
458 307 762 364 UISSERT.
805 306 892 360 Vl.
919 307 1005 361 DE
1043 305 1346 362 SCRIPTIS
1387 307 1543 360 ADV.
1589 307 1913 362 HERESIM
1956 307 2200 362 PELAG.
2241 310 2426 366 ANTE
2470 311 2758 369 MORTEM
2799 315 2856 372 S.
2907 318 3299 380 AUGUSTINI.

3395 332 3502 389 δ’δῖ

258 428 486 482 dendam
508 426 784 491 obtulerit,
810 424 1104 492 quibusque
1128 424 1482 492 pugnantibus
1503 423 1570 476 de
1595 423 1825 478 falsitate
1855 426 1902 480 A
1931 421 2069 494 unde
2089 425 2300 494 caueri,
2349 424 2508 478 etiam
2549 426 2892 493 Augustinus,
2941 433 3150 487 abunde
3199 435 3495 494 Inani-irem,

260 497 688 563 triumphaverit.

325 562 464 620 Sunt
492 577 668 618 autem
698 566 915 618 omnino
943 565 1173 631 quinque
1201 563 1510 617 defensores
1539 562 1681 625 fidei,
1713 564 1826 630 qui,

250 637 476 690 deﬁnito
505 636 678 704 spatio
708 637 982 701 temporis,
1009 649 1101 700 pro
1141 634 1375 688 Ecclesia
1415 649 1534 686 cum
1585 633 1825 704 ipsisutet

250 703 549 759 bmreticis’
575 706 774 773 scripto
819 717 1135 770 pugnarunt,
1170 719 1504 770 quorumque
1550 717 1712 773 onera
1755 703 1820 756 ad

247 792 349 828 nos
383 772 763 842 pervenerunt,
793 774 1143 841 Hieronymus
1163 813 1180 836 ,
1209 776 1550 841 Augustinus,
1582 772 1818 833 Orosius.

245 847 434 899 Sixtus
465 854 519 899 et
558 845 836 898 Mercator.
867 843 970 896 Sed
1019 843 1371 912 Hieronymus
1419 852 1682 908 tamquam
1715 846 1817 896 dux

241 917 464 977 quidem
507 915 718 984 inclytae
762 913 1074 973 senectutis,
1103 923 1156 967 et
1187 927 1403 966 suarum
1438 912 1670 984 pondere
1700 913 1817 984 pal-

245 1000 456 1037 marum
487 981 684 1052 gravis,
718 993 989 1053 postquam
1045 991 1323 1050 pugnaSset
1356 981 1505 1044 satis,
1539 982 1604 1033 ad
1640 982 1816 1046 pristi-

245 1071 368 1106 nant
413 1054 776 1107 fortitudinem
829 1053 1176 1120 probandam,
1208 1053 1381 1104 locum
1426 1053 1589 1104 cessit
1631 1053 1810 1117 Augu-

241 1126 409 1183 stino,
429 1126 575 1193 cujus
601 1127 758 1176 ductu
780 1123 955 1191 viginti
978 1124 1194 1190 amplius
1216 1123 1361 1174 annis
1382 1130 1558 1193 contra
1584 1121 1813 1193 inimicos

238 1195 425 1261 gratia:
479 1191 602 1253 Dei,
649 1193 896 1245 catholica
934 1194 1066 1244 acies
1105 1193 1176 1244 ita
1227 1191 1464 1261 pugnavit
1493 1199 1540 1242 et
1579 1191 1728 1253 vicit,
1756 1200 1812 1244 ut

237 1279 336 1315 non
367 1280 524 1328 passa
552 1265 703 1333 fuerit
732 1265 979 1332 respirare
1006 1277 1131 1330 quos
1147 1261 1291 1333 _vicit,
1322 1269 1366 1313 et
1395 1261 1448 1312 in
1473 1276 1688 1319 quorum
1715 1278 1807 1314 ea:-

233 1334 434 1384 cidium
464 1331 618 1385 unam
649 1331 943 1384 cunctorum
977 1331 1299 1384 sacerdotum
1329 1346 1480 1382 manu
1510 1333 1806 1384 sententiam

231 1403 541 1471 conscripsit
570 1402 775 1470 (Prosp.
802 1402 888 1457 lib.
912 1409 1046 1454 cont.
1073 1399 1261 1453 Collat.
1284 1417 1330 1452 c.
1359 1401 1428 1471 t)._
1447 1399 1652 1467 Reliqui
1673 1408 1803 1466 tres,

233 1472 318 1526 vel
352 1469 652 1540 Augustino
694 1469 830 1526 duce
859 1471 1196 1534 dimicarunt,
1231 1471 1311 1524 vel
1357 1469 1546 1524 saltem
1570 1472 1802 1526 vincenti

229 1542 652 1595 collaborarunt.

303 1612 424 1663 Dixi
470 1627 617 1676 vero,
644 1611 764 1678 ﬁdei
810 1610 1122 1679 defensores.
1157 1607 1282 1662 Scio
1327 1609 1466 1660 enim
1496 1607 1798 1666 Nestorium

229 1679 282 1733 in
321 1681 575 1734 eamdem
615 1681 857 1734 haeresim
891 1681 1136 1733 habuisse
1174 1693 1466 1735 sermones,
1499 1693 1630 1746 quos
1677 1694 1799 1732 san-

228 1749 702 1836 ctttsﬁlilelestiuus
745 1750 997 1836 laudavit;
1029 1747 1554 1836 quosque‘Mercator
1579 1759 1793 1814 ereptos
1827 1775 1874 1836 Β

227 1820 532 1872 vindicibus
561 1820 935 1883 imperatorum
967 1819 1190 1872 flammis
1214 1817 1277 1870 ad
1302 1833 1398 1870 nos
1429 1832 1594 1882 usque
1620 1826 1794 1872 trans-

227 1889 377 1942 misit
411 1907 422 1940 :
472 1889 564 1942 sed
597 1887 1004 1943 lueresiarcham
1045 1887 1412 1942 defensoribus
1441 1885 1561 1943 ﬁdei
1606 1903 1798 1944 accen—

225 1973 345 2012 sere
384 1957 682 2027 religiosum
704 1960 822 2012 luit.

291 2027 422 2081 Dixi
469 2029 650 2093 etiam,
699 2044 912 2095 quorum
954 2029 1145 2090 scripta
1189 2027 1256 2079 ad
1303 2043 1395 2080 nos
1440 2039 1792 2090 pervenerunt.

226 2097 413 2164 Neque
460 2099 603 2152 enim
651 2100 835 2166 ignoro
871 2113 902 2150 a
944 2097 1257 2165 quibusdam
1301 2098 1504 2161 asseri,
1549 2107 1791 2154 sanctum

224 2167 512 2220 Paulinum
562 2169 866 2222 elaborasse
911 2167 1170 2222 adversus
1236 2166 1546 2233 Pelagianos
1597 2167 1788 2223 librum

223 2237 285 2289 ab
305 2238 614 2304 Augustino
643 2237 1090 2292 commendatum.
1123 2238 1252 2301 Qua:
1281 2238 1322 2289 si
1346 2252 1468 2289 vera
1501 2245 1644 2290 esset
1669 2240 1788 2301 opi-

223 2309 329 2370 nio,
372 2308 529 2362 fateri
557 2317 862 2376 Oporteret,
894 2308 1022 2360 tanti
1046 2308 1144 2360 viri
1175 2321 1308 2374 opus
1329 2351 1342 2368 ,
1377 2307 1458 2358 vel
1489 2315 1788 2370 temporum

221 2378 494 2430 edacitate
536 2386 908 2445 consumptum
948 2391 1098 2438 esse,
1127 2378 1208 2430 vel
1239 2376 1673 2445 bibliothecarum
1705 2388 1800 2432 te-.

218 2447 413 2501 nebris
444 2443 776 2516 insepultum
794 2448 979 2500 latere.
1011 2447 1203 2499 Verum
1244 2443 1484 2498 homines
1514 2444 1595 2516 illi,
1627 2445 1694 2516 ab
1723 2461 1786 2502 eo

213 2517 438 2581 decepti
465 2515 606 2580 sunt,
639 2518 726 2586 qui
760 2517 972 2586 titulum
999 2518 1244 2581 apposuit
1269 2516 1508 2586 epistolae.
1539 2515 1646 2586 106
1676 2517 1786 2570 Au-

213 2531 438 2581 aeceptt
465 2531 606 2580 sunt,
639 2533 726 2586 qttt
760 2531 972 2570 titulum
999 2531 1244 2581 apposutt
1269 2531 1508 2637 eBtsuuae
1539 2531 1646 2568 ‘ltlD
1676 2531 1785 2570 Au-

211 2588 445 2651 gustini,
483 2595 536 2640 et
563 2602 658 2654 pro
687 2587 823 2640 libro
849 2585 1137 2654 Epistolant
1167 2601 1254 2637 vm
1339 2585 1497 2637 aulini
1529 2585 1593 2637 ad
1620 2585 1785 2639 Seve-

208 2670 347 2708 rum
390 2665 737 2724 acceperunt;
787 2656 840 2709 itt
882 2656 981 2708 hac
1019 2657 1160 2708 enim
1207 2655 1467 2718 reperitur
1513 2663 1655 2707 totus
1693 2655 1783 2709 ille

207 2725 374 2780 locus
417 2725 484 2779 ab
535 2725 830 2794 Augustino
879 2725 1123 2778 laudatus
1165 2742 1176 2776 :
1230 2726 1436 2793 Pauper
1474 2740 1563 2791 ego
1603 2734 1649 2776 et
1687 2727 1784 2777 do-

203 2795 350 2857 lens,
383 2797 470 2862 qui
503 2796 672 2848 adhuc
712 2807 921 2848 terrena:
962 2795 1202 2863 imaginis
1242 2795 1479 2861 squalore
1517 2803 1783 2848 concretus

201 2881 354 2925 sum,
387 2875 492 2918 etc.

271 2935 408 2988 Dixi
453 2935 704 3004 denique,
749 2936 836 3002 qui
877 2933 1089 3002 tle/inito
1137 2933 1378 3004 temporis
1415 2933 1624 3004 spatio,
1669 2942 1775 3004 etc.

198 3002 349 3056 Nam
382 3002 625 3073 Prosper,
656 3015 1006 3073 praeterquam
1035 3004 1176 3074 quod
1201 3003 1458 3074 adversus
1484 3003 1778 3074 Semipela-

195 3073 404 3140 giarios
449 3076 558 3129 fere
601 3077 746 3128 solos
790 3073 1205 3137 scripsit,'ante
1245 3073 1443 3127 obitum
1497 3073 1775 3140 Augustini

2006 491 2358 572 Epistolarum
2385 509 2486 547 una
2510 506 2592 572 est
2620 491 2684 548 ad
2715 497 3080 572 Marcellinum
3111 491 3408 572 tribunum,
3429 491 3499 566 de

1928 561 2136 627 origine
2162 566 2458 646 animarum
2483 580 2497 626 ;
2528 566 2694 618 altera
2738 569 2805 619 de
2824 574 3227 646 _qu:estionihus
3255 561 3495 646 Pelagia:

1929 646 2118 714 norum
2146 633 2212 683 ad
2240 631 2676 714 Ctesiphontem;
2714 631 2875 714 tertia
2893 641 2957 714 ad
2985 641 3216 714 Alipium
3239 655 3291 696 et
3314 631 3491 714 Adgn-

1923 701 2120 780 stilnunt
2151 701 2494 780 gratulaturia
2525 705 2591 758 de
2615 706 2886 780 proﬂigata
2914 701 3107 765 haeresi
3130 701 3489 780 leestiati'a;

1923 770 2163 854 reliquae
2195 771 2334 854 duce"
2354 773 2541 854 breves
2587 775 2654 854 ad
2696 770 3078 845 Augustinum,
3119 798 3239 851 qua:
3270 770 3489 854 propter

1920 841 2200 908 aenigmata
2225 842 2444 896 dillicile
2474 841 2853 909 intelliguntur.

1990 909 2194 991 [ηδιοςί
2221 911 2510 991 mammam.
2527 922 2726 991 partem
2752 928 2985 991 pugnant
3005 921 3260 991 adversus
3283 925 3484 991 impec-

1917 980 2146 1059 cannam
2178 995 2208 1032 a
2238 979 2452 1059 Pelagio
2481 979 2780 1059 defensam,
2809 979 2906 1059 tice
2936 989 3037 1041 nisi
3067 992 3166 1043 sub
3189 979 3485 1048 linem'ter-

1917 1049 1974 1100 tii
2005 1049 2072 1102 de
2090 1051 2370 1128 .baptisntn
2399 1054 2742 1128 parvulorum
2776 1057 2967 1122 agitur,
2993 1068 3045 1110 et
3068 1060 3134 1111 ita
3158 1061 3395 1128 quidem,
3423 1075 3479 1118 nt

1913 1118 2139 1200 qtiazstio
2175 1132 2449 1200 moveatur
2471 1125 2686 1200 .tnagis“,
2712 1118 2869 1200 quam
2911 1118 3482 1200 solvatur,'lectorque

1911 1186 2172 1267 addibros
2200 1192 2482 1267 Augustini
2525 1186 2849 1267 erittliendus
2890 1186 3206 1252 remittatur.
3242 1199 3297 1252 lu
3334 1186 3474 1266 prim-—

1911 1255 2195 1334 fationibns
2226 1255 2300 1313 ea
2321 1263 2429 1334 fere
2460 1264 2804 1334 continentur
2859 1282 2976 1332 qua:
3015 1269 3284 1334 pertinent
3313 1255 3377 1323 ad
3412 1272 3476 1325 il-

1909 1323 2234 1408 lustrandam
2258 1369 2274 1394 ,
2319 1333 2432 1384 sive
2477 1323 2983 1408 ltistoriam__rer_um
3015 1323 3467 1408 'Pelagiauartun,

1906 1396 2021 1518 ἕπε
2054 1401 2312 1454 rationem
2363 1409 2661 1470 temporum
2683 1443 2700 1469 ,
2728 1403 2943 1459 aliunde
2989 1421 3093 1460 nott
3129 1396 3472 1466 mediocriter

1976 1481 2206 1518 scuram.

1905 1478 2206 1522 Obscuram.

1906 1554 2140 1624 Epistola
2170 1561 2254 1641 ,ξεί
2299 1558 2661 1641 Marcellinum
2710 1564 2967 1641 tribunum
2993 1606 3007 1630 ,
3057 1583 3170 1641 quae
3215 1568 3284 1622 82
3329 1573 3468 1641 apud

2158 1627 2559 1700 Hieronymum,
2591 1633 2660 1685 27
2687 1636 2827 1699 apud
2859 1627 3216 1706 Augustinum.

1968 1734 2188 1812 Scripta
2205 1749 2287 1794 est
2323 1755 2448 1812 anu.
2481 1743 2578 1796 Ml
2603 1758 2617 1806 ;
2646 1759 2815 1812 neque
2844 1745 2985 1797 enim
3017 1747 3187 1810 potuit
3213 1756 3337 1799 ante
3367 1751 3454 1802 ad-

1904 1814 2115 1860 ventum
2143 1809 2432 1882 Marcellin‘i
2464 1813 2515 1864 in
2548 1809 2804 1874 Africani,
2834 1809 3262 1882 quandoquidem
3293 1821 3462 1872 couti-

1898 1885 1990 1945 net
2015 1879 2418 1945 responsionem
2439 1883 2503 1933 ad
2529 1882 2734 1936 litteras
2758 1883 2824 1936 ab
2853 1879 3038 1937 eodem
3060 1879 3366 1939 Marcellino
3395 1889 3460 1942 ad

1903 1943 2298 2022 Hieronymum
2318 1965 2381 2004 ex
2413 1951 2586 2004 Africa
2614 1953 2784 2005 datas.
2805 1953 3052 2014 Tandem,
3084 1956 3249 2022 inquit
3276 1957 3461 2010 lliero-

1897 2029 2205 2096 p‘ymustea:
2227 2020 2420 2096 Africa
2439 2030 2615 2096 vestra:
2647 2023 2855 2096 litteras
2885 2020 3236 2096 unanimitatis
3263 2029 3450 2096 accepi.

1894 2081 2236 2156 Marcellinus
2257 2081 2387 2142 vero
2409 2089 2458 2141 in
2480 2090 2716 2144 Africam
2739 2093 2902 2156 venit,
2920 2101 3011 2144 aut
3031 2093 3130 2145 sub
3155 2096 3309 2147 linem
3333 2081 3457 2150 anni

1892 2151 1997 2207 U0
2031 2171 2043 2206 :
2075 2159 2214 2224 quod
2243 2158 2334 2210 vix
2363 2160 2570 2226 opiner,
2599 2171 2818 2227 propter
2847 2151 3261 2229 tempestuosum
3286 2179 3453 2227 mare,

1891 2231 1983 2275 aut
2027 2239 2187 2298 verna
2238 2237 2554 2298 tempestate
2597 2239 2983 2297 consequente,
3037 2232 3177 2298 quod
3226 2233 3454 2286 similius

1890 2295 2204 2371 vero..Nam
2252 2297 2485 2351 edictum
2518 2295 2878 2371 llquoriilb.
2920 2315 2976 2353 ttt
3006 2295 3276 2371 déﬂRelig.
3323 2303 3448 2356 Cod.

1889 2359 2138 2444 .Tfteod.),
2168 2367 2628 2444 quosancttisjlle
2651 2359 2848 2444 pariter
2868 2383 2930 2444 ac
2949 2370 3188 2444 eruditus
3211 2359 3451 2444 tribunus

1883 2432 2819 2498 jubebatur'collationiCatholicos
2867 2438 3002 2492 inter
3040 2453 3101 2491 ac
3143 2439 3449 2495 Donatistas

1889 2499 2179 2574 habenda,
2207 2508 2354 2559 velut
2378 2507 2620 2570 cognitor
2649 2509 2936 2570 interesse,
2969 2508 3151 2561 datum
3183 2511 3450 2574 reperitur

1887 2570 2154 2626 Ravenna:
2182 2590 2232 2627 tv
2265 2575 2383 2648 idus
2411 2576 2843 2648 Octo_b.AVaraue
2865 2580 3108 2646 consule,
3138 2570 3448 2648 quo-consi-

1883 2649 2079 2709 gnatur
2101 2659 2274 2698 annus
2301 2645 2502 2699 Christi
2529 2643 2653 2700 H0.

1953 2711 2136 2785 Neque
2161 2715 2320 2768 etiam
2349 2728 2533 2785 postea
2557 2715 2670 2768 dari
2695 2717 2883 2783 potuit,
2910 2732 3028 2770 nam
3053 2718 3224 2784 primo
3247 2721 3444 2785 scripta

1883 2780 2109 2854 videtur,
2140 2780 2421 2849 antequam
2445 2784 2534 2854 vel
2561 2780 2775 2837 collatio
2805 2780 3112 2854 haberetur,
3138 2788 3220 2839 vel
3249 2780 3444 2844 habite

1881 2847 2022 2923 fama
2055 2847 2402 2923 pervenisset
2440 2853 2490 2906 in
2524 2854 2858 2909 Palaestinam
2890 2874 2902 2908 :
2941 2847 3113 2923 neque
3139 2858 3279 2910 enim
3312 2860 3446 2911 alio-

1917 2919 2006 2995 uin
2035 2921 2101 2975 de
2133 2938 2191 2995 ea
2221 2923 2459 2995 siluisset
2486 2924 2861 2995 Hieronymus,
2892 2925 2982 2994 qui
3013 2919 3117 2980 tam
3155 2928 3445 2982 honorifice

1917 3005 1946 3042 e
1966 2991 2280 3058 Augustino,
2308 2994 2469 3047 totius
2499 2991 2806 3048 collationis
2833 2991 2982 3062 quasi
3015 3006 3213 3060 mente,
3237 2997 3446 3052 locutus

1880 3067 1988 3127 est,
2018 3071 2075 3114 ttt
2113 3062 2179 3115 ad
2223 3077 2342 3115 eum
2385 3064 2621 3116 remittat
2653 3065 3014 3117 Marcellinum
3037 3106 3051 3127 ,
3087 3075 3342 3129 tamquam
3379 3069 3448 3120 ad

196 3131 287 3197 iiih
311 3145 352 3196 il
409 3143 760 3198 indubitatum
821 3131 1255 3212 ediditppraeter
1303 3131 1611 3210 epistolam:
1657 3159 1777 3211 qua

1896 3131 2043 3181 iitum
2069 3141 2300 3212 sanctum
2335 3141 2381 3185 et
2408 3135 2667 3186 eruditum
2681 3150 2814 3212 Laut
2842 3134 3098 3212 vivapoce
3122 3136 3299 3212 docere
3329 3154 3446 3203 pos-

196 3213 544 3282 prapouitur
571 3213 708 3267 libro
745 3215 814 3267 de
853 3212 1325 3267 Prtedestinatione
1353 3223 1658 3267 sanctorum
1681 3254 1697 3274 ,
1723 3223 1778 3269 et

198 3299 430 3335 carmen
461 3287 527 3336 de
568 3284 820 3352 lngratis,
852 3283 993 3353 quod
1023 3283 1234 3338 vivente
1263 3284 1558 3352 Augustino
1595 3282 1779 3338 elaboo

199 3363 385 3406 ratum
421 3355 771 3408 ostendimus.

271 3424 498 3478 Utinam
529 3439 657 3476 vero
703 3430 1009 3490 superesset
1042 3421 1241 3476 Zosimi
1276 3423 1550 3476 tractoria:
1584 3422 1776 3478 leniret

197 3493 309 3558 illa,
349 3493 519 3546 immo
542 3493 848 3560 plenissime
871 3491 1093 3546 sarciret
1113 3493 1337 3544 aliorum
1363 3507 1581 3558 operum
1604 3493 1776 3558 jactu-

197 3577 352 3630 rant,
394 3573 448 3613 ut
492 3577 612 3630 qua:
656 3562 963 3616 continebat
1010 3579 1114 3614 non
1152 3561 1324 3614 solum
1369 3570 1534 3616 totam
1579 3561 1775 3629 Pelagii

195 3631 553 3700 leestiique
579 3647 819 3692 causam,
844 3632 938 3684 sed
969 3637 1130 3684 etiam
1160 3643 1494 3700 argumenta,
1520 3633 1631 3684 sive
1654 3634 1774 3699 qui-

196 3702 298 3756 bus
335 3713 717 3770 oppugnarunt
745 3701 902 3756 ﬁdem
934 3701 1198 3762 heretici,
1233 3703 1348 3754 sive
1375 3701 1566 3768 quibus
1587 3702 1653 3753 ab
1676 3703 1775 3755 Ec-

195 3773 367 3826 clesia
397 3772 626 3825 convicti
649 3780 792 3837 sunt,
820 3782 873 3824 ut
895 3786 958 3826 ex
983 3771 1277 3841 Augustino
1299 3782 1458 3840 atque
1480 3771 1775 3828 Mercatore

193 3843 484 3896 discimus.

267 3913 461 3964 Visum
492 3919 576 3965 est
599 3909 965 3966 dissertationi
998 3910 1065 3964 de
1097 3909 1248 3964 libris
1281 3910 1620 3964 defensorum
1651 3909 1772 3965 fidei

190 3982 472 4048 subjicere
503 3981 744 4035 nonnihil
782 3981 849 4034 de
882 3989 1304 4048 Oppugnatorum
1341 3980 1460 4032 lidei
1500 3982 1770 4047 Operibus,

191 4067 321 4118 quae
371 4060 612 4116 exstant,
659 4061 715 4104 ut
754 4053 978 4118 quisque
1022 4049 1175 4102 facile
1222 4049 1511 4114 intelligat,
1538 4050 1664 4118 quid
1707 4066 1773 4104 ex

192 4120 458 4173 omnibus
485 4122 734 4189 supersit,
759 4131 811 4173 et
837 4135 944 4189 quo
976 4120 1180 4186 singula
1212 4129 1450 4189 tempore
1480 4121 1771 4187 composita

191 4194 340 4253 sint,
377 4188 608 4259 indeque
650 4200 852 4243 certum
891 4188 1027 4242 ferat
1056 4188 1328 4259 judicium
1357 4190 1421 4242 de
1452 4189 1772 4257 quibusdam

191 4258 533 4312 commentis
567 4261 726 4325 vulgo
761 4260 1021 4328 receptis,
1052 4259 1202 4328 quasi
1235 4258 1514 4322 Pelagiana
1552 4259 1773 4312 haeresis

191 4345 291 4382 eas
337 4329 572 4381 induerit
615 4328 840 4388 formas,
876 4344 1073 4393 easque
1112 4328 1400 4380 varietates
1428 4339 1641 4392 experta
1679 4331 1768 4392 sit,

192 4414 337 4464 quas
367 4399 628 4451 concinne
651 4400 977 4467 excogitatas
1004 4397 1274 4452 Gerardus
1306 4397 1543 4456 Vossius,
1577 4399 1771 4467 aliique

194 4483 301 4535 pro
336 4468 481 4521 veris
505 4467 821 4537 quibusdam
853 4468 1078 4521 statibus
1096 4481 1401 4535 supponere
1427 4468 1602 4520 conati

737 4557 962 4613 CAPUT
995 4556 1276 4613 PRIMUM.

194 4647 279 4704 De
319 4650 525 4718 scriptis
555 4666 587 4701 a
615 4659 790 4702 sancto
816 4647 1130 4716 Hieronymo
1173 4649 1416 4700 adversus
1444 4645 1561 4699 Pelr-
1573 4647 1771 4718 ;ianos.

267 4741 633 4810 Hieronymus
661 4740 729 4793 de
754 4755 810 4794 re
841 4739 1122 4806 Pelagiana
1151 4738 1632 4810 quinque‘scripsit
1663 4739 1775 4805 epi-

195 4811 398 4877 stolas,
431 4806 539 4864 tres
569 4811 903 4878 dialogorum
935 4811 1098 4862 libros
1126 4806 1244 4860 cum
1277 4806 1588 4876 prmfatione
1627 4823 1776 4861 com-

197 4881 388 4948 muni,
423 4889 476 4934 et
505 4880 754 4946 prologos
785 4879 1111 4948 adquatuor
1154 4878 1320 4931 libros
1349 4879 1774 4931 Commentario-

193 4966 324 5003 rum
362 4951 415 5002 in
447 4950 796 5003 Hieremiam.
826 4947 969 5002 Nihil
1007 4947 1120 5000 fere
1166 4957 1424 5012 prmterea
1460 4965 1471 4999 :
1503 4963 1623 5000 nam
1655 4963 1774 5014 quas

203 5022 261 5072 in
297 5019 578 5082 Ruﬁnum,
611 5018 949 5073 Iovinianum
981 5026 1035 5070 et
1081 5016 1423 5086 Vigilantium
1446 5019 1769 5083 composuit,

201 5105 270 5143 ea
307 5105 400 5157 per
425 5104 484 5142 se
514 5103 616 5141 non
649 5097 832 5155 petunt
856 5087 1146 5155 Pelagium,
1174 5103 1329 5153 quem
1357 5102 1516 5139 unum
1543 5087 1772 5142 maxime

195 5159 528 5222 insectatur;
562 5159 654 5212 sed
681 5174 746 5211 ex
780 5157 1052 5210 accidente
1087 5167 1313 5220 tantum,
1343 5167 1604 5221 quatenus
1637 5172 1771 5210 non-

194 5230 345 5281 nulla
388 5229 469 5281 sui
511 5228 775 5296 dogmatis
814 5236 964 5294 parte
1011 5241 1134 5280 cum
1182 5227 1420 5294 prmfatis
1458 5226 1768 5296 Hieronymi

195 5297 448 5351 hostibus
473 5297 827 5352 confcderari
857 5296 1006 5349 v-isus
1033 5305 1132 5351 est.

271 5367 384 5422 Illa;
418 5383 547 5421 vero
587 5369 756 5421 sancti
784 5367 1018 5419 doctoris
1049 5367 1501 5433 elucubrationes,
1537 5366 1638 5417 etsi
1667 5381 1770 5420 nec

196 5439 385 5491 multa:
407 5445 551 5502 sunt,
586 5451 685 5490 nec
709 5437 946 5505 prolixae.
977 5438 1248 5489 continent
1277 5447 1452 5489 tamen
1479 5436 1766 5502 plurimum

199 5508 461 5570 historiae,
490 5507 629 5575 quod
655 5523 819 5560 unum
849 5506 962 5559 fere
989 5507 1039 5559 in
1065 5507 1310 5574 praesenti
1333 5507 1649 5574 qitazrimus;
1675 5521 1769 5560 ne-

197 5593 304 5643 que
342 5589 446 5629 tam
488 5592 671 5643 parum
713 5578 1030 5646 dogmaticm
1059 5577 1346 5646 doctrinm,
1376 5575 1503 5642 quin
1525 5575 1768 5646 eruditus

200 5661 363 5700 senex
403 5647 669 5708 videatur,
701 5645 1162 5712 vel’prmvcrtisse
1202 5645 1377 5697 omnia
1402 5688 1416 5709 ,
1443 5658 1563 5712 qua:
1601 5645 1768 5698 fusius

201 5718 544 5785 postmodum
591 5718 679 5772 alii
725 5725 1045 5780 tractarunt;
1085 5715 1170 5771 vel
1211 5714 1483 5785 aperuisse
1529 5714 1762 5781 fontem,

1878 3209 1973 3265 set,
1991 3211 2052 3274 _et
2081 3217 2245 3266 suam,
2271 3205 2423 3255 immo
2454 3213 2502 3255 et
2528 3219 2643 3273 qua
2672 3202 3008 3274 Hieronymi,
3039 3205 3297 3272 explicare
3323 3202 3442 3258 seu-

1879 3271 2103 3322 tentiam.

1947 3339 2000 3392 lu
2041 3356 2109 3413 ea?
2135 3356 2294 3409 porro
2334 3341 2632 3397 referentur
2671 3343 2906 3413 quinque
2940 3343 3221 3412 opiniones
3246 3343 3310 3396 de
3333 3344 3444 3397 ori-

1875 3408 1997 3476 gine
2026 3408 2352 3474 animarum,
2381 3428 2601 3480 nempe,
2635 3408 2774 3482 quod
2807 3408 2888 3466 vel
2932 3408 2991 3466 in
3013 3427 3236 3480 corpora
3264 3413 3446 3467 laban-

1877 3487 1964 3531 tur
1986 3495 2015 3533 e
2041 3482 2200 3545 cmlo,
2226 3482 2316 3535 ubi
2348 3483 2784 3549 prazexstiterint,
2807 3483 2888 3538 vel
2912 3497 2976 3537 ex
2999 3483 3174 3538 divina
3200 3487 3445 3537 substan-

1876 3550 1946 3600 tia
1971 3557 2240 3619 tamquam
2268 3553 2542 3614 particulae
2565 3553 2821 3615 deﬂuant,
2847 3553 2924 3606 vel
2951 3569 3016 3606 ex
3040 3553 3293 3608 thesauro
3315 3555 3446 3606 edu-

1875 3631 2064 3689 cantur
2098 3621 2184 3675 ubi
2216 3620 2344 3674 olim
2375 3623 2636 3688 conditae,
2673 3623 2754 3677 vel
2799 3637 2825 3674 a
2865 3623 2977 3676 Deo
3014 3623 3248 3689 quotidie
3290 3624 3438 3688 fiant,

1876 3688 2087 3759 velsint
2107 3704 2169 3745 es
2196 3690 2432 3743 traduce.
2456 3691 2668 3746 Priores
2691 3693 2810 3745 dum
2837 3688 3150 3759 rcjiciuittur
3172 3694 3310 3745 velut
3335 3693 3444 3744 h-r-

1875 3758 2052 3810 retica:
2074 3800 2090 3824 ,
2119 3759 2356 3826 rejicitur
2385 3769 2438 3813 et
2468 3763 2619 3814 tertia
2645 3803 2660 3825 ,
2696 3758 2960 3830 tamquam
2985 3764 3439 3814 ecclesiasticarum

1874 3829 2243 3898 nonnullorum
2279 3831 2439 3881 stulta
2479 3832 2760 3897 persuasio.
2805 3829 3057 3898 Quartam
3100 3832 3442 3898 amplectitur

1875 3895 2229 3968 Hieronymus
2250 3908 2307 3953 ut
2326 3895 2498 3964 suam,
2523 3901 2760 3968 quintam
2785 3895 3020 3952 maxime
3039 3901 3172 3968 parti
3193 3895 3444 3952 Occiden-

1875 3967 2055 4020 talium
2081 3967 2288 4030 tribuit,
2313 3983 2418 4038 quo
2443 3967 2585 4038 jure,
2618 3970 2730 4039 ipse
2761 3969 2971 4023 viderit.
2997 3967 3231 4022 Observa
3257 3969 3444 4022 Hiero-

1874 4050 2035 4105 nytno
2064 4039 2355 4110 adhzesisse
2384 4039 2633 4093 Ruﬁnum
2665 4041 2889 4110 Syrum,
2921 4039 3239 4106 discipulum
3270 4041 3440 4105 magi-

1872 4107 2328 4178 str_o,iadhasisse
2351 4111 2549 4178 pariter
2570 4107 2859 4176 lulianum,
2884 4110 3061 4163 Rufini
3085 4117 3400 4162 sectatorem
3423 4125 3437 4161 :

1871 4176 1965 4228 sed
2012 4176 2392 4248 Hieronymum
2440 4181 2710 4243 modeste,
2758 4188 2818 4233 ut
2863 4179 3182 4234 catholicum
3233 4178 3434 4243 decuit,

1871 4249 2194 4315 sententiam
2232 4249 2582 4315 exposuisse,
2617 4250 2863 4306 Rufinum
2893 4248 3282 4303 contradicenti
3311 4263 3436 4298 ana-

1874 4314 2048 4387 thema
2075 4317 2294 4381 dixisse,
2313 4314 2586 4372 .lulianum
2616 4319 2747 4386 legis
2771 4333 2938 4371 sacra:
2963 4317 3319 4387 Ecclesiaeque
3342 4332 3434 4371 ca-

1872 4384 2087 4439 tholica:
2120 4388 2489 4442 confirmatam
2522 4384 2840 4442 aucto—ritate
2862 4390 3111 4455 jactasse.

1627 4478 1769 4522 ⁵⁸³⁸³⁸⁸
1798 4498 1848 4558 D
1876 4496 2111 4568 Epistola
2140 4499 2206 4553 ad
2235 4498 2611 4570 Ctesiphontem
2639 4517 2751 4572 qua:
2780 4501 2846 4556 67
2875 4501 3016 4572 apud
3049 4501 3436 4571 Hieronymum.

1947 4597 2543 4670 Scripsitllieronymus
2567 4602 2630 4654 ad
2655 4601 3053 4670 Ctesiphontem
3079 4615 3204 4654 ann.
3221 4599 3324 4654 413
3341 4601 3439 4652 sub

1877 4667 2069 4740 linem,
2094 4672 2172 4722 vel
2204 4669 2355 4722 initio
2385 4667 2655 4739 sequentis
2686 4688 2700 4725 :
2735 4667 2908 4740 neque
2933 4673 3074 4724 enim
3115 4672 3219 4724 dici
3265 4679 3440 4740 potest

1877 4748 1997 4803 post
2026 4737 2126 4791 hoc
2148 4748 2355 4806 tempus
2379 4737 2682 4805 scripsisse.
2715 4737 2848 4794 Nam
2869 4740 3112 4804 Orosius,
3136 4755 3256 4794 cum
3282 4739 3438 4791 fecis-

1876 4816 1959 4880 set
1979 4808 2031 4860 in
2055 4819 2320 4880 conventu
2342 4810 2765 4878 presbyterorum
2791 4810 3434 4880 Hierosolymitanotrum

1877 4876 2031 4948 istius
2048 4876 2473 4948 _7epistola:,'tum
2503 4876 2730 4934 alterius
2769 4880 2834 4933 ab
2863 4876 3160 4948 Augustino
3197 4879 3261 4932 ad
3287 4877 3434 4931 ωειλ.

1875 4945 2012 4999 rium
2039 4946 2430 5018 Syracusanum
2453 4948 2593 5003 data:
2622 4945 2970 5014 memoriam,
2993 4959 3272 5018 utramque
3303 4949 3438 5001 dixit

1876 5032 2039 5086 nuper
2069 5017 2341 5083 scriptam.
2373 5017 2508 5072 Cum
2551 5021 2706 5085 igitur
2743 5019 2962 5074 Orosius
3000 5034 3064 5072 ex
3105 5017 3284 5072 Africa
3329 5032 3437 5070 non

1877 5087 2078 5140 tardius
2109 5088 2329 5140 solverit
2356 5089 2406 5141 in
2440 5088 2773 5142 Palmstinam
2796 5129 2811 5153 ,
2841 5104 2994 5158 quam
3023 5103 3184 5141 verna
3226 5099 3434 5154 tempe-

1875 5163 2014 5227 state
2043 5171 2168 5211 ann.
2199 5158 2326 5219 415,
2354 5173 2581 5226 cumque
2618 5173 2798 5212 secum
2836 5160 3113 5227 epistolam
3151 5158 3434 5226 Augustini

1874 5226 1940 5296 ad
1971 5226 2223 5279 Hilarium
2255 5227 2535 5293 detulerit,
2573 5239 2730 5296 atque
2761 5230 2810 5281 itt
2837 5226 3101 5281 conventu
3142 5237 3440 5282 memorato

1877 5295 2100 5364 legerit,
2130 5297 2297 5362 ipsam
2336 5299 2517 5365 procul
2553 5295 2716 5351 dubio
2744 5300 2894 5352 fateri
2924 5307 3138 5367 oportet
3166 5298 3234 5350 ab
3262 5302 3434 5362 Angu-

1874 5368 2018 5417 stino
2047 5368 2223 5418 datam
2257 5382 2376 5420 esse
2406 5383 2529 5419 anu.
2555 5367 2682 5431 M4,
2704 5378 2793 5421 aut
2824 5370 2923 5422 sub
2949 5369 3108 5420 tinem
3135 5367 3436 5434 przeceden-

1872 5435 1964 5508 tis,
1999 5435 2157 5502 igitur
2186 5445 2238 5488 et
2266 5437 2546 5508 epistolam
2580 5438 2886 5508 Hieronymi
2917 5439 2981 5490 ad
3013 5437 3430 5505 Ctesiphontem,

1871 5505 2066 5573 quippe
2098 5520 2217 5558 cum
2249 5507 2417 5558 ambae
2448 5507 2636 5560 eodem
2669 5505 2907 5572 tempore
2934 5517 3166 5561 exarata:
3194 5508 3320 5558 sint.

1943 5573 2056 5626 Non
2101 5583 2274 5640 potest
2313 5578 2470 5628 etiam
2514 5579 2709 5644 scripta
2749 5578 2851 5630 dici
2896 5586 3020 5630 ante
3063 5579 3163 5629 hoc
3190 5585 3436 5643 tempus:

1872 5658 1992 5696 nam
2015 5644 2306 5715 Qtesiphon
2337 5645 2656 5715 Hieronymo
2679 5647 2886 5701 litteras
2906 5647 3075 5711 dedit,
3100 5656 3220 5715 post
3241 5645 3438 5715 adven-

1873 5723 1983 5766 tum
2015 5711 2212 5784 Pelagii
2243 5716 2295 5769 in
2323 5711 2615 5781 Orientem,
2648 5716 2869 5787 ejusque
2897 5732 3001 5773 non
3027 5711 3241 5786 parvam
3267 5718 3318 5769 itt
3346 5712 3435 5764 Pa.
