3972 6180
157 332 240 387 53f
364 329 671 390 DISSERT.
705 330 795 388 Vl.
826 329 917 387 DE
957 324 1268 389 SCRIPTIS
1305 331 1467 387 ΑΜ.
1498 328 1821 388 ΠιΕῐῖΕδιΜ
1868 330 2112 389 PFLAG.
2161 334 2345 390 ANTE
2378 329 2668 389 MORTEM
2707 332 2767 391 S.
2792 334 3178 393 AUGUSTINI.

3285 334 3390 391 562

156 447 331 501 fuerint
353 447 481 501 olim
512 460 771 516 generum
798 444 989 516 synodi
1013 443 1388 511 provinciales.
1414 444 1700 499 ordinariae
1727 448 1774 505 Α
1803 447 2140 516 occasionem
2164 448 2483 511 excubabat,
2510 447 2551 500 si
2582 461 2683 512 qua
2708 456 2887 514 posset
2912 449 3143 513 ratione,
3169 450 3386 515 Pelagio

151 517 362 581 scilicet,
394 515 558 582 atque
595 515 1058 571 extraordinariae.
1089 516 1432 583 Cogebantur
1474 516 1610 579 illze,
1642 524 1699 569 ut

153 597 406 653 pareretur
431 590 626 642 canoni
657 588 873 641 Nicaeno
900 585 1138 654 iubenti,
1169 585 1394 653 singulis
1418 585 1574 637 annis
1619 586 1697 638 his

151 659 436 727 congregari
460 660 740 726 episcopos
762 656 1146 725 cujuscumque
1177 655 1467 723 provincia:
1485 696 1498 716 ,
1527 657 1695 710 semel

150 736 256 782 ante
276 729 763 795 Quadragesimam,
795 728 986 781 iterum
1018 731 1157 779 circa
1181 734 1393 792 tempus
1424 726 1691 790 autumni;

152 801 247 851 ista:
268 800 719 864 convocabantur,
744 799 825 850 vel
850 807 1065 865 propter
1085 796 1475 850 dedicationem
1508 796 1691 849 Eccle-

149 870 259 932 sie,
296 879 352 921 ut
381 870 615 922 secunda
649 867 887 935 synodus
931 869 1285 929 Arausicana;
1319 867 1400 918 vel
1441 866 1506 918 ad
1544 866 1690 919 ordi-

148 939 356 992 nandum
411 941 765 1007 episcopum,
813 938 951 1006 quod
997 936 1281 1007 admodum
1339 935 1587 1004 frequens
1637 938 1687 989 in

147 1008 342 1062 historia
388 1006 784 1072 ecclesiastica;
818 1008 901 1060 vel
947 1007 1018 1060 ob
1057 1006 1360 1059 mandatum
1394 1007 1689 1072 superioris

145 1078 346 1146 alicujus
386 1079 700 1146 potestatis,
727 1078 866 1146 quod
918 1077 1101 1129 itidem
1150 1076 1369 1144 contigit
1414 1089 1576 1140 srepe.
1622 1079 1687 1129 At

144 1150 353 1219 synodus
374 1150 741 1215 Diospolitana
766 1147 1034 1201 ordinaria
1059 1162 1162 1219 noo
1186 1146 1315 1206 fuit;
1347 1160 1520 1219 neque
1542 1146 1683 1219 enim

146 1215 301 1273 habita
347 1230 429 1273 est
480 1219 715 1287 legitimo
760 1227 1000 1285 tempore
1024 1258 1039 1282 ,
1073 1216 1166 1269 sed
1196 1231 1315 1287 quo
1344 1215 1687 1287 impendebat

145 1289 385 1355 episcopis
410 1285 704 1345 necessitas
725 1288 1030 1343 celebrandi
1055 1288 1168 1342 suis
1191 1286 1243 1339 in
1273 1285 1523 1339 Ecclesiis
1552 1288 1683 1339 festa

146 1360 406 1423 natalilia;
475 1374 650 1429 neque
698 1368 913 1428 propter
981 1357 1371 1429 dedicationem
1432 1355 1685 1409 Ecclesia:

141 1439 388 1483 contracta
420 1439 533 1496 est,
565 1427 807 1483 alienum
836 1429 979 1482 enim
1022 1438 1104 1481 est
1146 1427 1423 1479 a-ratione
1464 1434 1684 1496 propter

140 1514 330 1553 Causam
371 1509 476 1554 tam
523 1495 745 1562 levem,
797 1510 851 1552 et
893 1502 945 1551 in
974 1497 1116 1551 aliud
1166 1505 1372 1561 tempus
1402 1495 1682 1550 commode

139 1569 460 1623 differendam
486 1611 501 1636 ,
542 1572 716 1625 media
748 1570 949 1632 hieme,
983 1568 1383 1623 imminentibus
1413 1566 1566 1619 festis
1595 1580 1683 1620 so-

139 1640 497 1709 Ieiunioribus,
554 1643 774 1709 ipsoque
812 1640 971 1694 etiam
1024 1637 1333 1706 Epiphania:
1379 1636 1676 1709 baptismo,

138 1708 391 1777 primatem
420 1706 700 1779 Eulogium
728 1712 828 1776 iam
854 1710 1174 1777 longaevum,
1195 1721 1494 1779 senemque
1517 1706 1681 1779 Joan-

1800 514 1959 569 dolos
1989 518 2259 586 cogitandi
2288 532 2599 579 occurrere,
2631 518 2771 584 quod
2799 529 2851 570 ct
2885 520 3149 586 ριἐυειίιιι,
3192 537 3256 574 ex
3288 514 3382 573 0c-

1797 588 1943 656 culto
1989 586 2269 656 alienaque
2309 602 2535 655 persona
2564 602 2843 641 accusans.

1870 655 2069 710 Deinde
2115 655 2242 710 vero
2269 698 2283 719 ,
2333 672 2430 710 cur
2474 658 2826 725 IlierOoyinus
2858 658 3053 725 petenti
3099 657 3379 712 Critobulo

1793 738 1889 778 cur
1936 742 2039 780 non
2071 736 2349 781 accusaret
2378 730 2428 779 in
2463 726 2665 795 judicio
2711 744 2867 795 quem
2903 728 3121 781 ll:l‘l‘0~iS
3166 744 3378 781 secrein

1792 807 2071 867 argueret,
2122 798 2463 865 responderit
2492 799 2764 864 perplexe,
2806 810 2963 867 atque
2996 804 3061 849 itu
3088 838 3101 855 ,
3138 811 3187 859 ιιι
3232 800 3377 863 judi-

1792 866 1930 919 cium
1966 868 2211 921 videatut‘
2236 868 2464 931 minari;
2494 868 2760 935 cogitabat
2804 866 2944 921 enim
2978 868 3044 920 de
3084 867 3375 920 Gallicanis

1790 937 2057 1006 episcoois
2079 948 2131 990 et
2163 938 2494 992 instruendis
2522 943 2585 991 ad
2614 952 2728 991 rem
2778 939 3035 1006 agendam
3055 980 3068 1002 ,
3099 946 3153 990 et
3181 938 3373 1005 impel-

1790 1004 1962 1059 lendis
1992 1009 2054 1061 ad
2084 1010 2241 1063 fidem
2268 1010 2584 1063 catholicam
2612 1004 3025 1061 defendendam.

1861 1076 2063 1140 Tertio,
2096 1095 2193 1133 cur
2217 1080 2571 1149 Hieronymus
2593 1086 2644 1131 et
2665 1079 2887 1149 Orosius
2910 1089 3166 1129 accusare
3193 1091 3287 1149 per
3313 1091 3372 1129 se

1786 1149 2055 1217 noluerint
2074 1190 2090 1215 ,
2121 1151 2213 1203 sed
2242 1146 2616 1217 episcoporum
2646 1147 2870 1201 duorum
2903 1162 3128 1217 persona
3154 1146 3230 1198 uti
3259 1162 3372 1217 ina-

1787 1214 1984 1270 Iuerint
2018 1235 2031 1270 :
2078 1214 2391 1274 metuebant
2423 1214 2629 1273 scilicet
2670 1220 2843 1285 primo
2873 1214 2936 1271 ni:
2978 1216 3177 1270 invidia
3220 1216 3368 1269 vide-

1786 1298 1976 1340 rentur
2003 1304 2069 1343 eo
2118 1290 2351 1357 impelli;
2397 1289 2589 1342 deinde
2625 1288 2931 1342 defendenti
2970 1289 3222 1356 episcopo
3253 1286 3371 1353 epi-

1785 1360 1934 1425 scopi
1972 1360 2079 1411 duo
2108 1361 2414 1428 opponendi
2452 1369 2605 1413 erant
2630 1400 2643 1421 ,
2676 1360 2820 1427 iique
2852 1357 3192 1411 transmarini
3219 1396 3233 1419 ,
3258 1372 3366 1428 quo

1787 1428 2067 1494 peritiores
2117 1427 2467 1489 crederentur
2524 1445 2701 1483 rerum
2760 1429 2955 1496 Pelagii
3012 1427 3359 1480 transmarini

1784 1499 2054 1569 monachi.
2090 1500 2236 1554 llane
2272 1516 2423 1556 suam
2459 1500 2813 1569 llieronymus
2860 1504 2973 1553 sive
3007 1497 3323 1569 industriam
3346 1537 3362 1558 ο

1782 1566 1897 1638 sive
1919 1568 2247 1638 diligentiam
2273 1573 2361 1625 vix
2387 1586 2490 1624 non
2513 1566 2765 1638 prodidit,
2790 1584 2909 1622 cum
2934 1585 2992 1621 se
3019 1576 3201 1634 postea
3224 1567 3364 1620 inter

1783 1634 2076 1693 domitores
2105 1642 2324 1695 haeresis
2355 1634 2648 1709 Augustino
2676 1639 2955 1707 Alipioqne
2981 1646 3228 1709 accenset
3252 1678 3267 1703 ,
3310 1645 3367 1690 et

1783 1712 2219 1769 Communionem
2247 1714 2355 1766 odii
2398 1707 2668 1780 Pelagiani
2712 1710 2814 1763 sibi
2858 1724 2980 1764 cum
3011 1707 3199 1761 iisdem
3229 1720 3365 1759 con-

138 1776 257 1843 nem,
285 1789 337 1861 e_t
365 1794 502 1847 pene
540 1776 1158 1868 e'lfmtiim'Porpbyrium
1180 1776 1679 1868 Gazensem,:lios-
1710 1809 1757 1868 Β
1782 1780 2099 1868 ενιιιιιιιιιιιτ.

136 1866 222 1916 que
245 1845 521 1919 epi~copos
546 1858 601 1903 in
632 1845 930 1905 concilium
962 1845 1271 1903 contractos
1312 1862 1455 1901 esse.
1490 1845 1679 1919 _Neque

138 1916 287 1972 nllum'
304 1916 597 1988 superioris
633 1922 914 1989 potestatis
956 1919 1263 1973 mandatum
1291 1916 1548 1985 compulit
1592 1916 1682 1986 sy-

137 1992 337 2053 nodum;
366 1991 411 2043 si
459 1993 601 2057 quod
647 1993 788 2044 enim
818 1990 1154 2057 impulisset,
1194 2004 1295 2057 qua
1336 1991 1546 2042 ratione
1576 1989 1684 2041 Au-

138 2061 346 2126 guslinus
374 2070 467 2114 aut
489 2061 617 2114 illud
651 2062 968 2127 ignorasset,
999 2076 1144 2124 cum,
1169 2060 1440 2113 referente
1466 2059 1682 2124 Oresio,

139 2130 309 2197 singula
335 2146 566 2200 quaeque
593 2132 812 2200 hujusce
842 2131 1038 2200 negotii
1068 2129 1344 2193 didicerit;
1379 2137 1471 2200 aut
1499 2136 1681 2200 notum

138 2198 363 2266 siluisset,
386 2214 509 2255 cum
533 2202 599 2256 ad
628 2198 739 2257 rem
764 2198 1041 2256 suam‘non
1063 2199 1515 2255 contemnendum
1546 2198 1685 2254 foret

134 2280 430 2325 momentum
444 2271 469 2324 2

192 2340 364 2412 Restat
410 2344 575 2412 igitur
626 2341 835 2409 epinari
890 2340 956 2394 ad
1001 2339 1394 2412 ordinatioriem
1444 2339 1683 2412 episcopi

132 2414 317 2466 venisse
346 2409 572 2469 Patres:
614 2427 737 2466 nam
778 2421 833 2467 et
869 2426 1021 2465 suum
1052 2411 1235 2464 habuit
1266 2409 1534 2476 Diospolis
1572 2411 1684 2478 epi-

129 2496 357 2562 scopum,
394 2492 463 2562 _ut
492 2490 705 2537 constat
721 2498 810 2562 “ex
834 2484 1064 2562 concilio
1094 2479 1479 2562 Calcedone-nsi
1521 2487 1682 2561 atque

128 2549 293 2604 notitia
323 2554 698 2622 episcoporum
721 2552 1040 2614 Palaestinae,
1065 2561 1116 2603 et
1143 2551 1297 2622 vidua
1322 2549 1549 2619 relinqui
1576 2566 1681 2605 non

126 2623 289 2675 debuit
317 2620 581 2686 Ecclesia,
610 2624 924 2677 imminente
954 2621 1179 2676 solemni
1204 2620 1497 2689 baptismo,
1534 2628 1588 2674 et
1617 2635 1681 2674 ea

125 2706 268 2745 causa
312 2694 524 2749 solebat
568 2694 1021 2748 exlraordinarias
1066 2691 1299 2760 synodos
1352 2704 1579 2758 cogere,
1626 2700 1683 2745 et

126 2764 346 2829 primatis
375 2774 490 2817 erat
528 2763 778 2817 ordinare
801 2762 904 2816 sibi
931 2764 1264 2831 syncelluini,
1315 2760 1366 2813 id
1402 2768 1521 2831 est,
1570 2774 1683 2815 sua:

126 2833 396 2897 provincia:
441 2834 775 2902 episc0pum.
810 2829 976 2886 Patet
1003 2833 1164 2900 igitur
1195 2830 1250 2902 id
1277 2829 1422 2902 quod
1449 2832 1679 2897 primum

124 2915 368 2957 assertum
390 2899 494 2969 est,
521 2899 959 2957 nnn'instituendi
983 2899 1051 2955 de
1079 2901 1290 2968 Pelagio
1310 2899 1495 2967 judicii
1519 2915 1679 2955 causa

126 2988 205 3039 per
230 2989 289 3027 se
315 2985 559 3028 coactam
590 2975 851 3043 synodum
878 2972 1133 3042 DioSpoli,
1165 2970 1261 3025 sed
1292 2981 1511 3039 propter
1535 2971 1685 3025 ordi-

126 3043 342 3097 nandum
372 3045 706 3113 episcopum.

180 3113 291 3166 .lam
320 3111 486 3180 vero,
519 3111 658 3184 quod
687 3115 784 3167 fuit
805 3114 856 3167 in
890 3112 1172 3184 partitione
1218 3111 1513 3184 secundum
1540 3152 1555 3176 ,
1588 3126 1677 3166 ar-

1857 1848 2086 1913 Quarto,
2113 1868 2209 1907 cur
2230 1851 2488 1906 Gallicani
2518 1850 2625 1905 duo
2649 1850 2884 1920 episcopi
2912 1846 3207 1920 obtulerint
3236 1845 3361 1914 qui-

1785 1917 1904 1991 dem
1939 1920 2162 1991 Eulogio
2191 1922 2453 1986 libellum,
2486 1939 2515 1975 a
2538 1917 2743 1990 judicio
2775 1930 2976 1982 tamen,
3009 1917 3166 1991 allata
3195 1932 3358 1991 exon-

1784 1989 1995 2044 satione
2019 2033 2035 2057 ,
2077 1986 2345 2046 abfuerint
2376 2011 2387 2045 :
2418 1986 2577 2061 quam
2606 1989 3204 2061 cxcusatioueuiraliter‘
3224 1986 3361 2039 alios

1786 2066 1910 2136 tunc
1938 2064 2193 2136 temporis
2225 2058 2602 2136 ioterpretatos
2627 2075 2748 2117 esse
2770 2062 2901 2136 satis
2940 2058 3139 2136 iudicat
3182 2058 3363 2136 Augu-

1784 2128 1954 2199 stinus
1987 2126 2124 2197 (Lib.
2158 2134 2219 2185 de
2245 2126 2387 2187 Gesti.
2426 2132 2639 2186 Palwst.
2670 2148 2717 2183 ε.
2764 2132 2840 2199 1),
2873 2144 2992 2183 cum
3029 2126 3360 2199 probabilius

1784 2197 1859 2271 git
1887 2200 2185 2256 absentiam
2218 2203 2505 2271 contigisse
2558 2212 2774 2269 propter
2799 2197 3035 2271 alterius
3090 2198 3356 2271 morbum.

1784 2266 2161 2340 Verumtamen
2205 2266 2467 2340 quispiam
2508 2266 2618 2325 non
2658 2266 3085 2340 improbabiliter
3110 2270 3361 2340 opinetur

1784 2336 2082 2395 affectatam
2132 2336 2295 2397 fuisse
2312 2336 2340 2402 .’
2360 2345 2531 2405 primo
2563 2359 2629 2395 ne
2668 2336 2948 2394 vilesceret
2976 2338 3206 2406 dignitas
3246 2338 3363 2403 epi-

1785 2421 2088 2477 scoporum,
2109 2425 2218 2466 tum
2239 2424 2607 2469 accusatorum
2624 2414 2861 2474 nomine,
2884 2420 2993 2461 tum
3010 2406 3361 2477 Contentioue

1784 2492 1904 2531 cum
1931 2486 2224 2548 monacho;
2255 2484 2449 2538 deinde
2487 2498 2553 2539 ne
2581 2481 2772 2551 impari
2795 2492 2941 2533 sorte
2971 2476 3361 2551 contenderent

1784 2563 1966 2619 coram
1994 2552 2195 2608 Graacis
2229 2554 2537 2619 iudicibus,
2580 2548 2700 2607 cuin
2734 2560 3055 2619 cogerentur
3080 2548 3222 2619 loqui
3267 2562 3361 2613 per

1785 2618 2131 2693 interpretem
2157 2664 2172 2688 ,
2229 2617 2477 2693 Pelagius
2525 2617 2626 2693 per
2654 2636 2713 2675 se
2755 2617 2942 2677 Grmce
2974 2617 3358 2693 responderet;

1784 2700 1965 2763 postea
1992 2702 2050 2745 ut
2072 2686 2334 2749 Joannem
2361 2686 2562 2763 Pelagii
2597 2704 2877 2762 patronum
2903 2705 2969 2743 ne
2992 2686 3355 2763 oﬂenderent,

1784 2760 1828 2831 si
1871 2758 2012 2816 forte
2038 2778 2157 2817 cum
2193 2766 2309 2831 ipso
2335 2758 2991 2831 altercari'contiugeret;_
3027 2759 3239 2831 tandem
3291 2772 3359 2810 ne

1785 2828 2028 2907 libellum
2053 2828 2231 2888 aliena
2259 2850 2421 2907 opera
2449 2833 2748 2907 confectum
2772 2828 3043 2900 exponere
3065 2828 3356 2907 deberent,

1784 2911 1872 2953 aut
1900 2904 2061 2956 etiam
2092 2920 2205 2958 rem
2235 2904 2334 2958 sibi
2365 2920 2473 2959 non
2500 2904 2832 2958 notissimam
2867 2915 3091 2969 urgere;
3126 2900 3359 2965 denique

1785 2984 1851 3023 ne
1879 2972 2081 3039 pudore
2105 2974 2563 3040 suffunderentur,
2589 2989 2708 3027 cum
2739 2972 2989 3025 audirent
3012 2969 3191 3023 afferri
3234 2982 3362 3040 cau-

1783 3038 1980 3113 sas’sui
2013 3045 2306 3098 testimonii
2340 3038 2636 3113 rejiciendi,
2669 3057 2800 3113 quas
2827 3042 3015 3113 allatas
3043 3048 3097 3113 et
3126 3054 3217 3091 eas
3243 3038 3362 3113 qui-

1786 3108 1932 3183 dent
1962 3117 2267 3183 probrosas
2296 3125 2350 3168 et
2384 3108 2513 3168 sane
2553 3108 2739 3183 graves
2784 3111 2982 3183 indicat
3032 3109 3362 3183 Augustinus

126 3194 311 3249 reptam
342 3170 486 3239 hanc
509 3170 771 3239 a'Joanne
799 3170 1052 3251 purgandi
1086 3182 1281 3250 Pelagii
1309 3170 1677 3249 occasionem,
1708 3170 1756 3234 C
1790 3170 1977 3249 (Ibid;
2012 3200 2057 3239 c.
2090 3185 2202 3252 i6).
2233 3182 2353 3237 lam
2388 3170 2633 3249 quidquid
2668 3184 2797 3236 dixit
2826 3181 3093 3249 episcopus
3119 3170 3358 3252 ζιοαλιηεσ

127 3254 264 3308 facile
311 3254 595 3309 conficitur
642 3270 709 3308 ex
749 3255 1123 3309 dissertatione
1162 3254 1229 3305 de
1259 3252 1510 3322 synodis;
1560 3253 1686 3310 inde

127 3324 247 3393 enim
284 3335 501 3380 constat
527 3341 633 3393 quo
659 3326 883 3379 consilio
911 3325 1116 3377 venerit
1151 3324 1386 3378 Joannes
1434 3323 1687 3380 llieroso-

126 3392 399 3463 lymitanus
425 3396 491 3449 ad
530 3392 830 3466 synodum,
862 3394 1123 3464 quibusve
1152 3393 1357 3447 artibus
1394 3396 1686 3466 teritaverit

127 3462 205 3531 per
237 3466 523 3535 episcopos
553 3462 653 3519 sibi
684 3462 922 3519 addictos
954 3479 1064 3517 rem
1100 3478 1415 3535 promovere
1443 3462 1638 3535 Pelagii
1663 3504 1681 3531 ,

126 3550 259 3600 quem
276 3534 642 3606 illieronyino
668 3536 882 3606 sciebat
902 3536 1163 3597 invisum;
1207 3535 1300 3587 sed
1338 3534 1437 3586 hoc
1461 3534 1683 3589 Joannis

126 3605 390 3659 coasilium
422 3605 674 3671 artesque
703 3606 831 3659 satis
869 3605 1224 3674 Hieronymus
1248 3617 1368 3655 cum
1416 3607 1684 3670 perspice-

124 3685 209 3738 ret,
242 3677 443 3741 voluit,
489 3676 709 3743 Opinor,
743 3674 1025 3740 episcopos
1072 3674 1336 3739 episc0pis
1366 3688 1642 3741 apponere
1664 3719 1678 3745 ,

122 3759 369 3813 reumque
425 3747 619 3801 oblatis
666 3747 855 3799 libellis
900 3759 1191 3813 peragere,
1243 3758 1399 3813 quem
1447 3746 1681 3800 Joannes

122 3812 374 3885 integrum
405 3815 563 3869 famze
590 3825 845 3886 praestare
863 3812 1043 3869 vellet.
1068 3812 1123 3868 ld
1154 3812 1275 3886 ego,
1304 3814 1442 3886 quod
1468 3816 1677 3886 tertium

124 3884 239 3955 est,
271 3902 379 3955 qua
414 3884 618 3942 ratione
646 3885 866 3954 opiner,
910 3886 979 3939 ita
1018 3884 1280 3955 ostendo,
1312 3884 1680 3939 Accusationis

122 3952 315 4009 libellus
347 3956 572 4024 Eulogio
597 3952 914 4009 Czc'sariensi
956 3964 1114 4024 atque
1138 3954 1425 4023 provincia:
1463 3956 1674 4022 primati

121 4026 178 4077 ab
203 4026 363 4079 Erote
397 4038 451 4081 et
475 4023 679 4080 Lazaro
708 4026 942 4091 oblatus,
974 4023 1113 4093 apud
1145 4023 1676 4094 ilicrooymum,qui-

121 4110 226 4149 cum
272 4096 594 4150 versabatur
621 4096 872 4161 Orosius,
918 4096 1099 4163 procul
1144 4094 1321 4164 dubio
1352 4098 1679 4164 compositus

119 4173 207 4217 est.
238 4165 372 4220 Nam
406 4181 525 4220 cum
553 4166 767 4235 Pelagio
799 4162 1007 4235 objecra
1035 4164 1143 4218 sint
1164 4180 1281 4235 qua:
1312 4162 1490 4219 libello
1511 4168 1679 4219 conti-

120 4239 399 4299 nebantur,
444 4245 501 4290 et
527 4238 629 4291 alia
657 4233 721 4290 ex
768 4236 918 4289 libris
953 4233 1189 4303 Pelagii,
1223 4234 1335 4288 sive
1374 4236 1439 4289 de
1487 4237 1677 4291 actuali

118 4308 513 4361 COIIVCI‘SJliOlle
537 4347 554 4372 ,
599 4307 713 4360 sive
741 4305 808 4359 de
829 4308 1197 4359 consolatione
1224 4315 1276 4357 et
1309 4305 1678 4360 exhortatione

120 4376 277 4445 vidua:
310 4416 329 4443 ,
383 4377 487 4429 alia
532 4392 598 4431 ex
648 4376 831 4430 libello
884 4383 1279 4445 quemcontra
1326 4444 1331 4445 ί
1367 4373 1675 4430 leestium

121 4442 362 4500 Paulinus
392 4447 647 4501 diaconus
684 4442 912 4501 Aurelio
932 4444 1337 4515 Carthaginensi
1364 4445 1540 4509 dedit,
1572 4448 1675 4501 alia

120 4530 175 4585 ex
204 4516 401 4570 litteris
436 4516 621 4571 Hilarii
651 4516 900 4569 monachi
938 4515 1004 4568 ad
1043 4515 1396 4585 Augustinum
1417 4556 1431 4580 ,
1464 4516 1565 4568 alia
1612 4533 1676 4570 ex

120 4582 242 4639 libro
281 4587 518 4656 quodam
556 4586 792 4656 CoaleStii
831 4585 1075 4656 pluribus
1116 4582 1380 4654 capitibus
1424 4586 1677 4640 distincto

121 4655 387 4727 desumpta
408 4658 546 4723 sint;
569 4672 689 4727 qua:
719 4655 873 4725 primi
900 4655 1134 4725 generis,
1164 4656 1352 4727 eadem
1384 4656 1678 4723 iisdemque

120 4725 281 4782 verbis
308 4730 367 4781 in
402 4725 661 4796 primo—et
689 4727 848 4780 tertio
881 4726 1188 4795 llieronymi
1234 4726 1446 4796 dialogo
1495 4728 1679 4796 legun—

122 4799 218 4859 tur;
245 4814 368 4864 quzc
397 4797 621 4851 secundi
648 4806 701 4851 et
730 4796 905 4863 tertii,
940 4796 1297 4865 suppeditavit
1326 4796 1576 4863 Orosius,
1623 4806 1680 4851 ut

120 4868 454 4936 exspologia
477 4866 628 4921 facile
651 4866 958 4925 conﬁcitur;
984 4882 1101 4933 qua:
1127 4868 1322 4936 quarti,
1352 4881 1453 4919 non
1485 4867 1676 4921 iisdem

120 4934 316 4997 quidem
351 4934 553 5003 verbis,
578 4937 672 4990 sed
704 4939 893 4991 eodem
926 4952 1084 4989 sensu
1115 4938 1166 4988 in
1197 4935 1436 5004 Dialogis
1476 4937 1678 4992 haben-

119 5013 210 5077 tur.
254 5008 409 5073 Quod
458 5017 634 5061 tamen
681 5007 859 5062 facere
902 5005 1273 5061 difficultatem
1318 5024 1423 5059 non
1471 5007 1674 5077 debet,

117 5074 389 5152 siquidem
410 5078 619 5152 monuit
646 5076 1002 5152 Augustinus,
1012 5078 1214 5152 utique
1238 5079 1408 5152 Oros-ii
1439 5074 1673 5131 tesriinol

117 5147 222 5218 oio,
240 5162 347 5201 non
377 5147 430 5218 in
452 5150 566 5211 ipso
590 5148 806 5218 quidem
833 5147 1063 5201 concilio
1079 5149 1265 5200 eadem
1296 5148 1457 5199 verba
1489 5164 1551 5200 ex
1582 5154 1683 5204 hoc

116 5213 344 5272 leestii
372 5217 582 5283 libello,
607 5213 711 5274 sed
740 5218 953 5273 easdem
984 5226 1188 5271 tantum
1232 5218 1343 5273 fere
1382 5220 1682 5273 sententias

116 5286 297 5341 relatas
327 5303 471 5343 esse.

180 5357 299 5411 llaec
330 5359 379 5413 si
410 5373 531 5412 vera
562 5358 695 5424 sint,
723 5365 783 5412 ut
811 5373 930 5413 esse
956 5358 1043 5412 vix
1068 5357 1210 5412 ullus
1235 5358 1470 5427 prudens
1500 5374 1678 5413 rerum

114 5429 401 5492 negaverit,
427 5429 657 5495 plurium
681 5444 861 5483 rerum
893 5443 1073 5483 causa:
1096 5430 1351 5483 hactenus
1372 5437 1463 5482 aut
1486 5431 1677 5499 ignota:

113 5507 195 5568 out
241 5498 432 5568 saltem
478 5498 655 5551 dubia:
695 5508 983 5567 apparent;
1017 5510 1070 5553 et
1101 5499 1272 5564 primo
1298 5498 1550 5568 quidem,
1581 5516 1679 5554 cur

113 5562 322 5620 Orosius
351 5582 454 5621 non
478 5562 743 5623 autumno
757 5562 977 5624 redierit
1005 5571 1055 5623 in
1085 5562 1341 5635 Africam,
1370 5570 1509 5638 quod
1538 5582 1676 5624 tem-

113 5644 280 5708 pestas
307 5638 603 5703 suadebat,
644 5640 805 5695 immo
846 5653 901 5694 et
940 5640 1197 5708 promissa
1228 5638 1361 5693 fides
1390 5641 1672 5707 poscebat;

113 5706 267 5777 animi
293 5708 435 5763 enim
460 5714 517 5763 et
540 5710 840 5777 apologiam
870 5706 1003 5774 sibi,
1056 5720 1112 5764 et
1140 5706 1356 5777 Pelagio
1391 5706 1550 5763 litem
1578 5750 1593 5773 ,
1624 5720 1678 5765 et

116 5774 297 5831 Joanni
327 5778 497 5835 vicem
524 5774 777 5849 parabat;
806 5789 899 5835 aut
932 5788 1081 5836 certe
1111 5774 1346 5834 intentus
1376 5779 1427 5834 iu
1457 5796 1672 5836 omnem

1790 3246 1854 3305 de
1888 3246 2183 3325 obtentibus
2228 3246 2473 3325 fratribus
2512 3246 2697 3307 nostris
2726 3254 2830 3325 fire
2853 3246 3165 3325 coepiswpis
3205 3246 3363 3325 Erote

1786 3338 1847 3374 ac
1874 3321 2107 3397 Lazaro,
2140 3317 2244 3379 siré
2287 3325 2350 3378 de
2374 3325 2665 3397 presbytero
2713 3321 2925 3387 Oresio,
2970 3317 3098 3397 sive
3122 3320 3186 3371 de
3209 3317 3358 3397 otiis,

1786 3408 2000 3459 quorum
2029 3388 2101 3447 ibi
2130 3414 2230 3448 non
2278 3388 2397 3448 sunt
2427 3388 2633 3447 noniina
2662 3409 2929 3460 expresso,
2955 3389 3101 3443 credo
3122 3388 3256 3455 quod
3280 3388 3361 3440 in-

1784 3463 1979 3531 telligat
2010 3468 2076 3518 ad
2105 3483 2280 3519 eorum
2330 3466 2839 3536 prwjudicium‘non
2883 3462 3086 3536 valere;
3134 3460 3179 3513 si
3215 3460 3361 3536 enim

1783 3528 2057 3602 prasente:
2104 3548 2289 3602 essent,
2320 3528 2521 3601 possunt
2545 3551 2661 3589 eum
2691 3533 2921 3603 fortasse,
2952 3532 3079 3583 absit
3109 3539 3163 3583 ut
3191 3528 3363 3603 dicant

1782 3600 2077 3660 convincere
2097 3607 2162 3660 de
2188 3600 2471 3667 mendacio,
2499 3607 2586 3657 sed
2612 3600 2741 3673 forte
2766 3617 3200 3673 commemorare,
3240 3600 3363 3673 quid

1784 3673 1918 3741 forte
1957 3678 2134 3743 fuisset
2163 3677 2371 3739 oblitus,
2401 3684 2490 3727 aut
2519 3676 2570 3727 in
2591 3671 2689 3741 quo
2724 3690 2839 3726 eum
2881 3672 3115 3743 fefellerit
3146 3671 3362 3743 Latinus

1782 3738 2062 3810 interpres,
2092 3747 2205 3799 licet
2238 3747 2346 3799 sine
2365 3745 2536 3797 studio
2564 3738 2863 3801 mentiendi,
2882 3738 3020 3793 certe
3044 3742 3226 3793 aliena:
3254 3738 3360 3791 lin-

1782 3829 1898 3881 guce
1928 3816 2097 3869 minus
2143 3817 2414 3869 intellecta:
2445 3813 2693 3867 nonnulla
2728 3811 3052 3881 difficultate;
3083 3810 3363 3880 pra‘sertim

1780 3885 1899 3957 quin
1921 3902 2023 3939 non
2050 3887 2100 3939 in
2127 3887 2281 3955 gestis
2307 3887 2533 3957 agitatur
2553 3900 2684 3957 quat,
2714 3882 2927 3953 improbi
2951 3881 3358 3957 nementiantur,

1783 3956 1900 4006 boui
1932 3966 2104 4010 autem
2127 3950 2201 4009 ἠε
2244 3950 2442 4027 aliquid
2482 3950 2861 4027 obliviscantur,
2901 3950 3362 4027 utititcrjnstituta

1780 4035 1920 4095 sunt.
1946 4027 2006 4080 Si
2034 4027 2147 4095 quis
2174 4020 2345 4080 autem
2374 4024 2664 4080 memoratis
2690 4021 2933 4095 fratribus
2960 4020 3150 4095 nostris
3180 4036 3242 4072 ea:
3265 4021 3360 4095 hoc

1781 4094 1981 4169 aliquid
2010 4089 2302 4166 quaestionis
2335 4095 2602 4160 intulerit,
2636 4089 2818 4162 eosque
2845 4093 2912 4145 ad
2942 4090 3201 4169 judicium
3249 4089 3362 4169 epi-

1782 4157 1986 4234 scopale
2018 4157 2289 4234 vocaverit,
2327 4170 2455 4233 sibi,
2507 4175 2562 4218 ut
2590 4157 2837 4228 poterunt
2863 4157 3137 4234 ,oderunt
3168 4175 3185 4234 ς
3217 4157 3362 4234 nobis

1782 4230 2013 4290 laborare
2038 4240 2162 4308 quid
2190 4230 2320 4307 opus
2363 4230 2456 4303 est;
2484 4236 2692 4308 quando
2726 4251 2788 4286 ne
2809 4232 2906 4308 ipsi
2920 4231 3136 4308 fluida-nt
3156 4230 3361 4300 judiccs

1779 4314 1890 4374 post
1912 4300 2195 4374 coepiswpi
2220 4300 2380 4363 nostri
2406 4300 2752 4361 narrationem
2772 4301 2967 4372 aliquid
2997 4300 3115 4355 inde
3137 4316 3363 4371 pronun-

1779 4375 1907 4429 tiare
1935 4379 2237 4432 voluerunt?

1850 4446 2070 4511 Quinto,
2095 4461 2189 4501 eur
2210 4447 2471 4504 Gallicani
2497 4446 2604 4499 duo
2630 4446 2708 4499 illi
2731 4443 2994 4512 episcopi,
3022 4456 3249 4512 quorum
3273 4440 3357 4493 vel

1782 4516 1892 4583 ipsa
1918 4518 2133 4571 nomina
2152 4519 2395 4572 Zosiinns
2419 4516 2653 4584 pontifex
2687 4514 2905 4568 infanda
2927 4511 3084 4577 dixit,
3110 4511 3359 4565 laudibus

1780 4588 1953 4641 ornati
1980 4592 2081 4640 sint
2114 4590 2180 4641 ab
2214 4589 2495 4642 Africanis.
2531 4587 2585 4640 ln
2614 4587 2755 4639 hanc
2793 4585 3100 4651 opinionem
3131 4584 3358 4651 Orosius

1735 4688 1740 4697 -
1781 4657 2155 4724 episcoporum
2179 4662 2385 4713 amicus
2408 4658 2693 4713 Africanos
2724 4650 3040 4715 induxerat,
3070 4653 3223 4721 quasi
3251 4650 3356 4724 vel

1781 4722 2087 4849 mercedem
2131 4730 2295 4783 oblati
2327 4729 2496 4783 libelli
2539 4725 2859 4796 rependeret
2879 4766 2893 4789 ,
2922 4726 3006 4778 vel
3038 4722 3356 4776 benelicium

1781 4812 1839 4849 re
1866 4809 2032 4849 erret.

1780 4809 2032 4851 reterret.

1852 4868 2056 4951 Sexto,-
2100 4884 2195 4924 cur
2238 4869 2592 4951 Hieronymus
2639 4866 2905 4937 synodum
2941 4862 3359 4951 Diospolita‘nJIm

1783 4930 2151 5013 miserabilem
2199 4930 2475 5009 scripserit
2494 4979 2518 5013 ,_
2557 4938 2609 4992 in
2641 4930 2742 5013 quo
2774 4950 3004 5013 nempe,
3044 4930 3177 5013 licet
3228 4930 3361 4984 tides

1786 5010 2005 5082 vicerit,
2054 5010 2179 5064 vicit
2218 5005 2393 5082 tanien
2433 5010 2690 5065 industria
2720 5005 2941 5082 Joannis
2967 5005 3363 5082 Pelagiumyo—

1788 5079 1947 5133 lentis
1989 5096 2178 5148 purum
2229 5081 2449 5135 haeresis
2499 5088 2783 5148 praestare,
2834 5078 3094 5145 suisque,
3143 5083 3202 5126 ut
3246 5078 3363 5141 ipse

1786 5151 2001 5220 quidem
2029 5152 2223 5214 aiebat,
2248 5153 2454 5204 aemulis
2493 5150 2849 5218 superiorem.

1861 5220 2102 5294 Septimo
2127 5262 2141 5284 ,
2174 5212 2277 5294 cur
2304 5222 2483 5294 rebus,
2514 5212 2575 5272 ui
2601 5220 2687 5285 fit,
2735 5216 3012 5294 patefactis
3041 5212 3355 5294 Hieronymi

1789 5305 1912 5359 pars
1940 5288 1969 5343 a
2012 5292 2205 5360 Pelagii
2233 5292 2477 5346 sectariis
2507 5305 2614 5343 non
2640 5288 2983 5360 mediocriter
3013 5294 3201 5340 vexata
3253 5288 3365 5360 sit,

1796 5355 1959 5413 immo
1988 5362 2112 5431 ipse
2140 5355 2518 5431 'llieronymus
2549 5362 2600 5414 in
2637 5361 2758 5431 vita:
2792 5359 3079 5412 discrimen
3103 5355 3360 5431 venerit,

1781 5433 1923 5500 quod
1967 5426 2243 5486 declinare
2274 5426 2379 5486 non
2407 5431 2564 5485 aliter
2594 5430 2769 5501 potuit
2790 5444 2951 5498 quam
2985 5428 3146 5482 turris
3184 5426 3359 5478 inuui-

1783 5501 1934 5555 tioris
1958 5502 2229 5569 praesidio.

1850 5567 2129 5642 Postremo
2159 5571 2410 5642 denique,
2441 5587 2537 5626 cur
2565 5571 2631 5626 de
2658 5570 2865 5626 Joanne
2905 5567 3365 5642 velutiperseeip

1777 5640 1958 5715 tionis
1994 5652 2215 5697 auctore
2255 5637 2321 5696 ad
2372 5643 2736 5715 Innocentium
2788 5638 3211 5715 papamdela'ta:
3256 5637 3365 5715 sint

1776 5712 2041 5787 querelze,
2076 5723 2375 5787 nectamen
2408 5712 2734 5787 huiusmodi,
2770 5722 2826 5787 ut
2852 5710 3137 5787 appellatis
3184 5710 3363 5787 potni-

1776 5778 1941 5837 iiatiin
1972 5784 2223 5851 personis
2273 5793 2455 5853 posset
2480 5778 2720 5854 pontifex
2769 5782 3067 5851 legitimum
3104 5778 3365 5844 judicium
