  <div class='ocr_page' id='page_1' title='image "/cluster/home/n/w/nwhite01/storage/ocr_20150623/48/hvd.32044096580691/278.png"; bbox 0 0 3972 6180; ppageno 0'>
   <div class='ocr_carea' id='block_1_1' title="bbox 205 277 1773 347">
    <p class='ocr_par' dir='ltr' id='par_1_1' title="bbox 205 279 1773 343">
     <span class='ocr_line' id='line_1_1' title="bbox 205 279 1773 343; baseline -0.005 0"><span class='ocrx_word' id='word_1_1' title='bbox 205 284 317 343; x_wconf 62' lang='grc' dir='ltr'><strong>διδ</strong></span> <span class='ocrx_word' id='word_1_2' title='bbox 452 283 759 341; x_wconf 64' lang='grc' dir='ltr'><strong>ῡιδδιητ.</strong></span> <span class='ocrx_word' id='word_1_3' title='bbox 792 280 877 337; x_wconf 84' lang='lat' dir='ltr'><strong>Vl.</strong></span> <span class='ocrx_word' id='word_1_4' title='bbox 915 282 1001 336; x_wconf 81' lang='lat' dir='ltr'><strong>DE</strong></span> <span class='ocrx_word' id='word_1_5' title='bbox 1041 280 1341 337; x_wconf 76' lang='lat' dir='ltr'><strong>SCRIPTIS</strong></span> <span class='ocrx_word' id='word_1_6' title='bbox 1378 281 1538 337; x_wconf 68' lang='grc' dir='ltr'><strong>ΔΒΕ.</strong></span> <span class='ocrx_word' id='word_1_7' title='bbox 1569 279 1773 336; x_wconf 68' lang='lat' dir='ltr'><strong>liA‘JRE</strong></span> 
     </span>
    </p>
   </div>
   <div class='ocr_carea' id='block_1_2' title="bbox 1880 277 3450 347">
    <p class='ocr_par' dir='ltr' id='par_1_2' title="bbox 1880 278 3450 347">
     <span class='ocr_line' id='line_1_2' title="bbox 1880 278 3450 347; baseline 0.008 -13"><span class='ocrx_word' id='word_1_8' title='bbox 1880 280 1901 334; x_wconf 87' lang='grc' dir='ltr'><strong>Ι</strong></span> <span class='ocrx_word' id='word_1_9' title='bbox 1932 279 2181 337; x_wconf 75' lang='lat' dir='ltr'><strong>PELAG.</strong></span> <span class='ocrx_word' id='word_1_10' title='bbox 2213 280 2400 337; x_wconf 80' lang='lat' dir='ltr'><strong>ANTE</strong></span> <span class='ocrx_word' id='word_1_11' title='bbox 2429 278 2714 336; x_wconf 75' lang='lat' dir='ltr'><strong>MORTEM</strong></span> <span class='ocrx_word' id='word_1_12' title='bbox 2745 278 2804 336; x_wconf 90' lang='lat' dir='ltr'><strong>S.</strong></span> <span class='ocrx_word' id='word_1_13' title='bbox 2830 278 3212 339; x_wconf 79' lang='lat' dir='ltr'><strong>AUGUSTINI.</strong></span> <span class='ocrx_word' id='word_1_14' title='bbox 3348 285 3450 347; x_wconf 72' lang='lat' dir='ltr'><strong>5l6</strong></span> 
     </span>
    </p>
   </div>
   <div class='ocr_carea' id='block_1_3' title="bbox 210 392 3447 472">
    <p class='ocr_par' dir='ltr' id='par_1_3' title="bbox 210 392 3447 472">
     <span class='ocr_line' id='line_1_3' title="bbox 210 392 3447 472; baseline 0.003 -23"><span class='ocrx_word' id='word_1_15' title='bbox 210 398 590 472; x_wconf 62' lang='lat' dir='ltr'><strong>juxtarloquia</strong></span> <span class='ocrx_word' id='word_1_16' title='bbox 620 397 1034 472; x_wconf 66' lang='lat' dir='ltr'><strong>scripturarum,</strong></span> <span class='ocrx_word' id='word_1_17' title='bbox 1061 396 1353 472; x_wconf 61' lang='lat' dir='ltr'><strong>moiliernnt</strong></span> <span class='ocrx_word' id='word_1_18' title='bbox 1393 394 1553 472; x_wconf 56' lang='lat' dir='ltr'><strong>uerita</strong></span> <span class='ocrx_word' id='word_1_19' title='bbox 1567 412 1659 472; x_wconf 76' lang='lat' dir='ltr'><strong>suo</strong></span> <span class='ocrx_word' id='word_1_20' title='bbox 1694 411 1776 472; x_wconf 76' lang='lat' dir='ltr'><strong>su-</strong></span> <span class='ocrx_word' id='word_1_21' title='bbox 1809 395 1861 455; x_wconf 78' lang='grc' dir='ltr'><strong>Α</strong></span> <span class='ocrx_word' id='word_1_22' title='bbox 1887 408 1919 447; x_wconf 87' lang='lat' dir='ltr'><strong>a</strong></span> <span class='ocrx_word' id='word_1_23' title='bbox 1947 392 2193 472; x_wconf 53' lang='lat' dir='ltr'><strong>@osimo;</strong></span> <span class='ocrx_word' id='word_1_24' title='bbox 2230 393 2280 447; x_wconf 89' lang='lat' dir='ltr'><strong>id</strong></span> <span class='ocrx_word' id='word_1_25' title='bbox 2308 395 2452 472; x_wconf 74' lang='lat' dir='ltr'><strong>enim</strong></span> <span class='ocrx_word' id='word_1_26' title='bbox 2478 393 2776 472; x_wconf 69' lang='lat' dir='ltr'><strong>signiﬁcant</strong></span> <span class='ocrx_word' id='word_1_27' title='bbox 2809 398 2970 472; x_wconf 66' lang='lat' dir='ltr'><strong>verba</strong></span> <span class='ocrx_word' id='word_1_28' title='bbox 3004 413 3126 453; x_wconf 88' lang='lat' dir='ltr'><strong>mox</strong></span> <span class='ocrx_word' id='word_1_29' title='bbox 3154 401 3447 458; x_wconf 84' lang='lat' dir='ltr'><strong>atl&#39;erenda.</strong></span> 
     </span>
    </p>
   </div>
   <div class='ocr_carea' id='block_1_4' title="bbox 219 463 1781 535">
    <p class='ocr_par' dir='ltr' id='par_1_4' title="bbox 219 463 1781 535">
     <span class='ocr_line' id='line_1_4' title="bbox 219 463 1781 535; baseline -0.004 -15"><span class='ocrx_word' id='word_1_30' title='bbox 219 463 308 533; x_wconf 67' lang='lat' dir='ltr'><strong>per</strong></span> <span class='ocrx_word' id='word_1_31' title='bbox 335 463 523 529; x_wconf 79' lang='lat' dir='ltr'><strong>oleant,</strong></span> <span class='ocrx_word' id='word_1_32' title='bbox 548 469 647 535; x_wconf 86' lang='lat' dir='ltr'><strong>ipsi</strong></span> <span class='ocrx_word' id='word_1_33' title='bbox 675 463 842 518; x_wconf 85' lang='lat' dir='ltr'><strong>autem</strong></span> <span class='ocrx_word' id='word_1_34' title='bbox 870 474 986 518; x_wconf 86' lang='lat' dir='ltr'><strong>sunt</strong></span> <span class='ocrx_word' id='word_1_35' title='bbox 1005 466 1186 535; x_wconf 84' lang='lat' dir='ltr'><strong>jocqu</strong></span> <span class='ocrx_word' id='word_1_36' title='bbox 1213 463 1331 533; x_wconf 86' lang='lat' dir='ltr'><strong>(Ps.</strong></span> <span class='ocrx_word' id='word_1_37' title='bbox 1362 480 1466 529; x_wconf 75' lang='lat' dir='ltr'><strong>Ltv,</strong></span> <span class='ocrx_word' id='word_1_38' title='bbox 1487 464 1606 531; x_wconf 74' lang='grc'><strong>22).</strong></span> <span class='ocrx_word' id='word_1_39' title='bbox 1634 474 1681 517; x_wconf 85' lang='lat' dir='ltr'><strong>et</strong></span> <span class='ocrx_word' id='word_1_40' title='bbox 1693 469 1781 534; x_wconf 80' lang='lat' dir='ltr'><strong>jo-</strong></span> 
     </span>
    </p>
   </div>
   <div class='ocr_carea' id='block_1_5' title="bbox 215 534 1784 605">
    <p class='ocr_par' dir='ltr' id='par_1_5' title="bbox 215 534 1784 605">
     <span class='ocr_line' id='line_1_5' title="bbox 215 534 1784 605; baseline -0.001 -16"><span class='ocrx_word' id='word_1_41' title='bbox 215 537 334 591; x_wconf 85' lang='lat' dir='ltr'><strong>cula</strong></span> <span class='ocrx_word' id='word_1_42' title='bbox 357 538 515 605; x_wconf 87' lang='lat' dir='ltr'><strong>ignita</strong></span> <span class='ocrx_word' id='word_1_43' title='bbox 533 577 548 596; x_wconf 87' lang='lat'><strong>,</strong></span> <span class='ocrx_word' id='word_1_44' title='bbox 568 534 694 605; x_wconf 71' lang='lat' dir='ltr'><strong>qua:</strong></span> <span class='ocrx_word' id='word_1_45' title='bbox 721 545 862 589; x_wconf 87' lang='lat' dir='ltr'><strong>scuto</strong></span> <span class='ocrx_word' id='word_1_46' title='bbox 891 535 1012 603; x_wconf 73' lang='lat' dir='ltr'><strong>ﬁdei</strong></span> <span class='ocrx_word' id='word_1_47' title='bbox 1037 534 1332 603; x_wconf 76' lang='lat' dir='ltr'><strong>repellenda</strong></span> <span class='ocrx_word' id='word_1_48' title='bbox 1373 535 1528 587; x_wconf 86' lang='lat' dir='ltr'><strong>simul</strong></span> <span class='ocrx_word' id='word_1_49' title='bbox 1555 544 1602 587; x_wconf 89' lang='lat' dir='ltr'><strong>et</strong></span> <span class='ocrx_word' id='word_1_50' title='bbox 1618 538 1784 589; x_wconf 69' lang='lat' dir='ltr'><strong>extin-</strong></span> 
     </span>
    </p>
   </div>
   <div class='ocr_carea' id='block_1_6' title="bbox 216 610 578 676">
    <p class='ocr_par' dir='ltr' id='par_1_6' title="bbox 216 610 578 676">
     <span class='ocr_line' id='line_1_6' title="bbox 216 610 578 676; baseline 0.003 -17"><span class='ocrx_word' id='word_1_51' title='bbox 216 610 415 676; x_wconf 80' lang='lat' dir='ltr'><strong>guendu</strong></span> <span class='ocrx_word' id='word_1_52' title='bbox 442 615 578 660; x_wconf 86' lang='lat' dir='ltr'><strong>sunt.</strong></span> 
     </span>
    </p>
   </div>
   <div class='ocr_carea' id='block_1_7' title="bbox 291 672 1782 744">
    <p class='ocr_par' dir='ltr' id='par_1_7' title="bbox 291 672 1782 744">
     <span class='ocr_line' id='line_1_7' title="bbox 291 672 1782 744; baseline -0.003 -15"><span class='ocrx_word' id='word_1_53' title='bbox 291 676 362 729; x_wconf 79' lang='lat' dir='ltr'><strong>Ex</strong></span> <span class='ocrx_word' id='word_1_54' title='bbox 398 677 478 729; x_wconf 90' lang='lat' dir='ltr'><strong>his</strong></span> <span class='ocrx_word' id='word_1_55' title='bbox 508 673 909 743; x_wconf 46' lang='lat' dir='ltr'><strong>praefationibus</strong></span> <span class='ocrx_word' id='word_1_56' title='bbox 935 672 1245 744; x_wconf 77' lang='lat' dir='ltr'><strong>Hieronymi</strong></span> <span class='ocrx_word' id='word_1_57' title='bbox 1271 673 1782 744; x_wconf 68' lang='lat' dir='ltr'><strong>aliisqueOperibus</strong></span> 
     </span>
    </p>
   </div>
   <div class='ocr_carea' id='block_1_8' title="bbox 218 743 1782 813">
    <p class='ocr_par' dir='ltr' id='par_1_8' title="bbox 218 743 1782 813">
     <span class='ocr_line' id='line_1_8' title="bbox 218 743 1782 813; baseline -0.001 -14"><span class='ocrx_word' id='word_1_58' title='bbox 218 747 324 812; x_wconf 84' lang='lat' dir='ltr'><strong>jam</strong></span> <span class='ocrx_word' id='word_1_59' title='bbox 357 745 661 799; x_wconf 68' lang='lat' dir='ltr'><strong>men-iratis</strong></span> <span class='ocrx_word' id='word_1_60' title='bbox 703 745 1000 813; x_wconf 72' lang='lat' dir='ltr'><strong>intelligere</strong></span> <span class='ocrx_word' id='word_1_61' title='bbox 1036 754 1121 798; x_wconf 88' lang='lat' dir='ltr'><strong>est</strong></span> <span class='ocrx_word' id='word_1_62' title='bbox 1144 743 1262 810; x_wconf 88' lang='lat' dir='ltr'><strong>quis</strong></span> <span class='ocrx_word' id='word_1_63' title='bbox 1288 753 1457 797; x_wconf 86' lang='lat' dir='ltr'><strong>status</strong></span> <span class='ocrx_word' id='word_1_64' title='bbox 1494 743 1653 799; x_wconf 79' lang='lat' dir='ltr'><strong>fuerit</strong></span> <span class='ocrx_word' id='word_1_65' title='bbox 1704 744 1782 798; x_wconf 87' lang='lat' dir='ltr'><strong>rei</strong></span> 
     </span>
    </p>
   </div>
   <div class='ocr_carea' id='block_1_9' title="bbox 224 813 1781 883">
    <p class='ocr_par' dir='ltr' id='par_1_9' title="bbox 224 813 1781 883">
     <span class='ocr_line' id='line_1_9' title="bbox 224 813 1781 883; baseline -0.001 -14"><span class='ocrx_word' id='word_1_66' title='bbox 224 815 517 883; x_wconf 65' lang='lat' dir='ltr'><strong>Pelagiana:</strong></span> <span class='ocrx_word' id='word_1_67' title='bbox 544 815 595 868; x_wconf 93' lang='lat' dir='ltr'><strong>in</strong></span> <span class='ocrx_word' id='word_1_68' title='bbox 622 814 904 870; x_wconf 64' lang='lat' dir='ltr'><strong>Pola-stipa</strong></span> <span class='ocrx_word' id='word_1_69' title='bbox 930 813 999 867; x_wconf 82' lang='lat' dir='ltr'><strong>ab</strong></span> <span class='ocrx_word' id='word_1_70' title='bbox 1029 813 1256 867; x_wconf 86' lang='lat' dir='ltr'><strong>adventu</strong></span> <span class='ocrx_word' id='word_1_71' title='bbox 1296 813 1495 881; x_wconf 83' lang='lat' dir='ltr'><strong>Pelagii</strong></span> <span class='ocrx_word' id='word_1_72' title='bbox 1521 828 1687 881; x_wconf 90' lang='lat' dir='ltr'><strong>usque</strong></span> <span class='ocrx_word' id='word_1_73' title='bbox 1716 815 1781 867; x_wconf 79' lang='lat' dir='ltr'><strong>ad</strong></span> 
     </span>
    </p>
   </div>
   <div class='ocr_carea' id='block_1_10' title="bbox 222 883 1785 955">
    <p class='ocr_par' dir='ltr' id='par_1_10' title="bbox 222 883 1785 955">
     <span class='ocr_line' id='line_1_10' title="bbox 222 883 1785 955; baseline -0.002 -17"><span class='ocrx_word' id='word_1_74' title='bbox 222 886 480 955; x_wconf 78' lang='lat' dir='ltr'><strong>synodum</strong></span> <span class='ocrx_word' id='word_1_75' title='bbox 510 885 968 955; x_wconf 66' lang='lat' dir='ltr'><strong>Diospolitanam,</strong></span> <span class='ocrx_word' id='word_1_76' title='bbox 987 883 1289 955; x_wconf 78' lang='lat' dir='ltr'><strong>quibusque</strong></span> <span class='ocrx_word' id='word_1_77' title='bbox 1329 883 1551 955; x_wconf 75' lang='lat' dir='ltr'><strong>artibus</strong></span> <span class='ocrx_word' id='word_1_78' title='bbox 1571 897 1785 949; x_wconf 89' lang='lat' dir='ltr'><strong>promo-</strong></span> 
     </span>
    </p>
   </div>
   <div class='ocr_carea' id='block_1_11' title="bbox 221 951 1784 1022">
    <p class='ocr_par' dir='ltr' id='par_1_11' title="bbox 221 951 1784 1022">
     <span class='ocr_line' id='line_1_11' title="bbox 221 951 1784 1022; baseline 0 -17"><span class='ocrx_word' id='word_1_79' title='bbox 221 951 451 1018; x_wconf 73' lang='lat' dir='ltr'><strong>veretur,</strong></span> <span class='ocrx_word' id='word_1_80' title='bbox 497 951 794 1022; x_wconf 68' lang='lat' dir='ltr'><strong>praesertim</strong></span> <span class='ocrx_word' id='word_1_81' title='bbox 835 953 973 1021; x_wconf 88' lang='lat' dir='ltr'><strong>apud</strong></span> <span class='ocrx_word' id='word_1_82' title='bbox 1002 953 1207 1005; x_wconf 79' lang='lat' dir='ltr'><strong>nobiles</strong></span> <span class='ocrx_word' id='word_1_83' title='bbox 1227 951 1489 1016; x_wconf 81' lang='lat' dir='ltr'><strong>feminas,</strong></span> <span class='ocrx_word' id='word_1_84' title='bbox 1541 952 1656 1019; x_wconf 88' lang='lat' dir='ltr'><strong>ipso</strong></span> <span class='ocrx_word' id='word_1_85' title='bbox 1686 968 1784 1018; x_wconf 86' lang='lat' dir='ltr'><strong>per</strong></span> 
     </span>
    </p>
   </div>
   <div class='ocr_carea' id='block_1_12' title="bbox 222 1022 1784 1092">
    <p class='ocr_par' dir='ltr' id='par_1_12' title="bbox 222 1022 1784 1092">
     <span class='ocr_line' id='line_1_12' title="bbox 222 1022 1784 1092; baseline -0.003 -14"><span class='ocrx_word' id='word_1_86' title='bbox 222 1038 279 1078; x_wconf 87' lang='lat' dir='ltr'><strong>se</strong></span> <span class='ocrx_word' id='word_1_87' title='bbox 308 1033 497 1092; x_wconf 83' lang='lat' dir='ltr'><strong>agente</strong></span> <span class='ocrx_word' id='word_1_88' title='bbox 547 1024 761 1092; x_wconf 84' lang='lat' dir='ltr'><strong>Pelagio</strong></span> <span class='ocrx_word' id='word_1_89' title='bbox 786 1038 909 1078; x_wconf 91' lang='lat' dir='ltr'><strong>cum</strong></span> <span class='ocrx_word' id='word_1_90' title='bbox 937 1023 1187 1076; x_wconf 79' lang='lat' dir='ltr'><strong>Anniano</strong></span> <span class='ocrx_word' id='word_1_91' title='bbox 1206 1040 1230 1092; x_wconf 92' lang='lat'><strong>:_</strong></span> <span class='ocrx_word' id='word_1_92' title='bbox 1265 1022 1445 1074; x_wconf 86' lang='lat' dir='ltr'><strong>coibat</strong></span> <span class='ocrx_word' id='word_1_93' title='bbox 1489 1036 1679 1092; x_wconf 85' lang='lat' dir='ltr'><strong>nempe</strong></span> <span class='ocrx_word' id='word_1_94' title='bbox 1709 1022 1784 1073; x_wconf 83' lang='lat' dir='ltr'><strong>fa-</strong></span> 
     </span>
    </p>
   </div>
   <div class='ocr_carea' id='block_1_13' title="bbox 221 1090 1780 1162">
    <p class='ocr_par' dir='ltr' id='par_1_13' title="bbox 221 1090 1780 1162">
     <span class='ocr_line' id='line_1_13' title="bbox 221 1090 1780 1162; baseline -0.002 -17"><span class='ocrx_word' id='word_1_95' title='bbox 221 1096 325 1147; x_wconf 85' lang='lat' dir='ltr'><strong>ctio</strong></span> <span class='ocrx_word' id='word_1_96' title='bbox 347 1090 445 1147; x_wconf 83' lang='lat' dir='ltr'><strong>toti</strong></span> <span class='ocrx_word' id='word_1_97' title='bbox 472 1093 588 1147; x_wconf 88' lang='lat' dir='ltr'><strong>orbi</strong></span> <span class='ocrx_word' id='word_1_98' title='bbox 615 1090 901 1162; x_wconf 71' lang='lat' dir='ltr'><strong>perniciem</strong></span> <span class='ocrx_word' id='word_1_99' title='bbox 928 1092 1149 1162; x_wconf 76' lang='lat' dir='ltr'><strong>iactura,</strong></span> <span class='ocrx_word' id='word_1_100' title='bbox 1182 1090 1394 1162; x_wconf 88' lang='lat' dir='ltr'><strong>pietatis</strong></span> <span class='ocrx_word' id='word_1_101' title='bbox 1422 1100 1579 1159; x_wconf 87' lang='lat' dir='ltr'><strong>atque</strong></span> <span class='ocrx_word' id='word_1_102' title='bbox 1603 1090 1780 1162; x_wconf 83' lang='lat' dir='ltr'><strong>humi-</strong></span> 
     </span>
    </p>
   </div>
   <div class='ocr_carea' id='block_1_14' title="bbox 221 1160 1780 1231">
    <p class='ocr_par' dir='ltr' id='par_1_14' title="bbox 221 1160 1780 1231">
     <span class='ocr_line' id='line_1_14' title="bbox 221 1160 1780 1231; baseline -0.003 -13"><span class='ocrx_word' id='word_1_103' title='bbox 221 1164 382 1218; x_wconf 87' lang='lat' dir='ltr'><strong>litatis</strong></span> <span class='ocrx_word' id='word_1_104' title='bbox 411 1160 923 1231; x_wconf 51' lang='lat' dir='ltr'><strong>specie,&#39;severioris</strong></span> <span class='ocrx_word' id='word_1_105' title='bbox 943 1161 1240 1230; x_wconf 79' lang='lat' dir='ltr'><strong>disciplina:</strong></span> <span class='ocrx_word' id='word_1_106' title='bbox 1266 1161 1549 1228; x_wconf 86' lang='lat' dir='ltr'><strong>jactantia,</strong></span> <span class='ocrx_word' id='word_1_107' title='bbox 1576 1160 1780 1213; x_wconf 89' lang='lat' dir='ltr'><strong>alieno-</strong></span> 
     </span>
    </p>
   </div>
   <div class='ocr_carea' id='block_1_15' title="bbox 224 1231 1782 1301">
    <p class='ocr_par' dir='ltr' id='par_1_15' title="bbox 224 1231 1782 1301">
     <span class='ocr_line' id='line_1_15' title="bbox 224 1231 1782 1301; baseline -0.001 -17"><span class='ocrx_word' id='word_1_108' title='bbox 224 1249 339 1286; x_wconf 86' lang='lat' dir='ltr'><strong>rum</strong></span> <span class='ocrx_word' id='word_1_109' title='bbox 393 1233 626 1301; x_wconf 88' lang='lat' dir='ltr'><strong>Operum</strong></span> <span class='ocrx_word' id='word_1_110' title='bbox 666 1232 1087 1301; x_wconf 81' lang='lat' dir='ltr'><strong>reprehensione</strong></span> <span class='ocrx_word' id='word_1_111' title='bbox 1112 1271 1127 1293; x_wconf 86' lang='lat'><strong>,</strong></span> <span class='ocrx_word' id='word_1_112' title='bbox 1166 1231 1388 1285; x_wconf 76' lang='lat' dir='ltr'><strong>occultis</strong></span> <span class='ocrx_word' id='word_1_113' title='bbox 1436 1232 1782 1301; x_wconf 75' lang='lat' dir='ltr'><strong>conventibus</strong></span> 
     </span>
    </p>
   </div>
   <div class='ocr_carea' id='block_1_16' title="bbox 221 1298 1784 1370">
    <p class='ocr_par' dir='ltr' id='par_1_16' title="bbox 221 1298 1784 1370">
     <span class='ocr_line' id='line_1_16' title="bbox 221 1298 1784 1370; baseline -0.002 -15"><span class='ocrx_word' id='word_1_114' title='bbox 221 1305 269 1355; x_wconf 92' lang='lat' dir='ltr'><strong>in</strong></span> <span class='ocrx_word' id='word_1_115' title='bbox 292 1298 575 1366; x_wconf 79' lang='lat' dir='ltr'><strong>cubiculis,</strong></span> <span class='ocrx_word' id='word_1_116' title='bbox 603 1298 915 1357; x_wconf 73' lang='lat' dir='ltr'><strong>adulatione</strong></span> <span class='ocrx_word' id='word_1_117' title='bbox 944 1302 1237 1370; x_wconf 88' lang='lat' dir='ltr'><strong>potentium</strong></span> <span class='ocrx_word' id='word_1_118' title='bbox 1268 1301 1563 1364; x_wconf 88' lang='lat' dir='ltr'><strong>viduarum,</strong></span> <span class='ocrx_word' id='word_1_119' title='bbox 1595 1298 1784 1353; x_wconf 78' lang='lat' dir='ltr'><strong>l‘acnn-</strong></span> 
     </span>
    </p>
   </div>
   <div class='ocr_carea' id='block_1_17' title="bbox 218 1370 1777 1439">
    <p class='ocr_par' dir='ltr' id='par_1_17' title="bbox 218 1370 1777 1439">
     <span class='ocr_line' id='line_1_17' title="bbox 218 1370 1777 1439; baseline -0.003 -15"><span class='ocrx_word' id='word_1_120' title='bbox 218 1373 317 1425; x_wconf 71' lang='lat' dir='ltr'><strong>dia:</strong></span> <span class='ocrx_word' id='word_1_121' title='bbox 345 1372 725 1439; x_wconf 87' lang='lat' dir='ltr'><strong>ostentatione,</strong></span> <span class='ocrx_word' id='word_1_122' title='bbox 753 1371 944 1425; x_wconf 87' lang='lat' dir='ltr'><strong>callida</strong></span> <span class='ocrx_word' id='word_1_123' title='bbox 974 1370 1231 1424; x_wconf 72' lang='lat' dir='ltr'><strong>doctrina.-</strong></span> <span class='ocrx_word' id='word_1_124' title='bbox 1259 1371 1626 1435; x_wconf 66' lang='lat' dir='ltr'><strong>expositione.</strong></span> <span class='ocrx_word' id='word_1_125' title='bbox 1679 1372 1777 1421; x_wconf 86' lang='lat' dir='ltr'><strong>mi-</strong></span> 
     </span>
    </p>
   </div>
   <div class='ocr_carea' id='block_1_18' title="bbox 218 1440 1780 1510">
    <p class='ocr_par' dir='ltr' id='par_1_18' title="bbox 218 1440 1780 1510">
     <span class='ocr_line' id='line_1_18' title="bbox 218 1440 1780 1510; baseline -0.001 -17"><span class='ocrx_word' id='word_1_126' title='bbox 218 1444 299 1496; x_wconf 75' lang='lat' dir='ltr'><strong>nis</strong></span> <span class='ocrx_word' id='word_1_127' title='bbox 332 1443 384 1496; x_wconf 93' lang='lat' dir='ltr'><strong>in</strong></span> <span class='ocrx_word' id='word_1_128' title='bbox 411 1456 505 1495; x_wconf 87' lang='lat' dir='ltr'><strong>eos</strong></span> <span class='ocrx_word' id='word_1_129' title='bbox 535 1443 623 1510; x_wconf 91' lang='lat' dir='ltr'><strong>qui</strong></span> <span class='ocrx_word' id='word_1_130' title='bbox 660 1451 849 1496; x_wconf 90' lang='lat' dir='ltr'><strong>contra</strong></span> <span class='ocrx_word' id='word_1_131' title='bbox 896 1442 1197 1494; x_wconf 88' lang='lat' dir='ltr'><strong>scriberent</strong></span> <span class='ocrx_word' id='word_1_132' title='bbox 1218 1479 1233 1502; x_wconf 88' lang='lat'><strong>,</strong></span> <span class='ocrx_word' id='word_1_133' title='bbox 1264 1440 1418 1508; x_wconf 88' lang='lat' dir='ltr'><strong>quasi</strong></span> <span class='ocrx_word' id='word_1_134' title='bbox 1472 1442 1780 1510; x_wconf 78' lang='lat' dir='ltr'><strong>reSponsio—</strong></span> 
     </span>
    </p>
   </div>
   <div class='ocr_carea' id='block_1_19' title="bbox 216 1509 1779 1577">
    <p class='ocr_par' dir='ltr' id='par_1_19' title="bbox 216 1509 1779 1577">
     <span class='ocr_line' id='line_1_19' title="bbox 216 1509 1779 1577; baseline -0.003 -11"><span class='ocrx_word' id='word_1_135' title='bbox 216 1528 343 1566; x_wconf 89' lang='lat' dir='ltr'><strong>num</strong></span> <span class='ocrx_word' id='word_1_136' title='bbox 366 1512 507 1566; x_wconf 90' lang='lat' dir='ltr'><strong>mole</strong></span> <span class='ocrx_word' id='word_1_137' title='bbox 538 1509 797 1565; x_wconf 80' lang='lat' dir='ltr'><strong>chruendi</strong></span> <span class='ocrx_word' id='word_1_138' title='bbox 830 1510 1041 1575; x_wconf 78' lang='lat' dir='ltr'><strong>forent;</strong></span> <span class='ocrx_word' id='word_1_139' title='bbox 1093 1509 1307 1577; x_wconf 85' lang='lat' dir='ltr'><strong>querela</strong></span> <span class='ocrx_word' id='word_1_140' title='bbox 1338 1509 1614 1569; x_wconf 87' lang='lat' dir='ltr'><strong>continua.</strong></span> <span class='ocrx_word' id='word_1_141' title='bbox 1640 1510 1779 1576; x_wconf 90' lang='lat' dir='ltr'><strong>quod</strong></span> 
     </span>
    </p>
   </div>
   <div class='ocr_carea' id='block_1_20' title="bbox 212 1579 1783 1655">
    <p class='ocr_par' dir='ltr' id='par_1_20' title="bbox 212 1579 1783 1655">
     <span class='ocr_line' id='line_1_20' title="bbox 212 1579 1783 1655; baseline -0.001 -21"><span class='ocrx_word' id='word_1_142' title='bbox 212 1582 482 1655; x_wconf 73' lang='lat' dir='ltr'><strong>invidiam</strong></span> <span class='ocrx_word' id='word_1_143' title='bbox 512 1590 822 1655; x_wconf 83' lang='lat' dir='ltr'><strong>paterentur</strong></span> <span class='ocrx_word' id='word_1_144' title='bbox 849 1580 1093 1655; x_wconf 79' lang='lat' dir='ltr'><strong>homines</strong></span> <span class='ocrx_word' id='word_1_145' title='bbox 1129 1580 1455 1655; x_wconf 51' lang='lat' dir='ltr'><strong>evangelicae</strong></span> <span class='ocrx_word' id='word_1_146' title='bbox 1480 1579 1678 1655; x_wconf 66' lang='lat' dir='ltr'><strong>regulae</strong></span> <span class='ocrx_word' id='word_1_147' title='bbox 1705 1588 1783 1632; x_wconf 87' lang='lat' dir='ltr'><strong>te-</strong></span> 
     </span>
    </p>
   </div>
   <div class='ocr_carea' id='block_1_21' title="bbox 211 1650 1782 1717">
    <p class='ocr_par' dir='ltr' id='par_1_21' title="bbox 211 1650 1782 1717">
     <span class='ocr_line' id='line_1_21' title="bbox 211 1650 1782 1717; baseline -0.003 -13"><span class='ocrx_word' id='word_1_148' title='bbox 211 1651 484 1704; x_wconf 81' lang='lat' dir='ltr'><strong>nacissimi</strong></span> <span class='ocrx_word' id='word_1_149' title='bbox 512 1668 526 1714; x_wconf 92' lang='lat'><strong>;</strong></span> <span class='ocrx_word' id='word_1_150' title='bbox 578 1651 892 1705; x_wconf 85' lang='lat' dir='ltr'><strong>clericorum</strong></span> <span class='ocrx_word' id='word_1_151' title='bbox 914 1651 1177 1703; x_wconf 83' lang='lat' dir='ltr'><strong>scissione</strong></span> <span class='ocrx_word' id='word_1_152' title='bbox 1204 1650 1256 1702; x_wconf 92' lang='lat' dir='ltr'><strong>in</strong></span> <span class='ocrx_word' id='word_1_153' title='bbox 1284 1650 1493 1716; x_wconf 82' lang='lat' dir='ltr'><strong>partes,</strong></span> <span class='ocrx_word' id='word_1_154' title='bbox 1522 1650 1782 1717; x_wconf 88' lang='lat' dir='ltr'><strong>inspirato</strong></span> 
     </span>
    </p>
   </div>
   <div class='ocr_carea' id='block_1_22' title="bbox 209 1719 1781 1790">
    <p class='ocr_par' dir='ltr' id='par_1_22' title="bbox 209 1719 1781 1790">
     <span class='ocr_line' id='line_1_22' title="bbox 209 1719 1781 1790; baseline 0 -18"><span class='ocrx_word' id='word_1_155' title='bbox 209 1722 346 1790; x_wconf 86' lang='lat' dir='ltr'><strong>parti</strong></span> <span class='ocrx_word' id='word_1_156' title='bbox 373 1736 471 1774; x_wconf 90' lang='lat' dir='ltr'><strong>suo</strong></span> <span class='ocrx_word' id='word_1_157' title='bbox 499 1722 716 1773; x_wconf 92' lang='lat' dir='ltr'><strong>nomine</strong></span> <span class='ocrx_word' id='word_1_158' title='bbox 747 1722 957 1773; x_wconf 73' lang='lat' dir='ltr'><strong>donata:</strong></span> <span class='ocrx_word' id='word_1_159' title='bbox 986 1719 1109 1773; x_wconf 92' lang='lat' dir='ltr'><strong>odio</strong></span> <span class='ocrx_word' id='word_1_160' title='bbox 1129 1734 1257 1788; x_wconf 83' lang='lat' dir='ltr'><strong>erga</strong></span> <span class='ocrx_word' id='word_1_161' title='bbox 1278 1728 1513 1790; x_wconf 78' lang='lat' dir='ltr'><strong>sanctos,</strong></span> <span class='ocrx_word' id='word_1_162' title='bbox 1546 1721 1633 1786; x_wconf 92' lang='lat' dir='ltr'><strong>qui</strong></span> <span class='ocrx_word' id='word_1_163' title='bbox 1661 1734 1781 1772; x_wconf 88' lang='lat' dir='ltr'><strong>eum</strong></span> 
     </span>
    </p>
   </div>
   <div class='ocr_carea' id='block_1_23' title="bbox 212 1788 1607 1860">
    <p class='ocr_par' dir='ltr' id='par_1_23' title="bbox 212 1788 1607 1860">
     <span class='ocr_line' id='line_1_23' title="bbox 212 1788 1607 1860; baseline -0.001 -16"><span class='ocrx_word' id='word_1_164' title='bbox 212 1788 544 1860; x_wconf 63' lang='lat' dir='ltr'><strong>Hieronymo</strong></span> <span class='ocrx_word' id='word_1_165' title='bbox 574 1792 625 1843; x_wconf 91' lang='lat' dir='ltr'><strong>in</strong></span> <span class='ocrx_word' id='word_1_166' title='bbox 652 1791 977 1844; x_wconf 79' lang='lat' dir='ltr'><strong>monasterio</strong></span> <span class='ocrx_word' id='word_1_167' title='bbox 1012 1790 1317 1846; x_wconf 72' lang='lat' dir='ltr'><strong>serviebant</strong></span> <span class='ocrx_word' id='word_1_168' title='bbox 1341 1788 1473 1853; x_wconf 88' lang='lat' dir='ltr'><strong>Deo,</strong></span> <span class='ocrx_word' id='word_1_169' title='bbox 1501 1796 1607 1844; x_wconf 89' lang='lat' dir='ltr'><strong>etc.</strong></span> 
     </span>
    </p>
   </div>
   <div class='ocr_carea' id='block_1_24' title="bbox 681 1899 1311 1971">
    <p class='ocr_par' dir='ltr' id='par_1_24' title="bbox 681 1899 1311 1971">
     <span class='ocr_line' id='line_1_24' title="bbox 681 1899 1311 1971; baseline 0.002 -19"><span class='ocrx_word' id='word_1_170' title='bbox 681 1899 911 1971; x_wconf 74' lang='lat' dir='ltr'><strong>Reliqua:</strong></span> <span class='ocrx_word' id='word_1_171' title='bbox 940 1908 1037 1954; x_wconf 88' lang='lat' dir='ltr'><strong>tres</strong></span> <span class='ocrx_word' id='word_1_172' title='bbox 1066 1900 1311 1969; x_wconf 69' lang='lat' dir='ltr'><strong>epistola.</strong></span> 
     </span>
    </p>
   </div>
   <div class='ocr_carea' id='block_1_25' title="bbox 281 1990 1783 2062">
    <p class='ocr_par' dir='ltr' id='par_1_25' title="bbox 281 1990 1783 2062">
     <span class='ocr_line' id='line_1_25' title="bbox 281 1990 1783 2062; baseline -0.001 -18"><span class='ocrx_word' id='word_1_173' title='bbox 281 1990 532 2062; x_wconf 73' lang='lat' dir='ltr'><strong>Epistula</strong></span> <span class='ocrx_word' id='word_1_174' title='bbox 575 1992 641 2045; x_wconf 88' lang='lat' dir='ltr'><strong>ad</strong></span> <span class='ocrx_word' id='word_1_175' title='bbox 683 1991 914 2062; x_wconf 80' lang='lat' dir='ltr'><strong>Alipium</strong></span> <span class='ocrx_word' id='word_1_176' title='bbox 958 2001 1015 2046; x_wconf 88' lang='lat' dir='ltr'><strong>et</strong></span> <span class='ocrx_word' id='word_1_177' title='bbox 1068 1991 1416 2062; x_wconf 72' lang='lat' dir='ltr'><strong>Augustinum</strong></span> <span class='ocrx_word' id='word_1_178' title='bbox 1458 1990 1616 2061; x_wconf 89' lang='lat' dir='ltr'><strong>paulo</strong></span> <span class='ocrx_word' id='word_1_179' title='bbox 1658 1999 1783 2062; x_wconf 75' lang='lat' dir='ltr'><strong>ante</strong></span> 
     </span>
    </p>
   </div>
   <div class='ocr_carea' id='block_1_26' title="bbox 208 2060 1776 2131">
    <p class='ocr_par' dir='ltr' id='par_1_26' title="bbox 208 2060 1776 2131">
     <span class='ocr_line' id='line_1_26' title="bbox 208 2060 1776 2131; baseline -0.001 -15"><span class='ocrx_word' id='word_1_180' title='bbox 208 2074 443 2116; x_wconf 85' lang='lat' dir='ltr'><strong>mortem</strong></span> <span class='ocrx_word' id='word_1_181' title='bbox 473 2060 785 2131; x_wconf 82' lang='lat' dir='ltr'><strong>Hieronymi</strong></span> <span class='ocrx_word' id='word_1_182' title='bbox 829 2061 1028 2131; x_wconf 88' lang='lat' dir='ltr'><strong>scripta</strong></span> <span class='ocrx_word' id='word_1_183' title='bbox 1053 2060 1177 2127; x_wconf 74' lang='lat' dir='ltr'><strong>est,</strong></span> <span class='ocrx_word' id='word_1_184' title='bbox 1217 2061 1468 2115; x_wconf 88' lang='lat' dir='ltr'><strong>nimirum</strong></span> <span class='ocrx_word' id='word_1_185' title='bbox 1496 2060 1776 2131; x_wconf 67' lang='lat' dir='ltr'><strong>ann.4t9,</strong></span> 
     </span>
    </p>
   </div>
   <div class='ocr_carea' id='block_1_27' title="bbox 204 2130 1779 2201">
    <p class='ocr_par' dir='ltr' id='par_1_27' title="bbox 204 2130 1779 2201">
     <span class='ocr_line' id='line_1_27' title="bbox 204 2130 1779 2201; baseline -0.001 -17"><span class='ocrx_word' id='word_1_186' title='bbox 204 2132 305 2184; x_wconf 82' lang='lat' dir='ltr'><strong>sub</strong></span> <span class='ocrx_word' id='word_1_187' title='bbox 328 2134 491 2185; x_wconf 80' lang='lat' dir='ltr'><strong>linem</strong></span> <span class='ocrx_word' id='word_1_188' title='bbox 518 2146 534 2195; x_wconf 92' lang='lat'><strong>;</strong></span> <span class='ocrx_word' id='word_1_189' title='bbox 560 2130 785 2198; x_wconf 80' lang='lat' dir='ltr'><strong>namque</strong></span> <span class='ocrx_word' id='word_1_190' title='bbox 807 2132 859 2186; x_wconf 92' lang='lat' dir='ltr'><strong>in</strong></span> <span class='ocrx_word' id='word_1_191' title='bbox 888 2130 950 2186; x_wconf 86' lang='lat' dir='ltr'><strong>ea</strong></span> <span class='ocrx_word' id='word_1_192' title='bbox 980 2133 1039 2186; x_wconf 85' lang='lat' dir='ltr'><strong>tit</strong></span> <span class='ocrx_word' id='word_1_193' title='bbox 1074 2131 1296 2201; x_wconf 81' lang='lat' dir='ltr'><strong>mentio,</strong></span> <span class='ocrx_word' id='word_1_194' title='bbox 1324 2141 1379 2185; x_wconf 91' lang='lat' dir='ltr'><strong>et</strong></span> <span class='ocrx_word' id='word_1_195' title='bbox 1401 2130 1590 2201; x_wconf 84' lang='lat' dir='ltr'><strong>synodi</strong></span> <span class='ocrx_word' id='word_1_196' title='bbox 1621 2130 1779 2185; x_wconf 73' lang='lat' dir='ltr'><strong>Dim-</strong></span> 
     </span>
    </p>
   </div>
   <div class='ocr_carea' id='block_1_28' title="bbox 202 2200 1780 2270">
    <p class='ocr_par' dir='ltr' id='par_1_28' title="bbox 202 2200 1780 2270">
     <span class='ocr_line' id='line_1_28' title="bbox 202 2200 1780 2270; baseline 0 -16"><span class='ocrx_word' id='word_1_197' title='bbox 202 2202 483 2270; x_wconf 65' lang='lat' dir='ltr'><strong>politanm,</strong></span> <span class='ocrx_word' id='word_1_198' title='bbox 536 2216 653 2269; x_wconf 77' lang='lat' dir='ltr'><strong>qua:</strong></span> <span class='ocrx_word' id='word_1_199' title='bbox 688 2211 870 2255; x_wconf 87' lang='lat' dir='ltr'><strong>coacta</strong></span> <span class='ocrx_word' id='word_1_200' title='bbox 905 2210 989 2255; x_wconf 90' lang='lat' dir='ltr'><strong>est</strong></span> <span class='ocrx_word' id='word_1_201' title='bbox 1024 2216 1149 2255; x_wconf 84' lang='lat' dir='ltr'><strong>ann.</strong></span> <span class='ocrx_word' id='word_1_202' title='bbox 1191 2200 1317 2261; x_wconf 71' lang='grc'><strong>415,</strong></span> <span class='ocrx_word' id='word_1_203' title='bbox 1346 2200 1445 2254; x_wconf 85' lang='lat' dir='ltr'><strong>sub</strong></span> <span class='ocrx_word' id='word_1_204' title='bbox 1483 2200 1682 2266; x_wconf 79' lang='lat' dir='ltr'><strong>ﬁnem;</strong></span> <span class='ocrx_word' id='word_1_205' title='bbox 1724 2210 1780 2254; x_wconf 90' lang='lat' dir='ltr'><strong>et</strong></span> 
     </span>
    </p>
   </div>
   <div class='ocr_carea' id='block_1_29' title="bbox 198 2271 1776 2341">
    <p class='ocr_par' dir='ltr' id='par_1_29' title="bbox 198 2271 1776 2341">
     <span class='ocr_line' id='line_1_29' title="bbox 198 2271 1776 2341; baseline 0 -16"><span class='ocrx_word' id='word_1_206' title='bbox 198 2275 662 2341; x_wconf 82' lang='lat' dir='ltr'><strong>commorantium</strong></span> <span class='ocrx_word' id='word_1_207' title='bbox 690 2272 742 2325; x_wconf 91' lang='lat' dir='ltr'><strong>in</strong></span> <span class='ocrx_word' id='word_1_208' title='bbox 770 2271 1054 2325; x_wconf 65' lang='lat' dir='ltr'><strong>Palaestina</strong></span> <span class='ocrx_word' id='word_1_209' title='bbox 1084 2272 1288 2325; x_wconf 82' lang='lat' dir='ltr'><strong>Piniaoi</strong></span> <span class='ocrx_word' id='word_1_210' title='bbox 1319 2279 1373 2341; x_wconf 81' lang='lat' dir='ltr'><strong>et</strong></span> <span class='ocrx_word' id='word_1_211' title='bbox 1398 2272 1659 2333; x_wconf 66' lang='lat' dir='ltr'><strong>Metanira,</strong></span> <span class='ocrx_word' id='word_1_212' title='bbox 1686 2272 1776 2341; x_wconf 89' lang='lat' dir='ltr'><strong>qui</strong></span> 
     </span>
    </p>
   </div>
   <div class='ocr_carea' id='block_1_30' title="bbox 192 2340 1777 2409">
    <p class='ocr_par' dir='ltr' id='par_1_30' title="bbox 192 2340 1777 2409">
     <span class='ocr_line' id='line_1_30' title="bbox 192 2340 1777 2409; baseline 0 -16"><span class='ocrx_word' id='word_1_213' title='bbox 192 2354 323 2393; x_wconf 86' lang='lat' dir='ltr'><strong>cum</strong></span> <span class='ocrx_word' id='word_1_214' title='bbox 356 2341 555 2395; x_wconf 86' lang='lat' dir='ltr'><strong>Albina</strong></span> <span class='ocrx_word' id='word_1_215' title='bbox 576 2340 902 2396; x_wconf 81' lang='lat' dir='ltr'><strong>advenerant</strong></span> <span class='ocrx_word' id='word_1_216' title='bbox 924 2358 1048 2396; x_wconf 86' lang='lat' dir='ltr'><strong>ann.</strong></span> <span class='ocrx_word' id='word_1_217' title='bbox 1077 2342 1216 2405; x_wconf 68' lang='lat' dir='ltr'><strong>M6;</strong></span> <span class='ocrx_word' id='word_1_218' title='bbox 1254 2350 1307 2395; x_wconf 90' lang='lat' dir='ltr'><strong>et</strong></span> <span class='ocrx_word' id='word_1_219' title='bbox 1325 2340 1580 2409; x_wconf 70' lang='lat' dir='ltr'><strong>jugulat-a2</strong></span> <span class='ocrx_word' id='word_1_220' title='bbox 1608 2340 1777 2394; x_wconf 39' lang='lat' dir='ltr'><strong>tm..-</strong></span> 
     </span>
    </p>
   </div>
   <div class='ocr_carea' id='block_1_31' title="bbox 192 2410 1775 2481">
    <p class='ocr_par' dir='ltr' id='par_1_31' title="bbox 192 2410 1775 2481">
     <span class='ocr_line' id='line_1_31' title="bbox 192 2410 1775 2481; baseline 0.001 -19"><span class='ocrx_word' id='word_1_221' title='bbox 192 2410 275 2463; x_wconf 85' lang='lat' dir='ltr'><strong>sis</strong></span> <span class='ocrx_word' id='word_1_222' title='bbox 315 2411 696 2481; x_wconf 67' lang='lat' dir='ltr'><strong>Ctnlestiante,</strong></span> <span class='ocrx_word' id='word_1_223' title='bbox 731 2412 869 2481; x_wconf 87' lang='lat' dir='ltr'><strong>quod</strong></span> <span class='ocrx_word' id='word_1_224' title='bbox 921 2412 1143 2479; x_wconf 77' lang='lat' dir='ltr'><strong>comigit</strong></span> <span class='ocrx_word' id='word_1_225' title='bbox 1181 2427 1308 2463; x_wconf 88' lang='lat' dir='ltr'><strong>ann.</strong></span> <span class='ocrx_word' id='word_1_226' title='bbox 1349 2411 1454 2464; x_wconf 73' lang='grc' dir='ltr'><strong>ΜΒ</strong></span> <span class='ocrx_word' id='word_1_227' title='bbox 1500 2421 1553 2465; x_wconf 92' lang='lat' dir='ltr'><strong>et</strong></span> <span class='ocrx_word' id='word_1_228' title='bbox 1598 2413 1775 2464; x_wconf 82' lang='lat' dir='ltr'><strong>obitus</strong></span> 
     </span>
    </p>
   </div>
   <div class='ocr_carea' id='block_1_32' title="bbox 189 2479 1775 2546">
    <p class='ocr_par' dir='ltr' id='par_1_32' title="bbox 189 2479 1775 2546">
     <span class='ocr_line' id='line_1_32' title="bbox 189 2479 1775 2546; baseline 0.001 -15"><span class='ocrx_word' id='word_1_229' title='bbox 189 2479 380 2533; x_wconf 86' lang='lat' dir='ltr'><strong>sancti</strong></span> <span class='ocrx_word' id='word_1_230' title='bbox 444 2479 755 2543; x_wconf 62' lang='lat' dir='ltr'><strong>Eustochii,</strong></span> <span class='ocrx_word' id='word_1_231' title='bbox 776 2497 893 2546; x_wconf 66' lang='lat' dir='ltr'><strong>quise</strong></span> <span class='ocrx_word' id='word_1_232' title='bbox 922 2481 1134 2536; x_wconf 75' lang='lat' dir='ltr'><strong>transdt</strong></span> <span class='ocrx_word' id='word_1_233' title='bbox 1167 2484 1232 2534; x_wconf 88' lang='lat' dir='ltr'><strong>ad</strong></span> <span class='ocrx_word' id='word_1_234' title='bbox 1263 2482 1428 2535; x_wconf 87' lang='lat' dir='ltr'><strong>Deum</strong></span> <span class='ocrx_word' id='word_1_235' title='bbox 1456 2482 1542 2534; x_wconf 90' lang='lat' dir='ltr'><strong>die</strong></span> <span class='ocrx_word' id='word_1_236' title='bbox 1570 2482 1641 2534; x_wconf 71' lang='lat'><strong>23</strong></span> <span class='ocrx_word' id='word_1_237' title='bbox 1678 2481 1775 2534; x_wconf 80' lang='lat' dir='ltr'><strong>Se-</strong></span> 
     </span>
    </p>
   </div>
   <div class='ocr_carea' id='block_1_33' title="bbox 190 2550 1773 2617">
    <p class='ocr_par' dir='ltr' id='par_1_33' title="bbox 190 2550 1773 2617">
     <span class='ocr_line' id='line_1_33' title="bbox 190 2550 1773 2617; baseline 0.001 -15"><span class='ocrx_word' id='word_1_238' title='bbox 190 2550 473 2616; x_wconf 85' lang='lat' dir='ltr'><strong>ptembris</strong></span> <span class='ocrx_word' id='word_1_239' title='bbox 513 2563 638 2604; x_wconf 89' lang='lat' dir='ltr'><strong>ann.</strong></span> <span class='ocrx_word' id='word_1_240' title='bbox 671 2552 812 2615; x_wconf 77' lang='lat' dir='ltr'><strong>H9;</strong></span> <span class='ocrx_word' id='word_1_241' title='bbox 866 2558 922 2605; x_wconf 92' lang='lat' dir='ltr'><strong>et</strong></span> <span class='ocrx_word' id='word_1_242' title='bbox 981 2552 1252 2605; x_wconf 83' lang='lat' dir='ltr'><strong>redeuntis</strong></span> <span class='ocrx_word' id='word_1_243' title='bbox 1309 2560 1427 2617; x_wconf 88' lang='lat' dir='ltr'><strong>post</strong></span> <span class='ocrx_word' id='word_1_244' title='bbox 1471 2564 1665 2604; x_wconf 85' lang='lat' dir='ltr'><strong>annum</strong></span> <span class='ocrx_word' id='word_1_245' title='bbox 1721 2551 1773 2605; x_wconf 92' lang='lat' dir='ltr'><strong>in</strong></span> 
     </span>
    </p>
   </div>
   <div class='ocr_carea' id='block_1_34' title="bbox 194 2619 1771 2690">
    <p class='ocr_par' dir='ltr' id='par_1_34' title="bbox 194 2619 1771 2690">
     <span class='ocr_line' id='line_1_34' title="bbox 194 2619 1771 2690; baseline 0.001 -17"><span class='ocrx_word' id='word_1_246' title='bbox 194 2619 448 2690; x_wconf 81' lang='lat' dir='ltr'><strong>Africam</strong></span> <span class='ocrx_word' id='word_1_247' title='bbox 476 2619 765 2675; x_wconf 84' lang='lat' dir='ltr'><strong>Innocentii</strong></span> <span class='ocrx_word' id='word_1_248' title='bbox 790 2622 1207 2690; x_wconf 84' lang='lat' dir='ltr'><strong>presbyteri,qni</strong></span> <span class='ocrx_word' id='word_1_249' title='bbox 1233 2622 1426 2675; x_wconf 85' lang='lat' dir='ltr'><strong>missus</strong></span> <span class='ocrx_word' id='word_1_250' title='bbox 1452 2620 1622 2674; x_wconf 78' lang='lat' dir='ltr'><strong>fuerat</strong></span> <span class='ocrx_word' id='word_1_251' title='bbox 1643 2636 1771 2675; x_wconf 89' lang='lat' dir='ltr'><strong>anu.</strong></span> 
     </span>
    </p>
   </div>
   <div class='ocr_carea' id='block_1_35' title="bbox 190 2689 1771 2762">
    <p class='ocr_par' dir='ltr' id='par_1_35' title="bbox 190 2689 1771 2762">
     <span class='ocr_line' id='line_1_35' title="bbox 190 2689 1771 2762; baseline 0.001 -19"><span class='ocrx_word' id='word_1_252' title='bbox 190 2689 307 2762; x_wconf 60' lang='grc' dir='ltr'><strong>με</strong></span> <span class='ocrx_word' id='word_1_253' title='bbox 338 2689 723 2744; x_wconf 80' lang='lat' dir='ltr'><strong>Alexandriam</strong></span> <span class='ocrx_word' id='word_1_254' title='bbox 750 2690 816 2745; x_wconf 90' lang='lat' dir='ltr'><strong>ab</strong></span> <span class='ocrx_word' id='word_1_255' title='bbox 846 2690 1089 2745; x_wconf 80' lang='lat' dir='ltr'><strong>Africana</strong></span> <span class='ocrx_word' id='word_1_256' title='bbox 1119 2689 1324 2762; x_wconf 84' lang='lat' dir='ltr'><strong>synodo</strong></span> <span class='ocrx_word' id='word_1_257' title='bbox 1348 2690 1427 2762; x_wconf 81' lang='lat' dir='ltr'><strong>ad</strong></span> <span class='ocrx_word' id='word_1_258' title='bbox 1448 2691 1771 2762; x_wconf 83' lang='lat' dir='ltr'><strong>conquiren-</strong></span> 
     </span>
    </p>
   </div>
   <div class='ocr_carea' id='block_1_36' title="bbox 192 2758 1772 2826">
    <p class='ocr_par' dir='ltr' id='par_1_36' title="bbox 192 2758 1772 2826">
     <span class='ocr_line' id='line_1_36' title="bbox 192 2758 1772 2826; baseline 0.001 -14"><span class='ocrx_word' id='word_1_259' title='bbox 192 2760 299 2813; x_wconf 88' lang='lat' dir='ltr'><strong>dos</strong></span> <span class='ocrx_word' id='word_1_260' title='bbox 336 2774 576 2813; x_wconf 86' lang='lat' dir='ltr'><strong>canones</strong></span> <span class='ocrx_word' id='word_1_261' title='bbox 607 2762 876 2826; x_wconf 78' lang='lat' dir='ltr'><strong>Nicamos,</strong></span> <span class='ocrx_word' id='word_1_262' title='bbox 909 2762 1069 2815; x_wconf 85' lang='lat' dir='ltr'><strong>rediit</strong></span> <span class='ocrx_word' id='word_1_263' title='bbox 1093 2758 1220 2815; x_wconf 71' lang='lat' dir='ltr'><strong>vero</strong></span> <span class='ocrx_word' id='word_1_264' title='bbox 1246 2776 1370 2814; x_wconf 91' lang='lat' dir='ltr'><strong>ann.</strong></span> <span class='ocrx_word' id='word_1_265' title='bbox 1401 2758 1534 2822; x_wconf 74' lang='lat' dir='ltr'><strong>H9,</strong></span> <span class='ocrx_word' id='word_1_266' title='bbox 1559 2758 1772 2813; x_wconf 83' lang='lat' dir='ltr'><strong>statim-</strong></span> 
     </span>
    </p>
   </div>
   <div class='ocr_carea' id='block_1_37' title="bbox 196 2826 1773 2892">
    <p class='ocr_par' dir='ltr' id='par_1_37' title="bbox 196 2826 1773 2892">
     <span class='ocr_line' id='line_1_37' title="bbox 196 2826 1773 2892; baseline 0.001 -10"><span class='ocrx_word' id='word_1_267' title='bbox 196 2844 305 2892; x_wconf 77' lang='lat' dir='ltr'><strong>que</strong></span> <span class='ocrx_word' id='word_1_268' title='bbox 334 2826 562 2882; x_wconf 78' lang='lat' dir='ltr'><strong>Romam</strong></span> <span class='ocrx_word' id='word_1_269' title='bbox 605 2832 799 2886; x_wconf 85' lang='lat' dir='ltr'><strong>missus</strong></span> <span class='ocrx_word' id='word_1_270' title='bbox 843 2841 927 2885; x_wconf 89' lang='lat' dir='ltr'><strong>est</strong></span> <span class='ocrx_word' id='word_1_271' title='bbox 963 2847 1083 2885; x_wconf 91' lang='lat' dir='ltr'><strong>cum</strong></span> <span class='ocrx_word' id='word_1_272' title='bbox 1130 2831 1421 2886; x_wconf 83' lang='lat' dir='ltr'><strong>canonibus</strong></span> <span class='ocrx_word' id='word_1_273' title='bbox 1450 2831 1516 2883; x_wconf 88' lang='lat' dir='ltr'><strong>ad</strong></span> <span class='ocrx_word' id='word_1_274' title='bbox 1554 2831 1773 2884; x_wconf 81' lang='lat' dir='ltr'><strong>Bonifa-</strong></span> 
     </span>
    </p>
   </div>
   <div class='ocr_carea' id='block_1_38' title="bbox 195 2898 1018 2955">
    <p class='ocr_par' dir='ltr' id='par_1_38' title="bbox 195 2898 1018 2955">
     <span class='ocr_line' id='line_1_38' title="bbox 195 2898 1018 2955; baseline 0.006 -6"><span class='ocrx_word' id='word_1_275' title='bbox 195 2899 346 2951; x_wconf 79' lang='lat' dir='ltr'><strong>cium</strong></span> <span class='ocrx_word' id='word_1_276' title='bbox 374 2914 425 2952; x_wconf 82' lang='lat' dir='ltr'><strong>vi</strong></span> <span class='ocrx_word' id='word_1_277' title='bbox 451 2898 662 2954; x_wconf 80' lang='lat' dir='ltr'><strong>kalend.</strong></span> <span class='ocrx_word' id='word_1_278' title='bbox 690 2901 1018 2955; x_wconf 89' lang='lat' dir='ltr'><strong>Decembris.</strong></span> 
     </span>
    </p>
   </div>
   <div class='ocr_carea' id='block_1_39' title="bbox 272 2969 1772 3039">
    <p class='ocr_par' dir='ltr' id='par_1_39' title="bbox 272 2969 1772 3039">
     <span class='ocr_line' id='line_1_39' title="bbox 272 2969 1772 3039; baseline 0.002 -18"><span class='ocrx_word' id='word_1_279' title='bbox 272 2970 628 3039; x_wconf 82' lang='lat' dir='ltr'><strong>Quamquam,</strong></span> <span class='ocrx_word' id='word_1_280' title='bbox 649 2980 699 3022; x_wconf 90' lang='lat' dir='ltr'><strong>ut</strong></span> <span class='ocrx_word' id='word_1_281' title='bbox 720 2970 947 3039; x_wconf 79' lang='lat' dir='ltr'><strong>ingenue</strong></span> <span class='ocrx_word' id='word_1_282' title='bbox 969 2971 1152 3035; x_wconf 82' lang='lat' dir='ltr'><strong>fatear,</strong></span> <span class='ocrx_word' id='word_1_283' title='bbox 1179 2969 1393 3039; x_wconf 79' lang='lat' dir='ltr'><strong>difﬁcile</strong></span> <span class='ocrx_word' id='word_1_284' title='bbox 1414 2969 1615 3024; x_wconf 86' lang='lat' dir='ltr'><strong>credito</strong></span> <span class='ocrx_word' id='word_1_285' title='bbox 1644 2970 1772 3025; x_wconf 89' lang='lat' dir='ltr'><strong>mihi</strong></span> 
     </span>
    </p>
   </div>
   <div class='ocr_carea' id='block_1_40' title="bbox 203 3037 1772 3110">
    <p class='ocr_par' dir='ltr' id='par_1_40' title="bbox 203 3037 1772 3110">
     <span class='ocr_line' id='line_1_40' title="bbox 203 3037 1772 3110; baseline 0.004 -22"><span class='ocrx_word' id='word_1_286' title='bbox 203 3038 419 3110; x_wconf 79' lang='lat' dir='ltr'><strong>videtur</strong></span> <span class='ocrx_word' id='word_1_287' title='bbox 466 3037 829 3094; x_wconf 79' lang='lat' dir='ltr'><strong>Innocentium</strong></span> <span class='ocrx_word' id='word_1_288' title='bbox 861 3056 925 3094; x_wconf 68' lang='lat' dir='ltr'><strong>ea:</strong></span> <span class='ocrx_word' id='word_1_289' title='bbox 970 3051 1143 3095; x_wconf 87' lang='lat' dir='ltr'><strong>sancto</strong></span> <span class='ocrx_word' id='word_1_290' title='bbox 1188 3037 1451 3093; x_wconf 79' lang='lat' dir='ltr'><strong>Bethleem</strong></span> <span class='ocrx_word' id='word_1_291' title='bbox 1490 3042 1772 3110; x_wconf 76' lang='lat' dir='ltr'><strong>profectum</strong></span> 
     </span>
    </p>
   </div>
   <div class='ocr_carea' id='block_1_41' title="bbox 1960 464 3452 530">
    <p class='ocr_par' dir='ltr' id='par_1_41' title="bbox 1960 464 3452 530">
     <span class='ocr_line' id='line_1_41' title="bbox 1960 464 3452 530; baseline 0.007 -13"><span class='ocrx_word' id='word_1_292' title='bbox 1960 465 2013 517; x_wconf 92' lang='lat' dir='ltr'><strong>In</strong></span> <span class='ocrx_word' id='word_1_293' title='bbox 2042 466 2218 530; x_wconf 87' lang='lat' dir='ltr'><strong>priore</strong></span> <span class='ocrx_word' id='word_1_294' title='bbox 2248 464 2500 517; x_wconf 76' lang='lat' dir='ltr'><strong>eximium</strong></span> <span class='ocrx_word' id='word_1_295' title='bbox 2526 465 2661 520; x_wconf 88' lang='lat' dir='ltr'><strong>istud</strong></span> <span class='ocrx_word' id='word_1_296' title='bbox 2694 475 2777 517; x_wconf 68' lang='lat' dir='ltr'><strong>e~t</strong></span> <span class='ocrx_word' id='word_1_297' title='bbox 2801 484 2813 518; x_wconf 87' lang='lat'><strong>:</strong></span> <span class='ocrx_word' id='word_1_298' title='bbox 2854 466 3021 519; x_wconf 79' lang='lat' dir='ltr'><strong>Macte</strong></span> <span class='ocrx_word' id='word_1_299' title='bbox 3047 472 3224 521; x_wconf 83' lang='lat' dir='ltr'><strong>virtute</strong></span> <span class='ocrx_word' id='word_1_300' title='bbox 3250 473 3304 524; x_wconf 87' lang='lat' dir='ltr'><strong>in</strong></span> <span class='ocrx_word' id='word_1_301' title='bbox 3332 477 3452 527; x_wconf 76' lang='lat' dir='ltr'><strong>orbe</strong></span> 
     </span>
    </p>
   </div>
   <div class='ocr_carea' id='block_1_42' title="bbox 1884 533 3450 610">
    <p class='ocr_par' dir='ltr' id='par_1_42' title="bbox 1884 533 3450 610">
     <span class='ocr_line' id='line_1_42' title="bbox 1884 533 3450 610; baseline 0.006 -24"><span class='ocrx_word' id='word_1_302' title='bbox 1884 534 2179 610; x_wconf 77' lang='lat' dir='ltr'><strong>celebraris;</strong></span> <span class='ocrx_word' id='word_1_303' title='bbox 2235 533 2475 587; x_wconf 81' lang='lat' dir='ltr'><strong>catholici</strong></span> <span class='ocrx_word' id='word_1_304' title='bbox 2493 546 2541 587; x_wconf 92' lang='lat' dir='ltr'><strong>te</strong></span> <span class='ocrx_word' id='word_1_305' title='bbox 2576 535 2885 610; x_wconf 68' lang='lat' dir='ltr'><strong>conditorem</strong></span> <span class='ocrx_word' id='word_1_306' title='bbox 2912 538 3134 610; x_wconf 66' lang='lat' dir='ltr'><strong>antiqui:</strong></span> <span class='ocrx_word' id='word_1_307' title='bbox 3161 557 3363 595; x_wconf 84' lang='lat' dir='ltr'><strong>rursum</strong></span> <span class='ocrx_word' id='word_1_308' title='bbox 3388 544 3450 610; x_wconf 78' lang='lat' dir='ltr'><strong>ﬁ-</strong></span> 
     </span>
    </p>
   </div>
   <div class='ocr_carea' id='block_1_43' title="bbox 1886 605 3450 678">
    <p class='ocr_par' dir='ltr' id='par_1_43' title="bbox 1886 605 3450 678">
     <span class='ocr_line' id='line_1_43' title="bbox 1886 605 3450 678; baseline 0.005 -23"><span class='ocrx_word' id='word_1_309' title='bbox 1886 605 1985 678; x_wconf 68' lang='lat' dir='ltr'><strong>dei</strong></span> <span class='ocrx_word' id='word_1_310' title='bbox 2004 614 2305 678; x_wconf 79' lang='lat' dir='ltr'><strong>venerantur</strong></span> <span class='ocrx_word' id='word_1_311' title='bbox 2336 615 2487 671; x_wconf 78' lang='lat' dir='ltr'><strong>atque</strong></span> <span class='ocrx_word' id='word_1_312' title='bbox 2511 605 2791 678; x_wconf 76' lang='lat' dir='ltr'><strong>suspiciunt</strong></span> <span class='ocrx_word' id='word_1_313' title='bbox 2811 616 2915 678; x_wconf 72' lang='lat' dir='ltr'><strong>,_el,</strong></span> <span class='ocrx_word' id='word_1_314' title='bbox 2946 608 3080 675; x_wconf 84' lang='lat' dir='ltr'><strong>quod</strong></span> <span class='ocrx_word' id='word_1_315' title='bbox 3106 609 3309 678; x_wconf 84' lang='lat' dir='ltr'><strong>signum</strong></span> <span class='ocrx_word' id='word_1_316' title='bbox 3342 605 3450 663; x_wconf 80' lang='lat' dir='ltr'><strong>nta-</strong></span> 
     </span>
    </p>
   </div>
   <div class='ocr_carea' id='block_1_44' title="bbox 1876 671 3451 749">
    <p class='ocr_par' dir='ltr' id='par_1_44' title="bbox 1876 671 3451 749">
     <span class='ocr_line' id='line_1_44' title="bbox 1876 671 3451 749; baseline 0.007 -26"><span class='ocrx_word' id='word_1_317' title='bbox 1876 673 2009 743; x_wconf 82' lang='lat' dir='ltr'><strong>joris</strong></span> <span class='ocrx_word' id='word_1_318' title='bbox 2030 673 2208 741; x_wconf 75' lang='lat' dir='ltr'><strong>gloria:</strong></span> <span class='ocrx_word' id='word_1_319' title='bbox 2235 683 2525 749; x_wconf 35' lang='lat' dir='ltr'><strong>est,._omnes</strong></span> <span class='ocrx_word' id='word_1_320' title='bbox 2552 671 2774 749; x_wconf 64' lang='lat' dir='ltr'><strong>haretici</strong></span> <span class='ocrx_word' id='word_1_321' title='bbox 2800 671 3108 749; x_wconf 61' lang='lat' dir='ltr'><strong>detestantur</strong></span> <span class='ocrx_word' id='word_1_322' title='bbox 3126 671 3213 739; x_wconf 36' lang='lat' dir='ltr'><strong>,vet</strong></span> <span class='ocrx_word' id='word_1_323' title='bbox 3240 697 3318 733; x_wconf 80' lang='lat' dir='ltr'><strong>me</strong></span> <span class='ocrx_word' id='word_1_324' title='bbox 3337 681 3451 749; x_wconf 81' lang='lat' dir='ltr'><strong>pari</strong></span> 
     </span>
    </p>
   </div>
   <div class='ocr_carea' id='block_1_45' title="bbox 1887 742 3448 815">
    <p class='ocr_par' dir='ltr' id='par_1_45' title="bbox 1887 742 3448 815">
     <span class='ocr_line' id='line_1_45' title="bbox 1887 742 3448 815; baseline 0.007 -22"><span class='ocrx_word' id='word_1_325' title='bbox 1887 753 2257 815; x_wconf 72' lang='lat' dir='ltr'><strong>persequuntur</strong></span> <span class='ocrx_word' id='word_1_326' title='bbox 2283 742 2428 805; x_wconf 83' lang='lat' dir='ltr'><strong>odio,</strong></span> <span class='ocrx_word' id='word_1_327' title='bbox 2462 751 2515 794; x_wconf 87' lang='lat' dir='ltr'><strong>ut</strong></span> <span class='ocrx_word' id='word_1_328' title='bbox 2542 758 2667 809; x_wconf 87' lang='lat' dir='ltr'><strong>quos</strong></span> <span class='ocrx_word' id='word_1_329' title='bbox 2704 742 2890 805; x_wconf 81' lang='lat' dir='ltr'><strong>gladiis</strong></span> <span class='ocrx_word' id='word_1_330' title='bbox 2919 758 3202 815; x_wconf 82' lang='lat' dir='ltr'><strong>nequeunt,</strong></span> <span class='ocrx_word' id='word_1_331' title='bbox 3224 742 3448 804; x_wconf 52' lang='lat' dir='ltr'><strong>voto&#39;in-</strong></span> 
     </span>
    </p>
   </div>
   <div class='ocr_carea' id='block_1_46' title="bbox 1886 814 2158 864">
    <p class='ocr_par' dir='ltr' id='par_1_46' title="bbox 1886 814 2158 864">
     <span class='ocr_line' id='line_1_46' title="bbox 1886 814 2158 864; baseline 0 0"><span class='ocrx_word' id='word_1_332' title='bbox 1886 814 2158 864; x_wconf 83' lang='lat' dir='ltr'><strong>terﬁciunt.</strong></span> 
     </span>
    </p>
   </div>
   <div class='ocr_carea' id='block_1_47' title="bbox 1982 880 3450 955">
    <p class='ocr_par' dir='ltr' id='par_1_47' title="bbox 1982 880 3450 955">
     <span class='ocr_line' id='line_1_47' title="bbox 1982 880 3450 955; baseline 0.004 -21"><span class='ocrx_word' id='word_1_333' title='bbox 1982 882 2222 955; x_wconf 69' lang='lat' dir='ltr'><strong>Esimiutn</strong></span> <span class='ocrx_word' id='word_1_334' title='bbox 2253 880 2353 935; x_wconf 89' lang='lat' dir='ltr'><strong>hoc</strong></span> <span class='ocrx_word' id='word_1_335' title='bbox 2376 881 2534 955; x_wconf 76' lang='lat' dir='ltr'><strong>etiam</strong></span> <span class='ocrx_word' id='word_1_336' title='bbox 2578 880 2628 955; x_wconf 88' lang='lat' dir='ltr'><strong>in</strong></span> <span class='ocrx_word' id='word_1_337' title='bbox 2657 880 2844 955; x_wconf 81' lang='lat' dir='ltr'><strong>altera.</strong></span> <span class='ocrx_word' id='word_1_338' title='bbox 2898 881 3056 955; x_wconf 75' lang='lat' dir='ltr'><strong>Multi</strong></span> <span class='ocrx_word' id='word_1_339' title='bbox 3078 894 3289 955; x_wconf 82' lang='lat' dir='ltr'><strong>utroque</strong></span> <span class='ocrx_word' id='word_1_340' title='bbox 3315 889 3450 940; x_wconf 85' lang='lat' dir='ltr'><strong>clau-</strong></span> 
     </span>
    </p>
   </div>
   <div class='ocr_carea' id='block_1_48' title="bbox 1885 951 3441 1019">
    <p class='ocr_par' dir='ltr' id='par_1_48' title="bbox 1885 951 3441 1019">
     <span class='ocr_line' id='line_1_48' title="bbox 1885 951 3441 1019; baseline 0.004 -17"><span class='ocrx_word' id='word_1_341' title='bbox 1885 951 2054 1003; x_wconf 77' lang='lat' dir='ltr'><strong>dicant</strong></span> <span class='ocrx_word' id='word_1_342' title='bbox 2085 954 2231 1019; x_wconf 85' lang='lat' dir='ltr'><strong>pede,</strong></span> <span class='ocrx_word' id='word_1_343' title='bbox 2272 959 2318 1004; x_wconf 87' lang='lat' dir='ltr'><strong>ct</strong></span> <span class='ocrx_word' id='word_1_344' title='bbox 2343 966 2434 1003; x_wconf 79' lang='lat' dir='ltr'><strong>nec</strong></span> <span class='ocrx_word' id='word_1_345' title='bbox 2458 953 2632 1019; x_wconf 81' lang='lat' dir='ltr'><strong>fractis</strong></span> <span class='ocrx_word' id='word_1_346' title='bbox 2658 952 2859 1010; x_wconf 83' lang='lat' dir='ltr'><strong>quidem</strong></span> <span class='ocrx_word' id='word_1_347' title='bbox 2889 954 3163 1009; x_wconf 82' lang='lat' dir='ltr'><strong>cervicibus</strong></span> <span class='ocrx_word' id='word_1_348' title='bbox 3190 951 3441 1017; x_wconf 68' lang='lat' dir='ltr'><strong>inclinan-</strong></span> 
     </span>
    </p>
   </div>
   <div class='ocr_carea' id='block_1_49' title="bbox 1885 1019 3445 1095">
    <p class='ocr_par' dir='ltr' id='par_1_49' title="bbox 1885 1019 3445 1095">
     <span class='ocr_line' id='line_1_49' title="bbox 1885 1019 3445 1095; baseline 0.004 -23"><span class='ocrx_word' id='word_1_349' title='bbox 1885 1033 1987 1083; x_wconf 89' lang='lat' dir='ltr'><strong>tur,</strong></span> <span class='ocrx_word' id='word_1_350' title='bbox 2014 1020 2244 1095; x_wconf 66' lang='lat' dir='ltr'><strong>(tabentes</strong></span> <span class='ocrx_word' id='word_1_351' title='bbox 2265 1019 2509 1095; x_wconf 59' lang='lat' dir='ltr'><strong>affectum</strong></span> <span class='ocrx_word' id='word_1_352' title='bbox 2526 1024 2723 1095; x_wconf 9' lang='lat' dir='ltr'><strong>terroris</strong></span> <span class='ocrx_word' id='word_1_353' title='bbox 2750 1023 2971 1089; x_wconf 81' lang='lat' dir='ltr'><strong>pristini,</strong></span> <span class='ocrx_word' id='word_1_354' title='bbox 2999 1039 3111 1077; x_wconf 84' lang='lat' dir='ltr'><strong>cum</strong></span> <span class='ocrx_word' id='word_1_355' title='bbox 3132 1027 3445 1095; x_wconf 80' lang='lat' dir='ltr'><strong>prtedicondi</strong></span> 
     </span>
    </p>
   </div>
   <div class='ocr_carea' id='block_1_50' title="bbox 1883 1088 2815 1143">
    <p class='ocr_par' dir='ltr' id='par_1_50' title="bbox 1883 1088 2815 1143">
     <span class='ocr_line' id='line_1_50' title="bbox 1883 1088 2815 1143; baseline 0.003 -2"><span class='ocrx_word' id='word_1_356' title='bbox 1883 1092 2111 1142; x_wconf 86' lang='lat' dir='ltr'><strong>eamdem</strong></span> <span class='ocrx_word' id='word_1_357' title='bbox 2132 1107 2231 1142; x_wconf 87' lang='lat' dir='ltr'><strong>non</strong></span> <span class='ocrx_word' id='word_1_358' title='bbox 2260 1088 2477 1142; x_wconf 74' lang='lat' dir='ltr'><strong>habeant</strong></span> <span class='ocrx_word' id='word_1_359' title='bbox 2516 1088 2815 1143; x_wconf 83' lang='lat' dir='ltr'><strong>libertatem.</strong></span> 
     </span>
    </p>
   </div>
   <div class='ocr_carea' id='block_1_51' title="bbox 1958 1159 3446 1231">
    <p class='ocr_par' dir='ltr' id='par_1_51' title="bbox 1958 1159 3446 1231">
     <span class='ocr_line' id='line_1_51' title="bbox 1958 1159 3446 1231; baseline 0.004 -19"><span class='ocrx_word' id='word_1_360' title='bbox 1958 1159 2091 1231; x_wconf 71' lang='lat' dir='ltr'><strong>Tres</strong></span> <span class='ocrx_word' id='word_1_361' title='bbox 2130 1159 2369 1227; x_wconf 75' lang='lat' dir='ltr'><strong>cpistola:</strong></span> <span class='ocrx_word' id='word_1_362' title='bbox 2405 1161 2693 1231; x_wconf 81' lang='lat' dir='ltr'><strong>ostendunt</strong></span> <span class='ocrx_word' id='word_1_363' title='bbox 2718 1162 2791 1214; x_wconf 92' lang='lat' dir='ltr'><strong>rei</strong></span> <span class='ocrx_word' id='word_1_364' title='bbox 2832 1161 3133 1231; x_wconf 71' lang='lat' dir='ltr'><strong>Pelagianae</strong></span> <span class='ocrx_word' id='word_1_365' title='bbox 3166 1172 3362 1219; x_wconf 90' lang='lat' dir='ltr'><strong>statum</strong></span> <span class='ocrx_word' id='word_1_366' title='bbox 3397 1166 3446 1219; x_wconf 91' lang='lat' dir='ltr'><strong>in</strong></span> 
     </span>
    </p>
   </div>
   <div class='ocr_carea' id='block_1_52' title="bbox 1885 1228 3447 1299">
    <p class='ocr_par' dir='ltr' id='par_1_52' title="bbox 1885 1228 3447 1299">
     <span class='ocr_line' id='line_1_52' title="bbox 1885 1228 3447 1299; baseline 0.007 -20"><span class='ocrx_word' id='word_1_367' title='bbox 1885 1228 2165 1299; x_wconf 59' lang='lat' dir='ltr'><strong>Palaestina</strong></span> <span class='ocrx_word' id='word_1_368' title='bbox 2194 1244 2223 1281; x_wconf 87' lang='lat' dir='ltr'><strong>a</strong></span> <span class='ocrx_word' id='word_1_369' title='bbox 2254 1229 2459 1298; x_wconf 84' lang='lat' dir='ltr'><strong>synodo</strong></span> <span class='ocrx_word' id='word_1_370' title='bbox 2508 1229 2868 1296; x_wconf 85' lang='lat' dir='ltr'><strong>Diospolitana</strong></span> <span class='ocrx_word' id='word_1_371' title='bbox 2921 1228 3086 1299; x_wconf 76' lang='lat' dir='ltr'><strong>usque</strong></span> <span class='ocrx_word' id='word_1_372' title='bbox 3132 1234 3200 1289; x_wconf 87' lang='lat' dir='ltr'><strong>ad</strong></span> <span class='ocrx_word' id='word_1_373' title='bbox 3247 1251 3447 1289; x_wconf 86' lang='lat' dir='ltr'><strong>annum</strong></span> 
     </span>
    </p>
   </div>
   <div class='ocr_carea' id='block_1_53' title="bbox 1884 1298 3443 1369">
    <p class='ocr_par' dir='ltr' id='par_1_53' title="bbox 1884 1298 3443 1369">
     <span class='ocr_line' id='line_1_53' title="bbox 1884 1298 3443 1369; baseline 0.003 -17"><span class='ocrx_word' id='word_1_374' title='bbox 1884 1298 2010 1361; x_wconf 68' lang='grc' dir='ltr'><strong>ΗΞ),</strong></span> <span class='ocrx_word' id='word_1_375' title='bbox 2039 1314 2230 1369; x_wconf 85' lang='lat' dir='ltr'><strong>nempe</strong></span> <span class='ocrx_word' id='word_1_376' title='bbox 2270 1300 2650 1369; x_wconf 68' lang='lat' dir='ltr'><strong>insolescente-5</strong></span> <span class='ocrx_word' id='word_1_377' title='bbox 2691 1299 2846 1367; x_wconf 89' lang='lat' dir='ltr'><strong>hujus</strong></span> <span class='ocrx_word' id='word_1_378' title='bbox 2894 1298 3139 1357; x_wconf 80' lang='lat' dir='ltr'><strong>factionis</strong></span> <span class='ocrx_word' id='word_1_379' title='bbox 3182 1306 3443 1369; x_wconf 79' lang='lat' dir='ltr'><strong>homines,</strong></span> 
     </span>
    </p>
   </div>
   <div class='ocr_carea' id='block_1_54' title="bbox 1888 1368 3443 1437">
    <p class='ocr_par' dir='ltr' id='par_1_54' title="bbox 1888 1368 3443 1437">
     <span class='ocr_line' id='line_1_54' title="bbox 1888 1368 3443 1437; baseline 0.006 -19"><span class='ocrx_word' id='word_1_380' title='bbox 1888 1380 2101 1437; x_wconf 78' lang='lat' dir='ltr'><strong>propter</strong></span> <span class='ocrx_word' id='word_1_381' title='bbox 2126 1368 2434 1421; x_wconf 83' lang='lat' dir='ltr'><strong>suti&#39;uratatn</strong></span> <span class='ocrx_word' id='word_1_382' title='bbox 2466 1384 2494 1419; x_wconf 89' lang='lat' dir='ltr'><strong>a</strong></span> <span class='ocrx_word' id='word_1_383' title='bbox 2541 1368 2754 1431; x_wconf 71' lang='lat' dir='ltr'><strong>Pelagio</strong></span> <span class='ocrx_word' id='word_1_384' title='bbox 2800 1386 2893 1437; x_wconf 90' lang='lat' dir='ltr'><strong>per</strong></span> <span class='ocrx_word' id='word_1_385' title='bbox 2922 1374 3195 1427; x_wconf 86' lang='lat' dir='ltr'><strong>mendacia</strong></span> <span class='ocrx_word' id='word_1_386' title='bbox 3231 1368 3443 1429; x_wconf 85' lang='lat' dir='ltr'><strong>absolu-</strong></span> 
     </span>
    </p>
   </div>
   <div class='ocr_carea' id='block_1_55' title="bbox 1886 1438 3443 1510">
    <p class='ocr_par' dir='ltr' id='par_1_55' title="bbox 1886 1438 3443 1510">
     <span class='ocr_line' id='line_1_55' title="bbox 1886 1438 3443 1510; baseline 0.004 -18"><span class='ocrx_word' id='word_1_387' title='bbox 1886 1441 2084 1510; x_wconf 83' lang='lat' dir='ltr'><strong>tionem</strong></span> <span class='ocrx_word' id='word_1_388' title='bbox 2134 1440 2202 1491; x_wconf 86' lang='lat' dir='ltr'><strong>ab</strong></span> <span class='ocrx_word' id='word_1_389' title='bbox 2251 1438 2556 1510; x_wconf 74' lang='lat' dir='ltr'><strong>episcopis,</strong></span> <span class='ocrx_word' id='word_1_390' title='bbox 2588 1453 2738 1510; x_wconf 84' lang='lat' dir='ltr'><strong>suam</strong></span> <span class='ocrx_word' id='word_1_391' title='bbox 2791 1440 3035 1495; x_wconf 71' lang='lat' dir='ltr'><strong>haeresim</strong></span> <span class='ocrx_word' id='word_1_392' title='bbox 3075 1445 3443 1510; x_wconf 83' lang='lat' dir='ltr'><strong>approbatatu.</strong></span> 
     </span>
    </p>
   </div>
   <div class='ocr_carea' id='block_1_56' title="bbox 1885 1508 3448 1583">
    <p class='ocr_par' dir='ltr' id='par_1_56' title="bbox 1885 1508 3448 1583">
     <span class='ocr_line' id='line_1_56' title="bbox 1885 1508 3448 1583; baseline 0.004 -20"><span class='ocrx_word' id='word_1_393' title='bbox 1885 1508 2206 1583; x_wconf 77' lang='lat' dir='ltr'><strong>epistolisin</strong></span> <span class='ocrx_word' id='word_1_394' title='bbox 2248 1508 2547 1583; x_wconf 79' lang='lat' dir='ltr'><strong>provincias</strong></span> <span class='ocrx_word' id='word_1_395' title='bbox 2579 1508 2785 1583; x_wconf 79' lang='lat' dir='ltr'><strong>missis,</strong></span> <span class='ocrx_word' id='word_1_396' title='bbox 2819 1512 3023 1565; x_wconf 88' lang='lat' dir='ltr'><strong>mentiti</strong></span> <span class='ocrx_word' id='word_1_397' title='bbox 3046 1508 3199 1583; x_wconf 78' lang='lat' dir='ltr'><strong>sunt,</strong></span> <span class='ocrx_word' id='word_1_398' title='bbox 3234 1515 3448 1583; x_wconf 87' lang='lat' dir='ltr'><strong>suisque</strong></span> 
     </span>
    </p>
   </div>
   <div class='ocr_carea' id='block_1_57' title="bbox 1884 1578 3447 1654">
    <p class='ocr_par' dir='ltr' id='par_1_57' title="bbox 1884 1578 3447 1654">
     <span class='ocr_line' id='line_1_57' title="bbox 1884 1578 3447 1654; baseline 0.004 -24"><span class='ocrx_word' id='word_1_399' title='bbox 1884 1580 2202 1654; x_wconf 76' lang='lat' dir='ltr'><strong>adversariis</strong></span> <span class='ocrx_word' id='word_1_400' title='bbox 2227 1588 2466 1654; x_wconf 78' lang='lat' dir='ltr'><strong>apertam</strong></span> <span class='ocrx_word' id='word_1_401' title='bbox 2488 1578 2592 1654; x_wconf 83' lang='lat' dir='ltr'><strong>vim</strong></span> <span class='ocrx_word' id='word_1_402' title='bbox 2624 1578 2943 1654; x_wconf 66' lang='lat' dir='ltr'><strong>intulerunt,</strong></span> <span class='ocrx_word' id='word_1_403' title='bbox 2968 1590 3052 1654; x_wconf 85' lang='lat' dir='ltr'><strong>_ut</strong></span> <span class='ocrx_word' id='word_1_404' title='bbox 3074 1578 3447 1654; x_wconf 71' lang='lat' dir='ltr'><strong>Hieronymiim</strong></span> 
     </span>
    </p>
   </div>
   <div class='ocr_carea' id='block_1_58' title="bbox 1885 1649 3448 1716">
    <p class='ocr_par' dir='ltr' id='par_1_58' title="bbox 1885 1649 3448 1716">
     <span class='ocr_line' id='line_1_58' title="bbox 1885 1649 3448 1716; baseline 0.004 -16"><span class='ocrx_word' id='word_1_405' title='bbox 1885 1649 1970 1701; x_wconf 78' lang='lat' dir='ltr'><strong>uia:</strong></span> <span class='ocrx_word' id='word_1_406' title='bbox 1995 1649 2237 1700; x_wconf 85' lang='lat' dir='ltr'><strong>munitior</strong></span> <span class='ocrx_word' id='word_1_407' title='bbox 2258 1649 2411 1701; x_wconf 85' lang='lat' dir='ltr'><strong>turris</strong></span> <span class='ocrx_word' id='word_1_408' title='bbox 2438 1650 2564 1700; x_wconf 87' lang='lat' dir='ltr'><strong>tueri</strong></span> <span class='ocrx_word' id='word_1_409' title='bbox 2592 1649 2831 1716; x_wconf 86' lang='lat' dir='ltr'><strong>potuerit,</strong></span> <span class='ocrx_word' id='word_1_410' title='bbox 2882 1649 2978 1703; x_wconf 88' lang='lat' dir='ltr'><strong>Dei</strong></span> <span class='ocrx_word' id='word_1_411' title='bbox 3018 1653 3149 1705; x_wconf 81' lang='lat' dir='ltr'><strong>servi</strong></span> <span class='ocrx_word' id='word_1_412' title='bbox 3176 1663 3223 1705; x_wconf 89' lang='lat' dir='ltr'><strong>et</strong></span> <span class='ocrx_word' id='word_1_413' title='bbox 3244 1649 3448 1708; x_wconf 74' lang='lat' dir='ltr'><strong>ancilla:</strong></span> 
     </span>
    </p>
   </div>
   <div class='ocr_carea' id='block_1_59' title="bbox 1886 1717 3449 1786">
    <p class='ocr_par' dir='ltr' id='par_1_59' title="bbox 1886 1717 3449 1786">
     <span class='ocr_line' id='line_1_59' title="bbox 1886 1717 3449 1786; baseline 0.003 -15"><span class='ocrx_word' id='word_1_414' title='bbox 1886 1720 1954 1771; x_wconf 88' lang='lat' dir='ltr'><strong>ad</strong></span> <span class='ocrx_word' id='word_1_415' title='bbox 1982 1734 2153 1771; x_wconf 86' lang='lat' dir='ltr'><strong>curam</strong></span> <span class='ocrx_word' id='word_1_416' title='bbox 2203 1717 2510 1786; x_wconf 80' lang='lat' dir='ltr'><strong>Hieronymi</strong></span> <span class='ocrx_word' id='word_1_417' title='bbox 2543 1720 2848 1786; x_wconf 79' lang='lat' dir='ltr'><strong>pertinentes</strong></span> <span class='ocrx_word' id='word_1_418' title='bbox 2889 1722 3278 1775; x_wconf 86' lang='lat' dir='ltr'><strong>sceleratissimo</strong></span> <span class='ocrx_word' id='word_1_419' title='bbox 3314 1724 3449 1777; x_wconf 69' lang='lat' dir='ltr'><strong>caede</strong></span> 
     </span>
    </p>
   </div>
   <div class='ocr_carea' id='block_1_60' title="bbox 1888 1788 3450 1860">
    <p class='ocr_par' dir='ltr' id='par_1_60' title="bbox 1888 1788 3450 1860">
     <span class='ocr_line' id='line_1_60' title="bbox 1888 1788 3450 1860; baseline 0.004 -21"><span class='ocrx_word' id='word_1_420' title='bbox 1888 1790 2235 1859; x_wconf 60' lang='lat' dir='ltr'><strong>amarentur.</strong></span> <span class='ocrx_word' id='word_1_421' title='bbox 2282 1788 2525 1860; x_wconf 83' lang='lat' dir='ltr'><strong>diaconus</strong></span> <span class='ocrx_word' id='word_1_422' title='bbox 2558 1791 2899 1860; x_wconf 78' lang='lat' dir='ltr'><strong>occideretur,</strong></span> <span class='ocrx_word' id='word_1_423' title='bbox 2925 1800 3001 1860; x_wconf 83' lang='lat' dir='ltr'><strong>_et</strong></span> <span class='ocrx_word' id='word_1_424' title='bbox 3027 1792 3248 1860; x_wconf 73' lang='lat' dir='ltr'><strong>cdiﬁcio</strong></span> <span class='ocrx_word' id='word_1_425' title='bbox 3273 1809 3450 1846; x_wconf 85' lang='lat' dir='ltr'><strong>mono-</strong></span> 
     </span>
    </p>
   </div>
   <div class='ocr_carea' id='block_1_61' title="bbox 1889 1856 3445 1932">
    <p class='ocr_par' dir='ltr' id='par_1_61' title="bbox 1889 1856 3445 1932">
     <span class='ocr_line' id='line_1_61' title="bbox 1889 1856 3445 1932; baseline 0.004 -23"><span class='ocrx_word' id='word_1_426' title='bbox 1889 1856 2154 1932; x_wconf 57' lang='lat' dir='ltr'><strong>sjeriarutn</strong></span> <span class='ocrx_word' id='word_1_427' title='bbox 2195 1858 2583 1932; x_wconf 79' lang='lat' dir='ltr'><strong>incenderentur</strong></span> <span class='ocrx_word' id='word_1_428' title='bbox 2632 1856 2769 1932; x_wconf 81' lang='lat' dir='ltr'><strong>(_Lib_.</strong></span> <span class='ocrx_word' id='word_1_429' title='bbox 2811 1862 2874 1913; x_wconf 87' lang='lat' dir='ltr'><strong>de</strong></span> <span class='ocrx_word' id='word_1_430' title='bbox 2908 1857 3048 1914; x_wconf 70' lang='grc' dir='ltr'><strong>δεδι.</strong></span> <span class='ocrx_word' id='word_1_431' title='bbox 3085 1856 3199 1930; x_wconf 81' lang='lat' dir='ltr'><strong>cap.</strong></span> <span class='ocrx_word' id='word_1_432' title='bbox 3232 1860 3445 1932; x_wconf 87' lang='lat' dir='ltr'><strong>ultim.).</strong></span> 
     </span>
    </p>
   </div>
   <div class='ocr_carea' id='block_1_62' title="bbox 1887 1927 3446 2000">
    <p class='ocr_par' dir='ltr' id='par_1_62' title="bbox 1887 1927 3446 2000">
     <span class='ocr_line' id='line_1_62' title="bbox 1887 1927 3446 2000; baseline 0.002 -20"><span class='ocrx_word' id='word_1_433' title='bbox 1887 1927 1995 2000; x_wconf 75' lang='lat' dir='ltr'><strong>Sed</strong></span> <span class='ocrx_word' id='word_1_434' title='bbox 2024 1928 2199 1981; x_wconf 78' lang='lat' dir='ltr'><strong>audita</strong></span> <span class='ocrx_word' id='word_1_435' title='bbox 2230 1927 2688 2000; x_wconf 66' lang='lat' dir='ltr'><strong>cntttlotttnationis</strong></span> <span class='ocrx_word' id='word_1_436' title='bbox 2739 1929 2906 1993; x_wconf 79' lang='lat' dir='ltr'><strong>fama,</strong></span> <span class='ocrx_word' id='word_1_437' title='bbox 2962 1927 3351 2000; x_wconf 71' lang='lat' dir='ltr'><strong>inSttletttiattue</strong></span> <span class='ocrx_word' id='word_1_438' title='bbox 3396 1927 3446 1987; x_wconf 73' lang='lat' dir='ltr'><strong>in</strong></span> 
     </span>
    </p>
   </div>
   <div class='ocr_carea' id='block_1_63' title="bbox 1884 1997 3447 2065">
    <p class='ocr_par' dir='ltr' id='par_1_63' title="bbox 1884 1997 3447 2065">
     <span class='ocr_line' id='line_1_63' title="bbox 1884 1997 3447 2065; baseline 0.004 -15"><span class='ocrx_word' id='word_1_439' title='bbox 1884 1998 2087 2050; x_wconf 88' lang='lat' dir='ltr'><strong>rabiem</strong></span> <span class='ocrx_word' id='word_1_440' title='bbox 2114 2013 2298 2059; x_wconf 86' lang='lat' dir='ltr'><strong>versa,</strong></span> <span class='ocrx_word' id='word_1_441' title='bbox 2333 1997 2462 2050; x_wconf 85' lang='lat' dir='ltr'><strong>nihil</strong></span> <span class='ocrx_word' id='word_1_442' title='bbox 2509 2014 2613 2051; x_wconf 91' lang='lat' dir='ltr'><strong>non</strong></span> <span class='ocrx_word' id='word_1_443' title='bbox 2652 2000 2941 2055; x_wconf 81' lang='lat' dir='ltr'><strong>commenti</strong></span> <span class='ocrx_word' id='word_1_444' title='bbox 2983 2012 3127 2065; x_wconf 90' lang='lat' dir='ltr'><strong>sunt,</strong></span> <span class='ocrx_word' id='word_1_445' title='bbox 3169 1997 3297 2057; x_wconf 83' lang='lat' dir='ltr'><strong>nihil</strong></span> <span class='ocrx_word' id='word_1_446' title='bbox 3340 2019 3447 2057; x_wconf 89' lang='lat' dir='ltr'><strong>non</strong></span> 
     </span>
    </p>
   </div>
   <div class='ocr_carea' id='block_1_64' title="bbox 1884 2067 3450 2135">
    <p class='ocr_par' dir='ltr' id='par_1_64' title="bbox 1884 2067 3450 2135">
     <span class='ocr_line' id='line_1_64' title="bbox 1884 2067 3450 2135; baseline 0.003 -15"><span class='ocrx_word' id='word_1_447' title='bbox 1884 2067 2173 2121; x_wconf 84' lang='lat' dir='ltr'><strong>machinati</strong></span> <span class='ocrx_word' id='word_1_448' title='bbox 2194 2068 2453 2121; x_wconf 86' lang='lat' dir='ltr'><strong>adversus</strong></span> <span class='ocrx_word' id='word_1_449' title='bbox 2478 2082 2574 2121; x_wconf 90' lang='lat' dir='ltr'><strong>eos</strong></span> <span class='ocrx_word' id='word_1_450' title='bbox 2597 2084 2728 2135; x_wconf 75' lang='lat' dir='ltr'><strong>quos</strong></span> <span class='ocrx_word' id='word_1_451' title='bbox 2754 2083 2863 2121; x_wconf 75' lang='lat' dir='ltr'><strong>sue</strong></span> <span class='ocrx_word' id='word_1_452' title='bbox 2885 2069 3240 2126; x_wconf 77' lang='lat' dir='ltr'><strong>damnationis</strong></span> <span class='ocrx_word' id='word_1_453' title='bbox 3268 2087 3450 2127; x_wconf 84' lang='lat' dir='ltr'><strong>aucto-</strong></span> 
     </span>
    </p>
   </div>
   <div class='ocr_carea' id='block_1_65' title="bbox 1883 2138 3447 2205">
    <p class='ocr_par' dir='ltr' id='par_1_65' title="bbox 1883 2138 3447 2205">
     <span class='ocr_line' id='line_1_65' title="bbox 1883 2138 3447 2205; baseline 0.004 -14"><span class='ocrx_word' id='word_1_454' title='bbox 1883 2152 1971 2192; x_wconf 82' lang='lat' dir='ltr'><strong>t‘es</strong></span> <span class='ocrx_word' id='word_1_455' title='bbox 2018 2138 2340 2200; x_wconf 84' lang='lat' dir='ltr'><strong>crederent,</strong></span> <span class='ocrx_word' id='word_1_456' title='bbox 2406 2148 2658 2205; x_wconf 89' lang='lat' dir='ltr'><strong>metuque</strong></span> <span class='ocrx_word' id='word_1_457' title='bbox 2714 2138 3065 2205; x_wconf 80' lang='lat' dir='ltr'><strong>imperialittm</strong></span> <span class='ocrx_word' id='word_1_458' title='bbox 3110 2145 3447 2197; x_wconf 88' lang='lat' dir='ltr'><strong>sanctionnnt</strong></span> 
     </span>
    </p>
   </div>
   <div class='ocr_carea' id='block_1_66' title="bbox 1879 2208 3448 2277">
    <p class='ocr_par' dir='ltr' id='par_1_66' title="bbox 1879 2208 3448 2277">
     <span class='ocr_line' id='line_1_66' title="bbox 1879 2208 3448 2277; baseline 0.004 -17"><span class='ocrx_word' id='word_1_459' title='bbox 1879 2208 2204 2277; x_wconf 82' lang='lat' dir='ltr'><strong>compressi,</strong></span> <span class='ocrx_word' id='word_1_460' title='bbox 2230 2223 2336 2263; x_wconf 89' lang='lat' dir='ltr'><strong>non</strong></span> <span class='ocrx_word' id='word_1_461' title='bbox 2359 2216 2718 2261; x_wconf 85' lang='lat' dir='ltr'><strong>evotnuerunt</strong></span> <span class='ocrx_word' id='word_1_462' title='bbox 2746 2221 3031 2274; x_wconf 84' lang='lat' dir='ltr'><strong>venenum,</strong></span> <span class='ocrx_word' id='word_1_463' title='bbox 3064 2210 3160 2266; x_wconf 86' lang='lat' dir='ltr'><strong>sed</strong></span> <span class='ocrx_word' id='word_1_464' title='bbox 3188 2212 3448 2267; x_wconf 78' lang='lat' dir='ltr'><strong>occultius</strong></span> 
     </span>
    </p>
   </div>
   <div class='ocr_carea' id='block_1_67' title="bbox 1879 2277 2146 2332">
    <p class='ocr_par' dir='ltr' id='par_1_67' title="bbox 1879 2277 2146 2332">
     <span class='ocr_line' id='line_1_67' title="bbox 1879 2277 2146 2332; baseline 0.007 -2"><span class='ocrx_word' id='word_1_465' title='bbox 1879 2277 2146 2332; x_wconf 81' lang='lat' dir='ltr'><strong>foverunt.</strong></span> 
     </span>
    </p>
   </div>
   <div class='ocr_carea' id='block_1_68' title="bbox 2489 2343 2833 2402">
    <p class='ocr_par' dir='ltr' id='par_1_68' title="bbox 2489 2343 2833 2402">
     <span class='ocr_line' id='line_1_68' title="bbox 2489 2343 2833 2402; baseline 0.006 -3"><span class='ocrx_word' id='word_1_466' title='bbox 2489 2343 2713 2400; x_wconf 83' lang='lat' dir='ltr'><strong>CAPUT</strong></span> <span class='ocrx_word' id='word_1_467' title='bbox 2770 2345 2833 2402; x_wconf 91' lang='grc' dir='ltr'><strong>ΙΙ.</strong></span> 
     </span>
    </p>
   </div>
   <div class='ocr_carea' id='block_1_69' title="bbox 1982 2436 3338 2511">
    <p class='ocr_par' dir='ltr' id='par_1_69' title="bbox 1982 2436 3338 2511">
     <span class='ocr_line' id='line_1_69' title="bbox 1982 2436 3338 2511; baseline 0.004 -22"><span class='ocrx_word' id='word_1_468' title='bbox 1982 2436 2061 2492; x_wconf 86' lang='lat' dir='ltr'><strong>De</strong></span> <span class='ocrx_word' id='word_1_469' title='bbox 2089 2438 2291 2508; x_wconf 71' lang='lat' dir='ltr'><strong>scriptis</strong></span> <span class='ocrx_word' id='word_1_470' title='bbox 2328 2438 2390 2489; x_wconf 72' lang='lat' dir='ltr'><strong>ob</strong></span> <span class='ocrx_word' id='word_1_471' title='bbox 2420 2437 2701 2505; x_wconf 79' lang='lat' dir='ltr'><strong>Augustino</strong></span> <span class='ocrx_word' id='word_1_472' title='bbox 2727 2436 2971 2491; x_wconf 83' lang='lat' dir='ltr'><strong>adversus</strong></span> <span class='ocrx_word' id='word_1_473' title='bbox 3009 2437 3338 2511; x_wconf 83' lang='lat' dir='ltr'><strong>Pelagianos.</strong></span> 
     </span>
    </p>
   </div>
   <div class='ocr_carea' id='block_1_70' title="bbox 1951 2545 3444 2617">
    <p class='ocr_par' dir='ltr' id='par_1_70' title="bbox 1951 2545 3444 2617">
     <span class='ocr_line' id='line_1_70' title="bbox 1951 2545 3444 2617; baseline 0.002 -15"><span class='ocrx_word' id='word_1_474' title='bbox 1951 2547 2217 2603; x_wconf 85' lang='lat' dir='ltr'><strong>Hactenus</strong></span> <span class='ocrx_word' id='word_1_475' title='bbox 2239 2546 2306 2602; x_wconf 87' lang='lat' dir='ltr'><strong>de</strong></span> <span class='ocrx_word' id='word_1_476' title='bbox 2336 2547 2682 2617; x_wconf 86' lang='lat' dir='ltr'><strong>llieronymo,</strong></span> <span class='ocrx_word' id='word_1_477' title='bbox 2706 2547 2792 2615; x_wconf 91' lang='lat' dir='ltr'><strong>qui</strong></span> <span class='ocrx_word' id='word_1_478' title='bbox 2818 2545 2964 2601; x_wconf 89' lang='lat' dir='ltr'><strong>bello</strong></span> <span class='ocrx_word' id='word_1_479' title='bbox 2993 2548 3244 2607; x_wconf 69' lang='lat' dir='ltr'><strong>Ecclesiae</strong></span> <span class='ocrx_word' id='word_1_480' title='bbox 3263 2566 3444 2607; x_wconf 78' lang='lat' dir='ltr'><strong>comra</strong></span> 
     </span>
    </p>
   </div>
   <div class='ocr_carea' id='block_1_71' title="bbox 1878 2617 3446 2688">
    <p class='ocr_par' dir='ltr' id='par_1_71' title="bbox 1878 2617 3446 2688">
     <span class='ocr_line' id='line_1_71' title="bbox 1878 2617 3446 2688; baseline 0.003 -15"><span class='ocrx_word' id='word_1_481' title='bbox 1878 2617 2190 2688; x_wconf 86' lang='lat' dir='ltr'><strong>Pelagianos</strong></span> <span class='ocrx_word' id='word_1_482' title='bbox 2219 2619 2468 2688; x_wconf 73' lang='lat' dir='ltr'><strong>Velitatus</strong></span> <span class='ocrx_word' id='word_1_483' title='bbox 2494 2628 2596 2681; x_wconf 88' lang='lat' dir='ltr'><strong>est,</strong></span> <span class='ocrx_word' id='word_1_484' title='bbox 2628 2631 2717 2688; x_wconf 75' lang='lat' dir='ltr'><strong>_eo</strong></span> <span class='ocrx_word' id='word_1_485' title='bbox 2767 2619 2880 2670; x_wconf 85' lang='lat' dir='ltr'><strong>tere</strong></span> <span class='ocrx_word' id='word_1_486' title='bbox 2927 2620 3085 2672; x_wconf 92' lang='lat' dir='ltr'><strong>modo</strong></span> <span class='ocrx_word' id='word_1_487' title='bbox 3116 2637 3219 2680; x_wconf 85' lang='lat' dir='ltr'><strong>quo</strong></span> <span class='ocrx_word' id='word_1_488' title='bbox 3274 2628 3446 2678; x_wconf 75' lang='lat' dir='ltr'><strong>solent</strong></span> 
     </span>
    </p>
   </div>
   <div class='ocr_carea' id='block_1_72' title="bbox 1876 2685 3446 2756">
    <p class='ocr_par' dir='ltr' id='par_1_72' title="bbox 1876 2685 3446 2756">
     <span class='ocr_line' id='line_1_72' title="bbox 1876 2685 3446 2756; baseline -0.003 -15"><span class='ocrx_word' id='word_1_489' title='bbox 1876 2685 2116 2742; x_wconf 73' lang='lat' dir='ltr'><strong>veterani</strong></span> <span class='ocrx_word' id='word_1_490' title='bbox 2143 2689 2326 2745; x_wconf 87' lang='lat' dir='ltr'><strong>duces.</strong></span> <span class='ocrx_word' id='word_1_491' title='bbox 2361 2686 2497 2739; x_wconf 83' lang='lat' dir='ltr'><strong>fama</strong></span> <span class='ocrx_word' id='word_1_492' title='bbox 2533 2685 2706 2751; x_wconf 75' lang='lat' dir='ltr'><strong>p0tius</strong></span> <span class='ocrx_word' id='word_1_493' title='bbox 2732 2702 2889 2756; x_wconf 86' lang='lat' dir='ltr'><strong>quam</strong></span> <span class='ocrx_word' id='word_1_494' title='bbox 2918 2703 3096 2743; x_wconf 90' lang='lat' dir='ltr'><strong>manu.</strong></span> <span class='ocrx_word' id='word_1_495' title='bbox 3141 2690 3326 2748; x_wconf 79' lang='lat' dir='ltr'><strong>Totam</strong></span> <span class='ocrx_word' id='word_1_496' title='bbox 3357 2712 3446 2747; x_wconf 75' lang='lat' dir='ltr'><strong>ca-</strong></span> 
     </span>
    </p>
   </div>
   <div class='ocr_carea' id='block_1_73' title="bbox 1878 2756 3445 2826">
    <p class='ocr_par' dir='ltr' id='par_1_73' title="bbox 1878 2756 3445 2826">
     <span class='ocr_line' id='line_1_73' title="bbox 1878 2756 3445 2826; baseline 0.004 -15"><span class='ocrx_word' id='word_1_497' title='bbox 1878 2759 2098 2826; x_wconf 83' lang='lat' dir='ltr'><strong>pessivit</strong></span> <span class='ocrx_word' id='word_1_498' title='bbox 2139 2772 2365 2825; x_wconf 77' lang='lat' dir='ltr'><strong>pugnam</strong></span> <span class='ocrx_word' id='word_1_499' title='bbox 2397 2756 2731 2824; x_wconf 57' lang='lat' dir='ltr'><strong>Augustinus</strong></span> <span class='ocrx_word' id='word_1_500' title='bbox 2752 2798 2766 2819; x_wconf 92' lang='lat'><strong>,</strong></span> <span class='ocrx_word' id='word_1_501' title='bbox 2809 2756 2877 2811; x_wconf 93' lang='lat' dir='ltr'><strong>de</strong></span> <span class='ocrx_word' id='word_1_502' title='bbox 2903 2774 3010 2823; x_wconf 88' lang='lat' dir='ltr'><strong>quo</strong></span> <span class='ocrx_word' id='word_1_503' title='bbox 3041 2775 3144 2815; x_wconf 90' lang='lat' dir='ltr'><strong>non</strong></span> <span class='ocrx_word' id='word_1_504' title='bbox 3190 2766 3445 2818; x_wconf 75' lang='lat' dir='ltr'><strong>honoriﬁ-</strong></span> 
     </span>
    </p>
   </div>
   <div class='ocr_carea' id='block_1_74' title="bbox 1876 2826 3439 2900">
    <p class='ocr_par' dir='ltr' id='par_1_74' title="bbox 1876 2826 3439 2900">
     <span class='ocr_line' id='line_1_74' title="bbox 1876 2826 3439 2900; baseline 0.006 -21"><span class='ocrx_word' id='word_1_505' title='bbox 1876 2828 2086 2900; x_wconf 75' lang='lat' dir='ltr'><strong>centius</strong></span> <span class='ocrx_word' id='word_1_506' title='bbox 2132 2843 2291 2893; x_wconf 85' lang='lat' dir='ltr'><strong>quam</strong></span> <span class='ocrx_word' id='word_1_507' title='bbox 2348 2828 2660 2900; x_wconf 72' lang='lat' dir='ltr'><strong>prudentius</strong></span> <span class='ocrx_word' id='word_1_508' title='bbox 2716 2826 3027 2900; x_wconf 70' lang='lat' dir='ltr'><strong>Hormisdas</strong></span> <span class='ocrx_word' id='word_1_509' title='bbox 3085 2846 3215 2900; x_wconf 87' lang='lat' dir='ltr'><strong>papa</strong></span> <span class='ocrx_word' id='word_1_510' title='bbox 3264 2833 3439 2888; x_wconf 86' lang='lat' dir='ltr'><strong>dixit:</strong></span> 
     </span>
    </p>
   </div>
   <div class='ocr_carea' id='block_1_75' title="bbox 1881 2895 3445 2963">
    <p class='ocr_par' dir='ltr' id='par_1_75' title="bbox 1881 2895 3445 2963">
     <span class='ocr_line' id='line_1_75' title="bbox 1881 2895 3445 2963; baseline 0.005 -14"><span class='ocrx_word' id='word_1_511' title='bbox 1881 2897 2018 2963; x_wconf 86' lang='lat' dir='ltr'><strong>Quid</strong></span> <span class='ocrx_word' id='word_1_512' title='bbox 2049 2898 2278 2952; x_wconf 78' lang='lat' dir='ltr'><strong>Romana</strong></span> <span class='ocrx_word' id='word_1_513' title='bbox 2320 2906 2566 2950; x_wconf 70' lang='lat' dir='ltr'><strong>asseueret</strong></span> <span class='ocrx_word' id='word_1_514' title='bbox 2601 2895 2834 2949; x_wconf 81' lang='lat' dir='ltr'><strong>Ecclesia</strong></span> <span class='ocrx_word' id='word_1_515' title='bbox 2870 2897 2934 2951; x_wconf 84' lang='lat' dir='ltr'><strong>de</strong></span> <span class='ocrx_word' id='word_1_516' title='bbox 2958 2895 3116 2953; x_wconf 81' lang='lat' dir='ltr'><strong>libero</strong></span> <span class='ocrx_word' id='word_1_517' title='bbox 3154 2895 3370 2956; x_wconf 78' lang='lat' dir='ltr'><strong>arbitrio</strong></span> <span class='ocrx_word' id='word_1_518' title='bbox 3396 2916 3445 2958; x_wconf 88' lang='lat' dir='ltr'><strong>et</strong></span> 
     </span>
    </p>
   </div>
   <div class='ocr_carea' id='block_1_76' title="bbox 1875 2966 3442 3038">
    <p class='ocr_par' dir='ltr' id='par_1_76' title="bbox 1875 2966 3442 3038">
     <span class='ocr_line' id='line_1_76' title="bbox 1875 2966 3442 3038; baseline 0.008 -22"><span class='ocrx_word' id='word_1_519' title='bbox 1875 2970 2043 3038; x_wconf 84' lang='lat' dir='ltr'><strong>gratia</strong></span> <span class='ocrx_word' id='word_1_520' title='bbox 2068 2968 2267 3038; x_wconf 35' lang='lat' dir='ltr'><strong>Deiter.</strong></span> <span class='ocrx_word' id='word_1_521' title='bbox 2294 2968 2446 3020; x_wconf 74' lang='lat' dir='ltr'><strong>rariis</strong></span> <span class='ocrx_word' id='word_1_522' title='bbox 2471 2968 2741 3034; x_wconf 79' lang='lat' dir='ltr'><strong>Augustini</strong></span> <span class='ocrx_word' id='word_1_523' title='bbox 2761 2966 2989 3033; x_wconf 59' lang='lat' dir='ltr'><strong>libris,“</strong></span> <span class='ocrx_word' id='word_1_524' title='bbox 3011 2972 3228 3024; x_wconf 73' lang='lat' dir='ltr'><strong>maxime</strong></span> <span class='ocrx_word' id='word_1_525' title='bbox 3252 2975 3320 3027; x_wconf 89' lang='lat' dir='ltr'><strong>ad</strong></span> <span class='ocrx_word' id='word_1_526' title='bbox 3344 2972 3442 3029; x_wconf 82' lang='lat' dir='ltr'><strong>Ili-</strong></span> 
     </span>
    </p>
   </div>
   <div class='ocr_carea' id='block_1_77' title="bbox 1878 3037 3440 3111">
    <p class='ocr_par' dir='ltr' id='par_1_77' title="bbox 1878 3037 3440 3111">
     <span class='ocr_line' id='line_1_77' title="bbox 1878 3037 3440 3111; baseline 0.004 -21"><span class='ocrx_word' id='word_1_527' title='bbox 1878 3037 2063 3111; x_wconf 81' lang='lat' dir='ltr'><strong>larittm</strong></span> <span class='ocrx_word' id='word_1_528' title='bbox 2092 3048 2139 3111; x_wconf 79' lang='lat' dir='ltr'><strong>et</strong></span> <span class='ocrx_word' id='word_1_529' title='bbox 2171 3037 2504 3101; x_wconf 82' lang='lat' dir='ltr'><strong>Prosperum,</strong></span> <span class='ocrx_word' id='word_1_530' title='bbox 2534 3038 2778 3111; x_wconf 76' lang='lat' dir='ltr'><strong>cognosci</strong></span> <span class='ocrx_word' id='word_1_531' title='bbox 2799 3054 2964 3111; x_wconf 81' lang='lat' dir='ltr'><strong>posse.</strong></span> <span class='ocrx_word' id='word_1_532' title='bbox 3021 3040 3075 3111; x_wconf 69' lang='lat' dir='ltr'><strong>id</strong></span> <span class='ocrx_word' id='word_1_533' title='bbox 3111 3054 3215 3105; x_wconf 80' lang='lat' dir='ltr'><strong>eSt,</strong></span> <span class='ocrx_word' id='word_1_534' title='bbox 3248 3053 3304 3097; x_wconf 89' lang='lat' dir='ltr'><strong>ut</strong></span> <span class='ocrx_word' id='word_1_535' title='bbox 3340 3062 3440 3111; x_wconf 61' lang='lat' dir='ltr'><strong>ego</strong></span> 
     </span>
    </p>
   </div>
   <div class='ocr_carea' id='block_1_78' title="bbox 204 3107 3440 3185">
    <p class='ocr_par' dir='ltr' id='par_1_78' title="bbox 204 3107 3440 3185">
     <span class='ocr_line' id='line_1_78' title="bbox 204 3107 3440 3185; baseline 0.003 -27"><span class='ocrx_word' id='word_1_536' title='bbox 204 3108 471 3185; x_wconf 72' lang='lat' dir='ltr'><strong>aliquanto</strong></span> <span class='ocrx_word' id='word_1_537' title='bbox 501 3111 741 3176; x_wconf 85' lang='lat' dir='ltr'><strong>temporis</strong></span> <span class='ocrx_word' id='word_1_538' title='bbox 780 3111 1073 3185; x_wconf 68' lang='lat' dir='ltr'><strong>interuallo,</strong></span> <span class='ocrx_word' id='word_1_539' title='bbox 1118 3119 1229 3178; x_wconf 88' lang='lat' dir='ltr'><strong>post</strong></span> <span class='ocrx_word' id='word_1_540' title='bbox 1262 3107 1616 3185; x_wconf 74' lang='lat' dir='ltr'><strong>dormitionem</strong></span> <span class='ocrx_word' id='word_1_541' title='bbox 1662 3109 1763 3163; x_wconf 82' lang='lat' dir='ltr'><strong>En-</strong></span> <span class='ocrx_word' id='word_1_542' title='bbox 1798 3123 1843 3185; x_wconf 71' lang='grc' dir='ltr'>ρ</span> <span class='ocrx_word' id='word_1_543' title='bbox 1875 3109 2090 3185; x_wconf 81' lang='lat' dir='ltr'><strong>quidem</strong></span> <span class='ocrx_word' id='word_1_544' title='bbox 2128 3109 2473 3175; x_wconf 86' lang='lat' dir='ltr'><strong>interpretor,</strong></span> <span class='ocrx_word' id='word_1_545' title='bbox 2513 3107 2668 3185; x_wconf 68' lang='lat' dir='ltr'><strong>posse</strong></span> <span class='ocrx_word' id='word_1_546' title='bbox 2694 3107 2931 3185; x_wconf 78' lang='lat' dir='ltr'><strong>quidem,</strong></span> <span class='ocrx_word' id='word_1_547' title='bbox 2966 3110 3046 3185; x_wconf 81' lang='lat' dir='ltr'><strong>vel</strong></span> <span class='ocrx_word' id='word_1_548' title='bbox 3076 3124 3140 3185; x_wconf 84' lang='lat' dir='ltr'><strong>ex</strong></span> <span class='ocrx_word' id='word_1_549' title='bbox 3173 3127 3279 3166; x_wconf 91' lang='lat' dir='ltr'><strong>uno</strong></span> <span class='ocrx_word' id='word_1_550' title='bbox 3302 3107 3440 3185; x_wconf 75' lang='lat' dir='ltr'><strong>sniis</strong></span> 
     </span>
    </p>
   </div>
   <div class='ocr_carea' id='block_1_79' title="bbox 208 3179 1767 3250">
    <p class='ocr_par' dir='ltr' id='par_1_79' title="bbox 208 3179 1767 3250">
     <span class='ocr_line' id='line_1_79' title="bbox 208 3179 1767 3250; baseline 0.003 -22"><span class='ocrx_word' id='word_1_551' title='bbox 208 3179 391 3250; x_wconf 59' lang='grc' dir='ltr'><strong>ΨητΙυὶ</strong></span> <span class='ocrx_word' id='word_1_552' title='bbox 411 3220 426 3244; x_wconf 82' lang='grc'><em>,</em></span> <span class='ocrx_word' id='word_1_553' title='bbox 456 3195 555 3247; x_wconf 89' lang='lat' dir='ltr'><strong>qua</strong></span> <span class='ocrx_word' id='word_1_554' title='bbox 582 3197 636 3231; x_wconf 89' lang='lat' dir='ltr'><strong>se</strong></span> <span class='ocrx_word' id='word_1_555' title='bbox 674 3179 868 3247; x_wconf 81' lang='lat' dir='ltr'><strong>pridem</strong></span> <span class='ocrx_word' id='word_1_556' title='bbox 912 3182 1134 3233; x_wconf 88' lang='lat' dir='ltr'><strong>doluisse</strong></span> <span class='ocrx_word' id='word_1_557' title='bbox 1170 3181 1355 3234; x_wconf 81' lang='lat' dir='ltr'><strong>scribit</strong></span> <span class='ocrx_word' id='word_1_558' title='bbox 1392 3180 1767 3250; x_wconf 75' lang='lat' dir='ltr'><strong>Hieronymus,</strong></span> 
     </span>
    </p>
   </div>
   <div class='ocr_carea' id='block_1_80' title="bbox 205 3245 1769 3319">
    <p class='ocr_par' dir='ltr' id='par_1_80' title="bbox 205 3245 1769 3319">
     <span class='ocr_line' id='line_1_80' title="bbox 205 3245 1769 3319; baseline 0.006 -23"><span class='ocrx_word' id='word_1_559' title='bbox 205 3245 583 3319; x_wconf 60' lang='lat' dir='ltr'><strong>Qarthnginem</strong></span> <span class='ocrx_word' id='word_1_560' title='bbox 615 3245 833 3319; x_wconf 60' lang='lat' dir='ltr'><strong>venisse</strong></span> <span class='ocrx_word' id='word_1_561' title='bbox 872 3249 1062 3303; x_wconf 89' lang='lat' dir='ltr'><strong>hiemis</strong></span> <span class='ocrx_word' id='word_1_562' title='bbox 1107 3256 1377 3319; x_wconf 89' lang='lat' dir='ltr'><strong>tempore,</strong></span> <span class='ocrx_word' id='word_1_563' title='bbox 1406 3259 1462 3305; x_wconf 90' lang='lat' dir='ltr'><strong>et</strong></span> <span class='ocrx_word' id='word_1_564' title='bbox 1483 3265 1533 3303; x_wconf 67' lang='grc' dir='ltr'><strong>γι</strong></span> <span class='ocrx_word' id='word_1_565' title='bbox 1556 3245 1769 3305; x_wconf 71' lang='lat' dir='ltr'><strong>kalend.</strong></span> 
     </span>
    </p>
   </div>
   <div class='ocr_carea' id='block_1_81' title="bbox 214 3316 1771 3384">
    <p class='ocr_par' dir='ltr' id='par_1_81' title="bbox 214 3316 1771 3384">
     <span class='ocr_line' id='line_1_81' title="bbox 214 3316 1771 3384; baseline 0.006 -18"><span class='ocrx_word' id='word_1_566' title='bbox 214 3316 524 3371; x_wconf 75' lang='lat' dir='ltr'><strong>Decembris</strong></span> <span class='ocrx_word' id='word_1_567' title='bbox 556 3318 774 3372; x_wconf 84' lang='lat' dir='ltr'><strong>missum</strong></span> <span class='ocrx_word' id='word_1_568' title='bbox 809 3320 973 3374; x_wconf 81' lang='lat' dir='ltr'><strong>fuisse</strong></span> <span class='ocrx_word' id='word_1_569' title='bbox 999 3316 1245 3374; x_wconf 76' lang='lat' dir='ltr'><strong>Romani.</strong></span> <span class='ocrx_word' id='word_1_570' title='bbox 1299 3322 1477 3384; x_wconf 79' lang='lat' dir='ltr'><strong>Quare</strong></span> <span class='ocrx_word' id='word_1_571' title='bbox 1522 3323 1601 3374; x_wconf 90' lang='lat' dir='ltr'><strong>vel</strong></span> <span class='ocrx_word' id='word_1_572' title='bbox 1627 3336 1771 3376; x_wconf 90' lang='lat' dir='ltr'><strong>mors</strong></span> 
     </span>
    </p>
   </div>
   <div class='ocr_carea' id='block_1_82' title="bbox 216 3386 1774 3459">
    <p class='ocr_par' dir='ltr' id='par_1_82' title="bbox 216 3386 1774 3459">
     <span class='ocr_line' id='line_1_82' title="bbox 216 3386 1774 3459; baseline 0.003 -21"><span class='ocrx_word' id='word_1_573' title='bbox 216 3386 488 3441; x_wconf 75' lang='lat' dir='ltr'><strong>Eustochi</strong></span> <span class='ocrx_word' id='word_1_574' title='bbox 519 3388 572 3441; x_wconf 93' lang='lat' dir='ltr'><strong>iu</strong></span> <span class='ocrx_word' id='word_1_575' title='bbox 594 3403 790 3459; x_wconf 87' lang='lat' dir='ltr'><strong>annum</strong></span> <span class='ocrx_word' id='word_1_576' title='bbox 824 3390 1054 3456; x_wconf 89' lang='lat' dir='ltr'><strong>priorem</strong></span> <span class='ocrx_word' id='word_1_577' title='bbox 1084 3388 1271 3444; x_wconf 84' lang='lat' dir='ltr'><strong>referri</strong></span> <span class='ocrx_word' id='word_1_578' title='bbox 1298 3391 1473 3451; x_wconf 87' lang='lat' dir='ltr'><strong>debet.</strong></span> <span class='ocrx_word' id='word_1_579' title='bbox 1508 3392 1648 3459; x_wconf 86' lang='lat' dir='ltr'><strong>quod</strong></span> <span class='ocrx_word' id='word_1_580' title='bbox 1674 3394 1774 3443; x_wconf 86' lang='lat' dir='ltr'><strong>mi-</strong></span> 
     </span>
    </p>
   </div>
   <div class='ocr_carea' id='block_1_83' title="bbox 217 3458 1771 3531">
    <p class='ocr_par' dir='ltr' id='par_1_83' title="bbox 217 3458 1771 3531">
     <span class='ocr_line' id='line_1_83' title="bbox 217 3458 1771 3531; baseline 0.005 -24"><span class='ocrx_word' id='word_1_581' title='bbox 217 3471 315 3508; x_wconf 85' lang='lat' dir='ltr'><strong>nus</strong></span> <span class='ocrx_word' id='word_1_582' title='bbox 340 3471 488 3531; x_wconf 70' lang='lat' dir='ltr'><strong>reor:</strong></span> <span class='ocrx_word' id='word_1_583' title='bbox 529 3458 981 3531; x_wconf 82' lang='lat' dir='ltr'><strong>ve|_lnnocenlius</strong></span> <span class='ocrx_word' id='word_1_584' title='bbox 1005 3459 1416 3531; x_wconf 12' lang='lat' dir='ltr'><strong>quiilitterarum</strong></span> <span class='ocrx_word' id='word_1_585' title='bbox 1465 3458 1771 3531; x_wconf 86' lang='lat' dir='ltr'><strong>Hieronymi</strong></span> 
     </span>
    </p>
   </div>
   <div class='ocr_carea' id='block_1_84' title="bbox 219 3527 1773 3611">
    <p class='ocr_par' dir='ltr' id='par_1_84' title="bbox 219 3527 1773 3611">
     <span class='ocr_line' id='line_1_84' title="bbox 219 3527 1773 3611; baseline 0.008 -39"><span class='ocrx_word' id='word_1_586' title='bbox 219 3528 439 3611; x_wconf 65' lang='lat' dir='ltr'><strong>portitor</strong></span> <span class='ocrx_word' id='word_1_587' title='bbox 459 3543 576 3611; x_wconf 63' lang='lat' dir='ltr'><strong>non</strong></span> <span class='ocrx_word' id='word_1_588' title='bbox 611 3527 707 3609; x_wconf 75' lang='lat' dir='ltr'><strong>fuit</strong></span> <span class='ocrx_word' id='word_1_589' title='bbox 740 3528 881 3611; x_wconf 78' lang='lat' dir='ltr'><strong>idem</strong></span> <span class='ocrx_word' id='word_1_590' title='bbox 927 3543 991 3583; x_wconf 91' lang='lat' dir='ltr'><strong>ac</strong></span> <span class='ocrx_word' id='word_1_591' title='bbox 1024 3527 1525 3611; x_wconf 71' lang='lat' dir='ltr'><strong>qni_Alexattdi-iam</strong></span> <span class='ocrx_word' id='word_1_592' title='bbox 1568 3527 1773 3598; x_wconf 82' lang='lat' dir='ltr'><strong>legatus</strong></span> 
     </span>
    </p>
   </div>
   <div class='ocr_carea' id='block_1_85' title="bbox 216 3596 1772 3668">
    <p class='ocr_par' dir='ltr' id='par_1_85' title="bbox 216 3596 1772 3668">
     <span class='ocr_line' id='line_1_85' title="bbox 216 3596 1772 3668; baseline 0.004 -21"><span class='ocrx_word' id='word_1_593' title='bbox 216 3608 295 3668; x_wconf 63' lang='lat' dir='ltr'><strong>est</strong></span> <span class='ocrx_word' id='word_1_594' title='bbox 320 3596 709 3668; x_wconf 70' lang='lat' dir='ltr'><strong>abAl‘ricanis,</strong></span> <span class='ocrx_word' id='word_1_595' title='bbox 740 3598 877 3668; x_wconf 89' lang='lat' dir='ltr'><strong>quod</strong></span> <span class='ocrx_word' id='word_1_596' title='bbox 910 3615 1012 3654; x_wconf 91' lang='lat' dir='ltr'><strong>non</strong></span> <span class='ocrx_word' id='word_1_597' title='bbox 1046 3596 1311 3653; x_wconf 86' lang='lat' dir='ltr'><strong>illibenter</strong></span> <span class='ocrx_word' id='word_1_598' title='bbox 1338 3599 1522 3663; x_wconf 77' lang='lat' dir='ltr'><strong>fatear,</strong></span> <span class='ocrx_word' id='word_1_599' title='bbox 1557 3596 1772 3667; x_wconf 65' lang='lat' dir='ltr'><strong>propter</strong></span> 
     </span>
    </p>
   </div>
   <div class='ocr_carea' id='block_1_86' title="bbox 214 3663 1772 3739">
    <p class='ocr_par' dir='ltr' id='par_1_86' title="bbox 214 3663 1772 3739">
     <span class='ocr_line' id='line_1_86' title="bbox 214 3663 1772 3739; baseline 0.004 -23"><span class='ocrx_word' id='word_1_600' title='bbox 214 3663 327 3718; x_wconf 65' lang='lat' dir='ltr'><strong>haec</strong></span> <span class='ocrx_word' id='word_1_601' title='bbox 365 3666 670 3739; x_wconf 80' lang='lat' dir='ltr'><strong>Hieronymi</strong></span> <span class='ocrx_word' id='word_1_602' title='bbox 714 3663 875 3723; x_wconf 80' lang='lat' dir='ltr'><strong>verba</strong></span> <span class='ocrx_word' id='word_1_603' title='bbox 901 3687 915 3723; x_wconf 88' lang='lat'><strong>:</strong></span> <span class='ocrx_word' id='word_1_604' title='bbox 948 3668 1167 3725; x_wconf 87' lang='lat' dir='ltr'><strong>Sanctus</strong></span> <span class='ocrx_word' id='word_1_605' title='bbox 1199 3668 1525 3723; x_wconf 81' lang='lat' dir='ltr'><strong>Innocentius</strong></span> <span class='ocrx_word' id='word_1_606' title='bbox 1557 3663 1772 3739; x_wconf 58' lang='lat' dir='ltr'><strong>presby-</strong></span> 
     </span>
    </p>
   </div>
   <div class='ocr_carea' id='block_1_87' title="bbox 212 3737 1765 3810">
    <p class='ocr_par' dir='ltr' id='par_1_87' title="bbox 212 3737 1765 3810">
     <span class='ocr_line' id='line_1_87' title="bbox 212 3737 1765 3810; baseline 0.004 -24"><span class='ocrx_word' id='word_1_607' title='bbox 212 3745 307 3795; x_wconf 82' lang='lat' dir='ltr'><strong>ter,</strong></span> <span class='ocrx_word' id='word_1_608' title='bbox 343 3737 431 3810; x_wconf 68' lang='lat' dir='ltr'><strong>qui</strong></span> <span class='ocrx_word' id='word_1_609' title='bbox 473 3738 629 3808; x_wconf 84' lang='lat' dir='ltr'><strong>hujus</strong></span> <span class='ocrx_word' id='word_1_610' title='bbox 664 3741 907 3810; x_wconf 87' lang='lat' dir='ltr'><strong>sermonis</strong></span> <span class='ocrx_word' id='word_1_611' title='bbox 947 3748 1017 3793; x_wconf 81' lang='lat' dir='ltr'><strong>est</strong></span> <span class='ocrx_word' id='word_1_612' title='bbox 1057 3740 1292 3810; x_wconf 85' lang='lat' dir='ltr'><strong>portitor,</strong></span> <span class='ocrx_word' id='word_1_613' title='bbox 1337 3754 1471 3791; x_wconf 87' lang='lat' dir='ltr'><strong>anno</strong></span> <span class='ocrx_word' id='word_1_614' title='bbox 1495 3737 1765 3805; x_wconf 70' lang='lat' dir='ltr'><strong>praeterito,</strong></span> 
     </span>
    </p>
   </div>
   <div class='ocr_carea' id='block_1_88' title="bbox 209 3806 1773 3879">
    <p class='ocr_par' dir='ltr' id='par_1_88' title="bbox 209 3806 1773 3879">
     <span class='ocr_line' id='line_1_88' title="bbox 209 3806 1773 3879; baseline 0.003 -23"><span class='ocrx_word' id='word_1_615' title='bbox 209 3806 354 3879; x_wconf 82' lang='lat' dir='ltr'><strong>quasi</strong></span> <span class='ocrx_word' id='word_1_616' title='bbox 389 3806 703 3876; x_wconf 81' lang='lat' dir='ltr'><strong>nequaquam</strong></span> <span class='ocrx_word' id='word_1_617' title='bbox 744 3809 798 3861; x_wconf 87' lang='lat' dir='ltr'><strong>in</strong></span> <span class='ocrx_word' id='word_1_618' title='bbox 836 3806 1067 3879; x_wconf 76' lang='lat' dir='ltr'><strong>Africani</strong></span> <span class='ocrx_word' id='word_1_619' title='bbox 1109 3825 1435 3874; x_wconf 83' lang='lat' dir='ltr'><strong>reversurus,</strong></span> <span class='ocrx_word' id='word_1_620' title='bbox 1467 3825 1575 3861; x_wconf 88' lang='lat' dir='ltr'><strong>mea</strong></span> <span class='ocrx_word' id='word_1_621' title='bbox 1598 3810 1665 3861; x_wconf 78' lang='lat' dir='ltr'><strong>ad</strong></span> <span class='ocrx_word' id='word_1_622' title='bbox 1693 3813 1773 3863; x_wconf 82' lang='lat' dir='ltr'><strong>di-</strong></span> 
     </span>
    </p>
   </div>
   <div class='ocr_carea' id='block_1_89' title="bbox 208 3875 1771 3950">
    <p class='ocr_par' dir='ltr' id='par_1_89' title="bbox 208 3875 1771 3950">
     <span class='ocr_line' id='line_1_89' title="bbox 208 3875 1771 3950; baseline 0.006 -24"><span class='ocrx_word' id='word_1_623' title='bbox 208 3875 494 3950; x_wconf 76' lang='lat' dir='ltr'><strong>gnationem</strong></span> <span class='ocrx_word' id='word_1_624' title='bbox 528 3886 744 3950; x_wconf 70' lang='lat' dir='ltr'><strong>pestram</strong></span> <span class='ocrx_word' id='word_1_625' title='bbox 774 3875 1095 3950; x_wconf 79' lang='lat' dir='ltr'><strong>scriptanon</strong></span> <span class='ocrx_word' id='word_1_626' title='bbox 1122 3881 1357 3947; x_wconf 77' lang='lat' dir='ltr'><strong>sumpsit.</strong></span> <span class='ocrx_word' id='word_1_627' title='bbox 1406 3882 1475 3931; x_wconf 83' lang='lat' dir='ltr'><strong>At</strong></span> <span class='ocrx_word' id='word_1_628' title='bbox 1508 3882 1594 3947; x_wconf 90' lang='lat' dir='ltr'><strong>qui</strong></span> <span class='ocrx_word' id='word_1_629' title='bbox 1627 3880 1771 3948; x_wconf 83' lang='lat' dir='ltr'><strong>lega—</strong></span> 
     </span>
    </p>
   </div>
   <div class='ocr_carea' id='block_1_90' title="bbox 210 3944 1601 4015">
    <p class='ocr_par' dir='ltr' id='par_1_90' title="bbox 210 3944 1601 4015">
     <span class='ocr_line' id='line_1_90' title="bbox 210 3944 1601 4015; baseline 0.005 -20"><span class='ocrx_word' id='word_1_630' title='bbox 210 3954 297 4015; x_wconf 76' lang='lat' dir='ltr'><strong>tus</strong></span> <span class='ocrx_word' id='word_1_631' title='bbox 328 3944 499 3999; x_wconf 77' lang='lat' dir='ltr'><strong>fuerat</strong></span> <span class='ocrx_word' id='word_1_632' title='bbox 526 3944 886 4007; x_wconf 55' lang='lat' dir='ltr'><strong>Innocentius;</strong></span> <span class='ocrx_word' id='word_1_633' title='bbox 918 3949 1097 4015; x_wconf 88' lang='lat' dir='ltr'><strong>utique</strong></span> <span class='ocrx_word' id='word_1_634' title='bbox 1127 3944 1436 4004; x_wconf 86' lang='lat' dir='ltr'><strong>reversurus</strong></span> <span class='ocrx_word' id='word_1_635' title='bbox 1464 3944 1601 4003; x_wconf 75' lang='lat' dir='ltr'><strong>erat.</strong></span> 
     </span>
    </p>
   </div>
   <div class='ocr_carea' id='block_1_91' title="bbox 239 4014 1768 4094">
    <p class='ocr_par' dir='ltr' id='par_1_91' title="bbox 239 4014 1768 4094">
     <span class='ocr_line' id='line_1_91' title="bbox 239 4014 1768 4094; baseline 0.003 -27"><span class='ocrx_word' id='word_1_636' title='bbox 239 4083 251 4094; x_wconf 83' lang='lat'><em>_</em></span> <span class='ocrx_word' id='word_1_637' title='bbox 278 4014 531 4094; x_wconf 71' lang='lat' dir='ltr'><strong>Etsihrec</strong></span> <span class='ocrx_word' id='word_1_638' title='bbox 554 4018 777 4094; x_wconf 73' lang='lat' dir='ltr'><strong>epistola</strong></span> <span class='ocrx_word' id='word_1_639' title='bbox 808 4014 1497 4094; x_wconf 70' lang='lat' dir='ltr'><strong>contineatresponsionem</strong></span> <span class='ocrx_word' id='word_1_640' title='bbox 1525 4018 1591 4072; x_wconf 91' lang='lat' dir='ltr'><strong>ad</strong></span> <span class='ocrx_word' id='word_1_641' title='bbox 1621 4036 1768 4094; x_wconf 73' lang='lat' dir='ltr'><strong>quae-</strong></span> 
     </span>
    </p>
   </div>
   <div class='ocr_carea' id='block_1_92' title="bbox 208 4085 1770 4155">
    <p class='ocr_par' dir='ltr' id='par_1_92' title="bbox 208 4085 1770 4155">
     <span class='ocr_line' id='line_1_92' title="bbox 208 4085 1770 4155; baseline 0.006 -20"><span class='ocrx_word' id='word_1_642' title='bbox 208 4085 309 4137; x_wconf 77' lang='lat' dir='ltr'><strong>sita</strong></span> <span class='ocrx_word' id='word_1_643' title='bbox 349 4085 510 4154; x_wconf 79' lang='lat' dir='ltr'><strong>Atipii</strong></span> <span class='ocrx_word' id='word_1_644' title='bbox 543 4097 596 4139; x_wconf 90' lang='lat' dir='ltr'><strong>et</strong></span> <span class='ocrx_word' id='word_1_645' title='bbox 619 4086 895 4155; x_wconf 84' lang='lat' dir='ltr'><strong>Augustini</strong></span> <span class='ocrx_word' id='word_1_646' title='bbox 926 4089 993 4143; x_wconf 90' lang='lat' dir='ltr'><strong>de</strong></span> <span class='ocrx_word' id='word_1_647' title='bbox 1035 4088 1183 4143; x_wconf 83' lang='lat' dir='ltr'><strong>libris</strong></span> <span class='ocrx_word' id='word_1_648' title='bbox 1211 4089 1278 4142; x_wconf 90' lang='lat' dir='ltr'><strong>ab</strong></span> <span class='ocrx_word' id='word_1_649' title='bbox 1308 4087 1550 4143; x_wconf 83' lang='lat' dir='ltr'><strong>Anniana</strong></span> <span class='ocrx_word' id='word_1_650' title='bbox 1578 4090 1770 4144; x_wconf 73' lang='lat' dir='ltr'><strong>adver-</strong></span> 
     </span>
    </p>
   </div>
   <div class='ocr_carea' id='block_1_93' title="bbox 207 4156 1771 4228">
    <p class='ocr_par' dir='ltr' id='par_1_93' title="bbox 207 4156 1771 4228">
     <span class='ocr_line' id='line_1_93' title="bbox 207 4156 1771 4228; baseline 0.007 -24"><span class='ocrx_word' id='word_1_651' title='bbox 207 4168 300 4206; x_wconf 84' lang='lat' dir='ltr'><strong>sus</strong></span> <span class='ocrx_word' id='word_1_652' title='bbox 326 4156 610 4228; x_wconf 77' lang='lat' dir='ltr'><strong>epistolam</strong></span> <span class='ocrx_word' id='word_1_653' title='bbox 638 4156 944 4228; x_wconf 78' lang='lat' dir='ltr'><strong>Hieronymi</strong></span> <span class='ocrx_word' id='word_1_654' title='bbox 986 4158 1051 4212; x_wconf 86' lang='lat' dir='ltr'><strong>ad</strong></span> <span class='ocrx_word' id='word_1_655' title='bbox 1077 4157 1478 4228; x_wconf 86' lang='lat' dir='ltr'><strong>Ctesiphontem</strong></span> <span class='ocrx_word' id='word_1_656' title='bbox 1505 4160 1771 4228; x_wconf 75' lang='lat' dir='ltr'><strong>dialogos-</strong></span> 
     </span>
    </p>
   </div>
   <div class='ocr_carea' id='block_1_94' title="bbox 208 4226 1769 4298">
    <p class='ocr_par' dir='ltr' id='par_1_94' title="bbox 208 4226 1769 4298">
     <span class='ocr_line' id='line_1_94' title="bbox 208 4226 1769 4298; baseline 0.008 -25"><span class='ocrx_word' id='word_1_657' title='bbox 208 4226 625 4298; x_wconf 37' lang='lat' dir='ltr'><strong>qttescriptiss</strong></span> <span class='ocrx_word' id='word_1_658' title='bbox 652 4226 855 4298; x_wconf 87' lang='lat' dir='ltr'><strong>meliori</strong></span> <span class='ocrx_word' id='word_1_659' title='bbox 898 4238 1073 4282; x_wconf 89' lang='lat' dir='ltr'><strong>tamen</strong></span> <span class='ocrx_word' id='word_1_660' title='bbox 1112 4244 1179 4282; x_wconf 89' lang='lat' dir='ltr'><strong>ex</strong></span> <span class='ocrx_word' id='word_1_661' title='bbox 1208 4226 1361 4298; x_wconf 79' lang='lat' dir='ltr'><strong>parte</strong></span> <span class='ocrx_word' id='word_1_662' title='bbox 1410 4230 1579 4295; x_wconf 88' lang='lat' dir='ltr'><strong>posita</strong></span> <span class='ocrx_word' id='word_1_663' title='bbox 1611 4226 1688 4284; x_wconf 84' lang='lat' dir='ltr'><strong>est</strong></span> <span class='ocrx_word' id='word_1_664' title='bbox 1716 4232 1769 4285; x_wconf 89' lang='lat' dir='ltr'><strong>in</strong></span> 
     </span>
    </p>
   </div>
   <div class='ocr_carea' id='block_1_95' title="bbox 205 4294 1770 4370">
    <p class='ocr_par' dir='ltr' id='par_1_95' title="bbox 205 4294 1770 4370">
     <span class='ocr_line' id='line_1_95' title="bbox 205 4294 1770 4370; baseline 0.004 -24"><span class='ocrx_word' id='word_1_665' title='bbox 205 4294 392 4370; x_wconf 77' lang='lat' dir='ltr'><strong>gratiis</strong></span> <span class='ocrx_word' id='word_1_666' title='bbox 414 4296 934 4370; x_wconf 75' lang='lat' dir='ltr'><strong>magniﬁceutrique</strong></span> <span class='ocrx_word' id='word_1_667' title='bbox 961 4294 1363 4370; x_wconf 47' lang='lat' dir='ltr'><strong>agendisfquod</strong></span> <span class='ocrx_word' id='word_1_668' title='bbox 1382 4294 1506 4370; x_wconf 85' lang='lat' dir='ltr'><strong>ipsis</strong></span> <span class='ocrx_word' id='word_1_669' title='bbox 1529 4315 1770 4370; x_wconf 78' lang='lat' dir='ltr'><strong>coapera-</strong></span> 
     </span>
    </p>
   </div>
   <div class='ocr_carea' id='block_1_96' title="bbox 208 4365 1766 4440">
    <p class='ocr_par' dir='ltr' id='par_1_96' title="bbox 208 4365 1766 4440">
     <span class='ocr_line' id='line_1_96' title="bbox 208 4365 1766 4440; baseline 0.005 -25"><span class='ocrx_word' id='word_1_670' title='bbox 208 4365 403 4440; x_wconf 67' lang='lat' dir='ltr'><strong>toribus</strong></span> <span class='ocrx_word' id='word_1_671' title='bbox 431 4376 478 4417; x_wconf 89' lang='lat' dir='ltr'><strong>et</strong></span> <span class='ocrx_word' id='word_1_672' title='bbox 498 4366 785 4440; x_wconf 66' lang='lat' dir='ltr'><strong>auctoribus</strong></span> <span class='ocrx_word' id='word_1_673' title='bbox 810 4368 1013 4440; x_wconf 66' lang='lat' dir='ltr'><strong>[iteresis</strong></span> <span class='ocrx_word' id='word_1_674' title='bbox 1041 4365 1337 4440; x_wconf 72' lang='lat' dir='ltr'><strong>Calestiano</strong></span> <span class='ocrx_word' id='word_1_675' title='bbox 1352 4369 1595 4440; x_wconf 80' lang='lat' dir='ltr'><strong>jugulata</strong></span> <span class='ocrx_word' id='word_1_676' title='bbox 1621 4365 1766 4424; x_wconf 78' lang='lat' dir='ltr'><strong>esset.</strong></span> 
     </span>
    </p>
   </div>
   <div class='ocr_carea' id='block_1_97' title="bbox 274 4434 1765 4506">
    <p class='ocr_par' dir='ltr' id='par_1_97' title="bbox 274 4434 1765 4506">
     <span class='ocr_line' id='line_1_97' title="bbox 274 4434 1765 4506; baseline 0.003 -18"><span class='ocrx_word' id='word_1_677' title='bbox 274 4434 611 4506; x_wconf 82' lang='lat' dir='ltr'><strong>Sectatorutn</strong></span> <span class='ocrx_word' id='word_1_678' title='bbox 642 4436 843 4506; x_wconf 80' lang='lat' dir='ltr'><strong>Pelagii</strong></span> <span class='ocrx_word' id='word_1_679' title='bbox 870 4438 956 4491; x_wconf 83' lang='lat' dir='ltr'><strong>vix</strong></span> <span class='ocrx_word' id='word_1_680' title='bbox 988 4454 1093 4493; x_wconf 89' lang='lat' dir='ltr'><strong>non</strong></span> <span class='ocrx_word' id='word_1_681' title='bbox 1139 4440 1192 4491; x_wconf 91' lang='lat' dir='ltr'><strong>in</strong></span> <span class='ocrx_word' id='word_1_682' title='bbox 1224 4434 1440 4492; x_wconf 62' lang='lat' dir='ltr'><strong>rabiém&#39;</strong></span> <span class='ocrx_word' id='word_1_683' title='bbox 1468 4453 1765 4504; x_wconf 82' lang='lat' dir='ltr'><strong>versorutn,</strong></span> 
     </span>
    </p>
   </div>
   <div class='ocr_carea' id='block_1_98' title="bbox 209 4503 1762 4576">
    <p class='ocr_par' dir='ltr' id='par_1_98' title="bbox 209 4503 1762 4576">
     <span class='ocr_line' id='line_1_98' title="bbox 209 4503 1762 4576; baseline 0.005 -20"><span class='ocrx_word' id='word_1_684' title='bbox 209 4503 275 4576; x_wconf 61' lang='lat' dir='ltr'><strong>qh</strong></span> <span class='ocrx_word' id='word_1_685' title='bbox 308 4503 808 4559; x_wconf 83' lang='lat' dir='ltr'><strong>condemnationem</strong></span> <span class='ocrx_word' id='word_1_686' title='bbox 838 4507 1112 4576; x_wconf 86' lang='lat' dir='ltr'><strong>magistri.</strong></span> <span class='ocrx_word' id='word_1_687' title='bbox 1157 4506 1399 4561; x_wconf 84' lang='lat' dir='ltr'><strong>meminit</strong></span> <span class='ocrx_word' id='word_1_688' title='bbox 1448 4507 1529 4562; x_wconf 88' lang='lat' dir='ltr'><strong>his</strong></span> <span class='ocrx_word' id='word_1_689' title='bbox 1551 4503 1762 4564; x_wconf 77' lang='lat' dir='ltr'><strong>verbis:</strong></span> 
     </span>
    </p>
   </div>
   <div class='ocr_carea' id='block_1_99' title="bbox 209 4571 1763 4645">
    <p class='ocr_par' dir='ltr' id='par_1_99' title="bbox 209 4571 1763 4645">
     <span class='ocr_line' id='line_1_99' title="bbox 209 4571 1763 4645; baseline 0.006 -20"><span class='ocrx_word' id='word_1_690' title='bbox 209 4571 330 4625; x_wconf 81' lang='lat' dir='ltr'><strong>Cum</strong></span> <span class='ocrx_word' id='word_1_691' title='bbox 356 4587 624 4641; x_wconf 83' lang='lat' dir='ltr'><strong>superatos</strong></span> <span class='ocrx_word' id='word_1_692' title='bbox 645 4571 1005 4645; x_wconf 64' lang='lat' dir='ltr'><strong>damnatosque</strong></span> <span class='ocrx_word' id='word_1_693' title='bbox 1030 4593 1135 4631; x_wconf 86' lang='lat' dir='ltr'><strong>esse</strong></span> <span class='ocrx_word' id='word_1_694' title='bbox 1154 4594 1207 4631; x_wconf 83' lang='lat' dir='ltr'><strong>se</strong></span> <span class='ocrx_word' id='word_1_695' title='bbox 1225 4579 1462 4641; x_wconf 86' lang='lat' dir='ltr'><strong>sentiant,</strong></span> <span class='ocrx_word' id='word_1_696' title='bbox 1486 4589 1651 4632; x_wconf 88' lang='lat' dir='ltr'><strong>tamen</strong></span> <span class='ocrx_word' id='word_1_697' title='bbox 1682 4596 1763 4634; x_wconf 55' lang='lat' dir='ltr'><strong>ve.</strong></span> 
     </span>
    </p>
   </div>
   <div class='ocr_carea' id='block_1_100' title="bbox 211 4645 1761 4718">
    <p class='ocr_par' dir='ltr' id='par_1_100' title="bbox 211 4645 1761 4718">
     <span class='ocr_line' id='line_1_100' title="bbox 211 4645 1761 4718; baseline 0.005 -24"><span class='ocrx_word' id='word_1_698' title='bbox 211 4657 334 4695; x_wconf 85' lang='lat' dir='ltr'><strong>neno</strong></span> <span class='ocrx_word' id='word_1_699' title='bbox 354 4645 601 4718; x_wconf 78' lang='lat' dir='ltr'><strong>mentium</strong></span> <span class='ocrx_word' id='word_1_700' title='bbox 628 4661 730 4700; x_wconf 88' lang='lat' dir='ltr'><strong>non</strong></span> <span class='ocrx_word' id='word_1_701' title='bbox 760 4648 1029 4710; x_wconf 89' lang='lat' dir='ltr'><strong>omittunt,</strong></span> <span class='ocrx_word' id='word_1_702' title='bbox 1075 4657 1150 4711; x_wconf 82' lang='lat' dir='ltr'><strong>et,</strong></span> <span class='ocrx_word' id='word_1_703' title='bbox 1179 4648 1317 4718; x_wconf 88' lang='lat' dir='ltr'><strong>quod</strong></span> <span class='ocrx_word' id='word_1_704' title='bbox 1350 4650 1514 4701; x_wconf 86' lang='lat' dir='ltr'><strong>solum</strong></span> <span class='ocrx_word' id='word_1_705' title='bbox 1534 4660 1761 4718; x_wconf 83' lang='lat' dir='ltr'><strong>possunt,</strong></span> 
     </span>
    </p>
   </div>
   <div class='ocr_carea' id='block_1_101' title="bbox 212 4714 1767 4788">
    <p class='ocr_par' dir='ltr' id='par_1_101' title="bbox 212 4714 1767 4788">
     <span class='ocr_line' id='line_1_101' title="bbox 212 4714 1767 4788; baseline 0.006 -25"><span class='ocrx_word' id='word_1_706' title='bbox 212 4726 294 4788; x_wconf 79' lang='lat' dir='ltr'><strong>nos</strong></span> <span class='ocrx_word' id='word_1_707' title='bbox 320 4714 578 4788; x_wconf 81' lang='lat' dir='ltr'><strong>oderunt,</strong></span> <span class='ocrx_word' id='word_1_708' title='bbox 608 4733 708 4788; x_wconf 84' lang='lat' dir='ltr'><strong>per</strong></span> <span class='ocrx_word' id='word_1_709' title='bbox 740 4732 864 4784; x_wconf 79' lang='lat' dir='ltr'><strong>quos</strong></span> <span class='ocrx_word' id='word_1_710' title='bbox 902 4724 1083 4788; x_wconf 84' lang='lat' dir='ltr'><strong>putant</strong></span> <span class='ocrx_word' id='word_1_711' title='bbox 1122 4714 1489 4773; x_wconf 50' lang='lat' dir='ltr'><strong>se&#39;libertotem</strong></span> <span class='ocrx_word' id='word_1_712' title='bbox 1526 4714 1767 4773; x_wconf 77' lang='lat' dir='ltr'><strong>docenda:</strong></span> 
     </span>
    </p>
   </div>
   <div class='ocr_carea' id='block_1_102' title="bbox 214 4782 732 4854">
    <p class='ocr_par' dir='ltr' id='par_1_102' title="bbox 214 4782 732 4854">
     <span class='ocr_line' id='line_1_102' title="bbox 214 4782 732 4854; baseline 0.008 -19"><span class='ocrx_word' id='word_1_713' title='bbox 214 4782 409 4854; x_wconf 55' lang='lat' dir='ltr'><strong>heresis</strong></span> <span class='ocrx_word' id='word_1_714' title='bbox 436 4782 732 4854; x_wconf 82' lang='lat' dir='ltr'><strong>perdidisse.</strong></span> 
     </span>
    </p>
   </div>
   <div class='ocr_carea' id='block_1_103' title="bbox 276 4852 1768 4926">
    <p class='ocr_par' dir='ltr' id='par_1_103' title="bbox 276 4852 1768 4926">
     <span class='ocr_line' id='line_1_103' title="bbox 276 4852 1768 4926; baseline 0.003 -19"><span class='ocrx_word' id='word_1_715' title='bbox 276 4852 450 4926; x_wconf 78' lang='lat' dir='ltr'><strong>Habet</strong></span> <span class='ocrx_word' id='word_1_716' title='bbox 472 4853 631 4926; x_wconf 86' lang='lat' dir='ltr'><strong>plura</strong></span> <span class='ocrx_word' id='word_1_717' title='bbox 668 4857 735 4911; x_wconf 90' lang='lat' dir='ltr'><strong>de</strong></span> <span class='ocrx_word' id='word_1_718' title='bbox 761 4856 1005 4910; x_wconf 78' lang='lat' dir='ltr'><strong>Anniano</strong></span> <span class='ocrx_word' id='word_1_719' title='bbox 1040 4872 1159 4926; x_wconf 62' lang='lat' dir='ltr'><strong>quas</strong></span> <span class='ocrx_word' id='word_1_720' title='bbox 1205 4871 1312 4911; x_wconf 88' lang='lat' dir='ltr'><strong>non</strong></span> <span class='ocrx_word' id='word_1_721' title='bbox 1343 4871 1523 4925; x_wconf 87' lang='lat' dir='ltr'><strong>parum</strong></span> <span class='ocrx_word' id='word_1_722' title='bbox 1563 4857 1768 4912; x_wconf 88' lang='lat' dir='ltr'><strong>condu-</strong></span> 
     </span>
    </p>
   </div>
   <div class='ocr_carea' id='block_1_104' title="bbox 214 4924 1764 4993">
    <p class='ocr_par' dir='ltr' id='par_1_104' title="bbox 214 4924 1764 4993">
     <span class='ocr_line' id='line_1_104' title="bbox 214 4924 1764 4993; baseline 0.005 -18"><span class='ocrx_word' id='word_1_723' title='bbox 214 4931 339 4993; x_wconf 83' lang='lat' dir='ltr'><strong>cunt</strong></span> <span class='ocrx_word' id='word_1_724' title='bbox 378 4924 445 4976; x_wconf 90' lang='lat' dir='ltr'><strong>ad</strong></span> <span class='ocrx_word' id='word_1_725' title='bbox 469 4924 740 4980; x_wconf 86' lang='lat' dir='ltr'><strong>historiam</strong></span> <span class='ocrx_word' id='word_1_726' title='bbox 768 4937 825 4981; x_wconf 91' lang='lat' dir='ltr'><strong>et</strong></span> <span class='ocrx_word' id='word_1_727' title='bbox 842 4924 1104 4993; x_wconf 86' lang='lat' dir='ltr'><strong>criticam,</strong></span> <span class='ocrx_word' id='word_1_728' title='bbox 1134 4928 1229 4983; x_wconf 85' lang='lat' dir='ltr'><strong>sed</strong></span> <span class='ocrx_word' id='word_1_729' title='bbox 1265 4924 1376 4983; x_wconf 64' lang='lat' dir='ltr'><strong>haec</strong></span> <span class='ocrx_word' id='word_1_730' title='bbox 1405 4927 1684 4983; x_wconf 89' lang='lat' dir='ltr'><strong>retulimus</strong></span> <span class='ocrx_word' id='word_1_731' title='bbox 1713 4931 1764 4982; x_wconf 90' lang='lat' dir='ltr'><strong>in</strong></span> 
     </span>
    </p>
   </div>
   <div class='ocr_carea' id='block_1_105' title="bbox 213 4992 664 5063">
    <p class='ocr_par' dir='ltr' id='par_1_105' title="bbox 213 4992 664 5063">
     <span class='ocr_line' id='line_1_105' title="bbox 213 4992 664 5063; baseline 0.007 -17"><span class='ocrx_word' id='word_1_732' title='bbox 213 4992 437 5047; x_wconf 85' lang='lat' dir='ltr'><strong>Anniani</strong></span> <span class='ocrx_word' id='word_1_733' title='bbox 470 4993 664 5063; x_wconf 90' lang='lat' dir='ltr'><strong>elogio.</strong></span> 
     </span>
    </p>
   </div>
   <div class='ocr_carea' id='block_1_106' title="bbox 280 5064 1772 5136">
    <p class='ocr_par' dir='ltr' id='par_1_106' title="bbox 280 5064 1772 5136">
     <span class='ocr_line' id='line_1_106' title="bbox 280 5064 1772 5136; baseline 0.006 -21"><span class='ocrx_word' id='word_1_734' title='bbox 280 5064 408 5136; x_wconf 58' lang='lat' dir='ltr'><strong>Duas</strong></span> <span class='ocrx_word' id='word_1_735' title='bbox 431 5074 555 5136; x_wconf 80' lang='lat' dir='ltr'><strong>sunt</strong></span> <span class='ocrx_word' id='word_1_736' title='bbox 580 5066 754 5121; x_wconf 87' lang='lat' dir='ltr'><strong>adhuc</strong></span> <span class='ocrx_word' id='word_1_737' title='bbox 778 5066 1017 5135; x_wconf 64' lang='lat' dir='ltr'><strong>epistola:</strong></span> <span class='ocrx_word' id='word_1_738' title='bbox 1040 5066 1104 5121; x_wconf 86' lang='lat' dir='ltr'><strong>ad</strong></span> <span class='ocrx_word' id='word_1_739' title='bbox 1135 5066 1505 5136; x_wconf 82' lang='lat' dir='ltr'><strong>Augustinum,</strong></span> <span class='ocrx_word' id='word_1_740' title='bbox 1530 5067 1623 5122; x_wconf 91' lang='lat' dir='ltr'><strong>sed</strong></span> <span class='ocrx_word' id='word_1_741' title='bbox 1653 5067 1772 5124; x_wconf 86' lang='lat' dir='ltr'><strong>bre-</strong></span> 
     </span>
    </p>
   </div>
   <div class='ocr_carea' id='block_1_107' title="bbox 214 5131 1769 5206">
    <p class='ocr_par' dir='ltr' id='par_1_107' title="bbox 214 5131 1769 5206">
     <span class='ocr_line' id='line_1_107' title="bbox 214 5131 1769 5206; baseline 0.006 -23"><span class='ocrx_word' id='word_1_742' title='bbox 214 5146 298 5186; x_wconf 78' lang='lat' dir='ltr'><strong>ves</strong></span> <span class='ocrx_word' id='word_1_743' title='bbox 318 5131 640 5206; x_wconf 85' lang='lat' dir='ltr'><strong>admodum,</strong></span> <span class='ocrx_word' id='word_1_744' title='bbox 680 5131 841 5205; x_wconf 81' lang='lat' dir='ltr'><strong>atque</strong></span> <span class='ocrx_word' id='word_1_745' title='bbox 870 5131 1243 5206; x_wconf 59' lang='lat' dir='ltr'><strong>:enigtnaticze:</strong></span> <span class='ocrx_word' id='word_1_746' title='bbox 1288 5147 1344 5189; x_wconf 91' lang='lat' dir='ltr'><strong>ut</strong></span> <span class='ocrx_word' id='word_1_747' title='bbox 1364 5148 1518 5191; x_wconf 90' lang='lat' dir='ltr'><strong>antea</strong></span> <span class='ocrx_word' id='word_1_748' title='bbox 1570 5141 1769 5193; x_wconf 87' lang='lat' dir='ltr'><strong>dictum</strong></span> 
     </span>
    </p>
   </div>
   <div class='ocr_carea' id='block_1_108' title="bbox 213 5203 1772 5277">
    <p class='ocr_par' dir='ltr' id='par_1_108' title="bbox 213 5203 1772 5277">
     <span class='ocr_line' id='line_1_108' title="bbox 213 5203 1772 5277; baseline 0.004 -21"><span class='ocrx_word' id='word_1_749' title='bbox 213 5214 326 5259; x_wconf 81' lang='lat' dir='ltr'><strong>est:</strong></span> <span class='ocrx_word' id='word_1_750' title='bbox 359 5203 524 5277; x_wconf 77' lang='lat' dir='ltr'><strong>altera</strong></span> <span class='ocrx_word' id='word_1_751' title='bbox 555 5206 693 5276; x_wconf 80' lang='lat' dir='ltr'><strong>apud</strong></span> <span class='ocrx_word' id='word_1_752' title='bbox 716 5203 1067 5276; x_wconf 75' lang='lat' dir='ltr'><strong>Augustinum</strong></span> <span class='ocrx_word' id='word_1_753' title='bbox 1092 5208 1345 5277; x_wconf 83' lang='lat' dir='ltr'><strong>vigesima</strong></span> <span class='ocrx_word' id='word_1_754' title='bbox 1372 5210 1553 5276; x_wconf 88' lang='lat' dir='ltr'><strong>quinta</strong></span> <span class='ocrx_word' id='word_1_755' title='bbox 1584 5226 1772 5263; x_wconf 88' lang='lat' dir='ltr'><strong>mune-</strong></span> 
     </span>
    </p>
   </div>
   <div class='ocr_carea' id='block_1_109' title="bbox 214 5272 1766 5344">
    <p class='ocr_par' dir='ltr' id='par_1_109' title="bbox 214 5272 1766 5344">
     <span class='ocr_line' id='line_1_109' title="bbox 214 5272 1766 5344; baseline 0.006 -19"><span class='ocrx_word' id='word_1_756' title='bbox 214 5282 391 5337; x_wconf 83' lang='lat' dir='ltr'><strong>ratur;</strong></span> <span class='ocrx_word' id='word_1_757' title='bbox 434 5272 607 5328; x_wconf 71' lang='lat' dir='ltr'><strong>altera</strong></span> <span class='ocrx_word' id='word_1_758' title='bbox 641 5272 898 5344; x_wconf 74' lang='lat' dir='ltr'><strong>vigesima</strong></span> <span class='ocrx_word' id='word_1_759' title='bbox 950 5286 1120 5332; x_wconf 89' lang='lat' dir='ltr'><strong>sexta.</strong></span> <span class='ocrx_word' id='word_1_760' title='bbox 1147 5272 1169 5277; x_wconf 61' lang='grc'>⁷</span> <span class='ocrx_word' id='word_1_761' title='bbox 1198 5276 1290 5330; x_wconf 88' lang='lat' dir='ltr'><strong>llla</strong></span> <span class='ocrx_word' id='word_1_762' title='bbox 1342 5272 1551 5333; x_wconf 80' lang='lat' dir='ltr'><strong>videtur</strong></span> <span class='ocrx_word' id='word_1_763' title='bbox 1587 5279 1766 5334; x_wconf 78' lang='lat' dir='ltr'><strong>Statim</strong></span> 
     </span>
    </p>
   </div>
   <div class='ocr_carea' id='block_1_110' title="bbox 215 5344 1767 5418">
    <p class='ocr_par' dir='ltr' id='par_1_110' title="bbox 215 5344 1767 5418">
     <span class='ocr_line' id='line_1_110' title="bbox 215 5344 1767 5418; baseline 0.004 -21"><span class='ocrx_word' id='word_1_764' title='bbox 215 5344 613 5418; x_wconf 73' lang='lat' dir='ltr'><strong>postsynodum</strong></span> <span class='ocrx_word' id='word_1_765' title='bbox 644 5344 1059 5418; x_wconf 81' lang='lat' dir='ltr'><strong>Diospolitanam</strong></span> <span class='ocrx_word' id='word_1_766' title='bbox 1092 5346 1237 5411; x_wconf 84' lang='lat' dir='ltr'><strong>data,</strong></span> <span class='ocrx_word' id='word_1_767' title='bbox 1269 5349 1480 5418; x_wconf 84' lang='lat' dir='ltr'><strong>quando</strong></span> <span class='ocrx_word' id='word_1_768' title='bbox 1506 5360 1767 5418; x_wconf 78' lang='lat' dir='ltr'><strong>grassante</strong></span> 
     </span>
    </p>
   </div>
   <div class='ocr_carea' id='block_1_111' title="bbox 213 5415 1763 5488">
    <p class='ocr_par' dir='ltr' id='par_1_111' title="bbox 213 5415 1763 5488">
     <span class='ocr_line' id='line_1_111' title="bbox 213 5415 1763 5488; baseline 0.005 -22"><span class='ocrx_word' id='word_1_769' title='bbox 213 5415 373 5488; x_wconf 73' lang='lat' dir='ltr'><strong>nescio</strong></span> <span class='ocrx_word' id='word_1_770' title='bbox 400 5430 517 5488; x_wconf 80' lang='lat' dir='ltr'><strong>quo_</strong></span> <span class='ocrx_word' id='word_1_771' title='bbox 542 5415 850 5488; x_wconf 72' lang='lat' dir='ltr'><strong>perditorum</strong></span> <span class='ocrx_word' id='word_1_772' title='bbox 884 5433 1063 5482; x_wconf 84' lang='lat' dir='ltr'><strong>cuneo,</strong></span> <span class='ocrx_word' id='word_1_773' title='bbox 1094 5418 1181 5481; x_wconf 89' lang='lat' dir='ltr'><strong>qui</strong></span> <span class='ocrx_word' id='word_1_774' title='bbox 1214 5415 1363 5470; x_wconf 83' lang='lat' dir='ltr'><strong>valde</strong></span> <span class='ocrx_word' id='word_1_775' title='bbox 1400 5420 1451 5472; x_wconf 90' lang='lat' dir='ltr'><strong>in</strong></span> <span class='ocrx_word' id='word_1_776' title='bbox 1476 5415 1763 5488; x_wconf 66' lang='lat' dir='ltr'><strong>peruersum</strong></span> 
     </span>
    </p>
   </div>
   <div class='ocr_carea' id='block_1_112' title="bbox 215 5483 1764 5559">
    <p class='ocr_par' dir='ltr' id='par_1_112' title="bbox 215 5483 1764 5559">
     <span class='ocr_line' id='line_1_112' title="bbox 215 5483 1764 5559; baseline 0.005 -23"><span class='ocrx_word' id='word_1_777' title='bbox 215 5483 448 5537; x_wconf 81' lang='lat' dir='ltr'><strong>niteretur</strong></span> <span class='ocrx_word' id='word_1_778' title='bbox 477 5483 690 5559; x_wconf 78' lang='lat' dir='ltr'><strong>Pelagio</strong></span> <span class='ocrx_word' id='word_1_779' title='bbox 734 5486 1040 5559; x_wconf 69' lang='lat' dir='ltr'><strong>suﬁ&#39;rogari,</strong></span> <span class='ocrx_word' id='word_1_780' title='bbox 1070 5488 1154 5540; x_wconf 77' lang='lat' dir='ltr'><strong>cia:</strong></span> <span class='ocrx_word' id='word_1_781' title='bbox 1182 5488 1425 5559; x_wconf 84' lang='lat' dir='ltr'><strong>munitior</strong></span> <span class='ocrx_word' id='word_1_782' title='bbox 1454 5483 1607 5543; x_wconf 73' lang='lat' dir='ltr'><strong>turris</strong></span> <span class='ocrx_word' id='word_1_783' title='bbox 1639 5490 1764 5544; x_wconf 77' lang='lat' dir='ltr'><strong>llic-</strong></span> 
     </span>
    </p>
   </div>
   <div class='ocr_carea' id='block_1_113' title="bbox 213 5555 1764 5627">
    <p class='ocr_par' dir='ltr' id='par_1_113' title="bbox 213 5555 1764 5627">
     <span class='ocr_line' id='line_1_113' title="bbox 213 5555 1764 5627; baseline 0.006 -22"><span class='ocrx_word' id='word_1_784' title='bbox 213 5555 563 5627; x_wconf 68' lang='lat' dir='ltr'><strong>rongmumab</strong></span> <span class='ocrx_word' id='word_1_785' title='bbox 592 5556 779 5627; x_wconf 76' lang='lat' dir='ltr'><strong>impetu</strong></span> <span class='ocrx_word' id='word_1_786' title='bbox 803 5566 849 5611; x_wconf 89' lang='lat' dir='ltr'><strong>et</strong></span> <span class='ocrx_word' id='word_1_787' title='bbox 874 5555 1082 5611; x_wconf 81' lang='lat' dir='ltr'><strong>incursu</strong></span> <span class='ocrx_word' id='word_1_788' title='bbox 1127 5557 1400 5626; x_wconf 77' lang='lat' dir='ltr'><strong>intpiarum</strong></span> <span class='ocrx_word' id='word_1_789' title='bbox 1438 5561 1570 5612; x_wconf 88' lang='lat' dir='ltr'><strong>tueri</strong></span> <span class='ocrx_word' id='word_1_790' title='bbox 1600 5562 1764 5627; x_wconf 86' lang='lat' dir='ltr'><strong>potuit</strong></span> 
     </span>
    </p>
   </div>
   <div class='ocr_carea' id='block_1_114' title="bbox 213 5623 1758 5697">
    <p class='ocr_par' dir='ltr' id='par_1_114' title="bbox 213 5623 1758 5697">
     <span class='ocr_line' id='line_1_114' title="bbox 213 5623 1758 5697; baseline 0.005 -19"><span class='ocrx_word' id='word_1_791' title='bbox 213 5623 343 5697; x_wconf 62' lang='lat' dir='ltr'><strong>(Litt.</strong></span> <span class='ocrx_word' id='word_1_792' title='bbox 363 5626 425 5697; x_wconf 81' lang='lat' dir='ltr'><strong>de</strong></span> <span class='ocrx_word' id='word_1_793' title='bbox 447 5624 584 5679; x_wconf 68' lang='grc' dir='ltr'><strong>ϐαι.</strong></span> <span class='ocrx_word' id='word_1_794' title='bbox 610 5623 823 5683; x_wconf 71' lang='lat' dir='ltr'><strong>Palwst.</strong></span> <span class='ocrx_word' id='word_1_795' title='bbox 841 5643 887 5680; x_wconf 89' lang='lat' dir='ltr'><strong>c.</strong></span> <span class='ocrx_word' id='word_1_796' title='bbox 904 5629 1049 5696; x_wconf 86' lang='lat' dir='ltr'><strong>ult.).</strong></span> <span class='ocrx_word' id='word_1_797' title='bbox 1076 5628 1173 5681; x_wconf 86' lang='lat' dir='ltr'><strong>Ista</strong></span> <span class='ocrx_word' id='word_1_798' title='bbox 1202 5623 1367 5697; x_wconf 86' lang='lat' dir='ltr'><strong>paulo</strong></span> <span class='ocrx_word' id='word_1_799' title='bbox 1388 5639 1507 5697; x_wconf 86' lang='lat' dir='ltr'><strong>post</strong></span> <span class='ocrx_word' id='word_1_800' title='bbox 1527 5623 1758 5685; x_wconf 79' lang='lat' dir='ltr'><strong>auditam</strong></span> 
     </span>
    </p>
   </div>
   <div class='ocr_carea' id='block_1_115' title="bbox 215 5695 1758 5770">
    <p class='ocr_par' dir='ltr' id='par_1_115' title="bbox 215 5695 1758 5770">
     <span class='ocr_line' id='line_1_115' title="bbox 215 5695 1758 5770; baseline 0.003 -20"><span class='ocrx_word' id='word_1_801' title='bbox 215 5697 265 5750; x_wconf 89' lang='lat' dir='ltr'><strong>in</strong></span> <span class='ocrx_word' id='word_1_802' title='bbox 315 5695 592 5751; x_wconf 62' lang='lat' dir='ltr'><strong>Palaestina</strong></span> <span class='ocrx_word' id='word_1_803' title='bbox 640 5695 1142 5753; x_wconf 89' lang='lat' dir='ltr'><strong>condemnationem</strong></span> <span class='ocrx_word' id='word_1_804' title='bbox 1202 5695 1474 5770; x_wconf 67' lang='lat' dir='ltr'><strong>utriusmie</strong></span> <span class='ocrx_word' id='word_1_805' title='bbox 1520 5699 1758 5755; x_wconf 68' lang='lat' dir='ltr'><strong>htcrctici</strong></span> 
     </span>
    </p>
   </div>
   <div class='ocr_carea' id='block_1_116' title="bbox 1792 4477 1846 4541">
    <p class='ocr_par' dir='ltr' id='par_1_116' title="bbox 1792 4477 1846 4541">
     <span class='ocr_line' id='line_1_116' title="bbox 1792 4477 1846 4541; baseline 0 0"><span class='ocrx_word' id='word_1_806' title='bbox 1792 4477 1846 4541; x_wconf 80' lang='grc' dir='ltr'><strong>Ι)</strong></span> 
     </span>
    </p>
   </div>
   <div class='ocr_carea' id='block_1_117' title="bbox 1924 3176 3440 3250">
    <p class='ocr_par' dir='ltr' id='par_1_117' title="bbox 1924 3176 3440 3250">
     <span class='ocr_line' id='line_1_117' title="bbox 1924 3176 3440 3250; baseline 0.005 -23"><span class='ocrx_word' id='word_1_807' title='bbox 1924 3180 2168 3246; x_wconf 86' lang='lat' dir='ltr'><strong>ugustino</strong></span> <span class='ocrx_word' id='word_1_808' title='bbox 2211 3186 2456 3250; x_wconf 81' lang='lat' dir='ltr'><strong>constare</strong></span> <span class='ocrx_word' id='word_1_809' title='bbox 2482 3176 2605 3246; x_wconf 84' lang='lat' dir='ltr'><strong>qu&#39;d</strong></span> <span class='ocrx_word' id='word_1_810' title='bbox 2635 3176 2881 3250; x_wconf 64' lang='lat' dir='ltr'><strong>columna</strong></span> <span class='ocrx_word' id='word_1_811' title='bbox 2916 3182 3170 3250; x_wconf 75' lang='lat' dir='ltr'><strong>veritatis,</strong></span> <span class='ocrx_word' id='word_1_812' title='bbox 3221 3184 3348 3250; x_wconf 90' lang='lat' dir='ltr'><strong>quid</strong></span> <span class='ocrx_word' id='word_1_813' title='bbox 3377 3201 3440 3237; x_wconf 89' lang='lat' dir='ltr'><strong>os</strong></span> 
     </span>
    </p>
   </div>
   <div class='ocr_carea' id='block_1_118' title="bbox 1871 3246 3437 3315">
    <p class='ocr_par' dir='ltr' id='par_1_118' title="bbox 1871 3246 3437 3315">
     <span class='ocr_line' id='line_1_118' title="bbox 1871 3246 3437 3315; baseline 0.004 -13"><span class='ocrx_word' id='word_1_814' title='bbox 1871 3247 2103 3314; x_wconf 83' lang='lat' dir='ltr'><strong>Spiritus</strong></span> <span class='ocrx_word' id='word_1_815' title='bbox 2136 3249 2302 3302; x_wconf 87' lang='lat' dir='ltr'><strong>sancti</strong></span> <span class='ocrx_word' id='word_1_816' title='bbox 2332 3248 2595 3315; x_wconf 83' lang='lat' dir='ltr'><strong>loquatur.</strong></span> <span class='ocrx_word' id='word_1_817' title='bbox 2647 3246 2753 3301; x_wconf 89' lang='lat' dir='ltr'><strong>Sed</strong></span> <span class='ocrx_word' id='word_1_818' title='bbox 2794 3249 2924 3299; x_wconf 89' lang='lat' dir='ltr'><strong>tanti</strong></span> <span class='ocrx_word' id='word_1_819' title='bbox 2965 3246 3309 3306; x_wconf 75' lang='lat' dir='ltr'><strong>nihilominus</strong></span> <span class='ocrx_word' id='word_1_820' title='bbox 3338 3256 3437 3309; x_wconf 85' lang='lat' dir='ltr'><strong>viri</strong></span> 
     </span>
    </p>
   </div>
   <div class='ocr_carea' id='block_1_119' title="bbox 1870 3316 3439 3391">
    <p class='ocr_par' dir='ltr' id='par_1_119' title="bbox 1870 3316 3439 3391">
     <span class='ocr_line' id='line_1_119' title="bbox 1870 3316 3439 3391; baseline 0.004 -21"><span class='ocrx_word' id='word_1_821' title='bbox 1870 3318 2213 3384; x_wconf 87' lang='lat' dir='ltr'><strong>sententiam,</strong></span> <span class='ocrx_word' id='word_1_822' title='bbox 2251 3333 2356 3373; x_wconf 92' lang='lat' dir='ltr'><strong>non</strong></span> <span class='ocrx_word' id='word_1_823' title='bbox 2383 3333 2451 3371; x_wconf 82' lang='lat' dir='ltr'><strong>ex</strong></span> <span class='ocrx_word' id='word_1_824' title='bbox 2474 3318 2900 3391; x_wconf 74' lang='lat' dir='ltr'><strong>quibuscumque</strong></span> <span class='ocrx_word' id='word_1_825' title='bbox 2925 3316 3187 3391; x_wconf 87' lang='lat' dir='ltr'><strong>Operibus</strong></span> <span class='ocrx_word' id='word_1_826' title='bbox 3223 3328 3439 3391; x_wconf 71' lang='lat' dir='ltr'><strong>aequali-</strong></span> 
     </span>
    </p>
   </div>
   <div class='ocr_carea' id='block_1_120' title="bbox 1873 3386 3432 3461">
    <p class='ocr_par' dir='ltr' id='par_1_120' title="bbox 1873 3386 3432 3461">
     <span class='ocr_line' id='line_1_120' title="bbox 1873 3386 3432 3461; baseline 0.006 -21"><span class='ocrx_word' id='word_1_827' title='bbox 1873 3397 1977 3461; x_wconf 80' lang='lat' dir='ltr'><strong>ter,</strong></span> <span class='ocrx_word' id='word_1_828' title='bbox 2007 3402 2187 3461; x_wconf 80' lang='lat' dir='ltr'><strong>verum</strong></span> <span class='ocrx_word' id='word_1_829' title='bbox 2219 3404 2283 3442; x_wconf 86' lang='lat' dir='ltr'><strong>ex</strong></span> <span class='ocrx_word' id='word_1_830' title='bbox 2322 3389 2606 3461; x_wconf 83' lang='lat' dir='ltr'><strong>postremis</strong></span> <span class='ocrx_word' id='word_1_831' title='bbox 2638 3386 2983 3461; x_wconf 38' lang='lat' dir='ltr'><strong>potissinunn&#39;</strong></span> <span class='ocrx_word' id='word_1_832' title='bbox 3008 3386 3432 3461; x_wconf 76' lang='lat' dir='ltr'><strong>intelligendam.</strong></span> 
     </span>
    </p>
   </div>
   <div class='ocr_carea' id='block_1_121' title="bbox 1870 3455 3435 3527">
    <p class='ocr_par' dir='ltr' id='par_1_121' title="bbox 1870 3455 3435 3527">
     <span class='ocr_line' id='line_1_121' title="bbox 1870 3455 3435 3527; baseline 0.003 -16"><span class='ocrx_word' id='word_1_833' title='bbox 1870 3456 2045 3527; x_wconf 80' lang='lat' dir='ltr'><strong>Atque</strong></span> <span class='ocrx_word' id='word_1_834' title='bbox 2070 3458 2185 3511; x_wconf 70' lang='lat' dir='ltr'><strong>btet:</strong></span> <span class='ocrx_word' id='word_1_835' title='bbox 2219 3455 2341 3526; x_wconf 85' lang='lat' dir='ltr'><strong>pars</strong></span> <span class='ocrx_word' id='word_1_836' title='bbox 2366 3459 2645 3511; x_wconf 71' lang='lat' dir='ltr'><strong>sementim</strong></span> <span class='ocrx_word' id='word_1_837' title='bbox 2679 3455 2939 3523; x_wconf 80' lang='lat' dir='ltr'><strong>pontiﬁcis</strong></span> <span class='ocrx_word' id='word_1_838' title='bbox 2964 3473 3083 3513; x_wconf 88' lang='lat' dir='ltr'><strong>cum</strong></span> <span class='ocrx_word' id='word_1_839' title='bbox 3108 3455 3229 3516; x_wconf 74' lang='lat' dir='ltr'><strong>talis</strong></span> <span class='ocrx_word' id='word_1_840' title='bbox 3256 3464 3346 3525; x_wconf 86' lang='lat' dir='ltr'><strong>sit.</strong></span> <span class='ocrx_word' id='word_1_841' title='bbox 3382 3478 3435 3516; x_wconf 86' lang='lat' dir='ltr'><strong>ut</strong></span> 
     </span>
    </p>
   </div>
   <div class='ocr_carea' id='block_1_122' title="bbox 1872 3527 3431 3595">
    <p class='ocr_par' dir='ltr' id='par_1_122' title="bbox 1872 3527 3431 3595">
     <span class='ocr_line' id='line_1_122' title="bbox 1872 3527 3431 3595; baseline 0.007 -16"><span class='ocrx_word' id='word_1_842' title='bbox 1872 3529 1937 3580; x_wconf 87' lang='lat' dir='ltr'><strong>ad</strong></span> <span class='ocrx_word' id='word_1_843' title='bbox 1966 3527 2194 3595; x_wconf 86' lang='lat' dir='ltr'><strong>alicujus</strong></span> <span class='ocrx_word' id='word_1_844' title='bbox 2222 3529 2452 3582; x_wconf 89' lang='lat' dir='ltr'><strong>doctoris</strong></span> <span class='ocrx_word' id='word_1_845' title='bbox 2481 3528 2997 3582; x_wconf 86' lang='lat' dir='ltr'><strong>commendationem</strong></span> <span class='ocrx_word' id='word_1_846' title='bbox 3044 3529 3256 3586; x_wconf 86' lang='lat' dir='ltr'><strong>brevius</strong></span> <span class='ocrx_word' id='word_1_847' title='bbox 3298 3536 3431 3589; x_wconf 82' lang='lat' dir='ltr'><strong>nihil</strong></span> 
     </span>
    </p>
   </div>
   <div class='ocr_carea' id='block_1_123' title="bbox 1870 3597 3433 3666">
    <p class='ocr_par' dir='ltr' id='par_1_123' title="bbox 1870 3597 3433 3666">
     <span class='ocr_line' id='line_1_123' title="bbox 1870 3597 3433 3666; baseline 0.006 -15"><span class='ocrx_word' id='word_1_848' title='bbox 1870 3598 2297 3666; x_wconf 81' lang='lat' dir='ltr'><strong>cumulatiusque</strong></span> <span class='ocrx_word' id='word_1_849' title='bbox 2320 3597 2420 3649; x_wconf 85' lang='lat' dir='ltr'><strong>dici</strong></span> <span class='ocrx_word' id='word_1_850' title='bbox 2466 3597 2661 3665; x_wconf 69' lang='lat' dir='ltr'><strong>pos~it,</strong></span> <span class='ocrx_word' id='word_1_851' title='bbox 2708 3597 2874 3650; x_wconf 87' lang='lat' dir='ltr'><strong>altera</strong></span> <span class='ocrx_word' id='word_1_852' title='bbox 2907 3606 3081 3654; x_wconf 82' lang='lat' dir='ltr'><strong>tamen</strong></span> <span class='ocrx_word' id='word_1_853' title='bbox 3113 3611 3433 3660; x_wconf 69' lang='lat' dir='ltr'><strong>necessaria:</strong></span> 
     </span>
    </p>
   </div>
   <div class='ocr_carea' id='block_1_124' title="bbox 1870 3667 3431 3736">
    <p class='ocr_par' dir='ltr' id='par_1_124' title="bbox 1870 3667 3431 3736">
     <span class='ocr_line' id='line_1_124' title="bbox 1870 3667 3431 3736; baseline 0.005 -16"><span class='ocrx_word' id='word_1_854' title='bbox 1870 3667 2144 3735; x_wconf 71' lang='lat' dir='ltr'><strong>Cuiusdam</strong></span> <span class='ocrx_word' id='word_1_855' title='bbox 2166 3667 2460 3735; x_wconf 72' lang='lat' dir='ltr'><strong>prudentia:</strong></span> <span class='ocrx_word' id='word_1_856' title='bbox 2491 3667 2747 3720; x_wconf 89' lang='lat' dir='ltr'><strong>monitum</strong></span> <span class='ocrx_word' id='word_1_857' title='bbox 2771 3668 3140 3734; x_wconf 88' lang='lat' dir='ltr'><strong>gravissimum</strong></span> <span class='ocrx_word' id='word_1_858' title='bbox 3173 3673 3431 3736; x_wconf 70' lang='lat' dir='ltr'><strong>Cttnlint‘l,</strong></span> 
     </span>
    </p>
   </div>
   <div class='ocr_carea' id='block_1_125' title="bbox 1871 3737 3431 3808">
    <p class='ocr_par' dir='ltr' id='par_1_125' title="bbox 1871 3737 3431 3808">
     <span class='ocr_line' id='line_1_125' title="bbox 1871 3737 3431 3808; baseline 0.006 -19"><span class='ocrx_word' id='word_1_859' title='bbox 1871 3738 2094 3808; x_wconf 82' lang='lat' dir='ltr'><strong>nedum</strong></span> <span class='ocrx_word' id='word_1_860' title='bbox 2124 3739 2604 3808; x_wconf 9' lang='lat' dir='ltr'><strong>auctoritatemrita</strong></span> <span class='ocrx_word' id='word_1_861' title='bbox 2652 3737 3082 3791; x_wconf 78' lang='lat' dir='ltr'><strong>commendatam</strong></span> <span class='ocrx_word' id='word_1_862' title='bbox 3131 3744 3431 3808; x_wconf 86' lang='lat' dir='ltr'><strong>sequimur,</strong></span> 
     </span>
    </p>
   </div>
   <div class='ocr_carea' id='block_1_126' title="bbox 1872 3805 3434 3873">
    <p class='ocr_par' dir='ltr' id='par_1_126' title="bbox 1872 3805 3434 3873">
     <span class='ocr_line' id='line_1_126' title="bbox 1872 3805 3434 3873; baseline 0.008 -17"><span class='ocrx_word' id='word_1_863' title='bbox 1872 3806 2036 3860; x_wconf 87' lang='lat' dir='ltr'><strong>veluti</strong></span> <span class='ocrx_word' id='word_1_864' title='bbox 2068 3807 2300 3873; x_wconf 68' lang='lat' dir='ltr'><strong>regulam</strong></span> <span class='ocrx_word' id='word_1_865' title='bbox 2331 3805 2579 3858; x_wconf 89' lang='lat' dir='ltr'><strong>catholici</strong></span> <span class='ocrx_word' id='word_1_866' title='bbox 2606 3819 2827 3869; x_wconf 87' lang='lat' dir='ltr'><strong>sensus,</strong></span> <span class='ocrx_word' id='word_1_867' title='bbox 2856 3820 3018 3859; x_wconf 89' lang='lat' dir='ltr'><strong>unam</strong></span> <span class='ocrx_word' id='word_1_868' title='bbox 3041 3810 3288 3865; x_wconf 87' lang='lat' dir='ltr'><strong>omnibus</strong></span> <span class='ocrx_word' id='word_1_869' title='bbox 3317 3805 3434 3869; x_wconf 81' lang='lat' dir='ltr'><strong>sine</strong></span> 
     </span>
    </p>
   </div>
   <div class='ocr_carea' id='block_1_127' title="bbox 1871 3875 3434 3949">
    <p class='ocr_par' dir='ltr' id='par_1_127' title="bbox 1871 3875 3434 3949">
     <span class='ocr_line' id='line_1_127' title="bbox 1871 3875 3434 3949; baseline 0.004 -20"><span class='ocrx_word' id='word_1_870' title='bbox 1871 3875 2080 3949; x_wconf 80' lang='lat' dir='ltr'><strong>delectu</strong></span> <span class='ocrx_word' id='word_1_871' title='bbox 2104 3877 2364 3949; x_wconf 80' lang='lat' dir='ltr'><strong>Operibus</strong></span> <span class='ocrx_word' id='word_1_872' title='bbox 2392 3875 2549 3928; x_wconf 78' lang='lat' dir='ltr'><strong>(idem</strong></span> <span class='ocrx_word' id='word_1_873' title='bbox 2580 3882 2912 3949; x_wconf 60' lang='lat' dir='ltr'><strong>praestemus,</strong></span> <span class='ocrx_word' id='word_1_874' title='bbox 2944 3886 3103 3946; x_wconf 88' lang='lat' dir='ltr'><strong>atque</strong></span> <span class='ocrx_word' id='word_1_875' title='bbox 3131 3878 3209 3949; x_wconf 75' lang='lat' dir='ltr'><strong>ita</strong></span> <span class='ocrx_word' id='word_1_876' title='bbox 3233 3882 3434 3949; x_wconf 83' lang='lat' dir='ltr'><strong>impru-</strong></span> 
     </span>
    </p>
   </div>
   <div class='ocr_carea' id='block_1_128' title="bbox 1872 3945 3432 4015">
    <p class='ocr_par' dir='ltr' id='par_1_128' title="bbox 1872 3945 3432 4015">
     <span class='ocr_line' id='line_1_128' title="bbox 1872 3945 3432 4015; baseline 0.004 -16"><span class='ocrx_word' id='word_1_877' title='bbox 1872 3945 2059 4001; x_wconf 87' lang='lat' dir='ltr'><strong>dentes</strong></span> <span class='ocrx_word' id='word_1_878' title='bbox 2106 3947 2173 4000; x_wconf 83' lang='lat' dir='ltr'><strong>ab</strong></span> <span class='ocrx_word' id='word_1_879' title='bbox 2214 3946 2440 4014; x_wconf 68' lang='lat' dir='ltr'><strong>ipsemet</strong></span> <span class='ocrx_word' id='word_1_880' title='bbox 2478 3946 2730 4010; x_wconf 77' lang='lat' dir='ltr'><strong>magistro</strong></span> <span class='ocrx_word' id='word_1_881' title='bbox 2779 3945 3107 4000; x_wconf 88' lang='lat' dir='ltr'><strong>aberremus.</strong></span> <span class='ocrx_word' id='word_1_882' title='bbox 3180 3945 3432 4015; x_wconf 78' lang='lat' dir='ltr'><strong>Quamvis</strong></span> 
     </span>
    </p>
   </div>
   <div class='ocr_carea' id='block_1_129' title="bbox 1872 4014 3431 4086">
    <p class='ocr_par' dir='ltr' id='par_1_129' title="bbox 1872 4014 3431 4086">
     <span class='ocr_line' id='line_1_129' title="bbox 1872 4014 3431 4086; baseline 0.004 -16"><span class='ocrx_word' id='word_1_883' title='bbox 1872 4016 2012 4070; x_wconf 89' lang='lat' dir='ltr'><strong>enim</strong></span> <span class='ocrx_word' id='word_1_884' title='bbox 2042 4017 2366 4086; x_wconf 78' lang='lat' dir='ltr'><strong>Augustinus</strong></span> <span class='ocrx_word' id='word_1_885' title='bbox 2396 4025 2670 4069; x_wconf 87' lang='lat' dir='ltr'><strong>assecutus</strong></span> <span class='ocrx_word' id='word_1_886' title='bbox 2697 4014 2767 4069; x_wconf 89' lang='lat' dir='ltr'><strong>sit</strong></span> <span class='ocrx_word' id='word_1_887' title='bbox 2790 4015 3073 4086; x_wconf 78' lang='lat' dir='ltr'><strong>aliquando</strong></span> <span class='ocrx_word' id='word_1_888' title='bbox 3112 4014 3314 4073; x_wconf 86' lang='lat' dir='ltr'><strong>tantam</strong></span> <span class='ocrx_word' id='word_1_889' title='bbox 3348 4023 3431 4076; x_wconf 88' lang='lat' dir='ltr'><strong>di-</strong></span> 
     </span>
    </p>
   </div>
   <div class='ocr_carea' id='block_1_130' title="bbox 1872 4084 3433 4158">
    <p class='ocr_par' dir='ltr' id='par_1_130' title="bbox 1872 4084 3433 4158">
     <span class='ocr_line' id='line_1_130' title="bbox 1872 4084 3433 4158; baseline 0.005 -20"><span class='ocrx_word' id='word_1_890' title='bbox 1872 4084 2332 4158; x_wconf 28' lang='lat' dir='ltr'><strong>vinorutn‘gratia:</strong></span> <span class='ocrx_word' id='word_1_891' title='bbox 2371 4087 2746 4157; x_wconf 73' lang='lat' dir='ltr'><strong>mysteriorum</strong></span> <span class='ocrx_word' id='word_1_892' title='bbox 2794 4084 3229 4158; x_wconf 81' lang='lat' dir='ltr'><strong>intelligentiam,</strong></span> <span class='ocrx_word' id='word_1_893' title='bbox 3261 4106 3433 4158; x_wconf 89' lang='lat' dir='ltr'><strong>quatt-</strong></span> 
     </span>
    </p>
   </div>
   <div class='ocr_carea' id='block_1_131' title="bbox 1872 4156 3429 4223">
    <p class='ocr_par' dir='ltr' id='par_1_131' title="bbox 1872 4156 3429 4223">
     <span class='ocr_line' id='line_1_131' title="bbox 1872 4156 3429 4223; baseline 0.003 -12"><span class='ocrx_word' id='word_1_894' title='bbox 1872 4165 1977 4211; x_wconf 85' lang='lat' dir='ltr'><strong>tam</strong></span> <span class='ocrx_word' id='word_1_895' title='bbox 2008 4156 2145 4211; x_wconf 89' lang='lat' dir='ltr'><strong>l&#39;orte</strong></span> <span class='ocrx_word' id='word_1_896' title='bbox 2176 4174 2332 4210; x_wconf 86' lang='lat' dir='ltr'><strong>nemo</strong></span> <span class='ocrx_word' id='word_1_897' title='bbox 2361 4156 2516 4221; x_wconf 86' lang='lat' dir='ltr'><strong>alios,</strong></span> <span class='ocrx_word' id='word_1_898' title='bbox 2548 4168 2740 4223; x_wconf 56' lang='lat' dir='ltr'><strong>praeter</strong></span> <span class='ocrx_word' id='word_1_899' title='bbox 2766 4156 3067 4223; x_wconf 70' lang='lat' dir='ltr'><strong>apostolos;</strong></span> <span class='ocrx_word' id='word_1_900' title='bbox 3117 4171 3221 4212; x_wconf 89' lang='lat' dir='ltr'><strong>non</strong></span> <span class='ocrx_word' id='word_1_901' title='bbox 3254 4156 3429 4216; x_wconf 82' lang='lat' dir='ltr'><strong>tamen</strong></span> 
     </span>
    </p>
   </div>
   <div class='ocr_carea' id='block_1_132' title="bbox 1870 4227 3428 4298">
    <p class='ocr_par' dir='ltr' id='par_1_132' title="bbox 1870 4227 3428 4298">
     <span class='ocr_line' id='line_1_132' title="bbox 1870 4227 3428 4298; baseline 0.003 -17"><span class='ocrx_word' id='word_1_902' title='bbox 1870 4229 2112 4298; x_wconf 77' lang='lat' dir='ltr'><strong>conatitit</strong></span> <span class='ocrx_word' id='word_1_903' title='bbox 2139 4228 2317 4280; x_wconf 90' lang='lat' dir='ltr'><strong>statim</strong></span> <span class='ocrx_word' id='word_1_904' title='bbox 2350 4227 2400 4279; x_wconf 92' lang='lat' dir='ltr'><strong>in</strong></span> <span class='ocrx_word' id='word_1_905' title='bbox 2425 4242 2634 4280; x_wconf 90' lang='lat' dir='ltr'><strong>summo</strong></span> <span class='ocrx_word' id='word_1_906' title='bbox 2656 4265 2670 4286; x_wconf 87' lang='lat'><strong>.</strong></span> <span class='ocrx_word' id='word_1_907' title='bbox 2718 4227 2820 4298; x_wconf 73' lang='lat' dir='ltr'><strong>sed</strong></span> <span class='ocrx_word' id='word_1_908' title='bbox 2844 4241 2939 4298; x_wconf 81' lang='lat' dir='ltr'><strong>per</strong></span> <span class='ocrx_word' id='word_1_909' title='bbox 2961 4227 3157 4298; x_wconf 87' lang='lat' dir='ltr'><strong>gradus</strong></span> <span class='ocrx_word' id='word_1_910' title='bbox 3186 4228 3428 4298; x_wconf 86' lang='lat' dir='ltr'><strong>nitendo,</strong></span> 
     </span>
    </p>
   </div>
   <div class='ocr_carea' id='block_1_133' title="bbox 1870 4294 3429 4363">
    <p class='ocr_par' dir='ltr' id='par_1_133' title="bbox 1870 4294 3429 4363">
     <span class='ocr_line' id='line_1_133' title="bbox 1870 4294 3429 4363; baseline 0.004 -14"><span class='ocrx_word' id='word_1_911' title='bbox 1870 4295 2235 4351; x_wconf 76' lang='lat' dir='ltr'><strong>difﬁcultatum</strong></span> <span class='ocrx_word' id='word_1_912' title='bbox 2260 4298 2537 4357; x_wconf 84' lang='lat' dir='ltr'><strong>tenebras.</strong></span> <span class='ocrx_word' id='word_1_913' title='bbox 2571 4305 2725 4363; x_wconf 90' lang='lat' dir='ltr'><strong>prout</strong></span> <span class='ocrx_word' id='word_1_914' title='bbox 2768 4294 2944 4350; x_wconf 80' lang='lat' dir='ltr'><strong>divina</strong></span> <span class='ocrx_word' id='word_1_915' title='bbox 2970 4296 3061 4351; x_wconf 87' lang='lat' dir='ltr'><strong>lux</strong></span> <span class='ocrx_word' id='word_1_916' title='bbox 3093 4309 3153 4351; x_wconf 86' lang='lat' dir='ltr'><strong>se</strong></span> <span class='ocrx_word' id='word_1_917' title='bbox 3177 4294 3429 4356; x_wconf 56' lang='lat' dir='ltr'><strong>infunde;</strong></span> 
     </span>
    </p>
   </div>
   <div class='ocr_carea' id='block_1_134' title="bbox 1869 4365 2561 4435">
    <p class='ocr_par' dir='ltr' id='par_1_134' title="bbox 1869 4365 2561 4435">
     <span class='ocr_line' id='line_1_134' title="bbox 1869 4365 2561 4435; baseline -0.006 -15"><span class='ocrx_word' id='word_1_918' title='bbox 1869 4365 1978 4429; x_wconf 86' lang='lat' dir='ltr'><strong>bat,</strong></span> <span class='ocrx_word' id='word_1_919' title='bbox 2002 4368 2276 4421; x_wconf 62' lang='lat' dir='ltr'><strong>obstantes</strong></span> <span class='ocrx_word' id='word_1_920' title='bbox 2306 4368 2561 4435; x_wconf 89' lang='lat' dir='ltr'><strong>perrupit.</strong></span> 
     </span>
    </p>
   </div>
   <div class='ocr_carea' id='block_1_135' title="bbox 1943 4434 3433 4506">
    <p class='ocr_par' dir='ltr' id='par_1_135' title="bbox 1943 4434 3433 4506">
     <span class='ocr_line' id='line_1_135' title="bbox 1943 4434 3433 4506; baseline 0.005 -16"><span class='ocrx_word' id='word_1_921' title='bbox 1943 4437 1995 4490; x_wconf 92' lang='lat' dir='ltr'><strong>ld</strong></span> <span class='ocrx_word' id='word_1_922' title='bbox 2017 4436 2083 4490; x_wconf 90' lang='lat' dir='ltr'><strong>de</strong></span> <span class='ocrx_word' id='word_1_923' title='bbox 2103 4451 2163 4490; x_wconf 89' lang='lat' dir='ltr'><strong>se</strong></span> <span class='ocrx_word' id='word_1_924' title='bbox 2186 4434 2315 4505; x_wconf 88' lang='lat' dir='ltr'><strong>ipse</strong></span> <span class='ocrx_word' id='word_1_925' title='bbox 2335 4436 2552 4489; x_wconf 83' lang='lat' dir='ltr'><strong>cordate</strong></span> <span class='ocrx_word' id='word_1_926' title='bbox 2581 4434 2892 4506; x_wconf 90' lang='lat' dir='ltr'><strong>sincereque</strong></span> <span class='ocrx_word' id='word_1_927' title='bbox 2920 4443 3143 4492; x_wconf 85' lang='lat' dir='ltr'><strong>testatus</strong></span> <span class='ocrx_word' id='word_1_928' title='bbox 3180 4448 3284 4501; x_wconf 84' lang='lat' dir='ltr'><strong>est,</strong></span> <span class='ocrx_word' id='word_1_929' title='bbox 3332 4456 3433 4497; x_wconf 88' lang='lat' dir='ltr'><strong>nec</strong></span> 
     </span>
    </p>
   </div>
   <div class='ocr_carea' id='block_1_136' title="bbox 1870 4506 3434 4575">
    <p class='ocr_par' dir='ltr' id='par_1_136' title="bbox 1870 4506 3434 4575">
     <span class='ocr_line' id='line_1_136' title="bbox 1870 4506 3434 4575; baseline 0.004 -15"><span class='ocrx_word' id='word_1_930' title='bbox 1870 4521 1977 4560; x_wconf 85' lang='lat' dir='ltr'><strong>uno</strong></span> <span class='ocrx_word' id='word_1_931' title='bbox 2004 4507 2055 4560; x_wconf 90' lang='lat' dir='ltr'><strong>in</strong></span> <span class='ocrx_word' id='word_1_932' title='bbox 2086 4508 2234 4572; x_wconf 89' lang='lat' dir='ltr'><strong>loco,</strong></span> <span class='ocrx_word' id='word_1_933' title='bbox 2265 4519 2363 4559; x_wconf 90' lang='lat' dir='ltr'><strong>nec</strong></span> <span class='ocrx_word' id='word_1_934' title='bbox 2391 4520 2495 4559; x_wconf 92' lang='lat' dir='ltr'><strong>uno</strong></span> <span class='ocrx_word' id='word_1_935' title='bbox 2530 4514 2800 4574; x_wconf 89' lang='lat' dir='ltr'><strong>tempore;</strong></span> <span class='ocrx_word' id='word_1_936' title='bbox 2852 4506 3080 4575; x_wconf 89' lang='lat' dir='ltr'><strong>ideoque</strong></span> <span class='ocrx_word' id='word_1_937' title='bbox 3108 4506 3190 4562; x_wconf 85' lang='lat' dir='ltr'><strong>sui</strong></span> <span class='ocrx_word' id='word_1_938' title='bbox 3228 4511 3434 4567; x_wconf 84' lang='lat' dir='ltr'><strong>studio-</strong></span> 
     </span>
    </p>
   </div>
   <div class='ocr_carea' id='block_1_137' title="bbox 1870 4576 3431 4646">
    <p class='ocr_par' dir='ltr' id='par_1_137' title="bbox 1870 4576 3431 4646">
     <span class='ocr_line' id='line_1_137' title="bbox 1870 4576 3431 4646; baseline 0.003 -16"><span class='ocrx_word' id='word_1_939' title='bbox 1870 4589 1960 4630; x_wconf 84' lang='lat' dir='ltr'><strong>sos</strong></span> <span class='ocrx_word' id='word_1_940' title='bbox 1979 4577 2200 4646; x_wconf 73' lang='lat' dir='ltr'><strong>iubebat</strong></span> <span class='ocrx_word' id='word_1_941' title='bbox 2226 4579 2295 4629; x_wconf 88' lang='lat' dir='ltr'><strong>ita</strong></span> <span class='ocrx_word' id='word_1_942' title='bbox 2326 4579 2437 4629; x_wconf 87' lang='lat' dir='ltr'><strong>suis</strong></span> <span class='ocrx_word' id='word_1_943' title='bbox 2469 4577 2518 4628; x_wconf 92' lang='lat' dir='ltr'><strong>iu</strong></span> <span class='ocrx_word' id='word_1_944' title='bbox 2545 4576 2805 4643; x_wconf 89' lang='lat' dir='ltr'><strong>Operibus</strong></span> <span class='ocrx_word' id='word_1_945' title='bbox 2849 4576 3089 4645; x_wconf 90' lang='lat' dir='ltr'><strong>legendis</strong></span> <span class='ocrx_word' id='word_1_946' title='bbox 3122 4584 3346 4645; x_wconf 85' lang='lat' dir='ltr'><strong>versari,</strong></span> <span class='ocrx_word' id='word_1_947' title='bbox 3374 4593 3431 4636; x_wconf 90' lang='lat' dir='ltr'><strong>ut</strong></span> 
     </span>
    </p>
   </div>
   <div class='ocr_carea' id='block_1_138' title="bbox 1870 4645 3434 4716">
    <p class='ocr_par' dir='ltr' id='par_1_138' title="bbox 1870 4645 3434 4716">
     <span class='ocr_line' id='line_1_138' title="bbox 1870 4645 3434 4716; baseline 0.003 -17"><span class='ocrx_word' id='word_1_948' title='bbox 1870 4661 2054 4700; x_wconf 86' lang='lat' dir='ltr'><strong>secum</strong></span> <span class='ocrx_word' id='word_1_949' title='bbox 2087 4645 2343 4712; x_wconf 80' lang='lat' dir='ltr'><strong>proﬁcere</strong></span> <span class='ocrx_word' id='word_1_950' title='bbox 2373 4654 2424 4698; x_wconf 89' lang='lat' dir='ltr'><strong>et</strong></span> <span class='ocrx_word' id='word_1_951' title='bbox 2466 4646 2650 4716; x_wconf 89' lang='lat' dir='ltr'><strong>iisdem</strong></span> <span class='ocrx_word' id='word_1_952' title='bbox 2682 4646 2830 4716; x_wconf 84' lang='lat' dir='ltr'><strong>quasi</strong></span> <span class='ocrx_word' id='word_1_953' title='bbox 2865 4646 3108 4714; x_wconf 87' lang='lat' dir='ltr'><strong>passibus</strong></span> <span class='ocrx_word' id='word_1_954' title='bbox 3138 4648 3216 4716; x_wconf 60' lang='lat' dir='ltr'><strong>nd</strong></span> <span class='ocrx_word' id='word_1_955' title='bbox 3244 4653 3434 4703; x_wconf 84' lang='lat' dir='ltr'><strong>verita-</strong></span> 
     </span>
    </p>
   </div>
   <div class='ocr_carea' id='block_1_139' title="bbox 1871 4714 3431 4786">
    <p class='ocr_par' dir='ltr' id='par_1_139' title="bbox 1871 4714 3431 4786">
     <span class='ocr_line' id='line_1_139' title="bbox 1871 4714 3431 4786; baseline 0.003 -16"><span class='ocrx_word' id='word_1_956' title='bbox 1871 4727 1975 4770; x_wconf 88' lang='lat' dir='ltr'><strong>tem</strong></span> <span class='ocrx_word' id='word_1_957' title='bbox 2007 4717 2261 4770; x_wconf 89' lang='lat' dir='ltr'><strong>accedere</strong></span> <span class='ocrx_word' id='word_1_958' title='bbox 2289 4716 2560 4786; x_wconf 78' lang='lat' dir='ltr'><strong>studerent</strong></span> <span class='ocrx_word' id='word_1_959' title='bbox 2595 4714 2790 4786; x_wconf 84' lang='lat' dir='ltr'><strong>(Epist.</strong></span> <span class='ocrx_word' id='word_1_960' title='bbox 2822 4716 2874 4782; x_wconf 91' lang='lat'><strong>7,</strong></span> <span class='ocrx_word' id='word_1_961' title='bbox 2903 4727 2950 4771; x_wconf 87' lang='lat' dir='ltr'><strong>et</strong></span> <span class='ocrx_word' id='word_1_962' title='bbox 2976 4717 3012 4771; x_wconf 88' lang='lat' dir='ltr'><strong>l.</strong></span> <span class='ocrx_word' id='word_1_963' title='bbox 3040 4717 3106 4769; x_wconf 88' lang='lat' dir='ltr'><strong>de</strong></span> <span class='ocrx_word' id='word_1_964' title='bbox 3129 4714 3261 4771; x_wconf 89' lang='lat' dir='ltr'><strong>Bon.</strong></span> <span class='ocrx_word' id='word_1_965' title='bbox 3294 4718 3431 4774; x_wconf 84' lang='lat' dir='ltr'><strong>Per-</strong></span> 
     </span>
    </p>
   </div>
   <div class='ocr_carea' id='block_1_140' title="bbox 1866 4785 2337 4856">
    <p class='ocr_par' dir='ltr' id='par_1_140' title="bbox 1866 4785 2337 4856">
     <span class='ocr_line' id='line_1_140' title="bbox 1866 4785 2337 4856; baseline 0 -17"><span class='ocrx_word' id='word_1_966' title='bbox 1866 4800 1967 4840; x_wconf 74' lang='lat' dir='ltr'><strong>seu.</strong></span> <span class='ocrx_word' id='word_1_967' title='bbox 1992 4803 2039 4840; x_wconf 92' lang='lat' dir='ltr'><strong>c.</strong></span> <span class='ocrx_word' id='word_1_968' title='bbox 2068 4786 2157 4853; x_wconf 76' lang='lat' dir='ltr'><strong>2t,</strong></span> <span class='ocrx_word' id='word_1_969' title='bbox 2186 4785 2337 4856; x_wconf 87' lang='lat' dir='ltr'><strong>etc.).</strong></span> 
     </span>
    </p>
   </div>
   <div class='ocr_carea' id='block_1_141' title="bbox 1946 4839 3430 4939">
    <p class='ocr_par' dir='ltr' id='par_1_141' title="bbox 1946 4839 3430 4939">
     <span class='ocr_line' id='line_1_141' title="bbox 1946 4839 3430 4939; baseline 0.002 -30"><span class='ocrx_word' id='word_1_970' title='bbox 1946 4856 2057 4925; x_wconf 81' lang='lat' dir='ltr'><strong>Ego</strong></span> <span class='ocrx_word' id='word_1_971' title='bbox 2076 4839 2245 4939; x_wconf 50' lang='lat' dir='ltr'><strong>ce&#39;rte:</strong></span> <span class='ocrx_word' id='word_1_972' title='bbox 2276 4839 2394 4910; x_wconf 69' lang='lat' dir='ltr'><strong>eum</strong></span> <span class='ocrx_word' id='word_1_973' title='bbox 2424 4855 2651 4939; x_wconf 62' lang='lat' dir='ltr'><strong>primum</strong></span> <span class='ocrx_word' id='word_1_974' title='bbox 2673 4856 2908 4939; x_wconf 70' lang='lat' dir='ltr'><strong>animttm</strong></span> <span class='ocrx_word' id='word_1_975' title='bbox 2943 4855 3172 4939; x_wconf 75' lang='lat' dir='ltr'><strong>applicui</strong></span> <span class='ocrx_word' id='word_1_976' title='bbox 3202 4855 3266 4937; x_wconf 82' lang='lat' dir='ltr'><strong>ad</strong></span> <span class='ocrx_word' id='word_1_977' title='bbox 3282 4839 3430 4939; x_wconf 57' lang='lat' dir='ltr'><strong>quie-</strong></span> 
     </span>
    </p>
   </div>
   <div class='ocr_carea' id='block_1_142' title="bbox 1871 4926 3431 4995">
    <p class='ocr_par' dir='ltr' id='par_1_142' title="bbox 1871 4926 3431 4995">
     <span class='ocr_line' id='line_1_142' title="bbox 1871 4926 3431 4995; baseline 0.003 -17"><span class='ocrx_word' id='word_1_978' title='bbox 1871 4926 2075 4979; x_wconf 85' lang='lat' dir='ltr'><strong>stiones</strong></span> <span class='ocrx_word' id='word_1_979' title='bbox 2105 4928 2286 4994; x_wconf 72' lang='lat' dir='ltr'><strong>gratim</strong></span> <span class='ocrx_word' id='word_1_980' title='bbox 2329 4928 2557 4995; x_wconf 87' lang='lat' dir='ltr'><strong>penitius</strong></span> <span class='ocrx_word' id='word_1_981' title='bbox 2586 4928 2930 4988; x_wconf 84' lang='lat' dir='ltr'><strong>scrutandas.</strong></span> <span class='ocrx_word' id='word_1_982' title='bbox 2983 4926 3309 4981; x_wconf 81' lang='lat' dir='ltr'><strong>sanctissimi</strong></span> <span class='ocrx_word' id='word_1_983' title='bbox 3335 4930 3431 4983; x_wconf 83' lang='lat' dir='ltr'><strong>do-</strong></span> 
     </span>
    </p>
   </div>
   <div class='ocr_carea' id='block_1_143' title="bbox 1872 4996 3430 5068">
    <p class='ocr_par' dir='ltr' id='par_1_143' title="bbox 1872 4996 3430 5068">
     <span class='ocr_line' id='line_1_143' title="bbox 1872 4996 3430 5068; baseline 0.002 -18"><span class='ocrx_word' id='word_1_984' title='bbox 1872 4998 2035 5051; x_wconf 88' lang='lat' dir='ltr'><strong>ctoris</strong></span> <span class='ocrx_word' id='word_1_985' title='bbox 2063 5006 2329 5068; x_wconf 66' lang='lat' dir='ltr'><strong>prtecepto</strong></span> <span class='ocrx_word' id='word_1_986' title='bbox 2352 4996 2712 5051; x_wconf 85' lang='lat' dir='ltr'><strong>obediendnm</strong></span> <span class='ocrx_word' id='word_1_987' title='bbox 2743 4997 2948 5068; x_wconf 81' lang='lat' dir='ltr'><strong>putavi,</strong></span> <span class='ocrx_word' id='word_1_988' title='bbox 2979 4997 3430 5068; x_wconf 81' lang='lat' dir='ltr'><strong>hauriendamque</strong></span> 
     </span>
    </p>
   </div>
   <div class='ocr_carea' id='block_1_144' title="bbox 1872 5066 3431 5136">
    <p class='ocr_par' dir='ltr' id='par_1_144' title="bbox 1872 5066 3431 5136">
     <span class='ocr_line' id='line_1_144' title="bbox 1872 5066 3431 5136; baseline 0 -15"><span class='ocrx_word' id='word_1_989' title='bbox 1872 5082 1933 5121; x_wconf 88' lang='lat' dir='ltr'><strong>ex</strong></span> <span class='ocrx_word' id='word_1_990' title='bbox 1959 5082 2023 5119; x_wconf 73' lang='lat' dir='ltr'><strong>eo</strong></span> <span class='ocrx_word' id='word_1_991' title='bbox 2051 5071 2193 5120; x_wconf 89' lang='lat' dir='ltr'><strong>lonte</strong></span> <span class='ocrx_word' id='word_1_992' title='bbox 2225 5066 2496 5120; x_wconf 83' lang='lat' dir='ltr'><strong>verit-atem</strong></span> <span class='ocrx_word' id='word_1_993' title='bbox 2516 5107 2531 5129; x_wconf 89' lang='lat'><strong>,</strong></span> <span class='ocrx_word' id='word_1_994' title='bbox 2558 5082 2714 5136; x_wconf 91' lang='lat' dir='ltr'><strong>quem</strong></span> <span class='ocrx_word' id='word_1_995' title='bbox 2756 5067 2883 5119; x_wconf 90' lang='lat' dir='ltr'><strong>tnihi</strong></span> <span class='ocrx_word' id='word_1_996' title='bbox 2915 5066 3256 5136; x_wconf 62' lang='lat' dir='ltr'><strong>purissimum</strong></span> <span class='ocrx_word' id='word_1_997' title='bbox 3292 5066 3431 5123; x_wconf 83' lang='lat' dir='ltr'><strong>veri-</strong></span> 
     </span>
    </p>
   </div>
   <div class='ocr_carea' id='block_1_145' title="bbox 1873 5135 3428 5206">
    <p class='ocr_par' dir='ltr' id='par_1_145' title="bbox 1873 5135 3428 5206">
     <span class='ocr_line' id='line_1_145' title="bbox 1873 5135 3428 5206; baseline 0.004 -17"><span class='ocrx_word' id='word_1_998' title='bbox 1873 5147 1996 5190; x_wconf 77' lang='lat' dir='ltr'><strong>tatis</strong></span> <span class='ocrx_word' id='word_1_999' title='bbox 2036 5138 2295 5206; x_wconf 87' lang='lat' dir='ltr'><strong>magistra</strong></span> <span class='ocrx_word' id='word_1_1000' title='bbox 2325 5137 2557 5191; x_wconf 80' lang='lat' dir='ltr'><strong>Ecclesia</strong></span> <span class='ocrx_word' id='word_1_1001' title='bbox 2580 5135 2875 5190; x_wconf 70' lang='lat' dir='ltr'><strong>indicabat.</strong></span> <span class='ocrx_word' id='word_1_1002' title='bbox 2931 5135 3061 5190; x_wconf 84' lang='lat' dir='ltr'><strong>Eam</strong></span> <span class='ocrx_word' id='word_1_1003' title='bbox 3105 5138 3175 5191; x_wconf 93' lang='lat' dir='ltr'><strong>ob</strong></span> <span class='ocrx_word' id='word_1_1004' title='bbox 3207 5154 3319 5192; x_wconf 81' lang='lat' dir='ltr'><strong>rem</strong></span> <span class='ocrx_word' id='word_1_1005' title='bbox 3350 5140 3428 5195; x_wconf 56' lang='lat' dir='ltr'><strong>dia</strong></span> 
     </span>
    </p>
   </div>
   <div class='ocr_carea' id='block_1_146' title="bbox 1871 5205 3424 5278">
    <p class='ocr_par' dir='ltr' id='par_1_146' title="bbox 1871 5205 3424 5278">
     <span class='ocr_line' id='line_1_146' title="bbox 1871 5205 3424 5278; baseline 0.002 -19"><span class='ocrx_word' id='word_1_1006' title='bbox 1871 5206 2117 5274; x_wconf 86' lang='lat' dir='ltr'><strong>ligentius</strong></span> <span class='ocrx_word' id='word_1_1007' title='bbox 2136 5205 2139 5206; x_wconf 57' lang='grc'><strong><em>⁷</em></strong></span> <span class='ocrx_word' id='word_1_1008' title='bbox 2157 5205 2402 5276; x_wconf 90' lang='lat' dir='ltr'><strong>inquisivi</strong></span> <span class='ocrx_word' id='word_1_1009' title='bbox 2425 5220 2543 5276; x_wconf 58' lang='lat' dir='ltr'><strong>quas</strong></span> <span class='ocrx_word' id='word_1_1010' title='bbox 2566 5222 2695 5278; x_wconf 78' lang='lat' dir='ltr'><strong>vera</strong></span> <span class='ocrx_word' id='word_1_1011' title='bbox 2717 5207 2891 5259; x_wconf 78' lang='lat' dir='ltr'><strong>forent</strong></span> <span class='ocrx_word' id='word_1_1012' title='bbox 2916 5207 3199 5278; x_wconf 80' lang='lat' dir='ltr'><strong>Augustini</strong></span> <span class='ocrx_word' id='word_1_1013' title='bbox 3231 5208 3424 5278; x_wconf 85' lang='lat' dir='ltr'><strong>Opera,</strong></span> 
     </span>
    </p>
   </div>
   <div class='ocr_carea' id='block_1_147' title="bbox 1869 5276 3429 5347">
    <p class='ocr_par' dir='ltr' id='par_1_147' title="bbox 1869 5276 3429 5347">
     <span class='ocr_line' id='line_1_147' title="bbox 1869 5276 3429 5347; baseline 0.003 -19"><span class='ocrx_word' id='word_1_1014' title='bbox 1869 5292 1988 5345; x_wconf 67' lang='lat' dir='ltr'><strong>qua:</strong></span> <span class='ocrx_word' id='word_1_1015' title='bbox 2017 5281 2288 5346; x_wconf 81' lang='lat' dir='ltr'><strong>Sttppostta</strong></span> <span class='ocrx_word' id='word_1_1016' title='bbox 2312 5292 2340 5347; x_wconf 87' lang='lat'><strong>;_</strong></span> <span class='ocrx_word' id='word_1_1017' title='bbox 2369 5291 2488 5347; x_wconf 60' lang='lat' dir='ltr'><strong>quae</strong></span> <span class='ocrx_word' id='word_1_1018' title='bbox 2514 5276 2580 5330; x_wconf 89' lang='lat' dir='ltr'><strong>ad</strong></span> <span class='ocrx_word' id='word_1_1019' title='bbox 2610 5278 2876 5346; x_wconf 87' lang='lat' dir='ltr'><strong>negotium</strong></span> <span class='ocrx_word' id='word_1_1020' title='bbox 2904 5276 3087 5344; x_wconf 70' lang='lat' dir='ltr'><strong>gratia:</strong></span> <span class='ocrx_word' id='word_1_1021' title='bbox 3113 5293 3207 5346; x_wconf 90' lang='lat' dir='ltr'><strong>per</strong></span> <span class='ocrx_word' id='word_1_1022' title='bbox 3225 5276 3429 5347; x_wconf 74' lang='lat' dir='ltr'><strong>seper-</strong></span> 
     </span>
    </p>
   </div>
   <div class='ocr_carea' id='block_1_148' title="bbox 1871 5345 3429 5417">
    <p class='ocr_par' dir='ltr' id='par_1_148' title="bbox 1871 5345 3429 5417">
     <span class='ocr_line' id='line_1_148' title="bbox 1871 5345 3429 5417; baseline 0 -14"><span class='ocrx_word' id='word_1_1023' title='bbox 1871 5351 2121 5411; x_wconf 89' lang='lat' dir='ltr'><strong>tinerent,</strong></span> <span class='ocrx_word' id='word_1_1024' title='bbox 2152 5363 2270 5416; x_wconf 69' lang='lat' dir='ltr'><strong>quae</strong></span> <span class='ocrx_word' id='word_1_1025' title='bbox 2294 5345 2345 5400; x_wconf 92' lang='lat' dir='ltr'><strong>id</strong></span> <span class='ocrx_word' id='word_1_1026' title='bbox 2371 5346 2542 5401; x_wconf 87' lang='lat' dir='ltr'><strong>obiter</strong></span> <span class='ocrx_word' id='word_1_1027' title='bbox 2564 5345 2764 5401; x_wconf 80' lang='lat' dir='ltr'><strong>tantum</strong></span> <span class='ocrx_word' id='word_1_1028' title='bbox 2792 5345 3148 5415; x_wconf 80' lang='lat' dir='ltr'><strong>attingerent;</strong></span> <span class='ocrx_word' id='word_1_1029' title='bbox 3202 5345 3429 5417; x_wconf 82' lang='lat' dir='ltr'><strong>quode-</strong></span> 
     </span>
    </p>
   </div>
   <div class='ocr_carea' id='block_1_149' title="bbox 1874 5417 3430 5488">
    <p class='ocr_par' dir='ltr' id='par_1_149' title="bbox 1874 5417 3430 5488">
     <span class='ocr_line' id='line_1_149' title="bbox 1874 5417 3430 5488; baseline 0 -16"><span class='ocrx_word' id='word_1_1030' title='bbox 1874 5419 2031 5488; x_wconf 88' lang='lat' dir='ltr'><strong>nique</strong></span> <span class='ocrx_word' id='word_1_1031' title='bbox 2060 5420 2264 5488; x_wconf 86' lang='lat' dir='ltr'><strong>singula</strong></span> <span class='ocrx_word' id='word_1_1032' title='bbox 2309 5426 2550 5488; x_wconf 88' lang='lat' dir='ltr'><strong>tempore</strong></span> <span class='ocrx_word' id='word_1_1033' title='bbox 2576 5417 2876 5488; x_wconf 82' lang='lat' dir='ltr'><strong>conscripta</strong></span> <span class='ocrx_word' id='word_1_1034' title='bbox 2909 5424 3034 5481; x_wconf 78' lang='lat' dir='ltr'><strong>sint,</strong></span> <span class='ocrx_word' id='word_1_1035' title='bbox 3067 5428 3121 5471; x_wconf 91' lang='lat' dir='ltr'><strong>et</strong></span> <span class='ocrx_word' id='word_1_1036' title='bbox 3147 5433 3250 5487; x_wconf 85' lang='lat' dir='ltr'><strong>qua</strong></span> <span class='ocrx_word' id='word_1_1037' title='bbox 3294 5422 3430 5474; x_wconf 84' lang='lat' dir='ltr'><strong>scri-</strong></span> 
     </span>
    </p>
   </div>
   <div class='ocr_carea' id='block_1_150' title="bbox 1872 5487 3429 5556">
    <p class='ocr_par' dir='ltr' id='par_1_150' title="bbox 1872 5487 3429 5556">
     <span class='ocr_line' id='line_1_150' title="bbox 1872 5487 3429 5556; baseline -0.001 -14"><span class='ocrx_word' id='word_1_1038' title='bbox 1872 5487 2043 5542; x_wconf 86' lang='lat' dir='ltr'><strong>bentis</strong></span> <span class='ocrx_word' id='word_1_1039' title='bbox 2071 5487 2431 5556; x_wconf 89' lang='lat' dir='ltr'><strong>experientia,</strong></span> <span class='ocrx_word' id='word_1_1040' title='bbox 2482 5498 2540 5542; x_wconf 93' lang='lat' dir='ltr'><strong>ut</strong></span> <span class='ocrx_word' id='word_1_1041' title='bbox 2574 5487 2772 5555; x_wconf 81' lang='lat' dir='ltr'><strong>pressis</strong></span> <span class='ocrx_word' id='word_1_1042' title='bbox 2794 5487 3029 5555; x_wconf 84' lang='lat' dir='ltr'><strong>vestigiis</strong></span> <span class='ocrx_word' id='word_1_1043' title='bbox 3060 5488 3334 5542; x_wconf 88' lang='lat' dir='ltr'><strong>ductorem</strong></span> <span class='ocrx_word' id='word_1_1044' title='bbox 3358 5491 3429 5542; x_wconf 85' lang='lat' dir='ltr'><strong>ab</strong></span> 
     </span>
    </p>
   </div>
   <div class='ocr_carea' id='block_1_151' title="bbox 1870 5557 3431 5625">
    <p class='ocr_par' dir='ltr' id='par_1_151' title="bbox 1870 5557 3431 5625">
     <span class='ocr_line' id='line_1_151' title="bbox 1870 5557 3431 5625; baseline -0.001 -11"><span class='ocrx_word' id='word_1_1045' title='bbox 1870 5559 2110 5614; x_wconf 83' lang='lat' dir='ltr'><strong>Ecclesia</strong></span> <span class='ocrx_word' id='word_1_1046' title='bbox 2151 5557 2278 5611; x_wconf 88' lang='lat' dir='ltr'><strong>mihi</strong></span> <span class='ocrx_word' id='word_1_1047' title='bbox 2323 5558 2503 5611; x_wconf 88' lang='lat' dir='ltr'><strong>datum</strong></span> <span class='ocrx_word' id='word_1_1048' title='bbox 2558 5572 2843 5625; x_wconf 84' lang='lat' dir='ltr'><strong>sequerer,</strong></span> <span class='ocrx_word' id='word_1_1049' title='bbox 2889 5558 3109 5625; x_wconf 82' lang='lat' dir='ltr'><strong>ejusque</strong></span> <span class='ocrx_word' id='word_1_1050' title='bbox 3151 5557 3343 5622; x_wconf 86' lang='lat' dir='ltr'><strong>ductu,</strong></span> <span class='ocrx_word' id='word_1_1051' title='bbox 3375 5568 3431 5613; x_wconf 89' lang='lat' dir='ltr'><strong>et</strong></span> 
     </span>
    </p>
   </div>
   <div class='ocr_carea' id='block_1_152' title="bbox 1868 5625 3424 5701">
    <p class='ocr_par' dir='ltr' id='par_1_152' title="bbox 1868 5625 3424 5701">
     <span class='ocr_line' id='line_1_152' title="bbox 1868 5625 3424 5701; baseline -0.003 -18"><span class='ocrx_word' id='word_1_1052' title='bbox 1868 5630 2024 5701; x_wconf 54' lang='lat' dir='ltr'><strong>quasi</strong></span> <span class='ocrx_word' id='word_1_1053' title='bbox 2037 5628 2308 5701; x_wconf 77' lang='lat' dir='ltr'><strong>methodo,</strong></span> <span class='ocrx_word' id='word_1_1054' title='bbox 2333 5625 2538 5701; x_wconf 66' lang='lat' dir='ltr'><strong>(acilius</strong></span> <span class='ocrx_word' id='word_1_1055' title='bbox 2554 5642 2617 5701; x_wconf 77' lang='lat' dir='ltr'><strong>eo</strong></span> <span class='ocrx_word' id='word_1_1056' title='bbox 2640 5627 2971 5701; x_wconf 79' lang='lat' dir='ltr'><strong>pervenirem</strong></span> <span class='ocrx_word' id='word_1_1057' title='bbox 2985 5643 3093 5693; x_wconf 89' lang='lat' dir='ltr'><strong>quo</strong></span> <span class='ocrx_word' id='word_1_1058' title='bbox 3117 5628 3424 5701; x_wconf 82' lang='lat' dir='ltr'><strong>tendebam.</strong></span> 
     </span>
    </p>
   </div>
   <div class='ocr_carea' id='block_1_153' title="bbox 1938 5697 3426 5767">
    <p class='ocr_par' dir='ltr' id='par_1_153' title="bbox 1938 5697 3426 5767">
     <span class='ocr_line' id='line_1_153' title="bbox 1938 5697 3426 5767; baseline -0.003 -13"><span class='ocrx_word' id='word_1_1059' title='bbox 1938 5699 2052 5754; x_wconf 84' lang='lat' dir='ltr'><strong>Erit</strong></span> <span class='ocrx_word' id='word_1_1060' title='bbox 2092 5698 2227 5753; x_wconf 77' lang='lat' dir='ltr'><strong>forte</strong></span> <span class='ocrx_word' id='word_1_1061' title='bbox 2273 5700 2360 5766; x_wconf 87' lang='lat' dir='ltr'><strong>qui</strong></span> <span class='ocrx_word' id='word_1_1062' title='bbox 2418 5697 2682 5767; x_wconf 86' lang='lat' dir='ltr'><strong>superﬂua</strong></span> <span class='ocrx_word' id='word_1_1063' title='bbox 2722 5712 2810 5751; x_wconf 90' lang='lat' dir='ltr'><strong>me</strong></span> <span class='ocrx_word' id='word_1_1064' title='bbox 2856 5697 3125 5767; x_wconf 83' lang='lat' dir='ltr'><strong>diligentia</strong></span> <span class='ocrx_word' id='word_1_1065' title='bbox 3159 5698 3426 5753; x_wconf 48' lang='lat' dir='ltr'><strong>laborasse</strong></span> 
     </span>
    </p>
   </div>
  </div>
