3972 6180
587 272 693 328 δι’]

1016 262 1107 324 AD
1148 260 1425 319 PARTEM
1466 258 1729 316 PlllMAM
1768 255 2051 312 UPERUM
2094 256 2162 312 Μ.
2203 250 2644 310 MERCATORIS
2683 250 3025 307 APPENDIX
3063 249 3403 309 SECUNDA.

3738 258 3844 316 548

592 392 765 455 pum,
791 396 907 435 cum
938 385 1049 431 ιοιο
1076 378 1176 455 tusc
1206 376 1390 455 tangre
1419 384 1637 455 sanctps
1663 372 1852 455 doctor
1877 369 2166 455 defunctus
2195 376 2239 430 A
2271 378 2390 455 tem,
2425 377 2577 436 atque
2603 368 2675 418 ita
2698 368 2753 421 in
2779 383 2955 455 omnes
2987 366 3219 449 homines
3242 368 3644 455 pertransiissen
3670 388 3849 441 quam-

594 441 855 512 iideatur,
884 448 1166 503 recensitis
1196 446 1389 499 ordine
1418 445 1530 497 suis
1551 443 1839 510 Operibus.
1882 442 2080 512 Verum
2112 441 2163 493 in

595 511 1051 577 Retractationnm
1072 516 1243 579 libris,
1266 530 1437 583 neque
1450 516 1691 583 epistola:
1715 511 2003 582 recognitae
2023 521 2166 583 sunt,

596 606 768 661 neque
800 586 1067 661 homilize;
1121 586 1214 639 sed
1245 582 1499 661 tractatus
1527 585 1836 649 dumtaxat,
1890 583 1941 661 in
1981 582 2171 661 quibus

574 654 774 714 tamen
802 658 1044 713 ordinem
1077 656 1333 725 temporis
1372 666 1560 709 exacte
1598 669 1702 707 non
1738 654 1972 725 servari,
2002 654 2173 725 velex

593 734 696 784 hoc
731 744 837 783 uno
867 728 1094 796 quisque
1138 721 1294 780 facile
1324 733 1645 793 cognoscet,
1677 722 2063 796 _qnnd_ad_huc_
2090 721 2172 775 in-

596 809 803 853 certum
846 792 914 852 sit
938 792 1075 864 apud
1103 796 1341 850 eruditos
1368 792 1475 864 quo
1502 809 1642 847 anno
1677 794 1814 864 liber
1832 793 1898 845 de
1917 792 2099 864 Gratia
2123 799 2177 864 et

571 871 795 924 Libero
866 862 1147 930 Arbitrio,
1202 862 1413 934 quoque
1487 866 1621 918 alius
1670 864 1735 917 dc
1781 863 1915 934 Octo
1968 862 2173 915 Dulcitii

599 939 999 1006 Qumstionibns
1038 933 1375 1005 conscriptus
1406 936 1496 990 sit.
1556 934 1738 1003 Neque
1778 933 1905 986 illud
1957 934 2171 1006 mirum,

601 1001 724 1066 eum
756 1007 1081 1077 Augustinus
1110 1001 1674 1061 inter'retractandum
1700 1018 1761 1077 ea
1790 1017 1932 1071 saepe
1953 1001 2173 1070 conjun-

604 1089 767 1142 xerit,
801 1074 1019 1147 propter
1039 1077 1414 1146 cognationem
1443 1074 1773 1144 argumenti,
1828 1088 1948 1142 qua:
1975 1080 2181 1147 tempo-

600 1150 675 1203 ιίς
704 1142 913 1202 ratione
939 1142 1233 1210 distarént;
1284 1158 1337 1199 et
1365 1142 1933 1212 forte'nonnnmqnam
1964 1142 2176 1196 accide-

604 1223 677 1273 rit
706 1227 763 1271 ut
806 1232 986 1272 senem
1023 1219 1440 1287 septuagenario
1482 1215 1740 1282 majorem
1792 1216 2048 1267 memoria
2089 1212 2182 1266 de-

604 1290 808 1346 ticeret.

1098 1373 1234 1412 ANTE
1260 1372 1436 1411 ANNUII
1464 1370 1690 1410 CCCCXH.

607 1475 750 1527 Libri
778 1484 876 1527 tres
904 1474 967 1526 de
988 1471 1171 1526 Libero
1192 1470 1413 1524 Arbitrio
1438 1469 1629 1535 (Tomo
1657 1467 1729 1535 l);
1759 1495 1832 1507 —
1878 1465 2028 1518 Liber
2055 1480 2185 1516 unus

678 1546 741 1598 de
788 1543 1000 1596 Duabus
1052 1542 1332 1594 Animabus
1387 1542 1582 1608 (Tomo
1609 1538 1733 1609 Vl);
1785 1567 1856 1609 5—-
1912 1535 2183 1609 Expositio

676 1614 1017 1683 quarumdam
1063 1604 1471 1683 propositionum
1511 1626 1573 1683 ea:
1615 1604 1855 1683 Epistula
1887 1604 2189 1683 adulioma-

679 1678 772 1738 nos
827 1682 1018 1753 (Tomo
1051 1678 1173 1751 iV);
1214 1711 1282 1723 ——
1331 1681 1474 1734 Libri
1524 1682 1626 1733 duo
1673 1681 1738 1731 ad
1795 1678 2190 1747 Simplicianum

678 1752 875 1824 (Tomo
896 1752 1012 1821 1V).

681 1845 936 1898 Testatur
965 1841 1298 1910 Augustinus
1330 1855 1387 1894 se
1421 1839 1549 1892 nihil
1591 1849 1713 1891 ante
1745 1837 1887 1892 lnmc
1909 1853 2104 1892 annum
2135 1841 2185 1894 in

615 1915 869 1968 haeresim
896 1913 1235 1981 Pelagianam
1266 1911 1549 1977 scripsisse
1569 1953 1583 1976 ,
1627 1920 1799 1981 contra
1839 1925 1990 1981 quam
2018 1911 2185 1977 prius,

613 2001 729 2039 cum
755 1999 880 2053 Opus
914 1980 1105 2049 fuerat,
1138 1998 1238 2053 non
1261 1981 1544 2053 scripturis,
1568 1980 1655 2032 sed
1677 1980 1990 2053 sermonibus
2012 1989 2059 2033 et
2082 1983 2187 2034 col-

615 2049 951 2107 locationibus
978 2053 1155 2120 agebat
1187 2050 1325 2117 (Lib.
1357 2049 1394 2103 ιι
1422 2050 1643 2102 Retract.
1674 2066 1790 2111 cap.
1817 2049 1929 2118 55).

688 2124 906 2176 Videtur
942 2119 1118 2175 tamen
1174 2119 1648 2189 nasciturumhoc
1690 2132 1989 2189 monstrum
2037 2121 2186 2189 quasi

584 2193 934 2262 *prmfocasse
986 2192 1154 2244 tribus
1202 2190 1352 2243 libris
1398 2190 1463 2243 de
1506 2188 1698 2243 Libero
1740 2188 2010 2254 Arbitrio,
2055 2205 2188 2312 gnos

616 2267 806 2312 nartim
846 2262 1029 2312 Romae
1087 2261 1359 2312 inchoavit
1412 2259 1610 2312 laicus.
1664 2260 1854 2312 partim
1903 2259 1958 2312 in
2006 2261 2047 2312 A
2079 2261 2186 2312 rica

616 2259 806 2333 partim
846 2262 1029 2314 Romae
1064 2261 1359 2333 inchoavit
1400 2259 1610 2333 laicus,
1664 2260 1854 2333 partim
1903 2259 1977 2333 in_
2006 2259 2186 2314 Africa

614 2328 896 2402 presbyter
924 2330 1157 2402 absolvit
1185 2330 1321 2400 (Lib.
1348 2346 1361 2383 ι
1397 2328 1622 2382 Retract.
1651 2346 1765 2391 cap.
1798 2328 1886 2399 9):
1923 2329 2061 2402 libro
2083 2345 2188 2384 uno

616 2399 684 2457 ile
708 2399 920 2456 Duabus
940 2401 1234 2455 Animahus
1268 2410 1321 2455 et
1341 2402 1675 2465 expositione
1694 2399 2042 2467 quarumdam
2062 2414 2188 2466 pro-

619 2473 942 2541 positionum
976 2486 1040 2524 cx
1074 2472 1308 2538 Epistula
1329 2472 1392 2522 ad
1428 2469 1717 2541 Romanos,
1737 2470 1879 2541 quod
1903 2479 2188 2541 utrumque

615 2537 764 2612 Opus
790 2542 1087 2595 elaboravit
1106 2537 1280 2594 adhuc
1309 2540 1588 2612 presbyter
1621 2537 1785 2608 (Ibid.
1816 2555 1861 2592 c.
1898 2537 1965 2592 15
1985 2549 2030 2591 et
2058 2537 2185 2612 22),;

617 2610 831 2666 tandem
875 2613 1082 2665 duobus
1119 2612 1264 2664 libris
1305 2612 1370 2663 ad
1405 2610 1835 2676 Simpliciannm,
1867 2624 1999 2675 quos
2025 2611 2190 2665 edidit

612 2686 724 2752 jam
750 2685 916 2737 lactus
944 2682 1224 2749 episcopus
1255 2679 1444 2752 (Lib._t
1472 2678 1697 2752 Retract:
1721 2696 1817 2752 cap
1868 2680 1945 2747 1).

689 2755 862 2820 Atque
884 2748 1011 2805 hinc
1030 2759 1241 2804 constat
1270 2748 1585 2819 inquirenda
1610 2749 1763 2804 nobis
1800 2765 1920 2803 t-ssc
1948 2759 2187 2817 tempora

620 2839 807 2877 eorum
850 2831 1052 2875 tantum
1093 2824 1325 2889 Operam
1354 2837 1473 2890 qua:
1502 2822 1700 2887 scripta
1739 2829 1863 2873 sunt
1886 2820 2189 2875 octodecim

618 2908 881 2947 annorum
913 2894 1085 2960 spatio
1119 2909 1131 2943 :
1166 2900 1296 2958 quot
1342 2906 1534 2959 nempe
1563 2890 1887 2945 elllnxeruut
1918 2891 1986 2943 ab
2016 2891 2189 2958 Opere

620 2966 794 3032 primo
822 2963 886 3017 ad
916 2963 1284 3032 Marcellinum
1312 3004 1325 3023 ,
1363 2962 1426 3015 ad
1459 2970 1684 3032 mortem
1712 2960 2025 3032 Augustini,
2072 2975 2189 3030 qua:

617 3029 843 3103 contigit
871 3048 998 3085 ann.
1031 3031 1227 3086 Christi
1251 3030 1377 3096 450,
1405 3047 1438 3085 v
1468 3030 1684 3085 kalend.
1707 3029 2063 3101 Septembris.

1211 3138 1348 3176 ANNO
1376 3137 1600 3177 CCCCHI.

621 3213 763 3269 Libri
800 3227 899 3269 tres
942 3214 1011 3266 ad
1046 3212 1410 3266 Marcellinum
1439 3214 1503 3265 de
1536 3211 1869 3264 Peccatorum
1913 3210 2114 3265 Meritis
2143 3220 2190 3265 et

692 3284 1094 3337 Remissionibus
1125 3285 1140 3347 (
1168 3283 1339 3335 Tomo
1365 3283 1448 3334 Vll
1476 3287 1515 3347 ).
1539 3311 1610 3321 —-
1630 3281 1780 3352 Liber
1814 3283 1876 3334 de
1915 3280 2121 3352 Spiritu
2146 3292 2193 3337 et

689 3354 883 3408 Littera
909 3354 978 3405 ad
999 3354 1230 3405 eumdem
1265 3353 1457 3411 ('l‘omo
1485 3354 1601 3420 ΙΙΙ).
1623 3380 1694 3391 -
1714 3350 2042 3422 Epistola'ad
2075 3350 2192 3405 Ho-

692 3435 927 3477 noratum
958 3423 977 3495 (
1003 3423 1172 3476 Tomo
1203 3422 1292 3491 ll).

691 3518 887 3585 St'l‘lpli
921 3527 1047 3570 sunt
1078 3516 1127 3569 hi
1159 3516 1391 3584 quinque
1414 3515 1559 3581 libri,
1586 3530 1716 3585 nam
1754 3516 2033 3582 epistolam
2086 3515 2194 3568 Au-

617 3588 861 3655 gustinus
888 3587 1083 3640 librum
1112 3601 1321 3654 quoque
1355 3584 1778 3656 vocat(Dissert.
1812 3587 1873 3638 de
1902 3584 2151 3656 Synodis)
2174 3625 2190 3651 ,

624 3667 744 3725 post
767 3659 1024 3726 judicium
1050 3656 1475 3725 Carthaginense
1499 3655 1567 3710 de
1594 3655 1870 3721 leestio,
1896 3655 2037 3725 quod
2061 3670 2187 3709 ann.

621 3729 728 3782 ιιι
754 3738 876 3781 ante
899 3726 1372 3793 Quadragesiniam
1393 3726 1587 3783 factum
1613 3735 1696 3780 est
1748 3735 1800 3779 et
1822 3738 1944 3780 ante
1967 3735 2190 3779 mortem

622 3798 940 3863 Marcellini,
972 3797 1059 3865 qui
1087 3797 1177 3850 sub
1205 3797 1396 3849 invidia
1444 3796 1730 3866 tyrannidis
1770 3795 2095 3849 Heracliam:
2130 3795 2192 3848 ab

624 3869 875 3922 haereticis
896 3868 1135 3938 innocens
1159 3882 1329 3938 cursus
1366 3876 1438 3919 est
1483 3866 1725 3938 (Hieron.
1776 3867 1968 3938 dialog.
2016 3868 2071 3933 ὅ,
2102 3867 2192 3921 sub

621 3939 817 4009 ﬁnem),
851 3953 975 3990 ann.
1008 3935 1134 4009 415,
1162 3952 1255 3989 vni
1284 3936 1357 4009 id.
1386 3937 1604 4003 Aprilis.

696 4004 860 4062 Primi
894 4007 1134 4060 omnium
1169 4006 1484 4075 prodierunt
1514 4009 1639 4070 duo,
1665 4005 1753 4073 qui
1778 4006 1873 4059 etsi
1909 4004 2195 4071 pra‘l'erant

623 4082 900 4144 vulgarem
934 4078 1145 4130 titulum
1194 4076 1261 4129 de
1290 4086 1627 4144 peccatorum
1659 4075 1861 4129 Meritis
1890 4087 1942 4129 et
1986 4077 2194 4132 Rciuis-

622 4149 887 4211 sionibus,
920 4148 987 4201 ab
1022 4147 1320 4215 Augustino
1366 4156 1542 4199 tamen
1574 4151 1639 4215 ile
1670 4145 1944 4213 Baptismo
1990 4146 2197 4215 (Parvu-

623 4223 818 4283 lornm,
851 4228 905 4273 et
931 4214 1268 4275 Perlectione
1295 4217 1535 4271 llozninis
1558 4214 1700 4285 (Lib.
1728 4219 1789 4267 de
1814 4215 1952 4269 ϐεδε.
1980 4214 2193 4271 Palast.

625 4306 671 4342 c.
722 4292 779 4342 ll
811 4292 868 4357 );
918 4291 986 4341 ab
1035 4289 1365 4358 Hieronymo
1411 4288 1479 4341 de
1508 4285 1814 4358 infantibus
1859 4286 2197 4356 Baptizandis

624 4356 856 4428 (βίαιος.
888 4359 943 4420 '5,
975 4359 1067 4410 sub
1096 4356 1306 4427 ﬁneni),
1341 4368 1553 4426 sumpta
1594 4356 1952 4428 appellatione
1990 4371 2021 4410 a
2050 4372 2196 4427 pra:-

626 4428 780 4494 cipuzi
809 4435 976 4492 parte,
1008 4430 1373 4481 nominantur.

694 4480 1110 4552 SCPl'bellditFUIH
1142 4480 1600 4557 causanarratur,
1634 4499 1821 4562 partim
1854 4494 1908 4550 in
1945 4496 2082 4551 libro
2126 4496 2195 4553 de
2222 4480 2275 4539 D

628 4566 806 4624 Gestis
833 4567 1129 4620 Palaestinis
1157 4566 1308 4637 (Cap.
1343 4568 1453 4634 ll),
1486 4567 1673 4634 partim
1703 4567 1755 4620 in
1786 4568 2194 4621 lletractationi-

626 4639 725 4692 bus
754 4636 895 4710 (Lib.
921 4653 984 4699 ιι,
1010 4653 1125 4704 cap.
1159 4638 1273 4706 5‘5),
1294 4639 1602 4710 feruentibus
1630 4638 1817 4710 scilicet
1845 4640 2198 4692 contentiosis-

625 4707 771 4761 sima
796 4710 1074 4761 assertione
1122 4707 1487 4777 qutestionibus
1510 4709 1577 4761 dc
1621 4708 1947 4761 mortalitate
1984 4710 2191 4770 Adami,

628 4781 893 4853 baptismo
921 4779 1286 4853 parvulorum,
1317 4787 1369 4830 et
1389 4778 2197 4853 evagari-maiaillarcellinoque

627 4850 861 4913 tribuno,
890 4848 978 4913 qui
1009 4848 1392 4901 molestissimos
1414 4848 1698 4916 patiebatur
1722 4848 2063 4917 disputatores
2103 4851 2197 4901 ad-

624 4935 798 4973 rersus
829 4921 1091 4987 antiquam
1119 4919 1465 4984 traditionem,
1488 4932 1581 4986 per
1612 4919 1816 4972 litteras
1844 4919 2195 4988 Augustinum

626 4990 959 5051 consulente,
991 4989 1162 5057 coegit
1193 4998 1432 5057 sanctum
1462 4988 1734 5041 doctorem
1758 4988 2053 5042 sollicitudo
2073 4988 2198 5041 cha-

624 5061 810 5129 ri'atis,
840 5076 993 5129 quam
1025 5056 1143 5127 ergo
1171 5056 1671 5129 ChristigEcclesiam
1717 5074 1806 5128 per
1849 5061 2069 5127 gratiam
2103 5060 2198 5112 Dei

626 5128 861 5191 habebat,
895 5139 950 5181 ut
979 5130 1043 5181 ad
1069 5130 1313 5183 eumdem
1343 5128 1635 5181 Tribunum
1669 5130 2062 5183 muteretduos
2090 5130 2197 5196 pri-

628 5214 770 5269 mum
802 5200 991 5269 libros,
1024 5199 1217 5252 deinde
1246 5200 1478 5269 tertium.
1511 5199 1598 5269 §ic
1624 5201 1765 5252 enim
1796 5200 1867 5251 ait
1893 5198 2029 5269 (Lib.
2056 5214 2114 5252 ιιι
2135 5200 2199 5252 de

626 5267 779 5321 Pecc.
815 5267 1038 5333 Meritis,
1068 5279 1172 5322 etc.
1214 5286 1329 5336 cap.
1362 5267 1453 5337 1):
1502 5267 1627 5321 Post
1675 5270 1779 5321 dies
1814 5267 2142 5336 paucissimos
2166 5287 2198 5323 a

625 5339 791 5391 missis
812 5338 977 5402 libris,
1008 5341 1107 5409 legi
1135 5338 1335 5407 Pelagii
1364 5339 1596 5407 qutedam
1624 5339 1835 5407 scripta.
1866 5341 1985 5403 viri,
2014 5350 2070 5392 ut
2101 5356 2193 5393 au-

625 5409 729 5469 dio,
745 5411 928 5473 sancti,
945 5420 1105 5463 etnon
1128 5426 1280 5476 parvo
1293 5410 1521 5477 profectu
1540 5409 1827 5472 christiani,
1842 5426 1954 5477 qua:
1966 5412 2017 5462 in
2034 5409 2191 5465 Pauli

623 5480 842 5540 apostoli
867 5479 1123 5549 Epistolas
1158 5480 1834 5549 expositionesbrevissimus
1851 5482 2199 5547 continerent;

623 5559 774 5618 atque
803 5550 874 5601 ibi
905 5548 1159 5618 Comperi,
1205 5566 1320 5601 cum
1359 5553 1425 5601 ad
1456 5548 1601 5601 illum
1635 5550 1844 5602 venisset
1874 5550 2069 5614 locum,
2115 5552 2199 5606 ubi

623 5621 746 5673 dicit
782 5620 1054 5683 Apostolus
1090 5619 1275 5689 (Rom.
1313 5634 1361 5682 ν,
1393 5618 1539 5688 12);
1586 5618 1689 5673 Per
1734 5636 1892 5673 unum
1943 5621 2198 5675 hominem

624 5702 880 5764 precatum
901 5693 1116 5748 intrasse
1143 5695 1193 5746 in
1224 5690 1493 5757 mundum,
1547 5700 1593 5765 et
1627 5707 1716 5761 per
1752 5704 2012 5753 peccatum
2052 5708 2193 5745 mor-

2274 441 2396 491 dam
2414 438 3108 513 eornmargumentationem
3134 439 3219 513 qui
3246 448 3433 507 negant
3458 438 3699 513 parvulas
3727 461 3848 513 ρει.

2274 519 2441 579 catum
2473 509 2720 579 originale
2748 518 2963 578 gestare,
2996 516 3101 561 etc.
3152 508 3478 579 Quapropter
3504 508 3742 579 quoniam
3774 515 3851 567 illi

2279 577 2456 649 Operi,
2483 577 2618 649 quod
2640 577 2758 649 jam
2776 592 2911 631 certo
2952 578 3464 649 ﬁneconcluseram,
3512 577 3645 632 nihil
3666 584 3850 637 addere

2274 648 2431 722 uolui,
2465 659 2511 700 et
2537 648 2699 717 ipsam
2726 649 2916 722 eisdem
2942 648 3121 722 verbis,
3149 650 3333 722 quibus
3363 665 3474 722 eam
3504 650 3626 722 legi,
3657 664 3702 704 et
3727 657 3849 722 quid

2276 720 2404 793 mihi
2442 728 2620 771 contra
2656 720 2931 781 redeatur,
2964 718 3081 772 huic
3124 718 3354 788 epistolis
3385 718 3715 773 inserendum
3740 718 3850 793 ’ρκ-

2279 790 2402 841 lavi.

2353 860 2475 914 Post
2510 858 2769 926 judicium
2800 857 3218 925 Carthaginense
3244 858 3574 927 compositos
3603 875 3633 912 a
3665 876 3719 915 se
3753 868 3838 917 'te-

2281 939 2454 985 statur
2482 929 2837 1001 Augustinus,
2866 930 2958 1001 sct_l
2983 938 3118 1001 ante
3133 937 3373 1001 mortem
3392 927 3686 984 Marcellini
3710 932 3846 1001 (Lib.

2281 1016 2316 1054 ιι
2356 1001 2714 1072 ηειταειηιγιρ.
2746 998 2882 1072 55))
2916 997 3221 1072 (ἶιιειινειὶιις,Δ
3243 998 3523 1072 discipulus
3563 1004 3676 1071 ejus
3697 997 3726 1065 ,'
3745 1005 3854 1072 jam

2284 1079 2490 1139 prapter
2522 1068 2649 1121 tales
2664 1066 2981 1122 Passertiones
3008 1069 3147 1139 apud
3170 1066 3539 1140 (Carthaginem
3578 1066 3633 1123 in
3666 1066 3855 1140 episco-

2282 1142 2389 1211 pali
2425 1140 2648 1211 judicio,
2676 1141 2761 1192 ubi
2782 1155 2871 1209 ego
2893 1155 2993 1192 non
3019 1139 3256 1211 interfui.
3287 1139 3855 1211 excommunicationem

2284 1208 2555 1262 meruerat.
2593 1210 2658 1262 Et
2694 1208 2887 1262 alio’in
2931 1211 3049 1262 loeti
3088 1208 3261 1278 (Ibid.
3295 1225 3338 1261 c.
3388 1210 3530 1276 57):
3582 1212 3664 1264 Ad
3688 1228 3852 1279 quem,

2286 1281 2493 1347 inquit,
2544 1281 2846 1347 scripseram
2872 1289 2970 1332 tres
2999 1279 3155 1332 libros
3179 1320 3194 1340 ,
3237 1295 3449 1347 quorum
3478 1281 3658 1333 titulus
3694 1293 3769 1333 est
3800 1285 3857 1335 de

2289 1359 2611 1415 peccatorum
2640 1349 2840 1421 Meritis
2867 1357 2911 1401 et
2932 1349 3268 1411 Remissione,
3298 1351 3381 1402 ubi
3398 1350 3667 1419 diligenter
3688 1353 3856 1421 dispu-

2287 1428 2424 1471 tatur
2444 1421 2594 1471 etiam
2616 1418 2679 1471 de
2703 1420 2950 1491 baptismo
2976 1423 3306 1491 parvulorum
3324 1460 3335 1479 ,
3357 1418 3625 1491 rescripsit
3654 1418 3782 1475 mihi
3809 1441 3858 1476 se

2290 1491 2448 1556 fuisse
2473 1500 2776 1559 pennatam,
2800 1489 2935 1559 quod
2962 1489 3199 1552 dixerim,
3224 1504 3324 1542 etc.
3356 1488 3603 1558 Legenda
3635 1493 3687 1545 in
3715 1508 3858 1547 earli-

2290 1559 2409 1612 dcm
2442 1558 2761 1614 sententiam
2787 1558 3011 1625 epismla
3040 1559 3162 1619 158.
3199 1559 3261 1611 ad
3296 1559 3686 1615 Marcellinum.

2364 1629 2488 1682 Hrec
2513 1645 2631 1682 cum
2663 1638 2805 1683 certa
2834 1629 2960 1694 sint,
2993 1644 3150 1683 ruere
3177 1639 3391 1697 Oportet
3412 1632 3721 1696 Opinionem
3750 1632 3846 1686 Ba-

2298 1700 2432 1752 ronii
2462 1710 2567 1753 tres
2594 1699 2854 1767 ejusmodi
2884 1698 3048 1753 libros
3079 1699 3360 1753 releremis
3388 1700 3452 1752 ad
3482 1715 3677 1753 annum
3708 1700 3806 1757 Ml
3833 1719 3850 1765 ;

2226 1747 2271 1805 Β
2295 1747 3857 1838 j.‘.;iiu'.;.;.'e;.‘i}.3';i;cessisistiist'cJaaiil'itanta

2289 1841 2779 1907 Quadragesimum.

2363 1909 2519 1962 Liber
2560 1911 2627 1963 de
2675 1909 2874 1977 Spiritu
2915 1918 2968 1963 et
2998 1909 3200 1964 Littera
3246 1908 3600 1965 indubitatam
3640 1913 3857 1980 pmlert

2290 1982 2546 2041 temporis
2580 1990 2788 2044 notam;
2824 1981 3054 2047 scriptus
3103 1980 3371 2047 siquidem
3420 1989 3505 2035 est
3545 1991 3665 2045 post
3696 1984 3854 2037 libros

2290 2049 2357 2103 dc
2385 2050 2727 2104 Peccatorum
2762 2050 2984 2115 “eritis,
3034 2058 3090 2103 ct
3127 2063 3251 2103 ante
3283 2061 3507 2104 mortem
3542 2050 3853 2118 Marcellini,

2290 2126 2449 2189 atque
2469 2119 2626 2183 adeo,
2663 2121 2746 2175 vel
2776 2121 2876 2175 sub
2906 2120 3065 2175 linem
3098 2121 3377 2189 praesentis
3402 2122 3554 2189 anni,
3588 2124 3674 2177 vel
3710 2125 3853 2178 initio

2290 2189 2688 2260 consequentis.

2363 2259 2673 2315 Nec'minus
2700 2261 2929 2316 evidenti
2958 2260 3269 2315 charamere
3316 2259 3600 2327 iusignitur
3626 2262 3851 2327 epiStula

2291 2330 2355 2400 ad
2385 2331 2712 2385 Honoratum
2743 2331 2810 2387 de
2837 2331 3004 2400 gratia
3037 2332 3159 2383 novi
3195 2329 3522 2386 Testamenti
3549 2348 3564 2389 :
3610 2333 3693 2388 sic
3718 2335 3854 2389 enim

2291 2399 2619 2471 Augustinus
2666 2399 2995 2463 Marcellino,
3041 2410 3164 2471 post
3206 2404 3431 2464 missos,
3473 2415 3636 2469 atque
3679 2405 3856 2468 etiam,

2294 2472 2552 2524 nonnulla
2576 2470 2714 2524 facta
2744 2470 3108 2540 recognitione
3131 2514 3145 2535 ,
3187 2473 3439 2525 remissos
3469 2482 3579 2525 tres
3605 2472 3776 2525 libros
3801 2476 3861 2529 de

2293 2541 2640 2612 Peccatorum
2674 2542 2873 2612 Meritis
2903 2541 3100 2611 (Epist.
3143 2541 3262 2603 120,
3291 2542 3441 2612 epist.
3478 2542 3603 2612 158)
3631 2561 3644 2594 :
3683 2543 3858 2607 Nunc,

2292 2611 2481 2680 inquit,
2496 2612 2547 2663 in
2567 2612 2798 2665 manibus
2819 2610 2980 2664 habeo
3001 2613 3185 2665 librum
3205 2611 3273 2663 ad
3296 2610 3618 2666 Honoratum
3642 2628 3859 2667 nostrum

2290 2682 2354 2734 de
2372 2681 2731 2749 questionibus
2751 2683 3052 2751 quibusdam
3075 2685 3313 2751 quinque,
3355 2698 3481 2750 quas
3516 2682 3642 2734 mihi
3750 2702 3861 2751 opo-

2291 2753 2414 2805 suit.
2453 2763 2499 2805 et
2539 2767 2628 2805 per
2656 2754 2849 2805 litteras
2869 2754 3139 2805 intimacit.
3166 2753 3231 2805 Et
3256 2752 3362 2805 alio
3385 2754 3435 2805 in
3467 2756 3616 2805 loco:
3653 2702 3859 2805 Εξινὶωο

2291 2753 2414 2816 suit,
2453 2763 2499 2805 et
2539 2767 2628 2818 per
2656 2754 2849 2805 litteras
2869 2754 3139 2806 intimavit.
3166 2753 3231 2805 Et
3256 2752 3362 2805 alio
3385 2754 3435 2805 in
3467 2756 3616 2806 loco:
3653 2752 3732 2806 Eo
3761 2757 3859 2821 ipso

2292 2830 2512 2891 tempore
2526 2838 2623 2891 quo
2646 2832 2821 2874 contra
2848 2820 3139 2875 Donatistas
3162 2822 3473 2875 vehementer
3490 2824 3857 2887 exercebamur,

2291 2900 2337 2945 et
2358 2890 2533 2963 contra
2559 2890 2868 2963 Pelagianos
2888 2894 3109 2946 exerceri
3138 2893 3249 2963 jatn
3291 2908 3624 2963 cteperamus,
3673 2897 3853 2946 anticus

2290 2962 2500 3031 quidam
2531 2963 2665 3015 misit
2705 2962 2828 3014 mihi
2856 2963 3075 3029 quinque
3102 2980 3133 3015 ιι
3186 2961 3493 3032 Carthagine
3535 2966 3855 3031 quasilones,

2293 3043 2338 3105 et
2363 3034 2559 3102 rogavit
2581 3042 2634 3084 ut
2664 3047 2750 3105 eas
2776 3032 2855 3085 illi
2885 3032 3151 3086 scribendo
3183 3049 3504 3102 exponerent,
3531 3043 3639 3087 etc.
3663 3032 3802 3105 (Lib.
3828 3052 3858 3089 ιι

2218 3114 2263 3175 C
2295 3102 2519 3156 Retract.
2551 3118 2644 3173 cap
2670 3102 2784 3171 56).

2870 3187 3010 3227 ANNO
3054 3186 3298 3227 CCCCXIII.

2297 3251 2481 3316 Sermo
2507 3263 2559 3336 in
2584 3262 2665 3336 die
2693 3263 2851 3336 natali
2892 3264 3055 3336 sancti
3084 3261 3302 3336 Joannis
3354 3268 3690 3329 prcccursoris
3722 3267 3738 3336 (
3770 3267 3854 3320 To-

2367 3348 2455 3406 tno
2514 3333 2555 3386 ll
2586 3333 2806 3406 §nppl.)
2834 3347 2849 3397 ;
2877 3362 2949 3372 —
2987 3333 3173 3388 Sermo
3214 3331 3279 3385 14
3329 3337 3395 3388 de
3442 3336 3605 3391 verbis
3646 3331 3855 3406 Apostoli

2366 3402 2557 3473 (Tomo
2585 3403 2630 3456 Χ
2659 3404 2701 3472 ).

2368 3515 2479 3568 Hoc
2509 3531 2648 3571 anno
2676 3515 2843 3571 habiti
2885 3523 3014 3571 sunt
3055 3515 3382 3586 Carthagine
3436 3518 3544 3573 duo
3597 3534 3855 3575 sermones

2295 3586 2360 3637 ad
2393 3587 2666 3653 populum,
2701 3587 2768 3641 de
2817 3588 3086 3656 baptismo
3136 3590 3522 3655 paruulorum:
3567 3593 3768 3657 primus
3811 3594 3853 3644 in

2298 3658 2472 3730 natali_
2490 3657 2925 3730 sanctiloannis,
2958 3673 3141 3730 mense
3178 3656 3388 3730 Junio_(
3418 3674 3452 3712 ιι
3482 3670 3617 3730 part.
3680 3661 3847 3730 Suppl.

2300 3742 2417 3797 pag.
2443 3727 2593 3798 558),
2622 3728 2757 3782 alter
2788 3736 2906 3798 post
2933 3728 3107 3782 natale
3140 3730 3308 3781 sancti
3337 3727 3559 3784 Joannis
3583 3773 3598 3795 ,
3647 3733 3702 3785 in
3740 3727 3855 3785 festo

2299 3797 2571 3867 martyris,
2603 3813 2787 3853 mense
2807 3797 2968 3851 Julia.
3006 3798 3100 3852 Ille
3127 3798 3303 3852 editus
3334 3810 3417 3853 est
3458 3816 3628 3867 nuper
3680 3818 3743 3855 ex
3786 3803 3856 3854 lii-

2299 3868 2564 3921 bliotheca
2620 3870 2803 3936 regia;
2861 3869 2962 3923 isue
3006 3868 3322 3937 jamdudum
3370 3884 3624 3924 censetur
3659 3870 3855 3926 decimo

2298 3950 2490 4008 quarto
2514 3939 2632 3991 loco
2655 3940 2794 3993 inter
2821 3954 3099 3993 sermones
3125 3939 3191 3992 de
3218 3939 3397 3993 verbis
3426 3941 3700 4008 Apostoli.

2375 4010 2444 4080 De
2484 4008 2657 4076 primo
2691 4009 3019 4080 lia'cmhaliet
3063 4010 3390 4080 Augustinus
3438 4012 3651 4080 (Serm.
3707 4012 3769 4065 14
3802 4011 3857 4064 de

2297 4079 2457 4130 verbis
2486 4078 2768 4146 Apostoli).
2806 4078 2986 4132 Natali
3015 4080 3179 4131 sancti
3220 4078 3475 4147 Joannis,
3522 4082 3655 4133 inter
3697 4092 3857 4135 caetera

2298 4164 2411 4218 qua:
2448 4150 2663 4201 dicenda
2716 4152 3036 4214 videbantur,
3077 4150 3146 4202 ad
3190 4149 3495 4213 baptismum
3540 4154 3855 4218 parvulorum

2298 4230 2650 4291 uosterisermo
2689 4220 2934 4272 deductus
2961 4226 3036 4272 est
3059 4235 3078 4285 ;
3100 4228 3154 4291 et
3183 4220 3301 4287 quia
3322 4222 3455 4291 jami
3477 4219 3715 4289 prolixus
3739 4232 3852 4276 erat.

2297 4300 2344 4341 et
2374 4288 2437 4343 de
2462 4290 2552 4341 illo
2573 4291 2890 4343 terminando
2921 4289 3236 4357 cogitabatur
3257 4332 3272 4356 ,
3304 4288 3403 4342 non
3428 4299 3571 4342 tanta
3596 4291 3737 4344 dicta
3754 4300 3852 4343 sunt

2298 4358 2363 4412 de
2390 4367 2533 4429 tanta
2564 4361 2864 4427 quastione,
2889 4368 3076 4429 quanta
3119 4361 3173 4413 in
3202 4360 3423 4427 periculo
3449 4370 3588 4412 tanto
3616 4377 3652 4412 a
3680 4361 3853 4414 sollici-

2302 4430 2364 4482 tis
2400 4428 2503 4481 dici
2530 4429 2808 4484 debuerunt
2832 4445 2850 4483 :
2878 4428 3126 4499 sollicitos
3151 4438 3320 4482 autem
3344 4446 3433 4483 nos
3464 4431 3606 4499 facit,
3634 4448 3735 4484 non
3757 4432 3852 4492 ipsa

2300 4500 2547 4552 sententia
2561 4502 2675 4569 jam
2706 4502 2825 4552 olim
2850 4501 2903 4552 in
2932 4498 3159 4552 Ecclesia
3188 4501 3439 4553 catholica
3468 4498 3672 4553 summa
3698 4511 3849 4553 aucto-

2302 4570 2449 4621 ritate
2470 4570 2703 4638 fundata,
2730 4572 2818 4623 sed
2839 4570 3205 4640 disputationes
3222 4570 3581 4638 quorumdam,
3609 4573 3701 4639 qui
3721 4571 3848 4622 modo

2301 4640 2631 4705 crebrescere,
2664 4650 2710 4692 et
2739 4645 3015 4693 multorum
3056 4641 3254 4694 animas
3307 4650 3523 4693 evertere
3566 4642 3846 4693 moliuntur.

2300 4711 2505 4775 Quibus
2529 4709 2706 4763 verbis
2736 4724 2892 4764 nemo
2917 4725 3025 4763 non
3052 4720 3306 4779 agnoscet
3332 4710 3617 4777 signiﬁcari
3660 4726 3845 4765 seruio-

2303 4794 2627 4851 nemgnnper
2646 4780 2869 4847 editum,
2917 4780 3007 4851 qui
3054 4781 3280 4835 voluerit
3323 4782 3403 4835 vel
3456 4780 3648 4833 leviter
3698 4782 3846 4849 ipsum

2301 4849 2469 4902 Oculis
2494 4850 2741 4904 lustrare.

2376 4918 2459 4989 De
2483 4920 2719 4973 secundo
2771 4920 2842 4973 ita
2885 4919 3026 4974 idem
3082 4920 3446 4989 Augustinus,
3504 4929 3626 4987 post
3674 4920 3844 4989 [accitu

2302 4988 2626 5042 mentionem
2680 4990 2933 5043 librorum
2982 4990 3049 5045 de
3084 4988 3354 5055 Baptismo
3396 4989 3756 5056 parvulorum,
3795 4988 3849 5039 ad

2301 5059 2669 5112 Marcellinum
2701 5061 2889 5113 scribit
2913 5059 3051 5130 (Lib.
3074 5062 3137 5113 de
3154 5060 3293 5115 Gest.
3326 5058 3539 5113 Palam.
3571 5076 3614 5110 c.
3648 5060 3757 5129 Η).
3787 5056 3851 5108 De

2299 5146 2400 5201 quo
2455 5131 2606 5201 etiam
2630 5172 2644 5193 ,
2682 5129 2930 5201 baptismo
2973 5133 3331 5199 parvulorum,
3376 5140 3553 5201 postea
3593 5140 3640 5183 te
3660 5130 3853 5201 jubente

2301 5200 2318 5266 (
2354 5200 2620 5252 Aurelium
2665 5199 2992 5269 alloquitur)
3043 5203 3092 5252 in
3130 5203 3337 5254 basilica
3367 5199 3637 5268 Majorini,
3663 5199 3851 5265 gestans

2298 5270 2352 5321 in
2384 5269 2617 5321 munibus
2644 5273 2748 5339 epis
2776 5272 2909 5323 utam
2939 5272 3296 5339 gloriosissimi
3332 5272 3571 5338 martyris
3601 5269 3849 5340 Cypriani,

2299 5350 2347 5393 et
2377 5341 2439 5394 de
2469 5340 2565 5392 hac
2592 5358 2646 5391 re
2672 5342 2818 5392 verba
2850 5344 2955 5408 ejus
2986 5342 3204 5394 recitans
3232 5354 3378 5404 atque
3421 5351 3732 5409 pertractans
3756 5380 3770 5400 ,
3809 5346 3851 5387 ut

2301 5428 2442 5465 error
2469 5412 2561 5465 iste
2589 5410 2821 5479 nefarius
2850 5413 2911 5465 de
2933 5413 3261 5479 quorumdam
3286 5411 3523 5463 cordibus
3552 5410 3848 5478 auferretur,

2301 5482 2481 5551 quibus
2521 5478 2765 5548 persuasa
2806 5478 3046 5550 fuerant,
3091 5498 3203 5550 quas
3239 5484 3290 5533 in
3335 5482 3414 5533 his
3446 5482 3596 5546 gestis
3647 5478 3850 5551 videmus

2303 5548 2580 5618 damnata,
2619 5548 2831 5618 adjutus
2868 5548 3181 5606 orationibus
3218 5553 3314 5605 tuis
3337 5593 3351 5618 ,
3392 5561 3638 5621 quantum
3689 5548 3848 5617 potui.

2303 5622 2549 5677 Ιαὸιοιωιι.

2377 5693 2601 5748 Habitus
2624 5699 2724 5759 est,
2749 5703 2804 5748 ut
2832 5709 2956 5749 mox
2981 5692 3114 5761 dixi,
3136 5702 3259 5764 post
3289 5692 3480 5749 festum
3504 5690 3677 5747 natale
3702 5683 3847 5743 sancti
