3972 6180
190 347 287 413 MS

402 343 713 401 ῡιδδειιτ.
748 342 830 397 Π.
867 342 954 396 ΒΕ
995 339 1300 397 SCRlPTlS
1342 338 1499 392 ΑΒΚ.
1532 333 1794 391 ιιιεκεδι

1903 332 2130 387 .‘ELAG.
2166 332 2348 387 ANTE
2384 328 2674 385 MOHTEM
2704 330 2759 384 S.
2807 330 3195 387 AUGUS'HNI.

3323 334 3428 390 550

188 463 431 518 Jnatlltls.
461 472 513 512 ct
546 460 596 512 in
623 459 711 513 die
738 459 966 512 solemni
1000 457 1255 525 martyris
1282 453 1582 525 cujusdam,
1619 452 1753 505 Feli-
1787 459 1829 509 Α
1862 447 2304 525 objectorumque
2356 448 2754 525 solutionibus._
2790 447 2945 525 [latio
2991 452 3249 525 temporis
3298 455 3426 525 mihi

184 533 361 586 citatis
410 534 622 597 opinor,
663 544 768 586 non
803 544 919 597 qua:
948 524 1155 581 sociam,
1180 526 1360 578 habuit
1409 524 1752 597 Perpetuam,

189 614 243 657 et
270 594 525 653 Tuburtae
553 614 705 667 passa
737 594 840 659 est,
892 598 985 652 sed
1017 598 1238 650 alterius
1265 603 1471 667 septem
1522 594 1754 667 ﬁliorum

190 679 487 738 martyrum
521 663 729 736 matris,
777 667 929 735 cujus
974 668 1229 719 memoria
1275 679 1330 738 vi
1384 664 1502 738 idus
1548 663 1671 738 Julii
1707 664 1756 713 in

191 733 372 795 Africa
414 753 626 805 quoque
670 733 1071 791 celebrabatur.
1121 737 1213 789 Sic
1240 735 1383 788 enim
1428 733 1759 799 Augustinus

190 817 309 881 post
336 824 401 863 ea
439 824 560 881 quae
590 810 855 881 pertinent
886 808 951 881 ad
999 808 1231 881 priorem
1271 818 1578 881 sermonem
1602 816 1751 881 lno;

192 871 385 939 allata,
417 871 603 944 pergit
640 878 841 942 (Serm.
884 876 949 930 14
985 871 1046 928 de
1086 874 1224 927 verb.
1272 874 1453 944 Apost.
1485 874 1540 938 ):
1593 871 1763 944 H_odie

186 965 306 1018 ergo
337 940 614 1018 adiuvante
644 940 862 998 Domino
885 946 1079 1018 placuit
1107 944 1250 1018 vobis
1279 940 1396 994 hinc
1425 943 1582 1018 loqui.
1616 940 1763 992 Diem

191 1012 694 1087 quidcm'solemnem
726 1012 963 1087 martyris
991 1016 1320 1075 celebramus,
1347 1012 1435 1065 sed
1462 1015 1626 1081 major
1646 1028 1765 1062 cauo

193 1086 248 1140 sa
268 1097 345 1140 est
367 1088 595 1138 omnium
629 1086 857 1152 ﬁdelium
883 1102 1035 1153 quam
1065 1087 1414 1135 tantummodo
1452 1094 1762 1153 martyrum,

196 1169 297 1210 etc.
334 1156 572 1208 Verbum
596 1150 863 1222 Apostoli,
886 1150 1027 1222 quod
1061 1160 1343 1207 tractatum
1368 1163 1472 1215 est,
1502 1150 1595 1205 fuit
1622 1150 1765 1204 istud

188 1228 379 1295 procul
404 1224 588 1285 dubio,
622 1226 764 1293 quod
802 1226 853 1277 in
888 1226 1057 1292 primo
1084 1237 1338 1295 sermone
1376 1224 1597 1295 allatum
1644 1233 1765 1274 est:

198 1293 302 1348 Per
334 1296 501 1347 Adam
526 1294 654 1347 enim
681 1306 941 1363 peccatum
974 1294 1174 1348 intravit
1202 1293 1256 1345 in
1308 1294 1575 1356 mundum,
1604 1301 1659 1363 et
1683 1306 1771 1359 per

195 1377 463 1435 peccatum
493 1380 649 1427 mors,
679 1362 825 1432 atque
861 1366 934 1416 ita
964 1364 1016 1416 in
1052 1378 1221 1417 omnes
1250 1364 1562 1432 pertransiit,
1594 1362 1647 1413 in
1672 1377 1771 1431 quo

198 1451 372 1488 omnes
394 1444 744 1500 peccaverunt.

271 1498 659 1572 Argumentum
691 1504 973 1568 exponitur
1003 1502 1086 1555 his
1111 1501 1293 1555 verbis
1320 1499 1510 1571 (Ibid.)
1536 1518 1547 1551 :
1583 1498 1775 1572 Conce-

202 1577 332 1626 dunt
350 1569 603 1644 parvulos
625 1573 871 1642 baptizari
900 1582 1167 1644 oportere;
1195 1588 1293 1644 non
1321 1569 1442 1644 ergo
1462 1569 1774 1644 quiestioest

202 1646 337 1697 inter
362 1639 457 1696 nos
493 1653 540 1696 et
559 1639 698 1713 ipsos
725 1653 891 1694 utrum
915 1639 1111 1713 parvuli
1142 1639 1437 1713 baptizandi
1448 1640 1696 1713 _sint,_se_d
1714 1639 1777 1691 de

198 1730 360 1767 causa
378 1710 623 1780 quatitur
642 1728 798 1781 quare
815 1712 1103 1781 baptisandi
1121 1715 1240 1776 sint,
1273 1722 1385 1781 etc.
1412 1710 1523 1764 Nos
1558 1710 1775 1781 dicimus

207 1800 291 1836 eos
326 1784 475 1836 aliter
507 1780 717 1835 salutem
732 1790 780 1833 et
796 1780 949 1834 vitam
966 1791 1206 1835 cateruam
1244 1798 1346 1835 non
1368 1780 1653 1839 habituros,
1679 1780 1778 1831 nisi

209 1854 531 1917 baptizentur
562 1853 617 1904 in
642 1850 874 1915 Christo;
904 1853 980 1905 illi
1018 1862 1184 1905 autem
1224 1852 1401 1904 dicunt
1436 1866 1539 1903 non
1574 1858 1782 1919 propter

209 1923 450 1983 salutem,
480 1938 580 1991 non
605 1931 813 1991 propter
854 1923 1007 1973 vitam
1028 1933 1269 1975 teternam
1290 1962 1304 1987 ,
1346 1920 1434 1975 sed
1460 1932 1664 1990 propter
1703 1935 1782 1972 re-

208 2007 370 2060 gnum
396 1990 658 2053 calorum,
683 1990 787 2043 etc.

282 2061 578 2130 Remulus
624 2060 919 2115 rationibus
966 2060 1234 2129 confecta,
1265 2060 1505 2130 adjunxit
1533 2060 1783 2130 Augusti-

217 2146 318 2183 nus
343 2128 482 2198 (Lib.
513 2146 570 2183 ιιι
589 2175 602 2190 ,
645 2132 794 2201 epist.
824 2130 950 2201 87nd
978 2130 1169 2184 Fidum
1199 2132 1262 2184 de
1295 2128 1545 2201 baptismo
1570 2129 1783 2201 infant.)

212 2203 597 2255 auctoritatem
629 2200 799 2271 sancti
844 2200 1115 2271 Cypriani,
1159 2201 1311 2269 cujus
1361 2200 1645 2271 epistolam
1696 2215 1790 2253 au-

221 2272 389 2323 dienti
423 2270 616 2336 populo
646 2270 905 2338 integram
957 2271 1223 2338 praalegit,
1256 2271 1445 2339 partim
1496 2270 1549 2323 in
1591 2273 1787 2338 primo,

219 2342 414 2409 partim
446 2340 497 2392 in
520 2339 756 2393 secundo
782 2355 1053 2409 sermone.
1086 2341 1309 2395 Videtur
1333 2350 1509 2393 autem
1533 2342 1791 2409 llierony-

219 2408 339 2464 mus
371 2410 610 2477 (bialog.
635 2410 679 2480 ἴ)Δ
699 2410 897 2462 advers.
924 2408 1155 2480 Pelag.),
1188 2416 1269 2465 vel
1296 2422 1579 2478 utrumque
1599 2408 1793 2478 legisse

218 2486 287 2532 ab
309 2482 502 2532 ()rosio
528 2496 595 2533 ex
613 2478 785 2533 Africa
811 2478 1071 2543 delatum,
1105 2478 1189 2534 vel
1218 2489 1519 2534 narrantem
1546 2479 1791 2533 Orosium

218 2550 491 2604 audivisse
516 2566 532 2613 ;
564 2548 805 2615 ejusdem
837 2550 981 2602 enim
1008 2550 1255 2617 epistolae
1284 2566 1443 2619 quam
1475 2549 1702 2619 perinde
1730 2562 1793 2602 ac

218 2621 557 2688 Augustinus
588 2619 876 2687 descripsit
906 2622 1224 2674 auctoritate
1260 2635 1385 2675 usus
1411 2631 1511 2675 est.

800 2726 937 2765 ANNO
971 2726 1206 2766 CCCCXIV.

220 2805 377 2857 Liber
400 2805 503 2856 sive
524 2804 735 2871 epistola
763 2805 830 2855 ad
860 2802 1117 2873 Hilarium
1144 2802 1445 2856 monachum
1478 2802 1669 2873 (Tomo
1693 2800 1758 2872 ll)
1782 2818 1796 2867 ;

332 2904 402 2915 -—
432 2874 579 2926 Liber
610 2876 669 2927 de
722 2873 1043 2941 Perfectione
1088 2872 1311 2926 Justitite
1338 2871 1530 2943 (Tomo
1555 2871 1692 2941 VII).

298 2965 631 3032 Augustinus
662 2964 866 3017 llilario
892 2962 1170 3033 Syracusis
1198 2965 1541 3031 interroganti
1572 2964 1804 3033 deiquze-

229 3035 512 3088 etionibus
540 3032 946 3101 Pelagianorum
966 3073 982 3097 ,
1025 3034 1295 3103 respondit
1327 3034 1550 3102 epistola
1585 3036 1601 3101 (
1628 3032 1796 3101 Epist.

222 3104 344 3175 89),
376 3105 695 3175 quamiipse
734 3112 950 3172 propter
996 3104 1354 3171 prolixitatem
1400 3103 1594 3157 librum
1627 3113 1798 3175 vocat.

1811 1818 1858 1877 Β

1864 521 2073 571 videtur
2098 521 2221 571 inde
2250 533 2406 586 posse
2435 535 2539 571 non
2565 518 2985 585 improlialiiliter
3009 522 3274 576 concludi.
3300 524 3423 578 Nam

1859 589 2110 647 Orosius.
2162 592 2210 640 in
2257 605 2351 642 sua
2401 591 2465 640 ad
2515 588 2872 656 Augustinum
2905 589 2970 639 tle
3013 590 3431 647 Prisi-illianistis

1860 658 2280 721 consultatione,
2317 659 2559 729 meminit
2607 658 3033 717 Connnouitorii.
3089 670 3141 712 ut
3175 662 3428 729 loquitur.

1860 732 1928 779 ilo
1975 729 2270 780 ltzcresilius
2311 728 2604 799 Augustino
2644 729 2857 783 abistis
2907 728 3114 781 duobus
3164 728 3431 799 episcopi:

1862 799 2095 851 directi:
2148 815 2247 851 nec
2276 798 2418 850 aliud
2469 798 2681 851 videtur
2749 800 2964 851 nomine
3022 799 3432 855 Commonitorii

1863 869 2238 935 sigiiilictisse,
2328 884 2485 935 quam
2564 870 2765 920 litteras
2837 884 2956 921 cum
3030 870 3434 925 definitionibus

1867 941 2059 1009 missus
2088 953 2101 1000 ;
2136 942 2177 988 si
2207 937 2348 991 enim
2376 938 2515 991 aliud
2543 937 2898 1007 significatum
2930 939 3205 1005 Voluisset,
3226 943 3273 994 id
3308 958 3433 1009 pro-

1866 1007 1950 1061 cul
1996 1009 2161 1060 duino
2206 1024 2311 1060 non
2364 1011 2613 1061 tacuisset
2654 1009 3009 1075 Augustinus,
3054 1023 3108 1061 ut
3138 1026 3200 1063 ex
3256 1007 3434 1067 rerum

1868 1078 2136 1143 adiunctis
2169 1078 2508 1131 ttiattifeSIutii
2541 1087 2641 1131 est.
2675 1080 2807 1130 (Iunt
2841 1093 2967 1147 ergo
2988 1082 3304 1134 consultatio
3330 1100 3434 1136 non

1864 1148 2063 1214 exiguo
2094 1158 2335 1212 tempore
2364 1150 2702 1215 praecesserit
2721 1150 2919 1211 Orosii,
2953 1150 3071 1202 sive
3088 1167 3152 1201 ex
3177 1154 3344 1217 patria
3368 1155 3434 1204 ad

1870 1217 2245 1283 Augustinum,
2278 1220 2389 1271 sive
2418 1234 2486 1271 ex
2520 1219 2695 1271 Africa
2734 1219 2799 1271 ad
2835 1218 3213 1288 Hieronymum
3264 1222 3438 1288 profe-

1871 1290 2122 1351 cti0nem,
2155 1304 2385 1354 cumque
2426 1289 2659 1356 scriptus
2708 1292 2775 1340 sit
2822 1288 2958 1342 liber
3000 1292 3067 1341 de
3106 1290 3438 1345 Perit-ctione

1871 1356 2120 1420 Justitize,
2153 1370 2204 1412 et
2233 1370 2357 1412 ante
2388 1360 2613 1411 reditum
2646 1359 2820 1411 Orosii
2850 1373 2913 1411 et
2955 1358 3174 1414 Oriente
3218 1362 3270 1414 in
3300 1364 3442 1415 Alri-

1873 1442 2014 1492 cam,
2046 1440 2097 1479 et
2129 1438 2408 1497 postquam
2459 1432 2783 1497 Augustinus
2813 1429 3015 1489 lltlarii,
3048 1444 3101 1482 ut
3132 1436 3343 1499 opinor.
3374 1434 3441 1487 de

1874 1509 2095 1567 accepta
2126 1501 2349 1565 epistola
2389 1502 2589 1567 gratias
2611 1500 2815 1565 agentis
2847 1501 3198 1564 responsione
3226 1502 3443 1557 didicis-

1877 1576 1980 1629 set,
2003 1566 2315 1622 leestium
2344 1566 2446 1621 non
2466 1584 2586 1623 esse
2610 1570 2660 1622 in
2690 1569 2895 1634 Sicilia,
2932 1583 3154 1625 necesse
3192 1584 3276 1626 est
3302 1589 3443 1627 nunc

1879 1639 2139 1704 temporis
2170 1640 2329 1693 fuisse
2375 1638 2698 1693 confectum.

1956 1706 2148 1781 _\'eruin
2204 1722 2389 1763 contra
2438 1709 2574 1781 hanc
2627 1709 2887 1781 rationem
2940 1713 3193 1779 temporis
3248 1720 3445 1781 pugnat

1883 1776 2113 1849 obiectio
2145 1792 2273 1832 sane
2297 1782 2497 1848 gravis.
2528 1780 2657 1833 Nam
2686 1779 2732 1833 si
2756 1776 3131 1849 liberistejam
3159 1776 3281 1837 tunc
3313 1776 3445 1836 t'em-

1888 1848 2029 1917 poris
2056 1844 2241 1902 luisset
2269 1844 2605 1917 conscriptus
2626 1865 2745 1903 cum
2771 1852 2990 1903 Orosius
3018 1844 3069 1904 in
3104 1852 3442 1907 Palaestinam

1890 1915 2157 1983 prolectus
2186 1928 2288 1981 est,
2335 1920 2403 1972 ab
2432 1915 2546 1987 ipso
2588 1920 2798 1974 delatus
2848 1932 2990 1974 esset
3041 1937 3144 1976 una
3171 1938 3293 1976 cum
3326 1924 3448 1977 aliis

1886 1986 2151 2060 Operibus
2200 1999 2325 2043 tunc
2372 1986 2669 2056 absolutis,
2720 1990 2869 2042 libris
2916 2006 3107 2060 nempe
3166 1990 3337 2047 tribus
3380 1995 3446 2047 ad

1887 2056 2276 2132 Marcellinum,
2295 2073 2551 2132 sermone
2580 2062 2646 2113 14
2672 2060 2738 2113 de
2763 2061 2940 2112 Verbis
2962 2056 3225 2127 Apostoli,
3256 2073 3310 2118 et
3336 2066 3450 2132 epi-

1888 2126 2022 2196 stola
2053 2128 2117 2180 ad
2143 2129 2433 2193 llilariuin;
2465 2145 2639 2196 neque
2663 2132 2804 2182 enim
2836 2132 3056 2184 minoris
3089 2137 3344 2187 momenti
3372 2126 3452 2185 vi-

1890 2194 2005 2270 deri
2037 2198 2205 2270 potuit
2233 2199 2299 2250 ad
2328 2215 2439 2252 rem
2478 2194 2596 2251 lidei
2625 2208 2808 2252 contra
2843 2200 3111 2270 Pelagium
3155 2204 3448 2261 defenden-

1872 2266 2033 2341 dam.
2071 2267 2308 2320 Delatum
2341 2283 2471 2341 vero
2500 2284 2602 2321 non
2635 2270 2799 2322 fuisse
2826 2284 2889 2341 ett
2921 2266 2991 2323 e6
3033 2282 3279 2336 constat;
3308 2274 3450 2341 quod

1892 2347 1946 2389 et
1975 2334 2327 2409 llieronymus
2363 2339 2431 2390 de
2459 2339 2804 2409 impeccantia
2844 2339 3121 2407 disputans
3152 2334 3450 2409 ipsius-non

1895 2408 2159 2479 meminit,
2186 2423 2289 2460 non
2312 2410 2529 2469 oblitus,
2558 2425 2678 2463 cum
2720 2408 2785 2461 de
2818 2410 3076 2474 baptismo
3110 2408 3451 2479 parvulorum

1894 2489 2096 2542 ageret,
2129 2478 2381 2531 libroruin
2412 2480 2479 2532 ad
2524 2480 2920 2543 Marcellinum;
2966 2478 3119 2538 etde
3159 2484 3274 2547 ipso
3323 2484 3455 2539 nihil

1896 2547 2120 2600 Orosius
2161 2548 2350 2621 legerit
2380 2548 2430 2621 in
2458 2550 2664 2618 synodo
2689 2548 2943 2621 Joannis,
3000 2566 3119 2621 cum
3149 2561 3325 2605 tamen
3356 2569 3457 2621 0p-

1901 2629 2189 2684 portunum
2221 2619 2508 2671 admodum
2541 2627 2683 2672 esset
2710 2635 2722 2680 ;
2765 2629 2819 2671 et
2855 2619 2977 2671 inde
3006 2620 3137 2674 nihil
3185 2619 3460 2687 objecmm

1901 2692 1971 2740 sit
2011 2690 2227 2764 Pelagio
2270 2689 2528 2764 Diospoli,
2563 2691 2663 2742 etsi
2690 2689 2867 2764 longe
2905 2690 3054 2757 plura
3104 2696 3460 2764 pravioraque

1900 2761 2175 2813 contineat
2200 2774 2356 2825 quam
2385 2759 2593 2812 libellus
2618 2759 3017 2827 episcoporum.

1974 2831 2123 2884 Facit
2150 2829 2264 2881 lizec
2284 2829 2518 2894 objectio
2544 2838 2600 2882 ut
2619 2832 2936 2882 sententiam
2968 2845 3142 2883 meam
3170 2846 3272 2885 non
3307 2833 3462 2888 indu-

1904 2900 2178 2954 bitaliilem
2216 2899 2438 2965 opiner:
2470 2914 2575 2953 non
2607 2899 2729 2952 facit
2760 2910 2937 2952 tamen
2982 2911 3037 2952 ut
3069 2902 3251 2955 taleam
3298 2919 3416 2957 rear
3445 2921 3461 2967 ;

1906 2970 2242 3041 potuitienim
2272 2970 2386 3041 lieri
2416 2978 2473 3041 ut
2503 2969 3149 3041 quemadmodumlibrtim
3198 2972 3266 3025 de
3294 2974 3463 3041 Spiri-

1907 3050 1971 3093 tu~
1988 3050 2045 3095 et
2068 3040 2269 3093 Littera
2297 3039 2516 3092 Orosius
2545 3039 2627 3093 vel
2658 3054 2762 3093 non
2790 3039 3011 3104 detulit,
3040 3041 3122 3094 vel
3147 3058 3250 3096 non
3281 3039 3468 3098 memi-

1910 3111 2006 3170 nit,
2058 3112 2127 3164 ita
2158 3123 2255 3162 nec
2282 3108 2461 3173 istam,
2520 3108 2642 3162 licet
2670 3120 2892 3176 uterque
2939 3111 3161 3163 multum
3201 3114 3469 3168 conducat

214 3174 354 3229 Fuit
380 3174 1216 3247 ver0_llilariuslutcustgtttlltm.
1250 3175 1445 3242 quippe
1478 3188 1635 3247 quell!
1687 3174 1796 3225 Αυ-
1822 3184 1866 3245 C
1900 3182 1965 3235 ad
2007 3180 2167 3233 (idem
2214 3178 2493 3232 tuendam.
2545 3179 2721 3232 Pomit
2768 3174 2967 3247 pariter
3010 3180 3122 3233 ﬁeri
3167 3192 3223 3235 ut
3275 3186 3463 3237 eadem

225 3248 481 3314 gnstinus
510 3243 673 3305 ﬁlium
706 3244 946 3314 nominat
970 3243 1105 3313 (Lib.
1131 3245 1193 3296 de
1223 3247 1363 3296 Gest.
1392 3260 1437 3295 ε.
1470 3242 1579 3311 il),
1613 3258 1797 3295 mona-

225 3313 394 3370 chum
433 3314 748 3367 llincmarus
778 3313 915 3381 (Lib.
944 3316 1007 3367 de
1043 3314 1444 3379 Prcedestinat.).

306 3384 469 3438 Ratio
503 3385 758 3451 temporis
787 3398 893 3451 quo
941 3383 1195 3449 scriptam
1242 3384 1469 3437 dicimus
1515 3383 1796 3449 epistolam

224 3455 410 3520 hanc,
442 3453 602 3507 facile
648 3454 771 3507 inde
797 3452 1104 3509 conticitur.
1137 3454 1221 3507 Ab
1261 3456 1448 3507 Ur0sio
1474 3455 1527 3507 in
1561 3454 1797 3506 Palaesti-

230 3541 363 3580 nam
393 3525 571 3577 delata
599 3531 679 3575 est
704 3523 943 3593 (Orosius
970 3525 1019 3575 in
1045 3526 1317 3593 apolog.rc.
1351 3523 1407 3591 5)
1434 3568 1447 3587 ,
1481 3524 1719 3593 lectaque
1746 3525 1797 3575 in

230 3605 511 3648 conventu
543 3592 978 3664 presbyterorum
1008 3595 1096 3648 die
1143 3592 1211 3649 50
1247 3592 1371 3647 Julii
1401 3596 1525 3646 anni
1557 3592 1692 3658 M5,
1719 3593 1802 3664 ab

228 3666 573 3733 Hieronymo
600 3663 931 3716 memoratur
974 3664 1025 3716 in
1058 3666 1091 3718 5
1123 3664 1354 3732 dialogo,
1396 3679 1552 3731 quem
1583 3663 1801 3718 absolu-

168 3770 169 3773 η
228 3747 349 3789 tum
384 3749 510 3787 esse
534 3744 660 3786 ante
689 3733 953 3803 synodum
990 3734 1401 3800 Diospolitanam
1430 3733 1800 3787 ostendimus:

228 3808 292 3859 in
325 3805 753 3873 eadeni_syiitido
786 3804 908 3873 itide
946 3803 1158 3873 Pelagio
1182 3803 1651 3873 quiaadamobjecm
1683 3810 1806 3856 sunt

218 3874 378 3944 (Lib.
409 3873 475 3925 de
502 3870 648 3944 Cest.
676 3890 791 3943 cap.
828 3872 938 3940 ll).
966 3870 1099 3926 (Iuni
1130 3890 1259 3942 ergo
1289 3870 1523 3944 Orosius
1544 3874 1597 3926 in
1636 3874 1804 3926 Palae-

229 3942 437 3999 SIinani
469 3942 677 3996 venerit
705 3958 869 3995 verna
899 3953 1214 4011 tempestate
1250 3959 1379 3996 ann.
1419 3942 1546 4004 “Si,
1578 3957 1805 4011 cumque

232 4014 457 4083 ipseiile
488 4012 584 4064 hac
611 4013 833 4079 epistola
863 4012 1167 4081 Augustini,
1193 4025 1247 4066 et
1272 4013 1340 4065 de
1360 4013 1464 4066 alia
1499 4012 1805 4083 llieronymi

233 4086 305 4137 ad
338 4082 744 4150 Ctesiphontem
770 4082 1015 4148 loquens,
1050 4094 1329 4148 utramque
1360 4098 1529 4148 nuper
1553 4082 1806 4151 scriptam

233 4154 465 4224 dixerit,
475 4164 640 4224 _certe
660 4168 779 4224 cum
808 4152 1031 4224 epistola
1056 4152 1387 4224 Hieronymi,
1412 4155 1493 4207 vel
1524 4155 1624 4207 sub
1650 4154 1809 4207 linem

231 4224 369 4278 anni
399 4221 527 4289 “5,
554 4226 637 4275 vel
664 4221 887 4289 hujusce
929 4220 1032 4274 4H
1062 4222 1215 4276 initio
1245 4220 1364 4277 data
1395 4226 1499 4287 sit;
1540 4223 1809 4277 latendum

233 4310 459 4363 quisque
490 4302 593 4357 est,
625 4290 910 4360 Augustini
932 4292 1250 4360 epistolam,
1282 4293 1369 4345 vel
1400 4307 1629 4363 exeunte
1654 4308 1814 4363 anno

235 4362 369 4428 M5,
395 4364 539 4432 quod
566 4365 742 4417 minus
764 4376 906 4429 reor,
926 4362 1009 4416 vel
1031 4364 1251 4417 ineunte
1273 4364 1377 4417 isto
1401 4362 1525 4428 414,
1560 4362 1814 4433 scriptam

233 4438 434 4489 inisse.

313 4505 503 4571 Neque
550 4518 679 4558 vero
730 4504 876 4570 prius
919 4503 1079 4557 scribi
1126 4502 1326 4570 potuit,
1364 4519 1483 4556 cum
1532 4504 1583 4557 in
1625 4519 1687 4557 ea
1726 4504 1817 4557 fiat

238 4557 471 4638 ιιιέιιιίὶ),
489 4557 611 4627 tuni
638 4557 825 4643 jtnl'icii
851 4575 918 4627 de
948 4557 1202 4628 lecs'tio
1228 4557 1353 4627 lacti
1378 4575 1697 4643 Carthagine
1716 4574 1817 4628 sub
1846 4557 1896 4615 ι)

240 4646 458 4699 initium
492 4645 615 4697 anni
664 4645 807 4708 412;
869 4653 977 4697 tum
1031 4644 1287 4697 librorum
1341 4645 1409 4699 de
1465 4645 1813 4699 Peccatorum

241 4716 473 4785 Meritis.
504 4724 558 4768 et
591 4714 710 4767 libri
758 4716 825 4767 de
861 4715 1060 4784 Spiritu
1083 4723 1135 4767 et
1163 4713 1385 4778 Littera,
1419 4715 1509 4785 qui
1537 4715 1667 4768 editi
1690 4731 1816 4769 ann.

241 4784 376 4851 612,
412 4791 513 4838 sub
542 4786 697 4839 linem
726 4802 740 4851 ;
772 4794 883 4838 tum
912 4787 1143 4851 denique
1188 4786 1675 4839 ecclesiasticorum
1706 4800 1822 4839 ser-

215 4871 505 4920 .monum,
555 4855 621 4925 de
670 4855 1059 4922 quaestionibus
1108 4854 1548 4925 Pelagianorum.
1592 4870 1819 4925 quorutn

247 4927 509 4993 praecipui
548 4924 764 4979 fuerunt
795 4926 870 4978 illi
900 4926 1008 4979 duo
1037 4940 1140 4992 quo
1163 4923 1328 4978 habiti
1356 4942 1484 4979 ann.
1512 4923 1636 4989 H5,
1682 4926 1822 4980 circa

238 4996 509 5050 medium.

322 5064 456 5119 lude
484 5080 615 5119 vero
638 5066 897 5120 evertitur
919 5063 1099 5134 opinio
1131 5065 1364 5131 Baronii,
1386 5066 1667 5133 epistolam
1693 5066 1826 5119 hanc

248 5136 489 5190 volentis
510 5137 766 5203 scriptam
798 5136 983 5189 luisset
1010 5151 1138 5188 ann.
1170 5134 1296 5199 411,
1320 5136 1371 5190 id
1403 5146 1504 5204 est,
1537 5147 1662 5191 ante
1683 5135 1823 5204 judi-

248 5208 403 5278 cium
440 5206 507 5260 de
540 5205 1119 5278 Celestiorexercitum
1145 5206 1490 5278 Carthagine,
1522 5217 1578 5263 et
1598 5209 1826 5271 scriptos

252 5276 327 5329 ad
360 5276 728 5331 Marcellinum
758 5277 943 5331 libros.

331 5345 412 5399 Ad
435 5346 574 5400 idem
603 5347 1026 5417 ipsumtetnpns,
1055 5345 1100 5400 si
1125 5355 1299 5403 tamen
1330 5364 1435 5403 non
1461 5350 1529 5403 ad
1550 5348 1822 5415 superius,

258 5420 499 5483 pertinet
525 5417 658 5472 liber
678 5420 745 5473 de
772 5416 1107 5472 Perfectione
1136 5418 1387 5484 Justitiae,
1419 5436 1525 5487 quo
1553 5420 1830 5487 respondit

258 5489 595 5559 Augustinus
632 5488 772 5559 libro
809 5504 969 5556 quem
1000 5503 1067 5542 ex
1107 5488 1282 5543 Sicilia
1314 5501 1589 5559 acceptum
1632 5490 1829 5559 Paulus

261 5563 322 5608 et
347 5556 658 5627 Eutropius,
688 5558 1061 5625 Hispaniarum
1109 5559 1367 5627 episcopi,
1396 5556 1464 5616 ad
1504 5562 1673 5628 ipsum
1728 5558 1828 5612 mi-

265 5628 473 5679 Serant.
508 5629 633 5681 Erat
663 5629 753 5683 ille
772 5627 1034 5691 Caelestii,
1067 5638 1123 5682 ut
1148 5630 1454 5694 dicebatur,
1486 5627 1828 5684 cuntinebat-

268 5710 373 5781 (δυο
419 5697 755 5781 definitiones
805 5698 1096 5780 sexdecim,
1134 5700 1827 5781 Arsen.ratiocinationesude

269 5768 671 5846 ἁναμαρτησίᾳ,
722 5784 843 5827 cum
898 5770 1011 5826 suis
1058 5785 1093 5826 e
1138 5768 1416 5840 Scriptura
1465 5771 1823 5837 testimoniis,

1903 3266 2065 3303 causa
2091 3264 2185 3302 cur
2214 3249 2543 3317 Augustinus
2573 3248 2713 3302 hunc
2744 3252 2883 3302 inter
2913 3251 3272 3304 recensendos
3297 3254 3466 3308 libros

1904 3320 2330 3388 pnetermiserit,
2362 3333 2569 3372 memor
2596 3326 2772 3373 tamen
2801 3319 3039 3385 epistola:
3082 3320 3147 3373 ad
3180 3322 3463 3388 Hilarium,

1902 3392 2135 3445 vetuerit
2164 3403 2231 3443 ne
2261 3393 2432 3457 ipsum
2465 3390 2689 3443 Orosius
2717 3405 2899 3444 secum
2943 3390 3279 3458 deportaret,
3334 3393 3470 3448 forte

1904 3462 2158 3515 nimirum
2191 3460 2369 3533 missae
2405 3459 2471 3511 ad
2518 3459 2794 3533 Paulinum
2820 3470 2875 3514 et
2896 3460 3213 3533 Eutropiuin
3246 3478 3472 3533 respou-

1904 3533 2072 3584 sionis
2103 3530 2495 3599 apographum,
2538 3532 2618 3583 vel
2653 3530 2858 3583 nullum
2894 3531 3134 3600 Hippone
3176 3530 3469 3599 servatum,

1904 3601 1990 3654 vel
2024 3603 2211 3653 amicis
2239 3604 2633 3653 commodatum
2664 3611 2722 3654 ut
2749 3601 3167 3663 describeretur,
3199 3606 3473 3659 communi

1905 3687 2026 3725 cum
2059 3672 2195 3733 aliis,
2219 3683 2443 3736 quorum
2476 3671 2717 3724 meminit
2750 3670 3043 3736 Possidius,
3066 3672 3217 3726 libris
3247 3678 3351 3728 lato
3372 3690 3470 3729 re-

1906 3742 2144 3808 caperari
2177 3754 2280 3791 non
2314 3740 2507 3807 potuit.

2492 3843 2628 3882 ANNO
2683 3844 2902 3882 CCCCXV.

1909 3923 2039 3977 Duas
2076 3921 2302 3991 epistola:
2324 3922 2389 3975 al
2421 3921 2795 3991 Hieronymum
2825 3923 2841 3989 (
2866 3921 3035 3975 Tomo
3064 3921 3103 3975 ll
3134 3921 3190 3987 );
3220 3951 3290 3963 —
3318 3924 3474 3980 Liber

2198 3995 2261 4045 de
2293 3992 2497 4046 Natura
2518 4002 2562 4044 et
2592 3991 2773 4045 Gratia
2808 3992 3016 4061 (Tomo
3044 3991 3132 4046 VII
3154 3995 3191 4060 ).

1982 4086 2311 4155 Augustinus
2342 4084 2475 4138 duas
2504 4083 2649 4137 dedit
2673 4083 2739 4137 ad
2768 4080 3155 4155 Hieronymum
3193 4085 3476 4151 epistolas;

1912 4154 2136 4210 alteram
2170 4155 2361 4223 (Epist.
2398 4155 2522 4221 166)
2548 4154 2614 4207 de
2642 4154 2849 4220 origine
2880 4157 3207 4217 animarum,
3255 4158 3477 4209 alteram

1914 4227 2107 4298 (Epist.
2136 4226 2231 4291 29)
2274 4227 2345 4298 de?
2387 4226 2504 4279 locii
2547 4224 2771 4298 Jacobi:
2806 4225 2907 4287 Qui
2945 4223 3213 4298 o/fenderit
3241 4225 3293 4278 in
3334 4242 3436 4279 uno
3462 4269 3478 4292 ,

1918 4293 2083 4367 factus
2102 4308 2183 4367 est
2212 4297 2437 4347 omnium
2457 4312 2590 4348 reus.
2624 4296 2912 4367 Utramque
2932 4293 3125 4367 detulit
3143 4309 3324 4367 secum
3347 4298 3482 4349 Oro-

1916 4362 2049 4433 sius,
2081 4366 2148 4419 de
2170 4379 2275 4437 quo
2314 4368 2663 4437 Augustinus.
2714 4362 2862 4415 Venit
2884 4364 3055 4437 adrne
3088 4366 3355 4437 religiosus
3388 4369 3483 4437 ju-

1918 4438 2055 4491 venis
2083 4435 2333 4487 catholica
2369 4450 2491 4503 pace
2520 4434 2709 4501 frater,
2740 4442 2887 4487 wtate
2915 4434 3083 4501 ﬁlius,
3126 4434 3320 4489 honore
3349 4434 3483 4490 com-

1923 4507 2178 4575 presbyter
2197 4514 2365 4577 noster
2384 4504 2618 4577 Orosius,
2640 4505 2771 4577 vigil
2785 4505 3008 4577 ingenio,
3028 4518 3240 4577 paratus
3262 4508 3480 4577 eloquio,

1921 4573 2157 4647 ﬂagrans
2177 4574 2366 4647 studio,
2398 4573 2521 4627 utile
2550 4592 2635 4647 vas
2665 4576 2717 4627 in
2740 4573 2889 4647 domo
2912 4573 3121 4647 Domini
3158 4594 3263 4631 esse
3281 4573 3483 4631 des-ide-

1922 4645 2063 4713 rans,
2094 4646 2160 4699 ad
2192 4646 2495 4716 refellendas
2537 4645 2699 4714 falsas
2729 4645 3141 4716 perniciosasque
3185 4649 3445 4701 doctrinas
3468 4689 3483 4711 ,

1923 4734 2037 4786 qua:
2067 4714 2262 4768 animos
2293 4714 2645 4787 Hispanorum
2665 4714 2821 4768 multo
2849 4715 3106 4787 infelicius
3134 4733 3281 4784 quam
3310 4734 3487 4787 corpo-

1925 4806 1984 4841 ra
2012 4786 2302 4840 barbaricus
2340 4786 2543 4854 gladius
2582 4787 2922 4839 trucidarunt.
2957 4786 3096 4838 Nam
3132 4787 3248 4838 inde
3284 4789 3352 4838 ad
3395 4804 3487 4840 nos

1927 4875 2084 4927 usque
2105 4857 2165 4908 ab
2196 4855 2382 4908 Oceani
2408 4857 2576 4910 littore
2590 4856 2902 4927 praperavit,
2938 4859 3077 4924 fama
3122 4857 3315 4908 excitus
3352 4859 3485 4926 quod

1929 4946 1962 4981 a
1988 4925 2065 4981 nte
2088 4934 2248 4997 posset
2270 4928 2333 4978 de
2350 4927 2413 4978 iis
2443 4942 2557 4997 quae
2592 4925 2722 4979 scire
2749 4925 2894 4978 vellet
2923 4926 3169 4991 quidquid
3197 4928 3338 4979 vellet
3366 4925 3486 4979 au-

1930 5000 2058 5052 dire.
2094 4996 2271 5066 Neque
2294 4999 2494 5050 nullum
2523 5000 2650 5064 cepit
2674 4998 2913 5051 adventus
2940 4998 3016 5049 sui
3042 5001 3283 5065 fructum.
3313 4997 3489 5050 Primo

1930 5085 1993 5122 ne
2019 5070 2082 5122 de
2110 5084 2188 5120 me
2207 5070 2421 5120 multum
2458 5071 2612 5138 [amre
2646 5070 2901 5129 crederet;
2928 5068 3108 5119 deinde
3136 5068 3287 5138 docui
3326 5066 3491 5120 homi-

1930 5154 2045 5193 nem
2071 5139 2209 5209 quod
2238 5140 2381 5207 potui
2405 5154 2423 5202 ;
2444 5137 2580 5207 quod
2607 5148 2776 5190 autem
2802 5154 2902 5189 non
2931 5139 3100 5209 potui,
3140 5137 3272 5189 unde
3301 5138 3492 5190 discere

1929 5207 2098 5281 posset
2121 5209 2387 5281 admonui,
2412 5220 2561 5281 atque
2584 5217 2637 5259 ut
2658 5211 2724 5260 ad
2754 5218 2801 5260 te
2830 5209 2922 5260 iret
2950 5207 3179 5260 hortatus
3208 5223 3320 5281 sum
3376 5208 3490 5274 Qua

1928 5278 1983 5332 in
2009 5296 2065 5333 re
2086 5278 2354 5332 consilium
2391 5278 2467 5331 vel
2509 5289 2813 5348 praceptum
2850 5294 3016 5331 meum
3043 5295 3156 5330 cum
3204 5279 3413 5331 libenter
3444 5290 3492 5330 et

1931 5350 2222 5403 obedienter
2248 5351 2519 5419 acciperet,
2564 5350 2741 5419 rogavi
2767 5364 2879 5402 eum
2907 5360 2962 5401 ut
2991 5348 3085 5419 abs
3108 5360 3154 5401 te
3174 5351 3375 5402 veniens
3405 5365 3493 5417 per

1930 5436 2023 5473 nos
2038 5420 2107 5472 ad
2120 5420 2333 5488 propria
2357 5418 2635 5473 remearet.
2658 5420 2822 5485 Quam
2849 5426 2961 5489 ejus
2982 5418 3397 5485 pollicitationem
3423 5431 3494 5472 te-

1931 5490 2396 5552 nens,occasionem
2423 5489 2547 5541 mihi
2568 5490 2765 5543 credidi
2785 5508 2814 5541 a
2836 5489 3053 5541 Domino
3075 5504 3180 5541 esse
3201 5504 3491 5543 concessam

1930 5576 2031 5630 qua
2058 5561 2144 5611 tibi
2173 5560 2440 5630 scriberem
2477 5560 2540 5613 de
2563 5561 2627 5613 iis
2660 5576 2773 5630 quia
2806 5570 3002 5630 perte;
3025 5560 3154 5611 scire
3176 5563 3354 5630 cupio,
3388 5569 3490 5613 etc.

2001 5630 2218 5683 Librum
2248 5629 2314 5684 de
2346 5630 2544 5684 Natura
2592 5639 2646 5685 et
2689 5628 2868 5685 Gratia
2901 5628 3247 5683 inchoaverat
3279 5631 3493 5700 quidem

1930 5713 2214 5765 antequam
2254 5702 2476 5754 Orosius
2520 5700 2764 5769 Hippone
2812 5700 3063 5760 solveret.
3106 5700 3202 5754 sed
3251 5701 3485 5769 nondum

1931 5771 2252 5827 absolverat.
2276 5770 2427 5828 Unde
2443 5774 2493 5827 in
2520 5768 3008 5828 Ri'tractationibus
3026 5769 3163 5842 (Lib.
3182 5786 3217 5825 tt
3231 5787 3341 5840 cap.
3368 5768 3485 5834 42):
