3980 6182
445 292 550 350 559

907 291 1000 346 AD
1031 288 1307 344 PARTEM
1339 286 1603 343 PRIMAM
1633 286 1917 344 OPERUM
1949 289 2018 346 Μ.
2055 287 2498 347 MERCATORIS
2527 287 2868 343 APPENDIX
2903 287 3236 344 SECUNDA.

3593 293 3702 350 560

451 409 618 461 disset
653 405 938 473 praisenti:
971 402 1116 454 misit
1144 412 1348 473 autem,
1376 400 1761 473 cumprimum
1796 405 2022 470 accepit,
2054 409 2102 466 Α
2201 403 2306 458 Sed
2334 404 2588 470 quoniam
2622 403 2813 457 Vitalis
2836 405 3079 458 meminit
3121 405 3399 470 Baronius,
3428 417 3482 460 et
3526 408 3703 464 incer-

454 471 749 546 llipposiem
775 485 960 546 aestate
987 471 1368 538 consequentis
1398 471 1678 546 annitnec
1709 481 1885 524 tamen
1917 477 2022 546 Auf

451 541 664 615 μὲίίηο
718 542 907 615 redditi
955 551 1098 604 sunt,
1124 552 1522 615 _preeterqttatn_
1553 541 1604 615 in
1643 541 1752 615 line
1779 544 2021 615 autumni

451 610 590 685 (Lib.
623 616 728 668 tad
760 612 1084 685 Rettatum‘c.
1118 612 1189 678 l).
1211 610 1334 685 Non
1382 612 1554 677 pctuit
1587 612 1849 685 igitur-ad
1889 614 2024 666 scri-

455 680 685 740 bendum
717 681 974 735 accedere
1001 681 1328 749 Augustinus
1349 689 1472 732 ante
1501 695 1698 733 annum
1720 680 1847 735 420.

523 757 715 808 Missus
744 760 827 805 est
861 749 927 804 ad
969 749 1238 804 Valerium
1269 751 1518 804 comitem
1547 751 1736 803 eodem
1787 766 1927 804 anno
1959 751 2021 805 li-

453 826 550 879 ber
578 821 845 877 secundus
883 821 950 874 de
973 819 1182 888 Nuptiis
1211 830 1265 873 et
1293 820 1642 886 Concupisc.;
1677 835 1849 887 neque
1877 823 2020 875 enim

454 895 601 962 prius
629 893 829 961 potuit,
889 905 1008 944 nam
1058 905 1178 962 cum
1206 889 1409 962 primus
1449 891 1684 962 venisset
1734 893 1786 944 in
1823 890 2022 962 Juliani

459 960 722 1032 Pelagiani
779 975 986 1023 manus,
1043 960 1261 1032 scripsit
1287 960 1375 1014 ille
1403 960 1661 1032 adversus
1708 974 1828 1013 eum
1858 961 2021 1016 libros

454 1029 703 1101 quatuor,
748 1045 947 1101 eosque
978 1044 1082 1083 non
1129 1031 1394 1101 exig_u«>s._
1426 1045 1489 1084 ex
1523 1029 1716 1098 quibus
1764 1033 2022 1085 nonnulla

456 1098 672 1170 quidam
707 1098 992 1166 decerpsit,
1039 1109 1093 1152 et
1123 1099 1302 1152 comiti
1353 1098 1569 1153 Valerio
1600 1101 1766 1162 misit,
1790 1169 1795 1170 ί
1818 1116 1936 1166 quae
1969 1112 2024 1156 et

458 1169 574 1242 ipse
622 1172 762 1226 misit
794 1170 1245 1242 AlipittLAllpiuS
1273 1171 1591 1239 Augustino,
1623 1172 1710 1238 qui
1752 1169 1859 1242 alio
1887 1171 2024 1242 libro

457 1239 524 1296 ad
552 1258 614 1298 ea
646 1245 754 1310 ipsa
779 1239 1076 1310 respondit.
1112 1241 1236 1294 llaec
1264 1243 1485 1293 totidem
1520 1256 1653 1308 pene
1694 1241 1872 1294 vetbis
1915 1241 2025 1295 Au-

457 1309 701 1383 gustinus
733 1311 868 1375 (Lib.
901 1326 938 1383 ll
967 1309 1330 1383 Retract._cap.
1356 1311 1470 1373 53).

532 1382 664 1437 Cum
693 1395 820 1451 ergo
864 1379 1139 1451 Alipinsin
1188 1379 1423 1433 Africam
1471 1378 1686 1433 redierit
1730 1380 1831 1436 sub
1861 1379 2022 1436 ﬁnem

461 1449 930 1523 superioris'anni,
959 1449 1143 1523 utjatn
1171 1451 1546 1523 auteadictum
1577 1461 1678 1513 est,
1713 1467 1817 1523 non
1855 1454 2025 1523 potuit

465 1519 646 1590 procul
675 1522 836 1575 dubio
885 1519 1149 1590 secundus
1193 1522 1291 1590 iste
1321 1520 1476 1584 liber,
1512 1529 1601 1572 aut
1630 1522 1848 1575 omnino
1886 1521 2021 1586 fieri,

462 1589 553 1648 aut
578 1594 767 1647 saltem
800 1590 934 1644 mitti
980 1589 1044 1641 ad
1077 1589 1344 1642 Valerium
1388 1591 1439 1643 in
1474 1590 1620 1644 Italia
1658 1592 2022 1654 c0nstitutum,

463 1675 586 1716 ante
640 1663 846 1716 initium
890 1659 1110 1724 hujusce
1162 1660 1308 1724 anni,
1343 1661 1505 1713 immo
1551 1674 1651 1713 nec
1695 1671 1818 1715 ante
1865 1661 2025 1714 linem

463 1729 1056 1802 Aprilistip‘umcnim
1079 1727 1145 1802 ad
1171 1729 1436 1802 Valerium
1464 1732 1644 1784 retulit
1669 1731 1894 1802 ipsemet
1919 1731 2025 1785 Ali-

466 1799 603 1872 pius,
639 1799 802 1872 veluti
827 1799 1085 1872 affirmat,
1111 1799 1416 1872 Augustino
1441 1815 1546 1872 non
1601 1801 2022 1872 contradicente,

464 1869 705 1927 Julianus
725 1870 861 1942 (Lib.
889 1885 907 1922 ι
932 1869 1277 1942 Upalmperf.
1297 1887 1342 1923 c.
1369 1869 1445 1938 6).
1475 1869 1762 1942 Paposcisti
1787 1871 2028 1940 (Florum

467 1940 983 2011 alloquitur),iintmo
1035 1940 1593 2011 indixigiguctoritate
1619 1942 1786 2010 patria
1814 1952 1868 1994 ut
1899 1942 2030 1995 libro

461 2008 758 2067 tract—utaris
789 2010 956 2072 Pierii,
985 2025 1132 2076 quem
1161 2009 1228 2062 ad
1268 2008 1524 2063 Valerium
1550 2008 1784 2063 comitem
1818 2013 2032 2064 vernula

461 2098 789 2153 peccatorum
813 2082 924 2151 ejus
955 2079 1155 2153 Alipitts
1186 2096 1348 2146 nuper
1378 2078 1580 2143 detulit,
1612 2081 1891 2145 obviarcm,
1923 2093 2029 2136 etc.

467 2151 675 2222 Alipius
702 2166 828 2205 vero
851 2164 954 2222 IIOI_|
985 2151 1193 2222 videtur
1220 2159 1344 2222 ante
1377 2163 1598 2222 vernam
1627 2157 2031 2222 tempestatem,

467 2217 738 2278 ant'etiam
770 2233 892 2275 ante
920 2219 1084 2274 festos
1108 2218 1221 2273 dies
1250 2217 1525 2288 Pascltatis
1549 2228 1818 2288 peractos,
1850 2221 1902 2274 in
1932 2221 2037 2276 Ita-

465 2294 596 2349 liam
623 2294 919 2360 navigasse,
979 2288 1358 2360 Ravennteque
1382 2287 1658 2360 _Yalerium
1689 2292 2032 2346 convenisse.

469 2363 602 2418 Cum
630 2358 760 2432 ergo
781 2360 1026 2432 inciderit
1063 2358 1163 2412 hoc
1192 2358 1335 2432 anno
1364 2358 1490 2432 dies
1512 2359 1784 2432 Paschatis
1805 2360 1859 2414 in
1890 2361 2037 2431 vige-

466 2436 665 2490 simum
695 2427 906 2486 iertium
951 2429 1248 2500 Pharmﬁuti,
1293 2429 1585 2500 secundum
1627 2427 1908 2500 Cyrillum,
1945 2427 2034 2500 qui

473 2504 713 2558 decimus
739 2514 960 2556 octavus
991 2499 1188 2568 Aprilis
1211 2498 1350 2567 apud
1377 2499 1626 2560 Latinos.
1671 2498 1830 2568 atque
1857 2501 1928 2554 ita
1954 2498 2036 2555 fe-

472 2586 679 2628 storum
729 2568 1198 2640 absolutiogluerit
1243 2571 1330 2622 die
1369 2568 1440 2623 25
1491 2569 1710 2636 Aprilis,
1740 2581 1864 2624 ante
1893 2570 2037 2640 quod

471 2652 685 2712 tempus
709 2641 948 2712 religioni
991 2638 1256 2712 ducebant
1276 2640 1617 2712 sanctissimi
1645 2641 1770 2712 olim
1801 2638 2038 2712 episcopi

474 2708 665 2768 abesse
693 2728 722 2764 a
765 2715 874 2766 suis
908 2708 1199 2774 Ecclesiis;
1233 2709 1427 2762 librum
1468 2708 1705 2774 oportuit
1746 2726 1773 2762 a
1821 2708 2040 2765 Valerio

468 2785 664 2846 accipi,
688 2798 844 2851 quam
876 2780 1150 2844 citissime,
1172 2780 1274 2833 sub
1295 2777 1454 2833 linem
1477 2777 1620 2843 Maii,
1642 2780 1710 2833 ab
1739 2782 2040 2850 Augustino

471 2854 638 2908 scribi
669 2862 792 2905 ante
811 2851 1038 2905 Pascha.

547 2923 651 2978 Sed
680 2935 957 2990 quorsum,
999 2928 1203 2988 qureret
1246 2918 1464 2987 aliquis,
1513 2919 1716 2990 Alipius
1752 2921 1944 2976 iterum
1974 2921 2040 2974 ad

472 2989 784 3049 comitatum
818 2989 1090 3061 profecms
1134 2998 1251 3061 est,
1281 3005 1401 3041 cum
1430 3004 1574 3061 anno
1605 2989 1896 3061 superiore
1945 2991 2044 3046 sub

472 3065 638 3119 tinem
665 3062 788 3116 inde
810 3058 1136 3115 revenisset?
1156 3058 1416 3126 Opinatur
1438 3060 1698 3112 Baronius
1723 3061 2040 3128 postulatum

2058 1776 2104 1835 B

2134 482 2228 546 tus,
2271 482 2353 546 est
2405 489 2579 527 annus
2619 489 2724 539 quo
2763 473 2829 526 ad
2880 474 3038 546 hunc
3063 473 3346 546 diaconum
3374 479 3706 546 Augustinus

2126 544 2364 610 scripsit,
2409 546 2850 614 nongimportune
2896 545 2998 597 hoc
3029 545 3078 614 in
3113 545 3229 598 loco
3264 547 3334 600 de
3363 544 3591 614 epistola
3619 549 3711 603 di-

2125 626 2327 676 cemus,
2349 613 2488 685 nulli
2520 612 2633 667 fere
2677 613 2830 666 alteri
2852 613 3107 685 secunda,
3144 615 3192 666 in
3221 631 3323 680 qua
3345 612 3531 685 gratia:
3559 635 3705 684 pra:-

2127 683 2389 737 venientis
2420 697 2673 734 arcanum
2722 684 3034 752 mysterium
3081 683 3706 752 retegitur,'traduntur-

2125 768 2229 822 que
2271 752 2552 828 duodecim
2605 753 2827 828 regula;
2879 753 3075 828 quibus
3117 756 3375 810 catholica
3416 772 3580 828 super
3636 774 3706 814 ea

2124 824 2422 892 qum~tione
2453 825 2716 876 sententia
2747 824 3073 876 continetur.

2194 893 2348 956 Stepe
2369 908 2496 944 vero
2539 896 2760 945 miratus
2790 908 2929 956 sum,
2959 893 3150 964 ahﬂhis
3180 897 3377 964 regulis
3409 899 3704 953 Arausica-

2125 978 2225 1016 nos
2269 972 2390 1015 octo
2429 976 2665 1015 canones
2719 978 2904 1030 parum
2961 961 3198 1027 diﬂcrre,
3241 961 3526 1031 plurimum
3577 982 3710 1023 octo

2125 1031 2442 1096 Africanos;
2473 1046 2596 1084 cutn
2644 1031 2715 1085 illi
2749 1043 2924 1088 tamen
2958 1041 3196 1101 tempore
3225 1039 3332 1090 sint
3362 1039 3579 1100 remoti,
3613 1039 3708 1093 isti

2125 1103 2414 1174 admodum
2455 1101 2635 1154 vicini.
2669 1104 2748 1155 An
2796 1119 2901 1155 non
2954 1115 3133 1174 posset
3163 1106 3354 1174 aliquis
3382 1108 3506 1161 inde
3530 1111 3711 1174 conji-

2125 1187 2271 1235 cere,
2301 1173 2385 1226 vel
2428 1175 2780 1238 Augustinum
2811 1173 3074 1240 ejusmodi
3100 1173 3311 1240 regulas
3341 1177 3500 1232 Vitali
3533 1173 3710 1232 tradi-

2125 1242 2303 1307 disse,
2354 1253 2481 1295 ante
2533 1243 2781 1296 conditos
2833 1258 3073 1296 canones
3119 1245 3428 1310 Africanos,
3485 1250 3570 1302 vel
3635 1265 3709 1303 ex

2130 1312 2554 1386 “tali-parente
2609 1321 2783 1386 ortum
2831 1327 2949 1386 esse
3002 1312 3276 1386 Gallorum
3317 1332 3576 1382 errorem,
3611 1322 3710 1386 qui

2125 1382 2467 1436 Arausicanis
2517 1384 2812 1453 canonihus
2868 1383 3192 1453 damnatur?
3243 1386 3475 1440 Primum
3532 1382 3704 1453 istud,

2127 1455 2242 1528 etsi_
2272 1469 2374 1505 non
2421 1452 2775 1520 improbabile
2811 1455 3020 1520 Opinor,
3054 1452 3283 1509 alterum
3322 1467 3497 1512 tamen
3531 1452 3710 1528 magis

2165 1523 2317 1575 rubo.

2195 1541 2224 1572 0
2304 1561 2317 1575 ο

2129 1537 2304 1646 Ρτδιέῗι
2335 1589 2637 1658 quaesiverit
2670 1589 2805 1645 forte
2833 1592 3044 1660 aliquis,
3091 1606 3186 1647 cur
3212 1593 3569 1650 Arausicanos
3611 1613 3709 1653 ea-

2131 1677 2300 1715 noues
2328 1675 2448 1734 octo
2487 1661 2739 1734 dixerim,
2794 1677 2912 1715 cuin
2940 1663 3128 1734 viginti
3171 1665 3400 1734 quinque
3431 1670 3709 1721 numerari

2130 1734 2288 1802 vulgo
2319 1732 2543 1784 soleant.
2602 1732 2900 1797 Responsio
2932 1731 3103 1786 facilis
3133 1731 3214 1787 est
3241 1731 3399 1802 atque
3424 1737 3662 1790 dilucida
3693 1756 3706 1790 :

2135 1801 2360 1876 formam
2382 1802 2523 1854 enim
2548 1814 2812 1876 canonum
2830 1812 2966 1876 octo
2996 1802 3098 1856 soli
3121 1801 3329 1872 priores
3355 1808 3548 1861 habent
3570 1824 3585 1871 ;
3611 1809 3709 1876 qui

2131 1871 2384 1946 dicuntur
2427 1871 2678 1939 postremi
2727 1873 3008 1946 tredecim,
3056 1888 3159 1927 non
3193 1883 3299 1928 tam
3327 1891 3565 1931 canones
3609 1871 3711 1946 per

2131 1955 2192 1994 se
2220 1942 2386 1994 videri
2418 1949 2664 2009 possunt,
2705 1956 2864 2007 quam
2903 1942 3141 2010 priorum
3174 1957 3296 1998 octo
3334 1942 3710 2002 confirmatio-

2133 2025 2237 2084 nes
2258 2010 2525 2084 quaedam,
2556 2011 2622 2065 ab
2653 2012 2936 2082 Augustini
2967 2013 3271 2084 testimonio
3307 2017 3505 2084 petitae.

2203 2079 2308 2135 Per
2364 2079 2761 2150 idemtetnpus
2793 2082 3122 2150 Augustinus
3161 2079 3390 2150 quatuor
3435 2087 3591 2142 libris
3642 2086 3714 2142 ad

2136 2163 2326 2220 papam
2352 2148 2688 2226 _Bonifacium
2744 2148 2959 2226 scriptis
2997 2148 3193 2226 refellit
3231 2153 3364 2209 duas
3394 2154 3717 2226 Pelagiano-

2136 2218 2253 2274 rum
2283 2218 2557 2294 epistolas,
2587 2222 2656 2294 ab
2684 2218 2872 2276 eodeni
2903 2221 3155 2294 pontitlce
3181 2239 3273 2294 per
3304 2218 3715 2294 Alipium'anoo

2135 2291 2412 2356 superiore
2443 2288 2545 2343 sibi
2582 2291 2773 2345 missas
2802 2307 2816 2345 :
2863 2288 3030 2358 piima
3059 2303 3140 2347 est
3168 2288 3232 2346 ad
3264 2288 3493 2350 clericos
3523 2295 3716 2351 Romae

2137 2362 2364 2428 positos,
2395 2359 2626 2434 secunda
2657 2361 2722 2414 ad
2768 2359 2960 2434 Rufum
3007 2361 3544 2421 Thessalonicensem
3597 2367 3720 2434 epi-

2137 2429 2706 2501 scopum.__lltramque
2730 2431 2983 2501 credebat
3010 2434 3334 2501 Augustinus
3363 2451 3485 2489 esse
3510 2429 3714 2491 Juliant

2139 2497 2276 2575 (Lib.
2306 2513 2342 2552 ιι
2380 2497 2756 2575 (iurata—cap.
2790 2500 2892 2575 61)_
2914 2517 2927 2554 :
2951 2497 3432 2575 _sed_ille_primatti
3471 2507 3717 2575 abnega-

2139 2570 2233 2633 vit,
2260 2583 2356 2623 nec
2381 2570 2667 2634 immerito,
2699 2570 2820 2624 cum
2853 2571 3163 2626 Ctelestium
3193 2573 3385 2628 habeat
3403 2570 3712 2630 auctorem:

2141 2639 2428 2693 secundam
2478 2641 2740 2708 agnovit,
2789 2642 2880 2694 sed
2928 2657 3086 2710 quam
3145 2645 3362 2698 nomine
3409 2646 3718 2700 octodecim

2141 2711 2546 2776 episcoporum,
2598 2720 2654 2764 et
2704 2726 2808 2763 non
2855 2726 2953 2763 suo
3003 2723 3204 2766 tantum
3253 2713 3417 2768 solius
3477 2717 3720 2770 misisset

2143 2777 2279 2854 (Lib.
2311 2795 2330 2854 ι
2367 2779 2473 2854 0p_._
2507 2777 2720 2854 Imperi“:
2753 2796 2866 2843 cap.
2898 2781 3011 2850 l7).
3072 2782 3161 2836 Illa
3209 2785 3384 2854 primo
3417 2783 3577 2853 libro,
3614 2786 3722 2841 ista

2145 2849 2364 2911 reliquis
2395 2849 2559 2902 tribus
2590 2851 2915 2904 cuiifutatur.

2216 2918 2497 2992 Temporis
2525 2920 2664 2992 ratio
2715 2921 2840 2992 inde
2869 2929 3096 2974 constat.
3129 2922 3336 2992 Alipius
3364 2940 3428 2977 ex
3454 2925 3602 2978 Italia
3635 2940 3725 2978 re-

2146 2998 2359 3063 vertens
2388 2991 2711 3063 basceduas
2741 2989 3014 3057 epistulas,
3038 3008 3140 3063 una
3165 2989 3284 3046 cum
3309 2995 3578 3061 excerptis
3601 2997 3724 3063 qui-

2149 3057 2368 3111 busdam
2414 3073 2443 3110 a
2487 3059 2700 3130 Valerio
2747 3061 3098 3124 transmissis,
3133 3065 3310 3117 attulit
3359 3065 3413 3117 in‘
3459 3057 3722 3130 Africam,

479 3134 642 3190 ivisse
681 3135 749 3186 ab
786 3133 1108 3198 imperatore
1145 3131 1404 3183 auxilium
1445 3129 1703 3208 adversus
1726 3127 2046 3208 ’PelagianOs
2073 3139 2118 3202 ρ
2150 3142 2438 3208 rursusque
2471 3144 2544 3208 ex
2574 3129 2750 3208 Africa
2806 3130 3136 3208 Ravennam
3166 3136 3511 3208 proficiscens
3555 3127 3726 3208 libros

481 3205 534 3259 in
561 3203 740 3259 Africa
775 3201 1178 3261 tumultuantes,
1207 3213 1379 3268 eaque
1407 3200 1689 3254 occasione
1719 3201 2047 3256 mentionem

479 3275 606 3329 facit
655 3272 844 3327 Vitatis
879 3271 1088 3326 diaconi
1136 3269 1604 3338 Carthagiuensis,
1658 3272 1726 3324 ad
1775 3285 1931 3339 quem
1969 3283 2051 3326 est

476 3345 772 3398 centesima
811 3341 1040 3410 septima
1089 3340 1368 3411 Augustini
1417 3340 1662 3408 epismla.
1688 3339 1885 3394 Verum
1924 3343 2049 3411 quid

480 3429 621 3473 opus
641 3412 740 3466 luit
769 3409 1087 3466 auctoritate
1109 3409 1392 3474 itnperiali,
1417 3421 1540 3478 post
1563 3411 1846 3478 epistolam
1873 3409 2052 3466 Hono-

483 3486 547 3538 rii
581 3483 646 3538 ad
671 3482 968 3547 Aureiium,
1011 3481 1079 3535 de
1119 3479 1374 3547 exigenda
1427 3480 1494 3533 ab
1533 3479 1780 3534 omnibus
1809 3481 2050 3536 subscri-

490 3557 668 3623 ptione
713 3549 1522 3623 damnationiPelagianorum,
1573 3559 1630 3605 et
1674 3549 1935 3620 pellendis
1982 3552 2050 3607 de

489 3620 616 3679 sede
643 3622 909 3691 episcOpis
928 3624 1018 3692 qui
1047 3620 1444 3692 detreCtarent?

558 3694 732 3748 Credo
785 3688 1030 3761 equidem
1085 3706 1150 3746 eo
1187 3690 1416 3744 consilio
1462 3690 1690 3761 Alipium
1743 3688 2049 3746 Ravennam

490 3765 726 3827 venisse,
760 3772 816 3816 ut
839 3760 912 3814 ah
938 3765 1260 3832 imperatore
1290 3762 1564 3814 obtineret
1585 3760 1757 3828 legem
1786 3761 1852 3814 de
1879 3774 2054 3816 enra-

486 3850 706 3889 mearum
731 3834 1014 3887 mulierum
1038 3832 1314 3886 consortio
1339 3833 1719 3886 ecclesiasticis
1745 3833 2049 3894 interdicto,

481 3916 590 3959 etc.
627 3904 713 3975 (L.
745 3902 925 3975 μηάε
955 3904 1112 3975 episc.
1143 3899 1267 3956 Cod.
1300 3900 1547 3967 Theod.),
1580 3900 2053 3975 datam_Bavenn_a2

486 3921 590 3959 etc.
627 3921 713 3975 (L.
745 3921 835 3967 es,
864 3921 925 3957 ac
1020 3921 1109 3956 tsc.
1143 3921 1267 3956 LOG.
1303 3921 1326 3954 ι
1347 3921 1547 3967 ueoa.),
1580 3921 1758 3954 (tatam
1790 3921 2053 3956 navenna:

486 3992 578 4030 vui
630 3977 702 4028 id.
747 3974 888 4036 Maii,
933 3921 1238 4028 TrKeOdosio
1288 3975 1603 4038 Angustou
1645 3981 1699 4024 et
1742 3971 2056 4026 Constantio

485 4062 628 4100 coss.
679 4045 810 4100 Nam
860 4057 985 4098 tunc
1030 4043 1306 4109 temporis,
1363 4057 1482 4094 cutn
1519 4041 1572 4092 in
1617 4040 1736 4093 aliis
1769 4043 2056 4106 provinciis

489 4134 595 4170 non
649 4119 1049 4183 inlrequenter,
1100 4123 1210 4183 tum
1241 4111 1312 4183 ‘in
1359 4111 1628 4183 Africanis
1677 4114 2052 4177 communiter,

486 4179 827 4256 grassabatur
860 4187 1078 4256 gnialum
1119 4180 1278 4256 illud,
1335 4181 1492 4256 cujus
1531 4179 1907 4256 Hieronymus.
1942 4184 2056 4256 sive

487 4250 776 4324 originem,
831 4253 947 4324 sive
993 4251 1376 4324 turpitudinem
1425 4250 1668 4324 miratur,
1701 4251 1944 4324 scribens
1988 4253 2053 4306 ad

491 4320 838 4378 Eustochium
878 4320 1096 4392 (Epistﬁ
1119 4321 1210 4386 22,
1243 4321 1304 4374 de
1347 4321 1547 4392 custod.
1572 4320 1727 4389 uirg.)
1761 4337 1775 4392 ξ
1829 4321 1962 4375 unde
2001 4324 2055 4376 in

493 4394 747 4448 Ecclesias
770 4391 1109 4462 Agapetarum
1139 4393 1290 4460 pestis
1317 4391 1510 4462 introiit
1531 4406 1548 4453 ,'
1579 4393 1714 4443 unde
1734 4391 1842 4443 sine
1863 4395 2055 4459 nuptiis

489 4463 635 4516 aliud
667 4461 846 4516 nomen
875 4461 1089 4514 uxorum
1109 4463 1134 4514 ?
1182 4473 1286 4516 etc.
1316 4464 1390 4515 Eo
1420 4461 1548 4514 mihi
1592 4462 1802 4514 videtur
1826 4464 2055 4516 credibi—

492 4535 593 4587 lior
625 4534 722 4586 ista
753 4533 1086 4600 conjectura,
1123 4531 1264 4597 quod
1297 4539 1350 4584 et
1373 4532 1580 4597 Alipius
1606 4541 1764 4597 atque
1806 4536 2053 4600 Augusti-

493 4618 592 4658 nus
621 4611 827 4656 tantnm
860 4602 1178 4656 clericorum
1217 4602 1402 4654 vitium
1433 4602 1676 4666 professo
1706 4602 1831 4655 odio
1873 4618 2058 4670 prose-

490 4674 826 4744 quebantur;
851 4681 906 4727 et
931 4671 982 4744 in
1004 4671 1230 4744 concilio
1257 4673 1491 4744 generali
1529 4673 1778 4744 Africano
1817 4675 2059 4742 superio-

495 4741 566 4798 ris
613 4747 738 4798 anni
785 4743 1034 4798 recensiti
1087 4741 1294 4795 fuerant
1337 4742 1774 4809 Carthaginensis
1825 4741 1964 4797 tertii
2002 4755 2057 4798 et

489 4816 668 4884 quarti
697 4829 932 4868 canones
961 4813 1215 4866 adversus
1235 4813 1555 4884 clericorum
1574 4826 1813 4884 sorores,
1844 4826 1938 4866 seu
1965 4830 2057 4868 ex-

492 4882 703 4939 traneas
751 4886 1038 4948 mulieres;
1085 4892 1142 4939 et
1192 4891 1408 4951 prepter
1436 4882 1672 4936 inolitam
1725 4883 1828 4936 vim
1861 4884 2052 4949 morbi,

490 4959 693 5024 sperari
725 4971 830 5010 non
856 4963 1067 5024 poterat
1095 4953 1415 5012 remedium.
1443 4953 1541 5006 nisi
1572 4952 1922 5024 abimperiali
1958 4969 2053 5019 po-

494 5021 682 5078 testate
711 5021 985 5091 improbos
1015 5024 1186 5092 poenis
1211 5032 1537 5088 coercente;
1562 5031 1619 5076 et
1647 5021 1887 5077 Valerius
1913 5026 2052 5093 apud

493 5097 867 5160 imperatorem
893 5095 1181 5163 gratiosus,
1213 5095 1406 5161 partim
1438 5109 1532 5145 stto
1559 5094 1833 5161 religionis
1853 5097 2052 5160 studio,

495 5165 684 5230 partim
725 5162 946 5232 propter
971 5162 1257 5217 amicitiam
1287 5163 1612 5232 singularem
1653 5179 1773 5216 cum
1799 5164 1978 5232 Alipio
2004 5178 2057 5218 et

494 5233 813 5304 Augustino,
843 5236 968 5286 tanti
998 5234 1253 5288 momenti
1277 5235 1592 5304 rescriptum
1640 5235 1926 5298 impetrare
1959 5251 2056 5304 po-

492 5314 657 5367 terat;
689 5313 742 5358 et
787 5303 1018 5373 denique
1040 5305 1121 5356 lex
1151 5307 1236 5357 his
1274 5303 1453 5357 verbis
1480 5304 1585 5356 lata
1617 5315 1720 5368 est,
1745 5305 1937 5373 quibus
1963 5303 2060 5360 'ca-

491 5391 688 5428 nonem
752 5375 815 5428 17
860 5373 1074 5428 concilii
1123 5374 1266 5428 tertii
1330 5373 1768 5442 Carthagiuensis
1813 5386 2059 5444 spectare

492 5446 720 5500 videtur.

562 5513 759 5568 Verum
787 5514 874 5568 lex
901 5514 989 5566 illa
1021 5515 1217 5568 malum
1246 5515 1420 5582 potuit
1444 5514 1509 5568 ad
1536 5523 1748 5584 tempus
1777 5515 2050 5581 cohibere,

492 5586 722 5640 evellere
743 5600 849 5639 non
884 5586 1086 5652 potuit;
1116 5601 1236 5638 nam
1269 5585 1439 5652 turpia
1467 5585 1860 5650 Africanarum,
1893 5589 2054 5642 etiam

496 5658 779 5725 virginum,
819 5657 1139 5708 commercia
1181 5671 1302 5709 cum
1333 5655 1543 5709 clericis
1588 5658 1813 5712 Ariauos
1859 5671 2052 5725 expro-

495 5728 700 5792 brasse,
730 5725 883 5781 testis
905 5734 986 5780 est
1020 5725 1199 5780 Vlctor
1225 5726 1507 5781 Uticensis.

2151 3199 2513 3272 responsionis
2561 3199 3164 3272 deportandosaccepit
3209 3201 3395 3272 (lbitl.,
3453 3220 3497 3256 c.
3561 3205 3721 3272 178).

2151 3267 2284 3321 Cum
2306 3283 2452 3338 ergo
2475 3284 2537 3322 ex
2567 3268 2716 3322 Italia
2749 3270 2802 3321 in
2833 3269 3065 3324 Africam
3093 3267 3198 3326 'suh
3218 3267 3393 3328 'linem
3427 3290 3554 3326 ann.
3586 3267 3718 3338 429.

2150 3351 2214 3413 ex
2249 3337 2426 3413 Africa
2459 3353 2645 3413 rursus
2672 3341 2731 3413 in_
2751 3338 2956 3413 italiam
2987 3345 3268 3413 reverterit
3291 3359 3418 3396 aun.
3445 3344 3572 3407 ΗΟ,
3602 3337 3727 3413 post

2149 3405 2318 3480 festos
2344 3406 2462 3461 dies
2489 3407 2854 3480 Paschatis,id
2876 3420 2978 3472 est,
3003 3411 3104 3464 sub
3133 3413 3290 3466 linem
3318 3414 3538 3479 Aprilis.
3560 3405 3725 3480 opor-

2153 3486 2228 3530 tet
2259 3478 2576 3599 intertmedio
2625 3487 2865 3548 tempore
2896 3479 3058 3534 hosce
3085 3493 3316 3551 quatuor
3356 3478 3523 3538 libros
3555 3478 3725 3539 fuisse

2153 3559 2386 3599 comoost
2413 3562 2496 3599 os.

2151 3559 2496 3614 compositos.

2225 3617 2358 3671 Sunt
2399 3616 2470 3671 illi
2504 3632 2634 3690 vero
2659 3620 2817 3687 plane
2841 3619 3046 3685 eximii,
3080 3630 3136 3674 ut
3163 3623 3252 3690 qui
3284 3624 3510 3686 plurima
3535 3625 3714 3677 couti-

2155 3695 2302 3750 nent,
2349 3703 2454 3740 nou
2501 3689 2802 3755 dogmatica
2840 3693 3035 3753 solum,
3087 3689 3191 3744 sed
3231 3694 3392 3746 etiam
3444 3694 3724 3757 historica,

2157 3759 2455 3820 praesertim
2512 3758 2578 3829 de
2626 3759 2788 3812 rebus
2834 3775 2954 3812 ctnn
2990 3762 3245 3814 Ctelestio
3286 3761 3469 3817 Romae
3498 3765 3665 3829 gestis
3696 3779 3723 3817 a

2155 3841 2366 3879 summo
2396 3827 2663 3899 pontifice,
2696 3839 2752 3881 et
2791 3831 2858 3883 de
2888 3830 3298 3898 Pelagianorum
3339 3827 3593 3899 querelis.
3636 3849 3726 3888 eoo

2157 3911 2381 3969 rumque
2411 3897 2769 3964 appellatione
2812 3913 2843 3951 a
2889 3897 3045 3953 sedis
3078 3897 3383 3966 apostolicae
3417 3903 3618 3969 judicio
3659 3903 3726 3957 ad

2157 3967 2420 4040 synodum
2462 3969 2794 4040 generalem,
2825 3971 3016 4040 quibus
3045 3969 3380 4040 Augustinus
3412 3967 3627 4026 abunde
3658 3978 3726 4026 ita

2157 4034 2418 4108 satisfecit
2463 4034 2602 4106 (Lib.
2633 4053 2685 4092 tv
2713 4039 2780 4090 ad
2823 4034 3059 4108 Bonifac.
3113 4034 3161 4094 ε’.
3191 4042 3223 4096 8
3260 4051 3310 4095 et
3355 4041 3470 4108 η),
3511 4049 3572 4094 ut
3620 4058 3726 4096 non

2157 4105 2442 4184 admodum
2476 4105 2622 4175 opus
2675 4108 2748 4161 sit
2793 4105 3012 4164 alterius
3056 4105 3464 4180 cujuscumque
3497 4126 3725 4182 respou-

2157 4190 2328 4230 SlOlle.

2736 4288 2873 4327 ANNO
2910 4289 3037 4328 CCCC
3047 4289 3152 4328 χιι.

2160 4356 2498 4415 Ettcltiridion
2539 4362 2607 4414 ad
2648 4361 2980 4418 Laurentinus
3012 4365 3202 4434 (Tomo
3230 4363 3340 4434 ιν).
3361 4394 3434 4406 -
3457 4364 3600 4420 Libri
3641 4382 3726 4420 se:

2509 4443 2688 4486 contra
2713 4434 2983 4487 lulianum
3015 4436 3209 4504 ('l’ouio
3243 4436 3373 4505 Vll).

2233 4541 2313 4598 Ad
2332 4559 2459 4597 ann.
2487 4543 2590 4598 421
2623 4547 2801 4613 procul
2831 4546 2993 4600 dubio
3025 4553 3253 4614 pertinet
3295 4546 3638 4602 Enchiridion
3665 4548 3726 4602 ad

2159 4612 2524 4684 Laurentium,
2556 4612 2690 4683 opus
2719 4631 2850 4682 pene
2871 4612 3134 4680 divinum,
3160 4619 3300 4684 quod
3325 4633 3427 4672 non
3461 4620 3728 4673 immerito

2159 4683 2422 4749 quiSpiattt
2458 4684 2654 4738 dixerit
2686 4687 2969 4747 theologia
3009 4688 3408 4756 Augustinianae
3436 4691 3726 4756 specimen,

2161 4762 2216 4827 et
2237 4763 2607 4827 consecutura:
2629 4756 2986 4822 scholasticte,
3014 4758 3126 4812 sive
3146 4758 3481 4824 methodicae,
3503 4762 3729 4827 primam

2160 4823 2606 4890 designationem.

2229 4891 2311 4947 Ad
2367 4893 2538 4968 hunc._
2580 4897 2816 4963 inquam,
2848 4911 3044 4968 annum
3070 4897 3336 4968 pertinet,
3382 4913 3554 4968 neque
3591 4898 3726 4952 enim

2199 4971 2340 5035 etest
2368 4963 2433 5015 ad
2463 4965 2722 5035 priorem,
2768 4963 3206 5035 quandoquidem
3249 4963 3396 5020 ineo
3428 4963 3486 5020 lii
3534 4971 3730 5022 mentio

2209 5031 2472 5107 ieronymi
2505 5034 2613 5107 fato
2634 5031 2838 5107 functi:
2863 5031 3069 5089 Saucia:
3093 5039 3351 5107 memoria-
3382 5037 3728 5107 Hieronymus

2161 5103 2421 5178 presbyter
2450 5105 2695 5172 scriptum
2722 5105 2950 5178 reliquit,
2973 5116 3082 5178 Acte.
3119 5106 3270 5176 (Cap.
3300 5107 3412 5178 §7).
3438 5103 3728 5161 Obiit'vero

2163 5172 2523 5245 Hieronymus
2549 5190 2676 5228 ann.
2700 5172 2839 5239 4‘20,
2851 5175 3022 5243 pridie
3048 5172 3261 5231 kalend.
3284 5172 3528 5243 Ociobr.;
3561 5193 3729 5245 neque

2161 5243 2321 5317 etiam
2349 5247 2414 5317 ad
2462 5247 2839 5317 posteriorem,
2868 5261 2986 5317 nam
3014 5261 3080 5300 ex
3102 5263 3164 5301 eo
3189 5248 3430 5316 quaedam
3461 5243 3730 5317 excerpsit

2163 5314 2514 5384 Augustinus,
2564 5315 2757 5384 quibus
2809 5316 3044 5370 solveret
3099 5314 3322 5384 primam
3379 5314 3725 5377 qiizestio-m-m

2163 5383 2393 5458 [3plci_tii.
2427 5381 2494 5435 In
2523 5381 2735 5458 co'libro
2751 5425 2765 5444 .
2795 5381 3154 5458 cttjusititulits
3195 5398 3269 5440 est
3293 5389 3355 5440 de
3380 5386 3534 5452 Fide,
3562 5387 3668 5458 Sps
3685 5398 3728 5441 et

2163 5451 2440 5527 gnaritate,
2463 5469 2610 5527 quem
2638 5456 2822 5527 scripsi
2847 5451 2914 5508 ad
2943 5455 3106 5524 filium
3134 5474 3318 5520 meum,
3351 5451 3562 5527 fratrem
3590 5451 3728 5510 tuum

2165 5521 2513 5597 Laurentium,
2534 5525 2645 5597 ista
2669 5521 2852 5577 tle—hac
2872 5521 3095 5579 rc‘verba
3135 5545 3243 5580 mea
3281 5521 3417 5591 sunt,
3451 5539 3556 5584 etc.
3591 5527 3721 5597 (Lib.

2161 5593 2229 5665 de
2247 5593 2284 5665 8Δ
2303 5593 2496 5646 Dulcit.
2519 5595 2852 5660 Quasnam),
2879 5607 2929 5650 et
2951 5597 3014 5649 ad
3033 5599 3322 5651 secundam
3349 5593 3722 5665 qutestionem:

2335 5665 2630 5736 etiamrtale
2655 5665 2850 5736 aiiquid
2899 5667 2966 5719 ad
3015 5661 3380 5726 Laurentium.-
3409 5670 3544 5730 quod
3580 5671 3648 5721 ita
3674 5685 3726 5722 se

2163 5732 2332 5787 liabet.
2358 5735 2518 5803 Atqui
2540 5736 2676 5791 liber
2701 5732 2768 5793 de
2789 5749 2910 5792 octo
2933 5738 3315 5807 questionibus
3335 5738 3550 5794 Dulcitii
3579 5750 3722 5794 certa
