1981 3090
108 151 155 180 565
207 150 361 181 DISSERT.
384 151 427 179 VI.
448 151 493 179 DE.
512 149 659 180 SCPIPTIS
679 151 759 179 ADV.
781 149 944 179 IIIEKESIM
964 149 1090 178 PELAG.
1111 149 1203 177 ANTE
1223 149 1367 177 MOBTEM
1385 149 1416 179 S.
1436 150 1631 180 AUGUSTINI.

1677 151 1729 179 566

106 209 229 248 missus__a
254 207 344 236 Leone
364 213 428 248 tunc
447 208 564 248 acglyto,
578 208 702 248 S_ix_tiqu_e
715 207 888 248 amicissimo,
904 208 928 237 Α
943 206 1100 235 Mercatoris
1114 207 1222 248 abunde
1241 206 1408 248 disputatum
1423 208 1473 239 sit.
1492 208 1591 235 addere
1606 208 1680 241 plura
1696 209 1729 236 de

107 249 130 270 et
149 243 301 270 studiorum
325 244 413 277 socio,
430 250 461 270 ac
475 242 597 271 Cassiani
619 242 741 277 inprimis
757 243 888 269 studioso.

105 277 167 305 Nam
188 283 220 305 ut
241 278 311 305 Sixti
324 278 356 305 ad
370 279 545 308 Augustinum
560 279 660 308 litteras
669 279 816 308 detulerat.
829 285 890 305 cum

104 314 229 341 tractoria
262 313 362 341 Zosimi
387 313 420 341 ad
449 313 607 345 Africanos;
629 314 668 342 sic
691 313 829 348 Augustini
858 313 891 339 ad

105 348 206 376 Sixtum
219 348 424 382 responsionem
436 349 516 381 vidit,
529 353 557 376 et
572 348 700 376 Cassiano
712 347 892 376 communica-

105 383 151 414 vit.
166 391 247 417 quem
259 384 361 411 sciebat
370 384 500 417 ejusmodi
513 391 601 410 rerum
614 388 640 410 et
651 384 764 417 peritttm
779 389 804 410 ct
819 384 893 416 cupi-

105 419 176 445 dum.
191 418 336 445 Cassianus
352 426 425 450 vero,
439 426 499 446 cum
517 419 704 453 teneretquasi
716 419 891 453 principatum

106 454 231 481 doctrina:
252 454 278 480 in
298 453 392 481 Galliis
406 461 437 481 ea
459 457 627 486 tempestate,
642 453 812 488 reprehendit
826 461 894 480 non-

104 489 191 520 nulla,
213 496 274 523 quas
291 488 410 516 facerent
434 497 482 523 pro
503 489 617 523 gratuita
643 488 892 522 pru'destiuatione,

105 531 220 557 suasque
241 524 269 550 in
293 530 383 558 partes
406 524 489 550 traxit
508 524 693 558 episcoporum
721 524 893 557 presbytero-

104 566 216 591 rumque
240 558 347 592 plures,
363 558 459 591 quibus
477 567 537 585 cum
561 559 723 585 obsisterent
739 558 853 591 Prosper
867 562 895 585 et

105 593 236 626 Hilarius,
251 594 434 628 laicorumque
451 594 510 625 alii,
528 595 715 622 contentiones
733 599 801 620 ortae
813 597 892 626 sunt,

105 628 260 663 turbatque,
272 636 338 662 quas
353 629 457 656 delatus
471 629 538 656 liber
552 629 586 656 de
599 628 774 663 Correptione
786 633 815 656 et
825 628 894 656 Gra-

105 664 137 691 tia
152 671 206 690 non
221 663 384 698 composuit,
397 663 444 690 scd
458 665 543 690 auxit.

390 716 458 736 ANNO
472 716 603 736 (κυεην.

183 743 266 771 Liber
278 744 310 770 de
323 743 488 779 Correptione
500 749 526 770 et
538 743 629 771 Gratia
641 743 738 779 (Τοωο
754 744 823 780 VII).

135 788 288 816 Occasione
304 788 366 816 libri
379 788 412 816 de
429 788 520 816 Gratia
536 793 562 816 et
574 788 660 816 libero
676 789 813 821 Arbitrio,
830 797 892 817 con-

104 823 199 851 fectum
215 829 273 858 est,
296 824 329 851 ad
344 825 429 856 ltunc,
445 831 525 859 quem
540 823 634 851 titulus
654 824 778 859 praefert,
794 832 894 851 annum

105 860 241 894 pertinere
263 859 361 886 librum
389 859 422 887 de
446 859 622 893 Correptione
647 865 679 894 et.
698 858 812 893 Gratia,‘
826 868 894 894 optts

943 248 1081 274 tempore,
1103 243 1227 275 ttomine,
1246 247 1272 269 et
1288 242 1421 270 librorum
1441 251 1555 271 numero
1570 250 1731 278 supervaca-

942 285 1021 304 neum
1036 282 1086 305 est.
1725 284 1727 287 ’

1218 319 1286 340 Δί(Νο
1305 320 1386 340 εσθαι
1391 320 1447 341 XIX.

1103 358 1177 385 Liber
1191 358 1221 385 de
1243 358 1388 386 Ha'resibns
1405 359 1501 393 (Tomo
1513 359 1570 395 Vl).

979 404 1059 432 Liber
1071 404 1106 441 de
1124 405 1277 441 lltcresibus
1299 405 1330 432 ad
1353 406 1567 438 Quodvultdeum
1589 406 1729 441 Carthagi-

944 448 1053 476 nensetn
1070 440 1211 467 diaconum
1225 439 1275 466 hoc
1290 445 1409 472 tempore
1422 441 1573 468 elaboratus
1585 448 1635 474 cst,
1647 439 1730 476 siqui-

943 475 1003 501 detn
1018 475 1050 502 ad
1065 475 1236 502 scribendum
1252 476 1364 511 accessit
1385 476 1548 510 Augustinus
1567 483 1627 511 post
1650 475 1729 503 abso-

945 511 1026 536 lutum
1053 510 1255 543 responsionem
1285 510 1317 536 ad
1346 511 1468 544 quintum
1497 510 1592 538 librum
1619 511 1727 540 Juliani.

946 545 1067 578 Quando,
1084 544 1167 579 inquit
1180 544 1274 580 (Epist.
1287 545 1321 571 ad
1333 545 1502 580 Quodvult.),
1518 546 1544 572 id
1559 546 1729 581 explicttvero,

944 581 1264 616 quitttoqucirespondero,
1279 581 1301 607 si
1324 586 1372 606 tres
1394 589 1445 608 non
1466 582 1731 616 superrenerint,dis-

945 624 1022 649 pono,
1038 616 1060 642 si
1076 615 1144 642 Deus
1160 615 1280 651 uoluerit,
1292 623 1321 642 ea
1337 624 1395 649 qua:
1415 615 1500 650 poscis
1521 617 1640 651 incipere,
1654 617 1730 643 sintut

946 659 1023 685 agens
1039 655 1188 684 utrumque,
1200 655 1228 686 et
1247 650 1295 677 hoc
1309 651 1421 684 scilicet,
1435 656 1459 678 et
1474 650 1541 678 illud
1561 650 1591 677 de
1608 656 1730 677 retracta-

946 687 1014 712 tione
1036 687 1219 718 opusculorum
1242 690 1405 717 nostrorum,
1428 687 1557 714 nocturnis
1582 690 1605 712 et
1631 687 1730 713 diurnis

946 720 1099 757 temporibus
1114 722 1140 757 in
1153 720 1256 757 singula
1270 721 1423 748 distributis.

982 756 1201 782 Observandum'
1226 757 1368 790 diligenter
1406 757 1458 783 hoc
1494 764 1576 791 opere
1609 758 1728 783 omnium

946 795 1085 830 postremo
1104 791 1280 826 Augustinum
1298 792 1376 819 morti
1391 792 1543 830 proximum
1562 794 1731 830 recettsuisse

947 825 982 852 ita
995 825 1196 860 Pelagianorum
1209 834 1326 856 errores.
1347 832 1374 853 ut
1390 827 1507 861 quinqtte
1518 832 1619 853 tantum
1632 827 1731 853 faceret

948 860 1024 896 istius
1040 861 1148 888 haeresis
1161 866 1250 895 partes
1266 870 1272 888 :
1290 869 1385 896 nempe
1398 860 1509 896 gratiam
1530 862 1586 894 Dei,
1606 861 1664 888 sine
1678 869 1728 895 qua

104 890 183 931 plane
192 894 368 931 admirabile,
383 900 410 931 et
430 890 567 931 sitccittien
585 890 894 931 ingeniidivina'gratia
909 890 931 920 Β
947 895 1004 923 ﬁeri
1020 904 1074 923 non
1088 890 1200 930 possunt
1214 890 1448 931 mandatafneijue
1458 905 1473 923 a
1488 890 1730 924 natura'diversitm

105 929 196 963 adjuti.
213 929 314 962 Quanti
325 930 382 956 fieri
397 930 504 961 debeat,
515 930 666 963 argumenti
678 929 795 963 dignitas
806 935 897 957 osten-

104 965 157 997 dit;
172 972 258 999 quam
274 966 441 992 recondit:th
456 965 606 991 doctrinam
620 965 775 996 contineat,
791 966 896 993 theolo-

104 1007 197 1034 gorum
212 1000 431 1027 concertationes
440 999 509 1035 (hinc
524 1004 590 1027 ortae
606 1000 739 1034 probant;
753 1008 833 1035 quam
849 1008 896 1027 va-

105 1043 180 1062 cuum
209 1042 224 1062 a
249 1034 414 1069 praeiudiciis
439 1034 568 1061 lectorem
597 1035 732 1069 postulet,
761 1034 896 1070 quamque

106 1070 267 1104 proﬁciendi
281 1070 420 1104 cupidum,
436 1069 603 1104 experientia
616 1074 738 1097 testatur.

386 1124 453 1144 ANNO
472 1123 611 1144 ϐοῦοῐινι.

232 1151 307 1178 Libri
321 1152 371 1179 duo
387 1151 606 1179 Retractatiauum
618 1151 716 1186 (Tomo
729 1150 761 1186 Ι).

130 1196 306 1231 Augustinus
318 1217 326 1228 ,
350 1196 451 1223 Eradio
474 1203 631 1223 successore
649 1196 805 1230 designato,
820 1201 847 1224 et
867 1197 895 1224 in

105 1233 210 1265 partem
222 1233 346 1259 muneris
359 1231 458 1263 ascito,
480 1238 540 1258 cum
560 1231 613 1258 sibi
627 1231 780 1263 videretur,
796 1233 838 1258 vel
861 1239 894 1260 ex

104 1272 178 1300 parte
194 1266 276 1298 liber,
298 1267 340 1294 vel
359 1272 433 1293 certe
449 1267 504 1300 jam
520 1274 574 1293 non
589 1266 705 1293 obrutus
724 1267 795 1294 mole
812 1274 895 1301 nego-

105 1302 213 1333 tiorum,
228 1309 373 1329 recensere
384 1302 467 1335 erepit
479 1308 572 1336 opera,
584 1308 645 1335 qua:
657 1302 714 1328 sive
725 1302 826 1333 laicus,
837 1302 895 1330 sive

103 1337 255 1371 presbyter.
271 1338 329 1364 sive
341 1338 484 1369 episcopus
497 1341 698 1367 composuerat.
715 1337 781 1363 Acta
796 1338 893 1371 quibus

104 1370 217 1398 Eradins
232 1372 337 1398 electus
347 1377 388 1399 est
403 1371 486 1405 (Inter
498 1372 619 1407 ep._Aug.
632 1379 703 1398 nunt.
715 1372 793 1407 215),
805 1370 895 1399 consi-

101 1412 229 1440 gnantur,
253 1407 407 1434 Theodosio
425 1414 461 1433 xu
480 1410 508 1434 et
528 1405 717 1434 Valentiniano
739 1405 859 1441 Augusto
874 1416 892 1435 ιι

102 1441 164 1474 CC.,
181 1449 210 1468 vt
230 1441 342 1469 kalend.
362 1442 486 1475 Octobr.,
513 1441 540 1468 id
562 1446 618 1474 est,
634 1449 698 1469 ann.
712 1441 780 1475 ηδ,
796 1442 839 1470 die
857 1442 893 1471 26

103 1475 286 1504 Septembris.

137 1511 224 1538 Porro
239 1511 468 1539 Retractationum
485 1519 552 1546 opus
570 1511 815 1545 comprehensurus
834 1518 893 1540 erat

103 1548 269 1581 Augustinus
286 1546 406 1578 pluribus
428 1547 518 1577 libris,
533 1551 560 1573 et
577 1547 632 1582 jam
645 1547 712 1573 duos
729 1547 891 1581 absolverat,

102 1587 168 1609 teste
185 1581 311 1608 Possidio
325 1582 394 1617 (Lib.
409 1582 441 1608 de
460 1581 516 1608 Vita
529 1582 596 1616 Aug.
617 1590 641 1608 c.
657 1582 720 1615 28),
737 1583 891 1617 priusquam

103 1617 215 1643 Vandali
240 1619 419 1650 irrumperent
440 1617 466 1643 in
488 1617 606 1644 Africam
630 1617 780 1651 (irrupisse
802 1624 892 1645 auu-m

101 1660 161 1679 anu.
172 1652 241 1682 423,
255 1659 347 1679 mense
360 1652 439 1683 Maio,
451 1658 579 1679 constans
589 1656 630 1679 est
640 1658 758 1679 omnium
772 1652 891 1686 opinio);

102 1695 218 1722 cumque
232 1687 262 1714 in
275 1695 309 1713 eo
330 1691 417 1720 esset,
434 1692 463 1714 ut
483 1687 554 1714 alios
569 1686 696 1720 adderet,
717 1686 815 1721 quibus
836 1689 894 1722 epi-

102 1725 176 1749 stolae
194 1727 222 1749 et
239 1726 380 1755 tractatus,
397 1726 548 1756 ceteraque
568 1722 700 1756 ejusmodi
716 1729 894 1756 recognosce-

102 1763 207 1789 rentur,
223 1757 377 1791 prohibitus
397 1761 438 1784 est
451 1757 520 1784 ultra
536 1764 661 1790 pergere,
677 1757 772 1791 partim
789 1762 893 1791 tempo-

100 1798 155 1818 rum
180 1792 357 1825 conditione,
380 1792 476 1826 partim
499 1791 712 1819 indissimulabili
733 1794 893 1820 necessitate

101 1828 257 1861 urgentiora
281 1827 427 1854 scribendi.
451 1827 588 1854 Pcrtinent
611 1826 691 1861 igitur
714 1827 893 1855 Retractatio-

100 1869 160 1889 num
177 1862 244 1890 libri
257 1862 313 1889 duo
322 1863 354 1890 ad
369 1870 432 1889 artu.
444 1862 496 1890 426
506 1866 534 1889 et
545 1867 714 1896 sequentem.

380 1916 450 1935 ANNO
468 1916 618 1936 CCCCXXVH.

99 1950 174 1980 Liber
185 1953 230 1990 με
247 1952 478 1990 Prtzdgstinatjoue
489 1953 657 1990 Sanctorumi
666 1953 847 1990 (TomoiVII).
857 1970 893 1977 -——

177 1987 260 2016 Liber
275 1989 306 2016 de
321 1989 393 2015 Bono
408 1988 610 2017 Perseverautia:
625 1987 721 2024 (Temo
744 1989 810 2025 νυ).

132 2033 193 2061 Hoc
216 2041 288 2061 anno
307 2033 423 2062 confecti
444 2038 507 2061 sunt
526 2034 585 2061 libri
601 2033 668 2066 duo,
685 2034 753 2061 alter
772 2035 806 2062 de
820 2035 892 2063 Prte-

97 2068 282 2096 destiuatione
297 2068 469 2101 Sanctorum,
489 2069 558 2096 alter
571 2069 605 2095 de
620 2069 694 2096 Bono
713 2069 893 2097 Perseveran-

97 2104 150 2139 ιιι,
179 2104 282 2138 quibus
301 2104 481 2137 Augusduus,
506 2104 686 2137 postulatione
713 2104 839 2139 Prosperi
865 2111 893 2134 et

97 2138 209 2171 Hilarii,
224 2139 419 2173 quaestionibus
433 2139 637 2167 Massiliensium
650 2138 805 2173 respondet.

130 2174 191 2200 Non
218 2178 368 2208 potuerunt
389 2174 462 2208 prius
490 2174 603 2205 conﬁci,
629 2174 761 2207 siquidem
784 2175 818 2202 ad
844 2183 892 2204 eos

96 2209 261 2243 scribendos
276 2217 307 2236 se
322 2210 469 2237 accessisse
484 2210 649 2243 Augustinus
667 2214 728 2243 post
750 2210 890 2239 absolutos

98 2242 333 2285 {tetractatipnum
357 2244 455 2277 libros,
472 2242 592 2285 testatur
604 2243 687 2285 (Lib.-
710 2245 742 2271 de
762 2244 888 2274 Prwdeat.
905 2256 931 2285 Ι)

98 2278 189 2305 Sonat.
203 2287 229 2305 ε.
245 2278 275 2313 5)
289 2288 295 2305 :
311 2278 375 2306 Cum
389 2287 455 2310 mea,
472 2280 567 2313 inquit,
580 2280 704 2312 opuscula
716 2284 889 2315 retractarent,

97 2321 204 2347 eamque
217 2315 427 2342 retractationem
441 2314 508 2349 siglo
520 2322 699 2349 prosequerer,
716 2316 789 2349 cujus
807 2314 891 2349 operis

97 2349 232 2385 iamhduos
252 2349 411 2379 absolverem
430 2350 522 2382 libros,
542 2354 680 2384 antequam
695 2350 791 2385 scripta
807 2357 891 2379 vestra

97 2383 242 2416 prolixiora
255 2384 429 2416 sumpsissem,
441 2390 492 2411 etc.

130 2419 229 2452 Neque
249 2420 331 2446 etiam
353 2421 503 2453 posterius,
519 2426 581 2446 cum
601 2419 729 2447 elaborati
749 2420 892 2449 videantur

96 2459 157 2480 ante
176 2461 250 2487 opus
274 2458 456 2487 postremum,
470 2462 523 2488 quo
536 2455 722 2482 sanctissimus
743 2462 826 2483 senex
848 2465 891 2484 re-

96 2489 208 2524 spondit
230 2488 340 2515 Iuliano
359 2497 373 2524 :7
387 2489 504 2523 alioquin
529 2490 681 2517 rescribens
701 2490 891 2524 Quodvultdeo

96 2522 195 2550 librum
212 2524 248 2551 de
262 2523 417 2551 ﬂmresibus
434 2524 544 2557 petenti,
560 2532 613 2551 non
629 2533 680 2552 tina
698 2522 797 2552 tantum
810 2534 891 2553 exen-

95 2559 215 2589 satione,
228 2558 356 2585 instantis
370 2559 473 2585 scilicet
486 2560 564 2593 Alipii
580 2565 611 2586 ut
623 2561 731 2587 Juliano
745 2562 891 2594 responde-

95 2598 155 2624 ret;
172 2593 225 2620 sed
240 2593 322 2629 altera
336 2594 435 2626 etiam,
448 2601 497 2629 nec
515 2602 546 2621 ea
560 2596 667 2629 quidem
683 2593 804 2629 minore,
817 2596 893 2623 eilia-

94 2629 243 2660 giL-tttium
256 2628 394 2656 Gallorum
409 2630 435 2655 in
453 2628 634 2657 Massilienses
654 2628 809 2665 tractatum,
826 2639 892 2659 usus

95 2669 180 2690 esset.
205 2684 208 2687 .

369 2705 439 2726 ANNO
457 2706 616 2727 εεεοιινιιι.

130 2743 209 2780 Opus
233 2743 415 2780 Imperfectum
437 2745 561 2815 agvlertu;
583 2745 718 2773 lulianum
743 2747 857 2783 (Suppl.

435 2787 451 2814 p
470 2787 483 2806 r
494 2787 510 2807 e
525 2787 542 2806 ιι
560 2801 566 2807 .

435 2787 510 2814 parte
525 2787 566 2814 ιι).

129 2823 171 2849 Ad
198 2822 252 2851 hoc
269 2828 379 2860 tempus
395 2825 521 2860 pertinet
537 2824 609 2859 Opus
633 2826 835 2860 lmperl'eclum.
859 2827 894 2855 de

97 2863 148 2892 quo
162 2865 233 2886 cum
245 2858 279 2887 ad
297 2857 482 2894 praefationem
499 2857 567 2888 libri
581 2857 798 2890 Subnoiationum
816 2863 892 2891 Marii

947 938 1022 963 esse,
1039 939 1126 966 neque
1143 939 1157 958 a
1172 932 1249 966 lege:
1264 939 1324 966 quae
1342 938 1469 966 pratterca
1489 932 1655 965 conceditur,
1670 939 1729 959 eam

947 970 973 993 et
986 973 1018 993 ex
1033 967 1136 1002 meritis
1151 966 1221 999 dari,
1235 971 1263 994 et
1273 967 1304 993 ad
1318 966 1422 994 facilius
1434 968 1579 1002 agendum;
1594 967 1728 994 hominem

946 1008 1026 1037 posse
1047 1000 1079 1028 ad
1101 1006 1202 1037 tantum
1226 1002 1399 1036 perfectionis
1411 1000 1521 1037 gradum
1543 1002 1684 1034 pervenire
1704 1002 1730 1028 in

946 1036 1000 1063 vita
1016 1035 1134 1069 mortali,
1149 1042 1177 1064 ut
1192 1035 1245 1064 non
1257 1042 1334 1071 egeat
1346 1035 1436 1064 dicere
1452 1038 1505 1064 Deo
1520 1046 1525 1064 :
1540 1037 1646 1065 Dimitte
1660 1037 1731 1064 nobis

947 1071 1030 1097 debita
1049 1076 1151 1104 nostra;
1165 1071 1288 1106 parvulos
1300 1080 1353 1099 non
1367 1072 1497 1105 baptizari
1512 1077 1621 1106 propter
1635 1073 1729 1099 tollen-

946 1106 1009 1142 dum
1024 1111 1161 1138 peccatum
1177 1106 1322 1140 originale;
1338 1107 1485 1138 Adatnum,
1501 1108 1558 1134 sive
1572 1113 1709 1142 peccasset
1721 1127 1729 1139 ,

945 1140 1002 1167 sive
1016 1149 1070 1168 non
1086 1146 1231 1175 peccasset.
1247 1141 1330 1169 fuisse
1344 1142 1515 1170 moriturum.

982 1175 1020 1203 Ex
1036 1175 1086 1203 ltac
1099 1177 1288 1204 observatione
1304 1181 1424 1209 constat,
1440 1177 1480 1204 Itis
1500 1177 1618 1211 quinque
1636 1177 1731 1210 capiti-

945 1210 995 1237 bus
1010 1211 1142 1246 contineri
1165 1215 1250 1239 totum
1272 1210 1602 1246 Pelagianismttm,’cujus
1617 1213 1730 1245 proinde

946 1245 1141 1282 purustuerit,
1164 1246 1254 1281 judice
1273 1245 1432 1281 Augustino,
1453 1245 1574 1282 quisquis
1597 1247 1653 1274 tunc
1675 1248 1730 1280 ipsa

945 1280 1062 1317 capitula
1076 1280 1258 1317 damnaverit,
1277 1287 1304 1309 et
1317 1280 1531 1310 contradicendi
1545 1283 1663 1317 quinque
1680 1284 1728 1309 do-

944 1319 1031 1350 gmata
1047 1315 1207 1343 defenderit.

980 1351 1069 1386 Atque
1094 1350 1151 1377 lucc
1172 1353 1205 1378 de
1225 1352 1365 1386 Augustini
1386 1352 1470 1382 libris.
1493 1352 1601 1380 brevius
1624 1352 1729 1386 quidem

944 1393 1024 1420 quant
1036 1387 1103 1413 forte
1114 1386 1245 1420 quispiam
1257 1391 1372 1421 optaret,
1381 1388 1427 1414 sed
1438 1387 1555 1418 abunde,
1564 1388 1670 1421 opinor,
1684 1395 1731 1421 pro

944 1421 1052 1454 negotio
1068 1427 1093 1448 et
1109 1420 1168 1448 loco
1180 1430 1187 1448 :
1201 1420 1289 1456 neque
1301 1421 1372 1449 enim
1393 1422 1527 1449 voluimus
1545 1420 1614 1449 hanc
1626 1420 1729 1449 disser-

944 1456 1071 1491 tationetn
1083 1464 1182 1491 augere
1192 1457 1372 1490 prodigiosum
1383 1457 1409 1483 in
1422 1457 1540 1488 modum.
1552 1458 1659 1488 additis,
1671 1465 1731 1491 qua

945 1490 1079 1517 laboriosa
1094 1492 1157 1518 olim
1170 1491 1306 1526 diligentia
1323 1493 1510 1526 prazstittmus,
1525 1496 1614 1519 ιιοηιι-ῖι
1629 1497 1656 1518 et
1674 1490 1732 1519 titu-

944 1526 1080 1552 diosornm
1098 1534 1187 1553 causa.
1204 1527 1270 1554 Nam
1283 1534 1365 1561 opera
1381 1535 1440 1561 quae
1461 1528 1659 1559 recensuintus,
1676 1527 1730 1553 sitt-

906 1569 928 1599 c
945 1561 1003 1594 gula
1034 1561 1122 1594 partiti
1143 1569 1236 1599 sumus
1262 1561 1288 1599 in
1311 1570 1358 1599 sua
1385 1562 1466 1599 veluti
1487 1563 1605 1599 membra
1634 1562 1731 1599 quibus

944 1601 1161 1629 componuntur;
1187 1596 1313 1623 historica
1333 1597 1505 1623 distinximus
1523 1605 1539 1624 a
1562 1597 1729 1631 dogmaticis,

944 1633 1176 1666 etrarguntentis,
1196 1631 1293 1666 quibus
1315 1631 1439 1666 dogmata
1465 1632 1624 1666 probantur,
1653 1640 1729 1658 suom

943 1665 1027 1692 robur
1048 1666 1224 1700 assentimus,
1245 1667 1367 1693 oratione
1390 1667 1422 1693 ad
1448 1667 1565 1693 methodi
1594 1667 1665 1701 leges
1689 1675 1728 1694 re—

944 1701 1021 1736 dacta
1037 1709 1043 1726 :
1060 1702 1226 1728 ostendimus
1248 1702 1340 1734 etiam,
1361 1702 1423 1736 quid
1447 1703 1542 1736 quovis
1563 1707 1684 1736 tempore
1705 1710 1730 1728 tn

944 1735 1095 1772 Pelagianis
1114 1737 1302 1772 sanctissimus
1321 1735 1448 1772 magister
1469 1738 1598 1770 arguerit,
1613 1735 1641 1764 et
1662 1736 1731 1764 unde

944 1770 970 1797 in
986 1770 1043 1797 dies
1058 1771 1213 1804 proiecerit.
1227 1772 1282 1799 Sed
1299 1772 1355 1799 hmo
1369 1770 1457 1799 omnia
1472 1772 1670 1800 dissertationis
1683 1780 1730 1799 an-

943 1806 1040 1842 gustiis
1055 1806 1186 1833 contineri
1201 1814 1253 1833 non
1269 1811 1396 1840 possunt,
1409 1815 1505 1841 neque,
1521 1809 1543 1834 si
1560 1808 1673 1842 possint,
1686 1808 1732 1834 de-

943 1840 1039 1867 berent
1063 1845 1150 1867 tamen
1177 1849 1246 1868 nunc
1272 1844 1419 1875 tetttporis,
1440 1840 1473 1869 ne
1500 1840 1607 1870 viderer
1634 1842 1674 1869 his
1699 1843 1733 1869 de

944 1875 1024 1902 rebus
1048 1876 1183 1910 disputare
1195 1884 1263 1911 'qua:
1287 1877 1431 1904 nonnullos
1445 1885 1615 1905 commovere
1633 1877 1730 1905 solent.

1253 1931 1364 1958 CAPUT
1384 1931 1426 1958 Ill.

1253 1931 1317 1958 CAP
1345 1931 1364 1958 Τ
1384 1931 1426 1958 III.

945 1976 1013 2010 Quid
1028 1976 1157 2011 scripserit
1176 1976 1275 2004 Paulus
1291 1931 1402 2005 03mins
1421 1978 1543 2005 adversus
1563 1978 1727 2015 Pelagianos.

980 2023 1063 2050 Unam
1079 2022 1191 2050 Orosius
1211 2024 1368 2059 Apologiam
1389 2025 1513 2058 scripsit,
1532 2031 1558 2051 ct
1579 2025 1652 2051 illam
1670 2026 1728 2058 qni-

943 2058 1003 2094 dem
1018 2067 1071 2094 non
1091 2058 1220 2092 grandem
1240 2058 1322 2093 opere
1332 2079 1339 2092 ,
1352 2060 1399 2087 sed
1414 2067 1502 2087 rerum
1522 2060 1728 2094 dogmatumque

942 2093 977 2120 ita
1000 2093 1117 2127 plenam,
1138 2098 1168 2121 ut
1181 2095 1246 2122 nulli
1267 2095 1324 2122 fere
1340 2095 1462 2129 ejusdem
1482 2095 1531 2122 tevi
1552 2093 1728 2123 lucubrationi

943 2128 1037 2165 cedat,
1051 2130 1142 2156 multis
1158 2134 1281 2163 prtestet,
1300 2129 1333 2156 ad
1345 2130 1472 2157 invidiam
1489 2138 1572 2165 usque
1587 2131 1730 2157 nonnullo-

943 2172 1013 2190 rum.
1027 2163 1218 2196 luquirendntn
1234 2172 1313 2198 vero,
1330 2173 1380 2199 qtta
1398 2163 1539 2192 occasione
1562 2165 1659 2199 scripta
1682 2168 1727 2198 sit,

942 2206 1038 2235 quove
1048 2199 1109 2226 loco
1123 2203 1306 2235 etrtempore,
1323 2201 1652 2235 simulque'repellendze,
1673 2201 1729 2228 sivo

943 2233 1124 2267 otijcctiones,
1142 2234 1200 2261 sive
1214 2234 1371 2267 calumnias,
1387 2233 1483 2269 quibus
1498 2233 1632 2263 immerito
1644 2237 1670 2263 in
1685 2244 1730 2264 su-

944 2269 1092 2302 spicionem
1116 2275 1234 2297 vocatur.
1259 2269 1356 2297 Verum
1378 2274 1433 2297 tota
1452 2271 1567 2305 qumstio
1586 2272 1619 2298 de
1637 2279 1728 2304 causa,

945 2309 1082 2337 tempore,
1103 2308 1131 2331 et
1146 2305 1204 2331 loco
1226 2312 1279 2331 non
1300 2305 1435 2332 difﬁcilem
1454 2306 1533 2332 habet
1555 2307 1726 2336 solutionem.

944 2338 1008 2376 Post
1023 2346 1055 2366 ea
1068 2347 1127 2376 quae
1138 2339 1254 2376 diximus
1267 2340 1294 2376 in
1306 2341 1495 2368 dissertatione
1508 2341 1541 2368 de
1550 2341 1677 2376 synodis;
1693 2344 1728 2369 si—

943 2374 1051 2410 quidem
1063 2374 1173 2401 Orosius
1189 2375 1216 2401 in
1230 2375 1371 2402 Palaestina
1387 2376 1503 2410 positus,
1516 2374 1633 2403 nontam
1653 2377 1728 2403 liberi

944 2409 1046 2436 arbitrii
1059 2410 1208 2445 apologiam
1223 2417 1302 2444 quam
1319 2409 1395 2437 suam
1410 2410 1517 2445 scripstt
1528 2418 1591 2437 ann.
1605 2411 1668 2442 M5,
1683 2419 1729 2445 per

945 2445 969 2470 id
990 2444 1119 2478 tetnporis
1137 2446 1208 2479 quod
1221 2453 1236 2470 a
1253 2445 1306 2472 [ine
1327 2444 1491 2479 Septembris
1502 2447 1534 2472 ad
1553 2444 1727 2473 Decembrem

943 2478 1058 2506 el'lluxtt.
1082 2478 1193 2506 Constat
1213 2480 1269 2506 haec
1293 2478 1506 2515 nota’temporis
1529 2489 1563 2508 ex
1587 2482 1729 2508 occasione

943 2514 1097 2547 scribendi;
1112 2522 1208 2551 nempe
1227 2515 1344 2551 .loannes
1358 2514 1603 2551 Hierosolymorum
1623 2517 1726 2550 episco-

947 2557 1010 2586 pus.
1024 2557 1087 2586 cum
1105 2550 1206 2576 {areret
1228 2549 1354 2585 Pelagio,
1377 2549 1490 2586 ejusque
1505 2558 1585 2579 causa
1607 2549 1730 2579 cerneret

945 2584 1061 2622 divisum
1082 2585 1109 2611 in
1131 2590 1220 2618 partes
1235 2584 1352 2622 clerum_,
1365 2584 1498 2622 contraxit
1516 2586 1711 2622 presbyterium
1721 2608 1728 2617 ,

945 2621 1009 2646 utsi
1030 2627 1080 2656 qua
1103 2624 1193 2656 posset
1212 2622 1315 2656 ratione
1325 2620 1478 2656 Pelagium,
1500 2620 1545 2648 aut
1567 2620 1730 2656 absolveret,

945 2659 992 2680 attt
1013 2654 1075 2681 aliis
1091 2655 1186 2681 saltem
1208 2654 1401 2683 dissidentibus
1420 2657 1587 2684 conciliaret.
1604 2658 1644 2685 Ad
1664 2665 1714 2684 ron

947 2695 1065 2726 ventum,
1080 2690 1243 2726 quiritabitua
1257 2695 1300 2718 est
1313 2693 1432 2726 quinque
1447 2692 1502 2718 fere
1517 2693 1652 2719 mensibus
1668 2697 1730 2720 ante

910 2724 913 2726 “
946 2725 1088 2751 ceuciltum
1107 2724 1328 2759 Diospolitanum,
1338 2724 1429 2754 die—30
1442 2726 1516 2760 Julii,
1530 2729 1603 2754 venit
1619 2728 1730 2755 Orosius

946 2767 960 2785 a
988 2761 1152 2794 presbyteris
1174 2766 1299 2787 emeatus
1323 2769 1356 2788 ex
1385 2762 1586 2789 [tethleemitico
1609 2769 1729 2792 secessu.

945 2801 999 2831 quo
1011 2796 1100 2831 paucis
1113 2799 1175 2822 ante
1189 2796 1326 2831 mensibus
1340 2804 1370 2824 se
1387 2802 1540 2831 receperat;
1557 2799 1630 2825 venit
1641 2802 1668 2824 et
1682 2797 1730 2824 Pe~

946 2829 1031 2868 l_agius
1052 2837 1067 2856 a
1082 2828 1185 2868 Joanne
1199 2830 1391 2868 introductus,
1406 2828 1560 2868 jussnsque,
1581 2833 1630 2860 etsi
1649 2832 1731 2859 laicus

946 2863 1027 2897 foret,
1043 2865 1184 2892 considere
1198 2866 1266 2893 inter
1280 2863 1460 2901 presbyteros.
