3980 6182
290 301 388 358 369
486 298 795 358 DISSERT.
835 298 925 355 Vl.
967 299 1058 356 DE
1097 298 1398 358 SCRIPTIS
1436 300 1598 358 ADV.
1639 298 1966 356 HERESN
2005 299 2249 359 μεως.
2295 300 2478 359 ANTE
2518 301 2808 360 MORTEM
2845 302 2903 360 S.
2945 303 3334 362 AUGUSTINI.

3432 307 3539 361 370

355 416 418 467 1ο
446 413 792 478 Augustinus.
817 413 1042 466 Joannes
1064 415 1403 478 interrogatus
1422 425 1536 480 qua
1556 411 1693 484 apud
1706 411 1855 463 illum
1885 413 1929 468 Α
1961 409 2032 462 Et
2052 412 2231 463 iterum
2263 412 2506 481 (Apolog.
2533 428 2578 466 c.
2607 413 2698 478 10)
2723 431 2736 465 :
2757 429 2776 463 α
2815 411 2950 466 Eum
2977 431 3126 482 posse
3153 430 3263 469 esse
3287 417 3395 470 sine
3417 431 3534 484 pec-

285 495 401 537 ante
437 485 695 552 judicium
723 495 863 552 gesta
903 484 1139 552 fuissent.
1180 485 1431 552 narravit,
1479 492 1584 552 εἰς.
1634 481 1855 534 Orosius

284 549 463 621 (Apol.
501 571 549 606 c.
587 556 674 621 5):
704 549 942 606 Latebant
978 554 1031 605 in
1075 551 1352 610 Bethlemi.
1391 552 1510 604 inde
1542 549 1852 614 Ierusalem,

283 621 422 676 vobis
454 626 846 684 accersentibus.
877 633 1080 676 vocatus
1114 623 1312 685 adveni,
1339 621 1521 674 dehinc
1554 623 1605 673 in
1643 636 1856 672 conven-

282 707 388 744 tum
425 704 649 746 vestrum
682 709 783 744 una
830 692 1107 757 vobiscum,
1154 689 1357 744 Joanne
1380 693 1616 761 episc0po
1664 693 1851 760 prarci-

280 766 474 830 pienle.
501 763 726 827 consedi,
758 773 859 816 ctc.

352 836 418 884 2°
442 835 786 901 Augustinus.
830 835 893 884 At
926 833 1060 884 enim
1089 841 1206 901 tunc
1243 830 1543 898 quibusdam
1580 845 1860 901 susutran-

278 903 416 953 tibus
440 915 482 955 et
514 897 795 955 dicentibus
823 903 960 971 quod
998 904 1106 954 sine
1143 897 1444 968 Dei'gratia
1484 902 1685 971 diceret
1705 897 1850 951 Pela-

277 975 396 1038 gius
427 975 520 1024 hoc
559 989 707 1040 posse
747 969 945 1042 perﬁci.
977 972 1031 1022 id
1060 981 1152 1036 est,
1184 971 1321 1039 quod
1363 971 1603 1042 superius
1633 969 1852 1042 dixerat,

279 1045 537 1096 hominem
561 1039 678 1095 esse
713 1039 822 1094 sine
858 1052 1083 1110 peccato,
1130 1055 1235 1093 etc.
1275 1043 1498 1093 Orosius
1529 1039 1717 1107 (Ibid,
1761 1040 1856 1091 sub

287 1113 384 1178 ﬁn.
418 1114 623 1182 capitis)
641 1113 744 1164 :Ad
764 1109 901 1181 quod
923 1110 1011 1162 ille
1027 1113 1121 1182 diu
1142 1111 1434 1182 disputans,
1459 1119 1505 1161 et
1536 1109 1720 1182 nostris
1734 1124 1853 1182 prof

278 1193 393 1248 pter
414 1180 719 1245 imperitiam
757 1180 916 1252 ignoti
950 1181 1092 1252 nobis
1123 1180 1429 1252 interpretis,
1469 1180 1750 1252 actionibus
1778 1181 1856 1231 vel

281 1253 606 1317 tnta-potatis
640 1250 964 1322 plerumque,
997 1250 1082 1322 vel
1107 1250 1290 1322 tacitis,
1320 1252 1600 1322 episcopus
1627 1250 1856 1301 Ioannes

279 1322 357 1373 ait
382 1338 402 1374 :
430 1324 491 1375 Si
516 1324 623 1374 sine
641 1319 918 1390 'adjtttorioi
939 1319 1032 1372 Dei
1063 1321 1155 1372 hoc
1194 1320 1446 1372 hominem
1469 1335 1616 1388 posse
1641 1322 1848 1380 diceret,

279 1393 555 1460 pessimum
585 1402 630 1444 et
661 1389 950 1443 damnabile
972 1399 1110 1453 erat;
1146 1406 1282 1442 nunc
1307 1398 1476 1442 autem
1497 1405 1613 1441 cum
1638 1390 1854 1460 adjiciat

280 1459 431 1527 posse
452 1461 710 1514 hominem
756 1476 866 1513 esse
893 1463 1002 1511 sine
1037 1468 1260 1523 peccato,
1300 1476 1401 1530 non
1442 1461 1549 1511 sine
1591 1459 1850 1530 adjutorio

281 1530 400 1593 Dei,
436 1549 520 1582 ros
543 1533 665 1596 quid
695 1531 902 1584 diutis?
927 1531 1005 1583 An
1027 1531 1160 1600 forte
1193 1545 1281 1583 vos
1307 1529 1400 1583 Dei
1427 1531 1742 1600 adjutortum
1765 1534 1854 1582 de-

279 1603 519 1655 neoatis?
545 1610 650 1654 etc.

344 1618 790 1739 ξδῖηλίιξιξξίίηω.
819 1667 936 1721 Illis
962 1678 1130 1722 autem
1169 1685 1270 1720 non
1316 1670 1702 1738 suscipientibus
1737 1685 1853 1736 qua:

277 1740 599 1832 dicebantur;
628 1758 658 1792 a
698 1740 844 1832 nJobis
883 1741 1166 1832 ﬁelsanctis
1197 1739 1507 1832 geripturis,
1557 1741 1644 1832 std
1684 1741 1851 1832 adhuc
1883 1772 1928 1832 Β

274 1811 682 1867 snsurravtibus.
712 1810 842 1862 dixit
876 1809 1157 1878 Pelagius:
1193 1807 1258 1861 Et
1287 1826 1378 1878 ego
1413 1811 1486 1862 sic
1510 1810 1681 1862 credo.
1712 1810 1851 1862 Ana-

274 1881 448 1931 thema
477 1883 540 1930 sit
568 1881 652 1947 qui
673 1881 789 1931 dicit
819 1867 1285 1949 absque'adjutorio
1306 1867 1404 1932 Dei
1428 1896 1572 1945 posse
1595 1878 1850 1949 hominem

271 1949 345 2000 ad
376 1951 658 2015 profectum
685 1951 907 2002 omnium
929 1947 1097 2002 venire
1120 1950 1384 2002 virtutum.
1408 1952 1627 2003 Orosius
1659 1947 1846 2019 (Ibid.,

270 2033 319 2071 ε.
338 2020 444 2090 ν9)ἱ
473 2021 665 2072 Scribis
691 2036 834 2087 posse
865 2021 1115 2071 hominem
1141 2035 1246 2071 esse
1278 2022 1384 2073 sine
1413 2029 1635 2086 peccato,
1678 2029 1726 2071 et
1763 2025 1848 2090 {a-

270 2089 374 2140 cile
401 2091 497 2141 Dei
519 2090 761 2140 mandata
792 2105 1008 2151 servare,
1042 2090 1085 2142 si
1113 2090 1262 2152 velit;
1293 2091 1561 2142 novissime
1603 2091 1750 2157 quasi
1785 2107 1850 2143 ea:

273 2160 576 2231 gravissimo
600 2176 775 2214 somno
796 2159 1166 2230 expergiscens,
1197 2159 1405 2231 adjicis,
1439 2175 1539 2212 non
1570 2160 1679 2213 sine
1696 2162 1848 2230 adju-

271 2232 410 2281 torio
443 2228 552 2282 Dei.

349 2298 413 2350 4ο
447 2301 790 2368 Augustinus.
831 2299 1097 2367 Quidquid
1135 2298 1268 2351 dixit
1305 2299 1573 2368 episcopus
1620 2298 1846 2353 Joannes

269 2369 342 2420 de
370 2371 656 2439 presbytero
683 2369 886 2430 Orosio,
912 2370 1014 2422 sive
1033 2370 1095 2421 de
1117 2369 1254 2434 aliis,
1282 2385 1498 2436 quorum
1519 2370 1586 2420 ibi
1610 2386 1706 2421 non
1729 2381 1847 2422 sunt

269 2441 486 2491 nomina
523 2456 780 2506 expressa,
813 2445 962 2492 credo
989 2439 1125 2508 quod
1153 2440 1403 2508 intelligat
1431 2441 1498 2490 ad
1525 2455 1698 2491 eorum
1720 2456 1848 2508 pra:-

263 2510 523 2580 jndicium
553 2497 653 2562 non
678 2497 863 2567 valere.
895 2497 1248 2580 etngrosius
1274 2497 1459 2580 (Ibid.
1503 2525 1548 2560 c.
1575 2507 1628 2568 5)
1657 2522 1673 2562 :
1715 2497 1844 2578 Epi-

265 2577 460 2644 scopus
488 2580 714 2632 Joannes
744 2580 902 2632 dixit:
948 2577 1048 2631 Vos
1085 2580 1207 2648 quid
1245 2577 1450 2632 dicitis?
1490 2580 1567 2631 Αη
1598 2580 1728 2648 forte
1760 2577 1846 2632 vos

267 2648 374 2700 Dei
411 2651 725 2712 adiutorium
765 2650 1009 2719 negatis?
1046 2648 1144 2719 Cui
1179 2650 1418 2718 respondi
1440 2665 1458 2702 :
1486 2650 1772 2701 Anathema
1799 2653 1844 2702 ei

265 2720 362 2783 qui
402 2718 908 2790 negatiadjutortnm
959 2718 1095 2783 Dei;
1123 2735 1238 2790 ego_
1267 2730 1396 2771 certe
1445 2735 1547 2790 non
1575 2735 1720 2790 nego.
1780 2719 1847 2773 Et

268 2787 500 2856 postea:
546 2787 829 2860 EpiscOpus
858 2791 1115 2856 respondit
1144 2787 1160 2839 :7
1195 2787 1306 2860 Ego
1346 2798 1392 2839 te
1418 2789 1593 2841 audiri
1633 2787 1841 2855 dixisse,

266 2861 396 2924 quia
423 2875 511 2912 nec
533 2857 647 2913 cum
678 2859 770 2912 Dei
795 2861 1054 2931 adjutorio
1089 2868 1253 2926 potest
1280 2857 1432 2911 homo
1461 2875 1569 2913 esse
1592 2860 1700 2911 sine
1723 2876 1844 2928 pec-

267 2938 410 2990 cato,
435 2940 538 2984 etc.

344 2997 408 3050 5°
442 2999 782 3068 Augustinus.
822 2997 882 3053 Si
915 2999 1047 3051 enim
1088 3008 1357 3068 prtrsentes
1411 3009 1595 3059 essent,
1636 3012 1843 3065 possent

267 3083 387 3119 eum
413 3069 646 3136 fortasse,
677 3071 805 3122 absit
833 3078 889 3120 ttt
923 3070 1090 3122 diram
1128 3071 1423 3121 convincere
1458 3070 1522 3119 de
1549 3069 1834 3132 mendacio,

266 3141 362 3190 sed
388 3144 520 3206 forte
546 3155 935 3193 commemorare
955 3140 1078 3201 quid
1107 3140 1279 3204 fuisset
1306 3137 1512 3199 oblitus,
1544 3148 1631 3190 aut
1660 3141 1712 3190 in
1739 3157 1838 3207 quo
1867 3140 1912 3202 C

267 3210 652 3280 eumfefellerit
692 3209 905 3262 Latinus
937 3210 1200 3276 interpres.
1241 3219 1348 3261 etc.
1398 3207 1840 3276 Orositts(1bid.,

269 3294 318 3330 c.
351 3279 432 3348 5).
456 3280 843 3333 Concedendum
867 3281 1026 3345 magis
1046 3289 1099 3330 ut
1122 3279 1372 3347 interpres
1393 3294 1586 3331 errasse
1607 3280 1840 3346 dicendo,

267 3365 419 3417 quam
462 3352 727 3420 episcopus
757 3351 1013 3402 audiendo
1051 3350 1278 3420 ﬁnxisse.
1320 3349 1569 3410 videatur,
1600 3358 1650 3402 et
1685 3367 1839 3414 nunc,

267 3423 336 3470 ad
365 3421 522 3471 vicem
565 3419 806 3473 mercedis
836 3435 985 3487 quam
1012 3419 1258 3472 hareticis
1289 3420 1525 3488 pra'stitit
1550 3420 1839 3488 exigendis,

268 3489 428 3557 falsos
452 3491 505 3542 in
532 3491 848 3558 adjutorium
864 3492 943 3543 sui
971 3499 1120 3543 testes
1140 3503 1382 3558 qumrere.
1413 3487 1516 3542 Sed
1537 3487 1843 3544 lta'c’utrum

269 3559 332 3610 ab
347 3561 582 3629 episcopo
608 3573 789 3613 temere
813 3560 1025 3622 credita,
1053 3576 1119 3611 an
1142 3560 1391 3610 malitiose
1411 3559 1551 3625 ﬁcta,
1575 3575 1638 3610 an
1660 3561 1840 3628 ignaro

267 3631 539 3681 suboudita
578 3632 866 3692 videantur,
901 3629 1104 3682 Christo
1131 3629 1304 3699 judici
1339 3629 1839 3699 discutienda_cont-

267 3699 473 3751 mendo.
507 3701 649 3752 Absit
677 3717 708 3752 a
738 3717 814 3750 nte
844 3709 898 3752 ttt
917 3697 1230 3769 episcopum,
1262 3708 1309 3750 et
1338 3699 1620 3766 prtesertim
1644 3697 1837 3753 Hiero.

265 3770 495 3841 solgnue,
520 3771 737 3823 audeam
759 3770 825 3820 ad
848 3771 1106 3840 episcopos
1125 3784 1418 3841 provocare,
1446 3769 1499 3820 id
1523 3778 1614 3836 est,
1647 3771 1839 3822 calum-

265 3840 367 3891 nite
394 3856 650 3902 accusare,
679 3852 782 3894 etc.

337 3912 512 3977 Atque
541 3910 622 3963 his
648 3913 922 3962 Convictus
945 3908 1211 3962 Vastelius
1239 3907 1434 3961 fatetur
1460 3907 1698 3964 tandem.
1726 3911 1837 3961 cla-

261 3994 379 4029 rttnt
423 3996 528 4032 esse
565 3989 680 4033 ante
709 3981 969 4050 judicium
1019 3977 1427 4050 Diospolitanttm
1462 3977 1650 4050 aliqua
1687 3980 1842 4044 fuisse

259 4061 404 4117 gesta
431 4050 568 4101 circa
614 4047 820 4102 causam
857 4048 1054 4119 Pelagii
1086 4047 1222 4118 apud
1250 4049 1414 4119 ipsum
1441 4047 1714 4113 Joannem,
1751 4052 1838 4103 sed

261 4121 450 4182 absque
478 4119 649 4188 aliquo
678 4135 944 4183 consessu,-
973 4118 1279 4188 quamquam
1307 4118 1359 4169 in
1383 4119 1651 4184 prwsentia
1672 4119 1839 4173 lo‘rotis

259 4198 308 4240 et
345 4188 531 4241 Lazari
566 4187 938 4258 episcoporum,
979 4187 1180 4257 Pelagii
1217 4199 1593 4246 accusatorum.
1635 4189 1840 4258 illisque

259 4258 634 4311 adluerentitmt
656 4261 846 4324 aliquot
870 4259 1188 4324 Latinorum,
1211 4259 1342 4311 inter
1361 4274 1490 4327 quos
1510 4273 1706 4327 quoque
1718 4276 1842 4312 con-

259 4330 376 4395 tigit
407 4330 582 4382 adesse
614 4328 875 4390 Ot'osium,
900 4339 1004 4380 etc.

334 4399 441 4451 Sed
471 4398 611 4467 quod
645 4402 720 4452 ait
745 4399 968 4452 all'uisse
999 4397 1214 4450 Erotem
1242 4406 1292 4448 et
1329 4395 1610 4460 Lazarum,
1639 4397 1835 4452 dicenti

259 4469 510 4522 assentiri
555 4484 661 4522 non
704 4484 941 4537 possum,
975 4483 1095 4521 cum
1125 4467 1346 4521 Orosius
1387 4468 1588 4519 minuta
1609 4483 1835 4537 qumque

263 4540 489 4602 hujusce
525 4553 811 4594 consessus
854 4553 1158 4592 memorans
1207 4552 1272 4591 ne
1317 4539 1481 4590 verbo
1527 4537 1740 4606 quidem
1782 4540 1833 4591 id

257 4608 548 4674 signiﬁcet.

330 4681 517 4745 Quoad
571 4678 860 4732 secundum
901 4675 1290 4731 criminationis
1339 4682 1521 4743 caput,
1575 4676 1836 4730 Vasti-lius

258 4748 366 4814 iam
393 4764 499 4801 non
529 4748 729 4813 lprensi
752 4749 1054 4815 adjunctus,
1082 4745 1175 4800 sed
1196 4761 1289 4812 per
1309 4760 1367 4798 se
1394 4745 1565 4815 solus,
1587 4745 1831 4800 haeresim

258 4820 610 4873 Novatianam
639 4814 842 4872 auctori
877 4819 1148 4886 Apologize
1171 4816 1355 4882 objicit
1379 4816 1459 4867 his
1486 4814 1830 4886 feregverhis:

258 4889 581 4952 Nonatianus
611 4904 751 4940 error
776 4887 895 4955 fuit,
926 4885 1028 4939 non
1060 4886 1217 4937 aliam
1243 4901 1349 4938 esse
1381 4886 1550 4937 datam
1593 4885 1836 4938 Ecclesia:

257 4976 286 5010 α
315 4959 518 5012 Christe
545 4968 844 5028 potestatem
877 4957 1402 5028 remittendipeccata
1436 4971 1728 5028 quamquae
1758 4968 1828 5009 est

256 5024 554 5094 conferendi
600 5028 871 5092 baptismi;
910 5037 956 5078 et
1001 5025 1215 5094 proinde
1255 5041 1286 5075 a
1337 5024 1683 5077 sacerdotibus
1728 5041 1831 5077 non

254 5111 429 5166 posse,
459 5098 546 5150 sed
571 5115 601 5150 α
622 5105 732 5152 solo
760 5096 866 5149 Deo
895 5097 1078 5149 remitti
1104 5105 1368 5166 peccataia
1393 5094 1699 5166 Christianis
1716 5103 1830 5162 post

254 5161 423 5234 ﬁderit
454 5169 743 5221 commissa.
792 5166 894 5218 Hic
924 5161 1271 5217 autem'error
1307 5164 1568 5232 Cypriani,
1613 5161 1828 5226 Ililarii,

253 5237 511 5290 Ambrosii
531 5248 681 5303 utque
705 5236 974 5307 Augustini
1001 5234 1299 5286 testimoniis
1321 5236 1666 5307 cognoscitur.
1698 5235 1830 5302 Apo-

253 5309 441 5374 logista
470 5306 660 5359 veroid
687 5303 845 5359 totum
870 5305 1115 5373 aﬁirmat.
1135 5318 1254 5355 nam
1278 5303 1539 5372 alloquens
1560 5303 1828 5374 Pelagium

252 5377 499 5446 (Apolog.
545 5392 591 5428 c.
636 5377 761 5446 ξυμ
803 5393 823 5425 ι
861 5376 1026 5446 Dicis,
1061 5373 1245 5446 inquit,
1295 5374 1551 5446 ho_minetn
1579 5389 1687 5426 esse
1719 5374 1830 5425 sine

252 5441 596 5515 peccatdcum
624 5441 717 5515 Dei
740 5444 1035 5515 adjutorio;
1065 5453 1118 5494 tu
1142 5443 1272 5515 dicis
1287 5441 1714 5515 7:7Potest_homo;
1737 5459 1828 5512 ego

251 5518 412 5567 dico:
448 5514 620 5568 Potest
651 5510 849 5566 Densis
890 5513 956 5566 Et
979 5522 1152 5580 postea
1190 5510 1377 5580 (Ibid)
1405 5527 1419 5564 :
1453 5530 1471 5561 ι
1509 5512 1702 5566 Scribte
1725 5510 1828 5565 non

249 5586 590 5655 intelligentes
632 5585 890 5636 veritatem
919 5591 1250 5655 murmurant
1269 5590 1314 5634 et
1342 5584 1512 5655 dicunt
1538 5597 1554 5633 :
1581 5582 1711 5655 Quis
1727 5599 1823 5650 po-

253 5663 348 5707 test
374 5650 632 5708 dimittere
662 5663 889 5720 peccata,
913 5654 1012 5708 nisi
1040 5652 1180 5722 solus
1213 5651 1352 5703 Deus
1373 5650 1520 5716 (Luc.
1550 5667 1600 5712 ν,
1630 5653 1745 5722 2i),
1777 5662 1826 5703 et

258 5723 337 5774 bit:
363 5724 552 5777 abolita
581 5739 686 5778 esse
707 5725 928 5786 iudicat,
959 5737 1071 5787 qua:
1093 5721 1256 5775 Deum
1279 5723 1466 5775 nesciat
1496 5721 1817 5775 dimisisseh

1967 492 2102 552 cato,
2132 484 2524 552 quialiquando
2555 486 2852 552 peccaverit,
2891 484 3202 552 impossibile
3237 497 3312 539 est
3351 491 3537 552 absque

1958 551 2071 622 sola
2110 551 2275 618 gratia
2307 551 2566 618 baptismi,
2599 553 2683 604 tibi
2703 568 2766 605 ea:
2800 551 3016 622 persona
3063 554 3270 608 Domini
3302 558 3488 609 dicitur
3513 575 3532 612 :

1960 618 2190 694 Ilemissa
2214 633 2333 673 sttttl
2354 623 2442 694 tibi
2458 632 2672 694 peccata
2696 618 2819 694 tua;
2843 641 2862 673 s
2899 621 3097 676 lterum
3124 624 3340 694 (Ibid):
3376 644 3396 678 ε
3426 627 3534 694 Ego

1957 689 2009 739 in
2039 699 2287 765 potestate
2311 693 2467 765 habui
2495 707 2721 765 pgccare,
2762 693 2967 765 liberari
2995 711 3025 744 a
3053 689 3264 763 peccato
3293 689 3349 748 in
3383 689 3532 765 pote-

1956 768 2085 829 state
2115 775 2214 810 non
2247 761 2425 812 habeo.
2457 778 2476 810 ι
2517 761 2776 829 Denique:
2814 779 2831 812 ι
2864 761 3085 816 Peccare
3119 781 3282 816 meum
3321 761 3413 829 est,
3440 769 3530 819 ab.

1956 828 2082 880 solvi
2102 845 2200 880 non
2228 845 2388 881 meum
2399 868 2413 882 .
2445 848 2465 881 s

2033 897 2235 973 Vix__ac
2270 916 2335 951 ne
2374 900 2457 952 vix
2487 899 2699 973 quidem
2732 901 3056 967 persuadere
3100 903 3229 956 mihi
3284 920 3521 973 possum,

1961 964 2256 1038 Yastelium
2290 983 2403 1022 rem
2436 964 2577 1022 serio
2605 964 2802 1037 egisse,
2832 985 2952 1023 cum
2987 964 3446 1038 argumentaretur
3473 964 3525 1030 in

1958 1034 2099 1090 hunc
2126 1040 2362 1090 modum.
2387 1034 2708 1092 Novatianus
2732 1055 2883 1094 error
2905 1052 3004 1102 est,
3035 1034 3396 1096 titiuistrorum
3424 1045 3525 1098 Ec-

1956 1108 2133 1160 clesia:
2163 1123 2268 1160 non
2304 1124 2445 1173 esse,
2477 1110 2568 1162 sed
2598 1110 2763 1161 solius
2792 1111 2987 1164 divina:
3019 1115 3316 1177 potestatis.
3344 1115 3524 1168 dimit-

1960 1186 2078 1248 tere
2097 1188 2307 1242 peccata
2339 1192 2458 1244 post
2485 1178 2642 1232 ﬁdem
2663 1181 2968 1247 commissa,
3001 1197 3172 1248 neque
3198 1182 3454 1237 Ecclesiae
3490 1202 3519 1238 a

1955 1245 2170 1298 Christo
2205 1248 2444 1300 relictum
2480 1263 2601 1303 esse
2639 1245 2962 1316 patestatem
3007 1245 3169 1305 ullam
3220 1253 3524 1308 remittendi

1958 1326 2194 1382 peccata,
2227 1318 2328 1370 nisi
2352 1334 2473 1386 (μηδ
2500 1319 2958 1391 ρίθτᾼὺεριίςιηηηι,
2993 1322 3043 1374 id
3072 1333 3154 1376 est
3183 1337 3276 1391 per
3303 1326 3519 1377 unicum

1954 1399 2346 1456 sacramentum
2405 1389 2739 1444 remissionis
2789 1401 3127 1456 peccatorum
3183 1389 3520 1448 exerceatur.

1954 1454 2116 1528 Atqui
2156 1467 2347 1512 auctor
2378 1458 2654 1528 Apologia:
2681 1462 2755 1513 ait
2786 1454 3054 1514 hominem
3083 1477 3191 1515 non
3220 1476 3375 1528 posse
3402 1479 3523 1519 esse

1954 1526 2070 1578 sine
2095 1538 2334 1594 peccato.
2365 1542 2523 1595 passa
2558 1526 2752 1593 Deum;
2783 1533 2880 1584 soli
2924 1534 3029 1585 Deo
3069 1526 3251 1585 tribuit
3280 1531 3526 1588 Christo--

1954 1609 2057 1660 que
2098 1606 2414 1669 potestatem
2452 1614 2553 1666 qua
2606 1599 2768 1652 homo
2807 1601 3004 1656 dicitur
3044 1616 3203 1669 posse
3241 1602 3355 1656 ﬁeri
3403 1606 3521 1658 sine

1955 1667 2615 1739 peccauu;gdicit_iinsuper
2645 1671 2912 1724 neminem
2943 1667 3102 1739 posse
3136 1685 3259 1725 esse
3286 1681 3516 1738 certum,

1955 1734 2054 1809 nisi
2091 1737 2140 1789 in
2168 1737 2256 1791 die
2281 1737 2490 1806 judicii.
2516 1734 2656 1808 quod
2687 1740 2754 1792 sit
2785 1742 2903 1794 sine
2930 1734 3180 1806 peccato;
3204 1756 3326 1795 reus
3359 1734 3516 1809 igitur

1952 1803 2228 1878 Novatiani
2260 1803 2460 1862 erroris
2485 1803 2715 1862 tenetur.
2742 1811 2838 1876 Qui
2861 1803 3004 1864 enim
3032 1803 3199 1878 potuit
3223 1813 3306 1864 vir
3327 1803 3517 1867 doctus

1953 1876 2199 1951 ignorate
2228 1889 2460 1951 antqua:
2483 1879 2590 1931 sint
2613 1876 3086 1948 argumentationis
3121 1882 3282 1949 leges,
3317 1893 3406 1935 aut
3425 1887 3513 1951 qui

1951 1943 2110 2019 inerit
2150 1946 2564 2019 Novatianorum
2595 1943 2748 2003 error
2785 1952 2852 2004 de
2891 1943 3220 2019 pmnitentia,
3263 1943 3356 2004 aut
3397 1943 3518 2019 qlia:

1951 2015 2072 2088 ﬁdei
2097 2019 2382 2088 sententia
2413 2018 2482 2072 de
2519 2015 2906 2085 impeccantia;
2930 2036 2992 2074 ac
3023 2021 3371 2088 possibilitate
3414 2015 3515 2075 itu-

1951 2085 2126 2159 pletuli
2184 2088 2690 2159 mandatatVoluit
2740 2090 2987 2159 Pelagius
3024 2085 3132 2143 tant
3182 2092 3350 2145 facilia
3395 2107 3518 2146 esse

1950 2157 2197 2208 mandata
2239 2157 2355 2219 Dei,
2389 2167 2448 2211 ut
2484 2158 2666 2220 homo,
2709 2161 2751 2212 si
2810 2157 3055 2223 voluerit,
3107 2163 3217 2225 ipsa
3257 2163 3400 2214 omni
3448 2177 3512 2216 ex

1949 2234 2099 2291 ptrtc
2127 2227 2365 2293 impleat.
2391 2243 2489 2282 nec
2523 2229 2587 2281 ad
2622 2230 2671 2280 id
2701 2231 3057 2294 prmatandum
3093 2231 3181 2283 Dei
3212 2233 3388 2283 omnia
3421 2247 3516 2296 po-

1950 2297 2109 2368 tentis
2135 2298 2420 2363 adjutorio,
2449 2298 2542 2350 sed
2565 2299 2675 2351 sola
2697 2314 2790 2356 sua
2816 2301 2870 2353 vi
2904 2302 3077 2354 nativa
3105 2311 3278 2368 egeat.
3301 2301 3516 2364 Pelagio

1949 2363 1999 2439 id
2023 2369 2218 2418 volenti
2244 2369 2528 2439 respondet
2553 2368 2794 2439 Orosius,
2826 2384 2980 2437 posse
2999 2363 3212 2439 quidam
3243 2363 3509 2425 hominem

1947 2435 2254 2500 observare,
2287 2437 2450 2489 immo
2483 2447 2537 2490 ct
2579 2438 2799 2507 implere
2828 2435 3104 2504 mandata;
3144 2442 3236 2493 sed
3281 2451 3516 2504 potesta-

1951 2512 2056 2556 tem
2083 2520 2182 2572 qua
2214 2507 2262 2558 id
2306 2510 2475 2573 possit
2503 2522 2652 2560 suam
2694 2525 2799 2562 non
2840 2525 2981 2571 esse,
3021 2512 3070 2564 id
3099 2521 3201 2571 est.
3236 2511 3448 2563 insitam
3478 2527 3506 2565 a

1949 2585 2156 2646 natura.
2184 2577 2276 2628 sed
2305 2577 2399 2630 Dei
2433 2578 2724 2645 propriam,
2755 2595 2873 2646 quae
2908 2581 3327 2634 misericorditer
3356 2595 3510 2634 com-

1947 2645 2194 2697 modetur
2216 2662 2313 2710 pro
2342 2657 2582 2716 tempore
2608 2658 2663 2702 et
2693 2645 2830 2702 loco.
2863 2649 3038 2703 Voluit
3069 2650 3315 2719 Pelagius
3345 2653 3512 2704 homi-

1948 2729 2067 2787 nem
2099 2730 2255 2787 posse
2286 2719 2383 2770 hac
2415 2719 2464 2768 iu
2490 2719 2594 2770 vita
2630 2732 2816 2772 carere
2859 2722 3001 2773 omni
3036 2729 3272 2787 peccato,
3317 2737 3414 2775 nec
3445 2722 3511 2775 ad

1947 2783 1997 2858 id
2029 2786 2316 2858 quidquam
2345 2788 2574 2853 amplius
2602 2788 2798 2858 requiri
2826 2804 2984 2858 quam
3017 2783 3072 2843 ut
3102 2791 3252 2844 velit.
3284 2792 3513 2845 Conten-

1945 2852 2021 2929 dit
2060 2852 2282 2929 Orosius
2312 2852 2470 2929 posse
2509 2852 2722 2926 quidem
2765 2852 3030 2912 hominem
3069 2875 3256 2915 carere
3293 2873 3514 2929 peccato

1946 2922 2045 2977 hac
2078 2927 2127 2978 in
2157 2926 2283 2991 vita,
2314 2922 2376 2980 _si
2415 2922 2555 2999 Deus
2591 2929 2847 2999 voluerit;
2885 2930 2934 2982 id
2965 2930 3105 2983 enim
3140 2922 3340 2984 homini
3378 2947 3514 2999 pra-

1944 3002 2087 3047 stare
2115 3005 2308 3062 potest.
2347 2998 2449 3068 etsi
2473 2998 2673 3050 nemini
2707 3000 3012 3066 pra-stiterit
3051 3002 3330 3064 hactenus,
3377 2998 3515 3068 pm-

1946 3068 2296 3174 t;ni
2327 3066 2565 3121 Christo.
2587 3069 2723 3133 Quid
2749 3068 2878 3123 illud
2907 3079 3082 3124 autem
3105 3071 3169 3124 ad
3195 3086 3306 3124 rem
3338 3066 3513 3125 Nova-

1943 3142 2235 3187 tianornm!

2022 3203 2200 3274 Pergit
2234 3206 2518 3271 Vastelius,
2564 3207 2889 3271 tertiumque
2929 3220 3083 3277 caput
3121 3210 3512 3265 criminationis

1947 3274 2102 3346 aliert
2151 3289 2256 3329 non
2314 3277 2493 3330 minus
2537 3277 2850 3332 admirabile
2883 3274 3039 3346 quain
3068 3281 3379 3346 semiudum,
3432 3282 3512 3335 si-

1944 3344 2157 3412 quidem
2177 3357 2460 3416 auctorem
2506 3351 2776 3416 Apologitc
2818 3344 2965 3403 reum
3017 3351 3144 3403 facit
3181 3344 3510 3404 Nestorium!

1942 3429 2154 3482 quoque
2172 3415 2538 3484 blasphemim,
2556 3415 2668 3471 non
2686 3415 2974 3474 contentus
3000 3421 3208 3475 scilicet
3227 3433 3511 3476 accusasse

1943 3486 2348 3560 crudelitatisin
2371 3498 2703 3560 peccatores,
2721 3490 2912 3557 quibus
2936 3491 3301 3558 pmnitentiam
3326 3501 3505 3560 neget,

1943 3554 2044 3606 nisi
2084 3554 2681 3629 insituulet'impietatis
2723 3554 2774 3612 in
2813 3554 3154 3627 peccatorum
3198 3554 3511 3629 redempta;

1942 3639 2080 3688 rem,
2101 3626 2187 3699 cui
2208 3627 2538 3699 divinitatem
2561 3629 2768 3699 eripiat.
2794 3632 2986 3684 Asserit
3008 3631 3286 3692 Christum,
3314 3626 3504 3699 inquit.

1943 3709 2043 3745 non
2087 3696 2188 3747 dici
2214 3695 2402 3767 Deum,
2436 3697 2537 3767 nisi
2563 3695 2951 3764 denominative,
2997 3711 3144 3767 atque
3189 3703 3263 3752 ita
3295 3695 3512 3754 exiiters

1942 3779 2128 3832 purum
2154 3765 2324 3837 reipsa
2345 3765 2623 3837 hominem,
2654 3783 2786 3837 quas:
2810 3765 3116 3822 Nestoriana
3143 3771 3465 3837 blaspltemia
3489 3788 3509 3836 ;

1942 3849 2100 3909 neque
2126 3835 2260 3909 enim
2286 3836 2404 3909 vult
2431 3835 2582 3909 aliter
2609 3834 2720 3909 esse
2753 3834 2921 3890 Deum
2949 3855 3102 3905 quam
3139 3853 3193 3891 ut
3227 3834 3318 3892 Dei
3351 3834 3526 3909 adjué

1942 3905 2090 3968 torio,
2118 3905 2325 3976 perinde
2351 3921 2412 3958 ac
2432 3905 2681 3976 homines,
2705 3908 2948 3976 indigeat.
2976 3910 3105 3962 Tam
3135 3905 3502 3962 incredibilem

1941 3975 2336 4044 accusationem
2372 3975 2640 4030 conﬁcere
2674 3977 2777 4029 sibi
2815 3975 3025 4032 videtur
3062 3979 3143 4033 his
3179 3980 3506 4044 Apologistze

1942 4043 2428 4117 verbis‘Pelagium
2469 4047 2789 4117 alloquentis
2836 4049 3077 4117 (Apolog.
3121 4066 3166 4100 c.
3203 4049 3326 4116 i0):
3359 4043 3504 4100 Dicis

1940 4127 2085 4188 posse
2220 4116 2314 4188 hoc
2341 4116 2531 4168 sarculo
2563 4113 2956 4188 esseAhonti'ne'm
2996 4113 3106 4171 sine
3143 4113 3344 4188 peccato
3393 4134 3508 4188 c_uns

1939 4181 2036 4235 Dei
2061 4185 2355 4256 adjutorio;
2380 4196 2436 4239 tu
2466 4188 2593 4238 dicis
2616 4203 2635 4239 :
2675 4186 2849 4240 Pote.-t
2875 4191 3056 4252 homo;
3094 4181 3186 4256 ego
3218 4188 3331 4239 dico
3357 4202 3375 4238 :
3403 4185 3510 4237 Po-

1941 4263 2034 4304 test
2063 4253 2221 4308 om.
2252 4259 2340 4308 Sic
2369 4257 2512 4309 enim
2545 4272 2638 4322 per
2668 4258 3034 4310 admirabilem
3066 4253 3350 4324 quamdam
3379 4271 3504 4310 sen-

1942 4328 2121 4375 tentiae
2151 4323 2418 4393 syntaxim
2447 4326 2730 4394 legendum
2753 4329 2934 4394 jubet:
2972 4323 3140 4380 Dicis:
3167 4326 3337 4381 Potest
3356 4330 3506 4379 homo

1939 4407 2046 4466 esse
2073 4393 2184 4445 sine
2210 4404 2412 4461 peccato
2439 4410 2554 4446 cum
2577 4393 2674 4447 Dei
2708 4393 3000 4466 adjutorio;
3043 4414 3130 4466 ego
3153 4400 3265 4450 dico
3288 4413 3306 4452 :
3338 4399 3506 4451 l’otest

1942 4462 2080 4538 Deus
2109 4479 2214 4515 esse
2234 4465 2348 4538 sine
2373 4474 2575 4538 peccato
2605 4481 2716 4517 cum
2751 4462 2848 4538 Dei
2873 4462 3152 4538 adjutorio.

1866 4507 1915 4566 θ
1970 4601 1977 4603 _
2014 4532 2208 4585 Verum
2227 4507 2400 4598 jocari
2421 4535 2560 4588 istud
2585 4544 2686 4600 est,
2707 4507 2846 4603 qu'od
2875 4507 3174 4592 inire‘s'e‘r’ia
3199 4553 3304 4591 non
3326 4536 3500 4601 decet,

1937 4601 2198 4674 siquidem
2229 4605 2427 4657 nemini
2458 4618 2562 4658 non
2599 4615 2682 4658 est
2705 4601 2898 4660 obvius
2927 4607 3253 4674 Apologistte
3286 4622 3496 4662 sensus.

1935 4674 2068 4744 cum
2089 4673 2284 4744 dicitur
2316 4674 2475 4727 homo
2507 4688 2670 4743 posse
2700 4691 2821 4730 esse
2850 4673 3221 4744 sinc’peccato
3247 4690 3367 4730 cum
3408 4678 3499 4730 Dei

1936 4741 2224 4815 adjotorio,
2255 4744 2429 4815 aliqua
2461 4741 2643 4812 procul
2675 4745 2840 4799 dubio
2879 4741 3116 4812 potestas
3147 4746 3496 4815 signiﬁcatur.

1935 4826 2104 4883 eamne
2124 4813 2351 4881 alicujus
2374 4816 2612 4882 propria,
2642 4825 2802 4883 atque
2827 4817 2892 4867 ita
2918 4816 3000 4869 vel
3025 4816 3142 4877 Dei.
3169 4813 3250 4867 vel
3273 4816 3501 4868 hominis

1935 4882 2086 4949 quasi
2128 4883 2325 4936 nativa.
2381 4885 2518 4936 Dicit
2556 4885 2786 4938 hominis
2817 4883 3078 4950 Pelagius,
3114 4884 3253 4953 quod
3287 4885 3504 4937 haereti-

1935 4966 2055 5024 cum
2077 4959 2200 5024 est;
2229 4953 2323 5008 Dei
2347 4953 2478 5006 dicit
2495 4954 2736 5019 Orosius,
2758 4955 2900 5024 quod
2922 4969 3130 5008 summe
3153 4954 3495 5024 catholicum.

2008 5021 2290 5086 Vastelius,
2345 5033 2404 5076 ut
2459 5021 2853 5079 accusationem
2899 5024 3204 5088 conﬁrmet,
3258 5023 3501 5092 adjungit

1933 5091 2076 5144 aliud
2103 5092 2374 5160 quiddam,
2404 5093 2496 5146 sed
2523 5093 2689 5146 nihilo
2707 5096 2944 5161 gravius.
2974 5092 3156 5155 Nullo,
3187 5095 3374 5162 inquit.
3394 5091 3497 5147 alio

1933 5164 2138 5234 nomine
2181 5163 2437 5234 Christum
2475 5164 2749 5232 appellavit
2792 5181 2944 5234 quam
2969 5181 3070 5234 quo
3107 5174 3272 5234 posset
3313 5164 3500 5217 Nesto-

1933 5232 2108 5301 rianus
2147 5233 2382 5298 quisque;
2414 5249 2502 5285 nec
2536 5250 2747 5301 usquam
2786 5232 2929 5288 vocat
2958 5232 3150 5286 Filium
3186 5235 3303 5300 Dei,
3335 5234 3497 5287 Deum

1932 5299 2213 5363 Christum,
2241 5313 2287 5354 et
2333 5301 2549 5356 Verbum
2597 5299 2936 5356 incarnatum.
2979 5304 3061 5360 Sit
3104 5306 3172 5356 ita
3199 5299 3366 5357 sane:
3404 5305 3496 5357 sed

1933 5369 2294 5443 ips-intentavi
2331 5373 2660 5427 'l‘estameuti
2694 5375 3003 5443 scriptores,
3037 5389 3158 5427 cum
3193 5375 3261 5426 de
3284 5374 3498 5426 Christo

1932 5440 2296 5507 loquerentur.
2338 5458 2442 5494 nou
2491 5445 2597 5494 aho
2643 5440 2860 5498 nomine
2911 5446 2994 5497 usi
3039 5452 3160 5496 sunt
3200 5459 3357 5512 quam
3389 5458 3496 5511 quo

1931 5513 2265 5576 postmodum
2291 5512 2440 5564 abusi
2469 5512 2793 5566 Nestoriani.
2822 5517 2903 5568 An
2929 5513 3188 5567 continuo
3213 5515 3498 5581 participes

1929 5591 2051 5632 sunt
2077 5595 2275 5634 erroris
2297 5581 2320 5632 ‘i
2351 5581 2549 5635 Deinde
2572 5598 2743 5650 neque
2765 5585 3056 5638 necessitas
3078 5599 3288 5649 semper
3310 5582 3496 5648 exigit,

1930 5665 2102 5716 neque
2137 5652 2434 5722 aliquando,
2464 5653 2659 5720 patitur
2691 5656 2859 5716 locus,
2899 5661 2991 5705 aut
3036 5663 3264 5722 tempus,
3297 5662 3496 5722 ulAlattI

1928 5721 2195 5790 expromis
2218 5723 2393 5776 verbis
2410 5719 2477 5775 de
2492 5721 2688 5776 Christi
2709 5723 2990 5779 divinitate
3013 5719 3189 5779 sermo
3207 5723 3318 5776 ﬁat.
3340 5719 3498 5775 Certe
