3962 6180
483 295 585 349 571

487 414 614 459 tunc
667 406 926 471 temporis
975 404 1110 458 nihil
1164 412 1283 459 erat
1318 419 1492 462 caussa
1543 416 1649 459 tatu
1684 408 1939 474 explicite
1975 407 2132 467 lo-A

485 476 704 543 quendi,
734 491 855 528 cum
883 485 1066 528 neutra
1089 489 1234 541 pars,
1258 474 1527 540 Pelagium
1550 474 1673 529 dico
1692 486 1748 529 et
1776 475 2052 539 Orosium,

490 547 558 599 de
586 546 781 599 Christi
808 544 1086 598 divinitate
1110 548 1479 600 contenderet.
1517 546 1757 613 Denique
1789 545 2054 600 Vastelius

489 616 606 676 ipse
646 615 854 667 tandem
894 613 1152 681 agnoscit,
1188 629 1417 684 cogente
1470 616 1712 679 veritate,
1773 616 1888 667 haec
1934 631 2057 670 esse

488 686 814 751 Apologista:
838 685 996 736 verba
1025 684 1266 753 (Apolog.
1294 702 1340 737 c.
1372 684 1466 754 εἰ)
1490 702 1504 737 :
1540 684 1644 737 Hic
1670 700 1791 754 ergo
1824 685 2057 739 Christus

495 754 742 822 geminus
778 764 967 817 uoster,
1006 756 1107 816 hic,
1141 756 1367 822 inquam,
1416 753 1583 808 Filius
1629 753 1745 821 Dei,
1790 756 1844 808 in
1873 758 2060 809 virtute

494 821 669 904 Patris
700 832 745 874 et
768 824 955 904 gloria,
985 841 1098 904 aute
1122 826 1174 904 in
1198 821 1454 904 principio
1477 825 1735 904 condidit,
1757 826 1964 904 redemit
2002 827 2059 879 in

493 895 681 963 medio,
714 894 942 963 etiamin
971 896 1239 947 novissimo
1252 896 1531 962 judicubit,
1557 906 1662 947 etc.
1696 895 1761 947 Et
1785 896 1944 963 paulo
1965 911 2058 948 an-

490 970 573 1013 tea
606 960 792 1031 (Ibid)
820 978 834 1014 :
870 961 991 1030 Ipse
1020 974 1096 1017 est
1128 960 1378 1017 mediator
1402 964 1498 1017 Dei
1533 972 1581 1016 et
1611 960 1873 1017 hominum
1910 967 2059 1018 homo

489 1030 913 1104 Christuslcsus,
952 1038 1013 1085 de
1040 1050 1139 1103 quo
1167 1033 1393 1088 Joannes
1432 1050 1593 1102 usque
1631 1035 1699 1086 ad
1734 1036 1897 1104 ipsum
1935 1051 2065 1104 pene

490 1101 788 1154 inaccessibi
793 1103 885 1154 lem
909 1101 1073 1155 lucem
1093 1105 1410 1158 introductus
1425 1101 1709 1157 exclamat:
1730 1102 1794 1156 In
1814 1101 2061 1170 principio

489 1171 874 1246 erat-Verbum,
905 1183 952 1226 et
986 1173 1198 1227 Verbum
1227 1186 1334 1227 erat
1358 1176 1494 1246 apud
1519 1174 1698 1246 Deum,
1726 1186 1773 1226 et
1795 1174 1932 1227 Deus
1954 1186 2065 1227 erat

507 1238 753 1314 Verbum;
785 1244 880 1294 hoc
902 1246 1084 1314 eratin
1110 1246 1361 1314 principio
1388 1238 1527 1311 apud
1564 1243 1745 1314 Deum,
1781 1246 1954 1314 omnia
1974 1261 2073 1309 per

490 1311 660 1384 ipsum
678 1312 817 1384 facta
842 1324 955 1366 sunt
981 1311 1155 1383 (Joan.
1185 1330 1222 1375 ι.
1256 1315 1329 1384 l).
1369 1321 1441 1367 Ac
1466 1323 1579 1378 post
1594 1312 1879 1384 _paululum
1901 1330 2063 1381 expo-

492 1381 592 1454 sita
633 1382 790 1435 divini
827 1381 998 1454 operis
1020 1386 1224 1438 veritate
1247 1381 1506 1454 subjungit
1529 1399 1549 1437 :
1582 1382 1651 1435 Et
1688 1383 1908 1436 Verbum
1941 1400 2065 1436 caro

494 1451 688 1518 factum
727 1464 821 1513 est,
851 1463 896 1505 et
935 1452 1177 1507 habitavit
1214 1455 1266 1508 in
1297 1451 1459 1513 nobis,
1494 1464 1541 1505 et
1574 1454 1790 1506 vidimus
1818 1455 2065 1507 honorent

492 1523 622 1593 ejus,
663 1524 880 1591 gloriam
932 1534 1189 1593 tamquam
1233 1526 1370 1578 unici
1406 1524 1513 1578 nati
1557 1539 1589 1575 α
1628 1521 1806 1587 Patre,
1853 1524 2064 1591 plenum

494 1592 658 1659 glaria
683 1603 729 1643 et
760 1594 986 1654 veritate.
1022 1592 1127 1649 etc.
2020 1648 2023 1649 ν

566 1660 706 1733 Quid
735 1677 862 1733 vero
882 1666 1209 1733 expressius,
1238 1664 1321 1718 vel
1344 1662 1571 1719 sancivit
1596 1663 2065 1733 umqttAamEccle-

498 1729 598 1794 sia,
629 1732 711 1828 vel
740 1729 1016 1828 Scriptura
1040 1729 1204 1799 d.xit,’
1235 1748 1343 1805 quo
1379 1729 1715 1788 divinitatem
1737 1730 1935 1788 Christi
1966 1734 2065 1788 deo
2094 1768 2138 1828 Β

494 1810 811 1856 monstraret
826 1804 849 1855 τ

568 1870 763 1937 Objicit
794 1882 983 1941 quarto
1013 1872 1297 1937 Vastelins,
1326 1872 1677 1997 queriturque
1710 1872 1960 1941 injuriam
1990 1874 2061 1927 ab

568 1952 718 1994 ctore
765 1945 1039 1997 Apolouia:
1087 1943 1276 1997 tactam
1364 1959 1521 1997 «unum
1570 1944 2061 1997 Hierosolvmorutn

497 1952 718 2017 auctore
765 1945 1039 2017 Apologia:
1087 1943 1276 1997 tactam
1329 1943 1521 2017 .loanni
1570 1944 2061 2017 Hierosolymorum

497 2012 772 2082 ιιρίερορο,
804 2028 960 2081 quem
988 2012 1321 2082 Augustinus
1347 2013 1477 2068 colit
1514 2023 1865 2082 sanctumque
1883 2012 2059 2067 vocat.

498 2080 669 2143 Quam
698 2080 833 2135 vero
865 2084 1060 2137 factam
1083 2080 1352 2151 “iniuriam
1398 2084 1670 2152 queritur?
1717 2080 2061 2150 Episcopum,

498 2154 593 2223 ait,
628 2152 802 2223 verbis
827 2154 998 2223 paulo
1026 2153 1336 2208 durioribus
1362 2155 1656 2207 accusavit.
1686 2152 1775 2223 Sit
1796 2155 1864 2205 ita
1893 2166 2059 2207 sane:

501 2219 620 2291 quis
671 2219 1014 2290 blasphemiae
1052 2237 1149 2291 per
1192 2223 1514 2278 calumniam
1566 2222 1906 2277 insimulatus
1950 2239 2064 2277 non

503 2290 714 2343 veniam
753 2290 1120 2357 inereatur,’si
1152 2295 1499 2349 calumnianti
1535 2293 1948 2347 subiracundius
1988 2294 2065 2347 lo-

540 2361 725 2432 natur?
756 2360 954 2417 Verum
983 2363 1175 2428 quibus
1210 2365 1389 2418 verbis
1419 2364 1727 2432 episcopum
1760 2363 2067 2417 accusavit?

550 2444 583 2503 n
624 2430 929 2487 durioribus
968 2430 1624 2503 acerbioribusqne’quam
1670 2444 1759 2487 aut
1792 2448 1922 2486 suus
1955 2448 2068 2486 ma-

501 2499 671 2573 gister
710 2503 1085 2573 Hieronymus,
1117 2499 1571 2571 epistola'61,'de
1604 2506 1879 2573 erroribus
1906 2503 2070 2559 Joan-

500 2569 584 2622 nis
613 2569 1107 2645 Hierosolytititani;
1131 2569 1597 2645 auLEpiphanius,
1620 2575 1741 2645 data
1771 2574 1836 2626 ad
1868 2572 2069 2641 ipsum-

502 2650 614 2714 met
641 2640 900 2714 Joannem
937 2645 1159 2711 epistola
1187 2640 1380 2714 (Epist.
1405 2645 1494 2701 60.
1532 2646 1666 2697 inter
1696 2640 2022 2713 Ilieronytn.)
2044 2645 2069 2696 ἲ

500 2708 708 2783 Clamat
736 2708 1005 2778 Vastelius
1035 2708 1319 2783 utrumque
1338 2717 1485 2782 Opus
1508 2708 2064 2783 :‘uttposititittnt'tase.

505 2777 801 2852 Utrumque
828 2786 1117 2852 genuinum
1158 2777 1279 2839 esse
1321 2777 1620 2838 reclamant
1644 2792 1906 2851 quotquot
1940 2793 2069 2838 sunt

501 2850 726 2921 eruditi,
748 2850 1041 2908 reclamant
1059 2862 1115 2908 et
1135 2855 1349 2921 ipsimet
1380 2854 1569 2908 Patres
1590 2854 1663 2906 illi
1685 2850 2070 2908 duoadversits

504 2919 775 2993 hominem
810 2923 950 2977 bona
976 2919 1169 2989 quibus
1190 2924 1488 2993 gloriantur
1532 2924 1829 2978 subducere
1862 2936 2068 2977 tentan-

502 2996 652 3063 tem._
681 2992 885 3063 Deinde
933 2996 1085 3063 cujus
1115 2992 1353 3048 criminis
1405 2994 1676 3047 accusavit
1721 2995 2068 3061 episcopum?

502 3058 655 3132 Quod
679 3061 929 3118 hmt‘etiCtt
954 3058 1189 3119 faveret?
1214 3066 1359 3119 Fecit
1380 3066 1725 3132 Augustinus.
1749 3058 2066 3130 Quod'tnen-

500 3131 586 3181 tiri
615 3132 760 3185 visus
799 3136 899 3187 sit?
932 3136 1075 3190 Fecit
1116 3137 1313 3203 pariter
1354 3130 1698 3202 Augustinus.
1740 3136 1892 3200 Quod
1918 3136 2066 3188 illudi
2094 3130 2139 3190 C

501 3212 781 3273 sepossus
819 3206 978 3259 fuerit
1012 3222 1041 3258 a
1076 3205 1328 3273 Pelagio?
1353 3204 1504 3258 Fecit
1533 3204 1881 3272 Augustinus.
1915 3204 2068 3269 Quod

500 3271 819 3341 calumniam
860 3275 1051 3328 Orosio
1088 3271 1355 3328 intulerit?
1408 3274 1557 3327 Fecit
1610 3271 1664 3326 et
1718 3276 2067 3341 Augustinus.

504 3336 745 3411 Denique
786 3346 925 3409 apud
966 3359 1101 3411 quos
1133 3344 1443 3397 accusavit?
1493 3358 1687 3410 nempe
1740 3336 1879 3408 apud
1926 3346 2071 3398 solos

500 3409 848 3481 presbyteros
883 3409 1048 3466 totius
1076 3414 1156 3467 rei
1184 3424 1347 3480 gestae
1376 3409 1646 3476 conscios,
1680 3428 1816 3481 quos
1856 3428 1960 3465 non
1984 3415 2073 3481 ju-

506 3478 651 3531 dices
673 3482 928 3549 appellat,
952 3482 1045 3536 sed
1071 3478 1235 3537 testes
1263 3492 1491 3547 tantum,
1514 3491 1570 3536 et
1589 3478 1905 3550 quibuscum
1936 3478 2072 3538 sola-

501 3554 599 3621 tur
621 3564 962 3606 communem
998 3554 1067 3605 ab
1105 3555 1357 3621 episcopo
1393 3553 1662 3618 iniuriam.
1693 3551 1842 3605 Unde
1886 3554 2070 3609 mirari

500 3618 633 3689 satis
663 3634 766 3674 non
798 3637 1013 3688 possum
1039 3618 1215 3677 Orosii
1255 3618 1592 3685 modestiam,
1620 3624 1710 3689 qui
1739 3637 1863 3675 cum
1886 3638 2073 3678 neces-

501 3688 663 3741 sitate
691 3694 1108 3761 compelleretur
1146 3708 1204 3745 se
1234 3693 1579 3761 blasphemia:
1603 3688 1908 3745 accusatum
1950 3709 2073 3759 pur-

500 3770 650 3823 gare,
690 3775 795 3814 non
849 3772 954 3817 tam
989 3764 1224 3818 delendit
1262 3779 1341 3829 se,
1378 3772 1435 3816 ut
1465 3777 1558 3829 par
1593 3772 1735 3824 erat,
1767 3762 1870 3815 title
1911 3765 2073 3831 impe-

505 3839 676 3900 rante,
700 3847 856 3899 quam
885 3834 1154 3887 retinente
1172 3834 1455 3899 charitate,
1479 3841 1801 3900 conquestus
1825 3841 1909 3886 est
1930 3835 2069 3897 apud

500 3897 645 3951 solos
684 3897 761 3956 rei
808 3913 1189 3969 testeszqnare
1230 3906 1421 3971 Opinor
1444 3897 1576 3957 (inde
1603 3897 1800 3956 iactum
1846 3913 1902 3956 ut
1936 3903 2073 3956 liber

503 3981 663 4035 quem
707 3989 815 4038 prie
866 3976 1125 4029 modestia
1175 3975 1431 4042 publicari
1486 3975 1735 4034 noluerit.
1782 3987 1850 4025 ne
1877 3973 2070 4026 tamam

499 4042 740 4111 episcopi
763 4045 1048 4107 minueret,
1074 4048 1245 4098 rarior
1281 4045 1437 4097 simul
1464 4054 1520 4097 et
1542 4046 1772 4110 ignotior
1790 4045 1951 4095 etiam
1974 4058 2071 4097 suo

499 4114 697 4164 saeculo
719 4117 1007 4168 exstiterit.

573 4181 663 4253 llis
691 4182 761 4236 ita
785 4185 1077 4253 disputatis
1104 4195 1348 4251 apertum
1379 4192 1462 4236 est
1498 4192 1660 4250 atquo
1701 4180 2069 4253 manifestum,

502 4248 633 4321 nihil
664 4268 784 4308 esse
811 4248 987 4310 causae
1023 4271 1119 4308 cur
1142 4248 1281 4308 liber
1311 4248 1676 4321 apologeti‘cus
1700 4252 1769 4305 de
1797 4250 2071 4306 Libertate

502 4320 725 4393 A_rbitrii
750 4326 1014 4379 adversus
1046 4327 1315 4393 Pelagium
1344 4320 1681 4392 abjudicetnr
1703 4322 1928 4393 Orosio;
1957 4324 2068 4389 plu-

502 4389 697 4443 rimum
734 4406 923 4449 contra
961 4411 1084 4448 esse
1134 4389 1358 4448 rationis
1404 4389 1500 4447 cur
1540 4394 1713 4446 eidem
1755 4392 2066 4445 tribuatur:

502 4472 623 4554 I321
744 4462 1041 4554 Augustino
1068 4466 1430 4554 testimonium
1456 4464 1838 4554 habet,ls‘tylus
1880 4472 2065 4516 aucto-
2093 4494 2142 4554 υ

502 4534 1002 4603 rem_demonstrat.
1036 4535 1382 4603 tuanuscripti
1410 4534 1624 4587 codices
1651 4532 1828 4586 Orosii
1869 4548 2061 4587 nomen

502 4598 814 4669 przelerunt,
858 4603 1054 4657 eruditi
1088 4603 1285 4671 quique
1309 4598 1673 4669 consentiunt,
1704 4613 1759 4657 et
1790 4603 1826 4656 ii
1857 4604 1956 4656 soli
1979 4620 2064 4657 re-

502 4680 741 4736 pugnant
763 4688 991 4741 quorum
1024 4676 1249 4727 interest
1277 4688 1305 4723 a
1347 4682 1494 4727 tanto
1529 4681 1641 4727 viro
1672 4683 1884 4740 tamque
1926 4674 2066 4726 anti-

499 4755 605 4812 quo
635 4742 923 4810 scriptore,
958 4754 1034 4805 et,
1071 4743 1214 4812 quod
1248 4747 1577 4810 prmcipuum
1622 4753 1723 4809 est,
1756 4754 1861 4796 tam
1895 4745 2063 4797 nobili

498 4809 762 4877 discipqu
797 4809 1120 4883 Hieronymi
1173 4809 1334 4880 atque
1391 4809 1697 4882 Augustini,
1749 4828 1897 4866 arma
1958 4830 2065 4867 non

499 4883 857 4953 suppeditari,
900 4886 1091 4953 qtttbﬂs
1122 4892 1178 4936 et
1220 4885 1335 4949 ipse
1375 4884 1505 4936 olim
1548 4884 1815 4952 Pelagium
1849 4886 2062 4949 vicerit,

499 4958 551 5000 et
581 4950 679 5015 ipsi
713 4969 853 5007 nunc
879 4950 1113 5008 vicis~im
1144 4970 1172 5005 ει
1204 4953 1483 5007 catholicis
1515 4950 1812 5007 vincantur.

566 5021 792 5094 Orosius
825 5040 987 5090 porro
1017 5028 1152 5078 duas
1176 5023 1303 5077 fecit
1324 5022 1660 5094 Apologetici
1694 5032 1907 5091 partes;
1931 5024 2068 5077 alte-

493 5102 609 5142 ram
644 5092 972 5154 historicum,
1019 5095 1242 5147 alteram
1282 5092 1636 5159 dogmatt'cam
1670 5111 1683 5147 :
1714 5094 1798 5146 illa
1850 5110 1943 5147 res
1970 5109 2067 5162 ge-

484 5162 685 5234 stas__in
712 5175 981 5216 conventu
1010 5165 1499 5234 llierosolymitano
1522 5164 1787 5228 continet,
1823 5174 1878 5216 et
1906 5164 2065 5216 simul

495 5230 769 5285 scribendi
816 5248 1063 5298 causam;
1122 5236 1219 5286 ista
1262 5230 1424 5302 plane
1473 5236 1666 5286 eximia
1711 5244 1814 5301 est,
1858 5249 2065 5302 suoque

494 5311 714 5353 auctore
733 5303 916 5369 digna.
953 5319 1052 5357 nec
1093 5305 1362 5357 immerito
1383 5304 1553 5358 videri
1588 5314 1765 5370 potest
1794 5304 2061 5371 t|ll0dtl.ttll

494 5372 645 5443 quasi
674 5376 1049 5443 compendium
1074 5376 1284 5428 tradita:
1329 5376 1397 5429 ab
1439 5374 1768 5443 Hieronymo
1801 5383 1858 5427 et
1886 5378 2066 5441 Augu-

493 5440 633 5492 stitio
655 5440 932 5497 doctrinas.

561 5513 691 5573 Qua
739 5518 892 5567 tertia
926 5530 1050 5583 pars
1094 5512 1362 5569 nonnullis
1402 5514 1607 5569 credita
1638 5524 1722 5568 est
1763 5512 1832 5583 (Α
1874 5529 1990 5581 cap.
2032 5512 2068 5566 5

489 5595 645 5655 usque
683 5586 751 5636 ad
778 5584 892 5654 12),
927 5589 1193 5655 habetque
1238 5588 1500 5639 rationem
1528 5585 1866 5652 appendicis,
1908 5599 1972 5637 ex
2002 5584 2068 5655 li-

488 5652 584 5704 bro
616 5652 893 5723 Augustini
921 5659 989 5711 de
1010 5652 1207 5711 Natura
1239 5666 1289 5708 et
1317 5656 1525 5720 Gratia,
1556 5655 1697 5708 forte
1724 5669 1829 5708 non
1854 5664 1938 5707 est
1962 5654 2064 5708 ad-

488 5724 594 5777 dita
627 5726 694 5779 alb
723 5727 932 5796 Orosio,
973 5742 1095 5782 cum
1137 5728 1445 5797 importune
1481 5726 1788 5788 inseratur;
1820 5724 1915 5779 sed
1940 5740 1970 5778 a
2002 5726 2065 5779 li-

912 294 1006 350 AD
1042 294 1319 351 PARTEM
1362 295 1620 351 ΡΜΜΛΜ
1659 293 1937 353 ορωωι
1978 294 2047 348 Il.

2175 290 2529 349 lttCATORlS
2566 289 2916 347 erremus
2950 290 3289 363 secenas.

3618 285 3733 365 572.

2160 403 2337 474 brario
2378 404 2578 474 potius.
2632 405 2721 474 qui
2771 405 3101 461 mentionem
3158 404 3278 459 libri
3326 405 3395 463 de
3433 402 3629 459 Natura
3671 414 3723 461 ριι

2157 473 2341 528 Gratia
2363 473 2557 528 iactam
2582 473 2734 528 initio
2766 475 2968 542 legerat
2996 493 3008 529 :
3040 490 3363 542 quamquam
3394 478 3563 543 potuit
3590 474 3737 543 Oro:

2156 546 2269 597 sius
2298 544 2498 612 aliquid
2530 545 2725 611 Operis
2750 544 2974 607 hujusce
3010 546 3386 614 Διιειιςιὶηἰιιιιί
3408 545 3615 597 deferre
3643 561 3724 599 se-

2158 629 2278 683 cum
2327 615 2380 667 in
2416 614 2710 677 Orientem,
2754 615 2957 683 quippe
2987 632 3107 669 cum
3157 625 3385 670 testetur
3428 616 3673 668 inchoato
3700 636 3726 668 't

2160 682 2329 738 fuisse
2350 700 2463 753 quo
2491 694 2732 752 tempore
2764 682 2828 738 ex
2865 682 3044 740 Africa
3074 685 3345 750 prolectus
3369 693 3469 739 est.
3508 684 3647 739 Utut
3674 700 3731 739 se

2159 769 2247 806 res
2289 756 2505 817 habeat,
2555 770 2659 807 non
2706 754 2834 809 fecit
2875 756 3241 822 imprudenter
3288 758 3564 818 Scltottus,
3608 772 3729 808 cum

2159 822 2584 894 additamentum
2618 826 2745 878 illud
2787 826 2998 887 recidit,
3038 828 3347 893 priusquam
3392 836 3557 879 totum
3587 826 3729 894 Opus

2161 893 2214 946 in
2244 893 2575 948 Bibliotheca
2603 909 2910 948 sanctorum
2941 893 3157 949 Patrum
3187 898 3458 949 ederetur.
3642 893 3651 907 ³

2209 964 2567 1025 Quaestionum
2588 980 2615 1014 a
2641 963 2857 1030 Pelagio
2882 976 3145 1020 motarum
3175 966 3292 1019 duae
3318 975 3522 1019 tantum
3549 965 3650 1018 hoc.
3682 967 3729 1018 in

2162 1033 2301 1086 libro
2334 1043 2661 1096 tractantur;
2692 1036 2859 1087 altera
2900 1035 2969 1089 de
2998 1046 3264 1101 potesmte
3292 1037 3447 1089 liberi
3496 1038 3727 1098 arbitrii,

2162 1103 2329 1157 altera
2359 1106 2426 1157 de
2452 1105 2783 1171 perfectione
2817 1105 3048 1159 hominis
3078 1108 3128 1158 in
3158 1109 3264 1158 vita
3314 1107 3523 1160 mortali
3553 1125 3566 1158 :
3599 1121 3733 1173 quas

2163 1188 2297 1229 Unas
2326 1175 2684 1241 llieroitymus
2713 1174 2766 1228 in
2790 1175 3011 1230 Oriente
3039 1176 3273 1244 agitabat
3300 1173 3491 1243 (Epist.
3521 1178 3587 1229 ad
3620 1174 3733 1229 Cte-

2162 1246 2298 1312 siph.
2322 1255 2369 1297 et
2393 1246 2428 1299 5
2457 1244 2987 1316 dial.),>snarumque
3018 1247 3246 1314 partium
3269 1246 3597 1316 presbyteris
3622 1264 3734 1313 per-

2164 1324 2433 1371 suaserat.
2468 1314 2537 1367 ita
2567 1327 2623 1367 ut
2647 1314 2860 1383 Pelagio
2886 1331 3130 1375 magnam
3162 1317 3284 1367 itide
3315 1314 3564 1368 invidiam
3596 1318 3735 1370 face~

2162 1393 2299 1437 rent.
2324 1383 2512 1457 Ambit:
2532 1396 2788 1457 veroitam‘
2809 1386 3101 1457 subtiliter,
3123 1387 3187 1438 ad
3208 1386 3418 1442 Scitula:
3436 1387 3741 1457 ἀκρίϐειαν,,

2167 1464 2383 1521 tamque
2407 1455 2579 1509 solide
2618 1456 2683 1508 ad
2722 1455 2845 1509 tidei
2878 1456 3117 1521 regulam
3157 1459 3460 1519 solvuntur,
3495 1455 3553 1509 ut
3585 1460 3731 1510 aﬁr.

2165 1538 2316 1578 mare
2346 1540 2451 1579 non
2480 1525 2722 1579 dubitem
2759 1524 2893 1579 nihil
2933 1524 3049 1581 fere
3094 1526 3286 1581 melius
3312 1525 3573 1593 scriptum
3606 1527 3737 1589 olim

2165 1592 2353 1663 primis
2404 1597 2754 1662 temporibus,
2806 1595 2937 1649 nihil
2986 1608 3225 1650 veterum
3276 1592 3740 1652 monimentorum

2166 1677 2450 1733 superesse
2476 1665 2928 1734 consequentibus
2958 1667 3293 1733 temporibus
3319 1669 3525 1721 utilius.

2498 1828 2501 1829 ί
2770 1756 2997 1812 CAPUT
3032 1756 3121 1811 tv.

2527 1844 2605 1901 De
2629 1847 2775 1900 libris
2800 1862 2890 1901 sea:
2914 1844 3368 1919 HypOguosticmu.

2234 1941 2511 2009 Reiectum
2560 1953 2642 1995 est
2685 1942 2736 1995 in
2778 1941 2936 1993 liuent
2979 1940 3195 2005 septimi
3227 1939 3355 1994 ιοιιιί
3400 1940 3638 2006 Opernnt
3680 1942 3738 1994 S.

2163 2010 2468 2078 Augustum.
2514 2012 2661 2077 Opus
2709 2013 2971 2064 adversus
3030 2010 3370 2078 Pelagianos.
3426 2027 3523 2064 sex
3590 2011 3742 2064 lihws

2163 2082 2635 2146 cottiprehensum,
2688 2080 2833 2149 quod
2884 2080 2988 2135 etsi
3037 2080 3312 2145 Remigius
3359 2079 3744 2149 Lugdunensis

2162 2152 2541 2226 suamnam
2581 2161 2760 2226 vocet,
2804 2150 2968 2226 veluti
3017 2150 3479 2226 Memoratorium,
3509 2167 3630 2226 seu_
3656 2167 3745 2217 po-

2166 2220 2280 2291 tios"
2315 2221 2819 2291 Commonitorium,
2862 2220 3029 2291 vulgo
3071 2230 3249 2275 tamen
3296 2220 3744 2291 llypognosticmt

2165 2290 2382 2351 dicitur,
2413 2291 2566 2359 quasi
2591 2290 3064 2346 Subnotationum.

2237 2362 2411 2415 Latuit
2439 2362 2508 2415 ad
2535 2360 2677 2415 hunc
2698 2376 2866 2430 usque
2898 2362 3040 2415 diem
3072 2362 3311 2416 auctoris
3334 2376 3554 2427 nomen,
3584 2376 3749 2430 gens,

2166 2438 2223 2485 et
2248 2440 2379 2486 tetas
2405 2448 2419 2484 :
2443 2432 2577 2485 inea
2606 2440 2783 2485 tamen
2808 2431 2888 2484 las
2911 2442 3019 2495 est,
3049 2432 3263 2497 Opinor,
3296 2432 3589 2500 inquirere,
3624 2435 3750 2486 sine

2168 2501 2817 2582 temeritatisnnotahcum
2848 2502 2998 2582 torte
3023 2501 3228 2582 .Silttmin
3256 2501 3487 2582 obscuro
3520 2514 3752 2582 prepter

2168 2570 2450 2627 incuriam.
2484 2573 2642 2626 Certe
2678 2571 2820 2626 hanc
2852 2586 2882 2625 a
2913 2569 3067 2627 nobis
3092 2571 3421 2641 diligentiam
3446 2569 3614 2639 exigit
3642 2587 3741 2625 ar-

2167 2652 2480 2707 gumentum
2503 2646 2555 2695 in
2583 2656 2691 2711 quo
2712 2658 3008 2705 versamur,
3041 2650 3119 2705 ut,
3145 2644 3188 2695 si
3216 2658 3323 2711 qua
3352 2641 3558 2696 ratione
3587 2642 3741 2709 licet,

2168 2713 2505 2766 inveniamus
2554 2712 2790 2780 aliquid,
2843 2713 2926 2765 sin
2990 2712 3167 2767 minus
3219 2713 3749 2776 omnino‘ccrtnm,

2169 2783 2313 2851 quod
2354 2782 2548 2838 eruditi
2590 2784 2839 2848 viderint,
2902 2782 3091 2836 saltem
3141 2782 3317 2837 minus
3376 2781 3744 2851 improbabile

2170 2868 2330 2921 quam
2354 2854 2495 2919 quod
2528 2852 2787 2907 hactenus
2815 2852 3036 2906 allatum
3069 2862 3173 2905 est.

2246 2922 2463 2976 Videtur
2505 2934 2681 2976 autem
2712 2934 2867 2990 aptus
2908 2924 2999 2976 ille
3039 2920 3341 2990 inquirendi
3384 2922 3599 2985 modus,
3632 2937 3752 2991 quo

2170 2994 2394 3059 exipsis
2427 2994 2859 3059 ilengttustijtt
2904 2992 3054 3047 libris
3090 2993 3300 3061 singula
3343 2993 3570 3057 primum
3611 2992 3751 3046 dili-

2176 3071 2367 3131 genter
2403 3065 2720 3131 colligantur
2745 3063 2938 3130 quibus
2966 3063 3132 3129 possit
3160 3066 3296 3116 ratio
3322 3061 3512 3117 inniti:
3539 3073 3650 3115 tum
3682 3078 3753 3125 ex

2172 3134 2402 3187 inventis
2426 3134 2639 3187 indiciis
2670 3134 3023 3186 concludatur
3050 3134 3169 3200 quis
3200 3132 3574 3203 llypognostes
3620 3134 3749 3188 tue-

2173 3206 2262 3261 rit.
2287 3219 2392 3271 qua
2416 3204 2611 3258 vixerit
2636 3214 2815 3264 tenue.
2845 3217 2899 3256 et
2921 3219 3026 3271 qua
3052 3206 3333 3261 occasione
3364 3203 3676 3272 scripserit.

2242 3274 2503 3336 Primum,
2547 3290 2705 3339 quam
2761 3273 3025 3344 habuerit
3054 3272 3427 3344 Hypognostes
3466 3274 3751 3344 scribendi

2171 3359 2406 3414 eattsatn,
2437 3346 2657 3409 expauit
2685 3344 2800 3409 ipse
2821 3344 2995 3414 statim
3018 3343 3192 3414 initio.
3220 3359 3340 3397 cum
3363 3351 3435 3396 ait
3459 3343 3550 3414 (In
3587 3348 3749 3409 praef.

2176 3412 2410 3483 Hypog.)
2442 3429 2457 3466 :
2484 3414 2778 3466 Adversarii
2818 3413 2941 3480 ﬁdei
2968 3412 3256 3475 catholica,
3282 3416 3406 3467 dum
3450 3412 3629 3466 contra
3662 3432 3752 3466 re-

2172 3486 2343 3553 gulam
2366 3484 2589 3536 veritatis
2626 3484 2889 3537 diabolicis
2914 3483 3072 3536 armis
3097 3500 3325 3552 pugnare
3360 3487 3618 3547 nituntur,
3654 3501 3753 3537 nos

2171 3554 2515 3607 sollicitudine
2540 3553 2882 3621 respondendi
2904 3554 3098 3620 faciunt
3128 3556 3411 3619 cautiores;
3440 3571 3495 3606 se
3518 3571 3633 3606 vero
3656 3557 3753 3608 de-

2172 3624 2385 3693 cipiunt,
2425 3625 2694 3688 antequam
2742 3633 3031 3675 nostrorum
3071 3628 3267 3677 valeant
3309 3628 3527 3693 aliquem
3568 3626 3752 3678 vulne-

2170 3709 2286 3745 rare
2315 3707 2333 3745 :
2359 3710 2475 3745 cum
2501 3695 2637 3746 enim
2663 3694 2785 3747 caci
2813 3709 3056 3747 euacuare
3084 3694 3347 3747 thesauros
3380 3695 3500 3759 ﬁdei
3535 3710 3753 3747 concer-

2174 3772 2304 3833 tant,
2361 3779 2449 3832 spe
2504 3764 2907 3833 ﬁdeievacuttti,
2963 3764 3157 3831 faciunt
3195 3764 3568 3833 plenitudinem
3619 3765 3752 3832 ﬁdei

2172 3830 2437 3904 Ecclesite,
2476 3832 2757 3904 opitulante
2797 3831 2893 3885 Dei
2932 3830 3123 3901 gratia,
3165 3830 3397 3904 gloriari.
3430 3830 3499 3887 Et
3528 3830 3656 3886 dum
3696 3836 3753 3887 in

2172 3900 2431 3972 hypocrisi
2455 3900 2671 3971 vigilant
2690 3900 2939 3967 nocituri,
2964 3908 3027 3955 de
3042 3900 3220 3971 quibus
3250 3914 3515 3974 propterea
3544 3907 3749 3957 dictum

2172 3988 2281 4043 esse
2306 3982 2425 4036 puto
2455 3989 2544 4039 per
2575 3974 2870 4043 prophetam
2901 3989 2917 4024 :
2947 3973 3159 4027 Ablutus
3184 3984 3256 4026 est
3293 3973 3500 4028 sunmus
3528 3976 3594 4026 ab
3622 3992 3756 4026 ocu-

2174 4042 2237 4113 lis
2288 4058 2464 4097 eorum
2481 4058 2507 4113 ,'_
2538 4059 2636 4095 non
2683 4044 2817 4096 enim
2866 4043 3156 4106 dormiunt,
3210 4046 3305 4097 nisi
3360 4046 3489 4099 male
3530 4045 3753 4113 fecerint

2176 4111 2356 4182 (l’rov.
2383 4127 2455 4175 tv,
2490 4111 2614 4181 16);
2646 4129 2739 4166 nos
2766 4114 3140 4179 quodammodo
3162 4116 3380 4167 excitant
3408 4111 3750 4177 dormientes,

2174 4192 2227 4233 ut
2253 4197 2456 4250 arrepto
2477 4184 2654 4253 clypeo
2679 4184 2922 4253 veritatis,
2957 4184 3174 4249 falsitati
3218 4202 3392 4238 eorum
3430 4186 3585 4237 corde
3619 4187 3755 4237 resi-

2172 4261 2355 4316 stente,
2376 4252 2660 4324 vigilemus,
2691 4252 2985 4324 evangelica
3008 4254 3126 4305 tuba
3148 4264 3334 4308 nostris
3353 4256 3499 4307 aurib
3510 4271 3568 4306 us
3600 4256 3753 4307 inso-

2174 4335 2328 4374 nante
2355 4338 2373 4375 :
2412 4322 2633 4390 Vigilate
2670 4334 2718 4377 et
2766 4322 2928 4390 orate,
2972 4339 3033 4376 ne
3070 4326 3264 4378 intretis
3311 4327 3364 4377 in
3412 4326 3754 4379 tentationem

2174 4390 2365 4464 (Marc.
2398 4408 2506 4456 stv,
2534 4394 2651 4457 38).

2248 4463 2504 4529 Proponit
2530 4462 2723 4532 deinde
2760 4464 3036 4532 agitandas
3062 4466 3300 4532 quoque
3328 4462 3753 4532 Pelagianorum

2167 4534 2494 4606 quaestiones
2548 4531 2735 4606 (ibid)
2770 4552 2783 4587 ε
2815 4531 3125 4606 Hujusmodi
3168 4551 3287 4606 ergo
3338 4531 3593 4605 dogmatis
3648 4536 3756 4587 ista

2169 4615 2244 4656 est
2293 4604 2513 4671 nefanda
2540 4602 2853 4671 blasphemia
2884 4619 2902 4656 .'
2931 4602 3095 4654 Adam
3122 4602 3377 4670 inquiunt,
3408 4602 3513 4657 sive
3540 4622 3759 4674 peccas-

2170 4682 2264 4737 set,
2293 4674 2394 4726 sive
2421 4690 2521 4724 non
2561 4684 2835 4741 peccasset,
2867 4674 3168 4725 moriturum
3198 4679 3387 4741 fuisse;
3419 4676 3538 4727 item
3566 4691 3759 4742 pecca-

2171 4752 2277 4795 tum
2302 4745 2413 4808 ejus
2435 4758 2699 4807 nemmem,
2728 4744 2826 4795 nisi
2852 4745 3021 4796 solum
3044 4761 3273 4797 nocuisse
3302 4746 3467 4810 ipsum
3488 4760 3506 4805 ;
3527 4756 3576 4796 et
3603 4760 3759 4809 posse

2172 4813 2426 4865 hominem
2459 4828 2547 4882 per
2577 4814 2789 4865 liberum
2816 4814 3106 4877 arbitrium,
3142 4828 3398 4882 tamquam
3438 4831 3528 4881 per
3559 4829 3614 4867 se
3651 4816 3761 4867 sibi

2171 4883 2444 4952 adﬁciens,
2468 4884 2680 4949 implere
2698 4883 2833 4949 quod
2861 4884 2999 4945 velit,
3030 4884 3109 4937 vel
3136 4887 3290 4937 etiam
3318 4886 3511 4938 meritis
3534 4902 3758 4948 operum

2173 4971 2204 5004 u
2240 4954 2349 5006 Deo
2377 4954 2598 5023 gratiam
2624 4954 2900 5020 unicuique
2922 4954 3038 5005 dari
3054 4968 3072 5014 ;
3093 4953 3353 5007 libidinem
3380 4952 3615 5007 naturale
3641 4972 3763 5017 εδει

2173 5022 2391 5085 bonum,
2412 5037 2502 5093 nec
2522 5022 2577 5074 in
2602 5039 2662 5076 ea
2689 5039 2796 5077 esse
2814 5024 2950 5091 quod
2979 5025 3202 5091 pudeat;
3243 5036 3286 5078 et
3316 5028 3555 5093 parvulos
3584 5028 3762 5091 bapti-

2171 5103 2405 5145 satorum
2446 5092 2580 5164 ﬁlios
2616 5110 2718 5146 non
2753 5094 2956 5164 trahere
2985 5094 3235 5164 originale
3270 5092 3555 5162 peccatum,
3592 5108 3773 5159 neque

2172 5166 2422 5234 perituros
2444 5179 2475 5215 a
2498 5163 2599 5215 vita
2618 5172 2828 5227 (eterna,
2859 5163 2902 5217 si
2938 5164 3049 5217 sine
3070 5163 3395 5218 sacramento
3423 5165 3662 5234 baptismi
3688 5177 3777 5219 ex

2169 5231 2269 5283 hac
2294 5235 2393 5285 vita
2423 5234 2768 5301 migraverint.

2241 5302 2544 5355 Notandum
2591 5318 2740 5367 vero,
2783 5303 3003 5357 totidem
3043 5305 3371 5373 qumstiottes
3409 5303 3778 5373 recensuisse

2173 5372 2460 5438 aliquando
2488 5373 2769 5442 curiosius
2803 5372 3077 5428 Hilarium
3111 5374 3511 5442 Syracusanum
3545 5372 3770 5442 (Epist.

2176 5442 2325 5510 156),
2366 5441 2650 5514 Paulinum
2683 5442 3128 5514 diacon_nm(Lib.
3158 5441 3226 5496 tle
3250 5442 3387 5514 Gen.
3421 5460 3469 5496 c.
3502 5441 3789 5510 “Lilia-

2173 5515 2420 5579 riumque
2458 5511 2807 5567 Mercatorem
2832 5511 3023 5583 (Ponti.
3051 5514 3089 5568 l.
3122 5513 3394 5581 Subuot.),
3425 5528 3527 5567 nec
3571 5526 3771 5564 tatnen

2173 5584 2481 5636 meminisse
2510 5592 2715 5649 quarta:
2735 5584 2803 5637 de
2827 5584 3069 5647 libidine,
3093 5600 3161 5637 an
3181 5586 3247 5637 sit
3272 5584 3508 5637 naturale
3538 5584 3773 5647 bonum,

2169 5662 2231 5723 et
2252 5665 2424 5723 utrum
2468 5652 2523 5704 in
2560 5669 2621 5706 ea
2653 5653 2719 5706 sit
2743 5654 2882 5721 quod
2909 5654 3137 5723 pudeat;
3170 5652 3339 5709 immo
3367 5658 3469 5708 hac
3496 5653 3565 5708 de
3595 5665 3769 5721 qua-

2170 5722 2346 5779 stione
2374 5722 2704 5792 disputatum
2733 5739 2833 5793 per
2875 5738 2933 5778 se
2985 5739 3089 5777 non
3122 5723 3313 5792 videri,
3362 5723 3456 5780 sed
3496 5737 3563 5779 ex
3593 5735 3769 5778 occa-
