3962 6180
429 297 534 354 675

855 296 948 351 AD
985 294 1266 352 PARTEM
1307 292 1574 350 PRIMAM
1611 285 1894 347 OPERUM
1933 285 2002 342 bl.
2043 284 2480 343 MERCATORIS
2521 285 2867 343 APPENDIX
2905 285 3240 345 SECUNDA.

3565 289 3669 348 576

505 411 836 475 Secundum,
859 424 992 478 opus
1021 410 1122 462 hoc
1157 408 1412 531 scriptum
1433 421 1555 462 esse
1576 414 1704 488 post
1743 403 2002 486 judicium
2032 405 2078 464 Α
2107 409 2192 456 cet
2221 400 2516 482 ingenium,
2545 399 2891 482 doctrinanet
2920 402 3092 484 stylus
3121 403 3420 472 Augustini.
3452 407 3671 490 utillius

505 484 634 531 νειιωί
666 483 860 531 factum
885 497 1011 531 ann.
1037 479 1160 531 418.
1186 493 1244 531 se
1301 488 1426 530 ante
1447 479 1781 531 manifestam
1803 475 2001 528 Juliani
2107 486 2212 526 non
2245 475 2513 524 immerito
2553 471 2657 524 dict
2692 481 2916 531 possint.
2951 473 3151 527 Deinde
3192 477 3338 528 locus
3379 475 3576 531 Orosn.
3606 496 3671 531 ex

431 480 634 539 Zosimi
666 483 860 536 factum
885 475 1011 533 ann.
1037 479 1160 540 418,
1186 475 1283 531 sed
1301 488 1426 530 ante
1447 475 1781 531 manifestam
1803 475 2001 528 Juliani

433 556 502 606 de
549 568 642 606 sua
693 552 820 606 sede
859 551 1201 618 eiectionem,
1228 565 1348 618 qua:
1379 548 1604 618 contigit
1636 545 1850 618 circiter
1873 561 1999 618 ann.

433 624 558 677 420.
589 623 818 689 Tempus
869 615 1131 687 ejectioue
1181 615 1325 689 prius
1372 615 1686 689 claret'satis
1736 615 2004 684 eloquitur

437 696 718 761 ipsumutet
746 692 812 744 de
855 690 1047 744 Iuliani
1099 688 1314 742 nomine
1362 688 1766 761 sil:-ntium._at
1793 696 2003 761 tempus

433 753 634 831 judicio
663 766 934 828 posterius
957 761 1264 831 signiﬁcant
1299 761 1411 812 haec
1438 761 1606 831 verba
1633 755 1732 825 (In
1771 753 1952 831 prtef._)
1988 772 2001 806 :

436 825 625 883 fiontra
660 825 963 902 Pelagianos
985 825 1029 882 et
1067 827 1396 902 Carlestianos
1433 828 1717 902 hereticos,
1746 842 1870 895 quos
1897 825 2003 902 Do:

437 903 603 953 minus
632 903 756 953 tales
772 895 966 968 [itturos
990 915 1081 952 suo
1109 901 1227 951 vitio
1255 910 1369 951 ante
1396 898 1802 968 constitutionem
1827 895 2007 968 mundi

437 972 709 1040 prtzscivit,
739 967 782 1021 et
815 983 1012 1023 exortos
1039 972 1090 1020 in
1123 971 1312 1040 mundo
1328 968 1530 1040 judicio
1551 969 1697 1037 justo
1725 967 2004 1040 damnavit.

438 1037 601 1093 sermo
624 1042 764 1094 nobis
792 1051 864 1093 est
889 1040 1248 1108 respondendi.
1277 1037 1411 1104 Quid
1435 1037 1576 1092 enim
1611 1047 1734 1108 tunc
1761 1037 2008 1108 lulianus

440 1111 656 1163 molitus
710 1125 816 1163 non
863 1106 981 1174 est,
1023 1118 1079 1161 iit
1131 1109 1386 1177 judicium
1445 1107 1722 1177 retractari
1771 1106 2009 1177 faceret?

439 1179 576 1244 Quid
609 1195 710 1233 non
743 1192 988 1233 causatus
1013 1174 1269 1233 adversus
1297 1178 1611 1234 catholicam
1644 1176 1842 1230 Zosimi
1873 1174 2008 1230 deli-

440 1265 473 1303 n
483 1250 729 1303 itionem?

513 1321 685 1385 Atque
707 1321 819 1372 huic
847 1333 1007 1373 causa
1034 1318 1130 1371 fuit
1159 1333 1256 1373 cur
1282 1326 1548 1372 taceretur
1570 1318 1622 1371 in
1662 1317 1812 1371 libris
1834 1316 2012 1385 Hypo-

485 1392 708 1443 nosticis
737 1390 928 1443 Juliaiii
957 1403 1170 1452 nomen,
1207 1404 1274 1443 ne
1301 1391 1510 1442 animus
1537 1389 2012 1459 episcnpiexmer-

485 1405 708 1443 ltoSllClS
737 1405 928 1443 .tutiaiii
957 1405 1170 1452 nomen,
1207 1405 1274 1443 ne
1301 1405 1510 1442 animus
1537 1405 1769 1459 episcopi
1793 1405 2010 1439 exacer-

445 1405 681 1518 garetur,
709 1459 948 1527 quicum
999 1460 1232 1512 nondum
1277 1459 1520 1527 deiectus
1566 1467 1708 1512 esset
1750 1457 1817 1527 tle
1862 1459 2010 1521 sede,

445 1544 593 1594 spem
619 1525 817 1584 faceret
841 1529 1141 1584 revertendi
1167 1529 1231 1582 ad
1260 1525 1439 1590 fidem,
1462 1543 1617 1596 quam
1640 1528 1740 1581 sub
1756 1525 2016 1580 Innocen-

446 1600 524 1651 tio
550 1600 858 1653 Ordinatore
886 1613 984 1652 suo
1011 1598 1281 1666 professus
1308 1608 1452 1664 erat;
1479 1613 1800 1668 quamquam
1832 1606 1884 1668 et
1909 1597 2014 1649 ista

445 1683 660 1736 quoque
685 1668 882 1728 silentii
908 1682 1066 1722 causa
1109 1684 1227 1722 e~se
1259 1669 1446 1736 potuit,
1479 1666 1620 1736 quod
1659 1677 1714 1720 ut
1751 1666 1886 1736 Sixti
1917 1682 2015 1719 no-

448 1735 576 1790 tiiini
603 1737 864 1801 Julianus,
896 1739 1021 1792 dum
1063 1735 1406 1792 inveheretur
1430 1735 1831 1796 in’catholicos,
1862 1735 1933 1789 ita
1959 1745 2014 1790 et

447 1807 653 1872 Sixtus,
679 1824 799 1862 cuni
827 1809 1137 1877 Pelagianos
1163 1807 1512 1861 insectaretur
1535 1847 1549 1868 ,
1579 1805 1769 1861 Jiiliani
1811 1806 2012 1859 nomini

449 1878 772 1945 pepercerit,
800 1878 991 1931 timore
1019 1887 1194 1930 tamen
1213 1877 1505 1940 lulianum,
1526 1877 1785 1929 charitate
1803 1877 2010 1929 Sixtum

453 1948 882 2014 intpelleitte.Sic
907 1949 1046 2001 enim
1072 1946 1284 2001 Juliauo
1304 1947 1656 2014 Augustinus:
1678 1946 1862 2000 Nescio
1891 1962 2017 2015 quos

449 2018 635 2079 etiam,
670 2019 840 2082 inquit
869 2018 1018 2087 (Lib.
1051 2031 1102 2071 Vl
1143 2027 1318 2087 contra
1355 2016 1468 2073 Jul.
1499 2033 1612 2087 cap.
1643 2017 1730 2084 4),
1759 2019 1905 2085 quasi
1929 2016 2019 2068 de-

452 2095 670 2158 sertores
698 2086 949 2158 dogmatis
965 2089 1138 2153 vestri,
1156 2089 1222 2138 ad
1244 2086 1394 2152 [idem
1424 2086 1730 2158 catholicam
1750 2101 2018 2158 conversos

452 2157 628 2225 arguis
657 2158 731 2210 vel
768 2156 997 2212 reversos
1021 2174 1039 2211 :
1068 2173 1195 2226 quos
1224 2167 1388 2209 tamen
1416 2157 1712 2225 signiﬁcasti
1741 2156 1812 2208 ita
1840 2165 1886 2208 te
1912 2171 2020 2208 me-

455 2237 617 2288 tuere,
649 2238 702 2278 ut
729 2243 902 2280 eorum
933 2228 1140 2279 nomina
1182 2227 1464 2296 exprimere
1499 2242 1600 2278 non
1647 2228 1878 2278 auderes.
1904 2226 2020 2292 Quo

454 2310 521 2347 ex
573 2297 710 2360 loco,
758 2300 843 2366 qui
878 2297 1064 2364 procul
1091 2295 1254 2349 dubio
1298 2295 1364 2348 de
1394 2297 1544 2350 Sixto
1571 2296 1731 2349 debet
1774 2297 2017 2366 intelligi,

456 2379 563 2436 non
593 2367 818 2420 obscure
839 2367 1126 2436 colligitur,
1154 2366 1520 2436 presbyterum
1549 2367 1689 2421 hunc
1713 2380 1834 2420 cum
1867 2365 2020 2419 Pela-

456 2434 627 2502 gianis
656 2437 942 2503 aliquando
971 2434 1222 2492 Sensisse.
1315 2434 1325 2436 ⁷
1909 2466 1914 2471 -

531 2504 788 2572 Tertium,
821 2522 956 2570 onus
987 2509 1088 2560 hoc
1129 2508 1198 2561 ab
1238 2522 1344 2560 uno
1381 2507 1558 2576 aliquo
1596 2506 1850 2560 nobilium
1899 2505 2022 2559 fidei

459 2574 799 2630 defensorum
832 2579 1196 2631 eluctibratum
1225 2577 1385 2630 fuisse
1412 2595 1424 2629 :
1457 2574 1599 2629 nullo
1621 2586 1786 2638 certe,
1813 2576 1856 2628 si
1886 2578 2024 2628 ratio

461 2644 717 2698 doctritia-
746 2649 1023 2708 habeatur,
1055 2647 1323 2710 indignum
1350 2657 1452 2701 est.
1480 2647 1785 2714 Pugnabam
1814 2660 1939 2699 vero
1962 2661 2021 2699 ea

464 2726 782 2788 tempestate
811 2718 1181 2788 Hieronymus,
1218 2719 1575 2788 Augustinus.
1604 2716 2027 2788 Paitlititis_iiter-

461 2800 586 2850 que,
618 2787 666 2838 id
697 2797 798 2846 est,
830 2786 1110 2855 episcopus
1138 2797 1188 2839 et
1217 2787 1502 2848 diaconus,
1552 2787 1796 2846 Orosius,
1825 2786 2026 2838 Merca-

465 2865 573 2925 tor,
594 2855 836 2910 lusimus
870 2860 1127 2925 poiitit'ex,
1151 2857 1330 2910 Sixtus
1360 2857 1634 2925 presbyter
1654 2856 1951 2920 Romanus,
1975 2865 2029 2909 et

463 2923 714 2978 Afrorum
745 2923 878 2978 forte
901 2928 1133 2995 quidam.
1156 2938 1211 2979 nt
1236 2923 1502 2990 Aurelius,
1519 2923 1747 2994 Alipiits,
1766 2938 1817 2978 et
1843 2937 2030 2978 auctor

466 2995 581 3065 sive
609 2995 859 3048 libroruin
887 2999 952 3050 de
974 3000 1250 3051 vocatione
1275 3001 1532 3063 gentium,
1565 2999 1674 3051 sive
1696 2999 1935 3065 epistola:
1961 2996 2028 3051 ad

467 3063 856 3120 Demetriadem
883 3067 1142 3134 Prospero
1172 3067 1404 3121 ιιοίΙιιιιτιε.

2107 486 2212 526 non
2245 472 2513 524 immerito
2553 471 2664 542 dicit
2692 473 2916 542 possint.
2951 471 3151 527 Deinde
3192 471 3338 528 locus
3379 475 3576 542 Orosii,
3606 496 3671 533 ex

2103 542 2493 611 quoqitispiam
2520 541 2866 596 concluderet
2895 553 3200 611 utcumque,
3235 547 3506 600 Aurelium
3537 541 3671 602 con-

2105 621 2184 687 t_ra
2215 610 2484 687 Pelagium
2509 611 2785 687 scripsisse
2819 631 2832 664 :
2861 613 2970 687 Qui
2994 610 3132 687 sunt,
3157 610 3325 684 inquit
3353 617 3594 687 (Apolog.
3625 635 3677 671 c.

2106 682 2130 752 ᾖ
2161 680 2202 747 ),
2234 681 2483 752 columna;
2510 691 2557 732 et
2584 682 2904 752 ﬁrmamenta
2925 682 3168 737 Ecclesia
3196 680 3477 752 catholicis,
3515 680 3681 740 Aure-

2104 750 2227 824 lius,
2267 750 2581 824 Augustinus
2610 765 2657 803 et
2703 749 3060 824 Hieronymus,
3094 757 3254 808 multa
3296 759 3398 824 iam
3435 749 3682 811 adversus

2105 809 2237 894 lianc
2266 809 2514 894 nefariam
2543 820 2774 894 ltwresim
2811 809 3004 894 tabs'gue
3043 809 3387 894 designatione
3417 809 3680 880 nominum

2107 891 2457 966 It_ccreticorum
2479 891 2681 966 scriptis
2709 892 3073 966 probatissimis
3089 891 3374 960 ediderunt,
3399 907 3529 961 etc.,
3555 913 3682 966 per-

2110 961 2242 1014 tinet
2259 959 2327 1038 _ad
2361 970 2604 1038 tempora
2618 959 2780 1038 longe
2813 963 3014 1028 priora,
3037 969 3242 1038 quippe
3269 968 3434 1036 ipsam
3465 959 3686 1038 quoque

2107 1029 2366 1100 synodum
2393 1029 2810 1100 Diospolitatiam
2843 1029 3214 1100 praicedent'izi.

2180 1099 2390 1164 Nesclo,
2425 1109 2598 1153 utrum
2630 1099 2814 1155 Rivius
2843 1099 2969 1155 satis
2997 1105 3285 1160 attenderit
3313 1105 3378 1160 ad
3428 1107 3570 1163 hunc
3601 1107 3684 1163 lo-

2108 1183 2251 1244 cum,
2279 1184 2399 1244 cum
2423 1171 2680 1244 scriberet
2701 1168 2789 1239 (In
2812 1171 2930 1225 Vita
2957 1174 3017 1228 S.
3043 1176 3315 1244 Augustini
3335 1179 3374 1244 ),
3397 1193 3461 1232 ex
3490 1193 3554 1230 eo
3582 1194 3686 1232 no-

2112 1239 2193 1316 bis
2225 1240 2453 1316 primum
2479 1241 2812 1316 innotescere
2840 1239 3144 1316 praenomen
3170 1239 3364 1300 Aurelii
3383 1250 3689 1316 Augustino

2111 1309 2275 1384 fuisse
2306 1327 2318 1361 :
2353 1310 2786 1384 Qarthaginensis
2814 1311 2956 1366 enim
2979 1314 3261 1384 episcopus
3286 1330 3350 1369 eo
3381 1309 3693 1380 lociAttgu-

2112 1379 2253 1450 stino
2275 1390 2328 1433 et
2353 1380 2676 1448 Hieronymo
2699 1379 3034 1450 accensetur,
3069 1394 3125 1436 ut
3155 1379 3322 1439 tribus
3351 1388 3454 1444 vita
3488 1379 3695 1442 functis

2113 1448 2484 1525 defensoribus
2529 1450 2673 1514 fidei,
2717 1448 3263 1525 Cyprian9,'llilario,
3295 1465 3349 1510 et
3376 1459 3693 1525 Ambrosio,

2115 1519 2334 1572 totidem
2361 1519 2494 1573 viva:
2525 1519 2916 1587 responderent
2944 1523 3197 1578 Ecclesia:
3227 1519 3512 1581 columnae.

2185 1591 2508 1656 Septimum,
2548 1599 2821 1643 auctorem
2850 1595 2964 1648 sive
3012 1595 3268 1650 librorum
3299 1596 3364 1651 de
3393 1597 3696 1652 Vocatione

2115 1661 2393 1732 gentiuins
2425 1660 2539 1712 sive
2583 1661 2822 1732 epistola:
2866 1663 2930 1716 ad
2983 1663 3373 1720 Demetriadem
3421 1666 3696 1732 Prospero

2119 1731 2350 1794 tribute,
2381 1730 2538 1799 longe
2562 1732 2628 1782 ab
2656 1731 2997 1800 Hypognoste
3026 1733 3295 1791 diversum
3318 1751 3458 1799 esse,
3485 1730 3697 1791 Latini-

2119 1801 2262 1874 tatis,
2289 1801 2436 1874 styli,
2458 1800 2875 1874 opinionumque
2896 1802 3230 1858 dissensione
3253 1821 3268 1862 :
3292 1816 3513 1874 uterque
3538 1809 3689 1861 enim

2120 1870 2350 1942 purioris
2380 1870 2759 1942 esttdictionis,
2790 1874 3089 1939 grandioris
3118 1875 3396 1942 orationis,
3426 1870 3481 1930 et
3509 1877 3694 1932 mitioc

2117 1943 2190 1994 ris
2219 1940 2269 1992 in
2299 1939 2546 2008 parvulos
2575 1946 2876 1995 sententiae.

2186 2011 2442 2083 octavum
2472 2011 2720 2083 denique,
2746 2025 2865 2064 cuin
2899 2024 3062 2067 restet
3087 2014 3456 2083 inquirendum
3486 2017 3556 2071 de
3588 2019 3699 2072 Au-

2117 2081 2351 2155 gustino,
2395 2079 2620 2155 Paulino
2649 2080 2875 2155 diacono
2895 2124 2910 2148 ,
2949 2079 3263 2146 Mercatore,
3295 2087 3509 2141 Zosimo
3535 2103 3703 2155 papa,

2120 2149 2175 2204 et
2202 2150 2376 2212 Sixto.
2399 2149 2466 2203 de
2492 2149 2709 2225 Zosimo
2740 2151 2894 2206 facile
2923 2168 3042 2225 esse
3071 2169 3136 2208 ex
3162 2170 3228 2210 eo
3259 2159 3375 2222 ipso
3400 2157 3451 2210 iti
3486 2149 3704 2225 partem

2122 2231 2401 2289 negantem
2433 2223 2654 2285 sentire,
2685 2237 2748 2275 ex
2774 2237 2880 2290 quo
2911 2224 3272 2291 praejudiciuin
3305 2223 3519 2289 aliquod
3553 2229 3703 2280 sumi

2123 2299 2323 2364 posset,
2367 2291 2615 2364 nimirum
2659 2305 2724 2364 ex
2751 2292 3078 2364 tMercatoris
3118 2296 3295 2350 verbis
3335 2295 3704 2364 (Cammonit.

2123 2375 2235 2428 cap.
2266 2362 2317 2420 l,
2361 2377 2500 2413 num.
2530 2360 2583 2427 6)
2611 2377 2623 2412 :
2657 2360 2913 2428 Caelestius
2944 2363 3005 2415 ob
3041 2365 3138 2416 hoc
3173 2382 3204 2417 a
3240 2360 3398 2420 beata:
3441 2371 3704 2422 memoria

2123 2432 2366 2506 pradicto
2405 2429 2613 2506 Zosimo
2635 2433 2865 2502 episcopo
2894 2435 3098 2506 scriptis
3130 2438 3454 2506 amplissimis
3482 2438 3561 2489 vel
3587 2439 3706 2489 lon-

2122 2501 2344 2578 gissimis
2388 2502 2751 2578 perdamnatus
2781 2511 2874 2570 est,
2910 2503 2963 2554 in
2993 2501 3173 2578 quibus
3215 2501 3264 2559 et
3312 2508 3422 2578 ipsa
3448 2508 3711 2578 capitula,

2125 2572 2187 2622 de
2215 2571 2393 2637 quibus
2416 2580 2682 2640 accusatus
2710 2572 2893 2640 fuerat,
2917 2571 3256 2639 continentur,
3285 2571 3519 2629 et'omnis'
3537 2594 3709 2630 causa

2126 2648 2230 2692 tam
2257 2639 2318 2717 de
2344 2639 2572 2717 Caelestio
2603 2639 2983 2717 suprascripto,
3014 2661 3167 2712 quam
3192 2645 3253 2697 de
3301 2645 3505 2717 Pelagio
3534 2649 3682 2714 magi
3701 2679 3715 2686 -

2126 2719 2238 2782 stro
2255 2711 2368 2782 eius
2392 2713 2622 2782 praetore
2648 2711 2844 2763 videtur
2863 2728 2973 2765 esse
2997 2726 3223 2779 narrata,
3260 2725 3365 2770 etc.
3397 2711 3524 2782 Qua:
3555 2711 3713 2771 enim

2131 2780 2484 2848 prolixissima
2511 2780 2704 2849 scripta
2737 2783 2984 2836 dicuntur
3011 2799 3038 2835 a
3071 2785 3280 2839 Zosimo
3313 2787 3362 2838 in
3387 2780 3714 2840 universum

2129 2851 2314 2904 orbem
2345 2851 2525 2910 missa,
2560 2853 2898 2925 continebant
2928 2865 3071 2925 certe
3103 2856 3341 2922 praedicta
3367 2858 3616 2925 capitula,
3655 2859 3717 2910 id

2129 2930 2231 2983 est,
2264 2931 2510 2993 excerpta
2533 2935 2596 2973 ex
2629 2921 2778 2993 libris
2809 2921 3171 2993 Pelagii,qu;e
3199 2921 3461 2979 Mercator
3494 2927 3671 2982 refert
3701 2947 3720 2990 ;

2131 2999 2186 3042 at
2207 2991 2409 3066 nullum
2423 2990 2682 3066 ejusmodi
2697 2990 3006 3066 excerptum
3028 2990 3244 3048 inlibris
3264 2997 3720 3066 llypoguosticmi

2135 3062 2455 3135 continetur.
2485 3059 2742 3135 Superest
2769 3065 2951 3135 _igitur
2979 3059 3360 3134 inquirendum
3382 3059 3448 3119 de
3477 3077 3722 3135 quatuor

523 3130 1168 3199 Quartum,elticubrzitnm
1184 3153 1287 3191 non
1303 3139 1466 3192 fuisse
1482 3138 1549 3190 ab
1563 3136 2027 3206 llieronymo,nam

2139 3133 2383 3206 reliquis,
2418 3133 2734 3206 Augustino,
2769 3130 2991 3188 Paulino
3030 3130 3274 3202 diacono,
3303 3130 3627 3202 Mercatore,
3663 3151 3724 3193 et

467 3213 594 3257 tunc
618 3209 873 3275 temporis
893 3208 1128 3262 scribere
1153 3208 1386 3260 desierat
1407 3208 1472 3262 de
1500 3208 1902 3274 quaestionibus,
1930 3222 2038 3275 pne

466 3289 671 3328 summa
703 3287 1007 3340 senectute;
1039 3292 1123 3330 res
1143 3277 1362 3343 Juliani,
1387 3292 1452 3331 ne
1472 3277 1653 3330 auditu
1681 3277 1922 3346 quidem,
1943 3291 2038 3328 no-

467 3355 648 3415 verat;
673 3361 801 3398 usus
829 3346 1012 3399 fuisset
1039 3346 1665 3408 Latinioredictioue;de
1685 3346 1902 3415 synodis
1933 3361 2037 3398 non

467 3413 722 3477 siluisset,
739 3431 870 3482 quas
891 3417 942 3468 in
967 3418 1188 3484 epistola
1210 3419 1368 3470 etiam
1396 3413 1912 3471 brevissima‘tacere
1933 3430 2036 3468 non

475 3485 674 3550 poniit;
705 3485 770 3538 de
801 3487 1095 3553 Augustino
1126 3501 1229 3538 non
1259 3486 1533 3540 omisisset
1564 3486 1774 3549 dicere,
1799 3500 1956 3554 quem
1989 3486 2039 3540 in

471 3553 630 3606 tertio
676 3555 889 3616 dialogo
917 3564 1022 3609 tam
1068 3556 1375 3624 magnifice.
1408 3565 1525 3621 post
1567 3557 1779 3610 unicum
1807 3553 1940 3621 Opus
1967 3556 2044 3610 le-

473 3635 639 3688 cium,
667 3624 908 3678 laudibus
937 3626 1147 3680 extollit
1175 3643 1188 3678 :
1212 3626 1408 3694 aliqttid
1440 3640 1589 3680 more
1613 3639 1712 3679 suo
1727 3625 2043 3680 eruditionis

472 3695 786 3760 aspersisset
818 3695 1083 3764 :denique
1107 3696 1380 3750 habuisset
1407 3697 1701 3750 orationem
1731 3711 1835 3749 non
1864 3696 2043 3750 desul-

473 3765 685 3836 toriam,
711 3765 1169 3836 utliypognostes,
1204 3768 1296 3820 sed
1326 3767 1661 3831 :eqiiabilem,
1692 3773 1748 3819 ut
1769 3765 1928 3819 solet.

543 3834 1136 3906 Qttintum.‘abjudicari
1173 3837 1367 3902 pariter
1398 3837 1622 3890 Paulino
1662 3838 1916 3906 epi~copo
1937 3836 2042 3890 No-

477 3903 638 3968 lano,
679 3904 867 3973 partim
916 3903 1133 3974 propter
1178 3907 1377 3971 aliquot
1423 3903 2040 3969 rationum—allatarutn;

476 3977 668 4041 partim
696 3977 814 4042 quia
847 3977 911 4028 de
940 3977 1326 4044 quaestionibus
1356 3992 1461 4030 non
1492 3977 1723 4041 scripsit,
1748 3977 2044 4037 scripturus

476 4047 677 4113 utique,
702 4055 755 4098 et
773 4045 1034 4109 Latinius,
1053 4055 1108 4098 et
1125 4047 1456 4113 mquabilius,
1478 4048 1520 4100 si
1545 4055 1821 4100 tentasset.
1843 4046 2043 4100 Deinde

475 4128 565 4167 res
587 4115 779 4168 Juliaui
805 4117 887 4169 vix
921 4116 1099 4168 habuit
1131 4127 1456 4183 perspectas,
1487 4132 1607 4170 cum
1640 4131 1705 4170 ne
1735 4116 2044 4184 Pelagianos

475 4184 688 4251 quidem
719 4187 847 4240 satis
869 4187 1051 4250 sciret,
1087 4187 1184 4239 etsi
1226 4185 1422 4254 Pelagii
1461 4185 1873 4254 amicuszunde
1904 4186 2044 4238 iudi-

477 4255 589 4320 guit
619 4255 819 4308 erudiri
863 4257 928 4308 ab
967 4256 1282 4325 Augustino,
1313 4253 1381 4310 ne
1425 4271 1663 4309 errorem
1693 4253 1794 4309 sibi
1826 4270 2044 4324 persna-

478 4325 592 4396 d‘eri
625 4327 982 4391 permitteret,
1014 4328 1097 4380 vel
1128 4342 1156 4378 a
1201 4326 1413 4396 Pelagio
1441 4341 1537 4395 per
1564 4327 1786 4396 litteras,
1816 4341 1936 4379 cum
1968 4330 2040 4378 ra.

477 4391 597 4444 cilis
644 4403 786 4464 esset
823 4396 994 4454 decipi
1044 4398 1222 4462 specie
1259 4391 1490 4464 pietatis,
1526 4396 1608 4450 vel
1653 4395 1720 4449 ab
1764 4397 2045 4450 obstinatis

481 4475 585 4513 non
611 4469 714 4535 tam
732 4463 966 4535 Pelagii,
991 4481 1146 4530 quam
1174 4463 1319 4535 pra’yi
1345 4467 1626 4535 dogmati,
1650 4465 2037 4531 defensoribus,

479 4530 794 4616 quoanolte
823 4530 1140 4616 patiebatur,
1173 4530 1441 4616 impotens
1463 4530 2041 4616 irasclhetiamjmpro?

482 4601 582 4653 bis.
601 4600 848 4672 Denique
880 4604 1150 4670 popularis
1171 4600 1352 4672 opinio
1376 4606 1444 4660 de
1467 4605 1604 4659 libro
1628 4605 1832 4658 Paulini
1857 4600 2038 4658 adver-

478 4684 568 4724 sus
600 4671 928 4740 Pelagianos,
949 4684 1128 4746 ortum
1151 4671 1429 4746 dux‘itﬂab
1465 4691 1646 4730 errore
1677 4675 1906 4728 hominis
1949 4677 2038 4746 qui

477 4755 848 4815 grgiimeiituin
878 4743 1117 4815 epistolae
1137 4745 1239 4798 106
1265 4744 1284 4812 (
1309 4742 1462 4797 Nunc
1492 4745 1637 4812 486),
1669 4747 1944 4815 Augustini
1967 4742 2038 4799 ad

483 4809 762 4883 Paulinum
793 4813 1037 4882 prmlixit.
1061 4809 1296 4882 Sumpsit
1316 4815 1456 4868 enim
1485 4809 1851 4883 epistolam'ad
1876 4815 2041 4871 Seve-

480 4894 595 4935 rum
622 4881 903 4951 Sulpiiium
932 4925 946 4948 ,
969 4881 1205 4950 eamque
1223 4881 1616 4946 brevissimam,
1648 4899 1746 4954 pro
1780 4885 1916 4937 libro
1935 4925 1951 4950 ,
1984 4893 2040 4939 et

476 4955 798 5007 sententiam
817 4997 831 5019 ,
859 4968 1018 5022 quam
1044 4953 1372 5024 Augustinus
1394 4953 1669 5022 laudatam
1715 4955 1767 5007 in
1801 4954 2038 5024 Pelagia-

478 5036 576 5075 nos
603 5034 1021 5091 argumentatur,
1067 5024 1117 5076 iii
1168 5023 1383 5078 eosdem
1414 5039 1443 5077 a
1474 5025 1692 5079 Paulino
1720 5025 1912 5078 dictam
1936 5023 2040 5093 pu-

481 5093 632 5163 tavit,
663 5094 903 5160 quamvis
935 5093 1136 5162 prolata
1167 5095 1236 5147 sit
1262 5108 1290 5146 a
1320 5093 1436 5146 viro
1476 5104 1662 5149 sancto
1685 5105 1735 5147 et
1757 5096 1837 5147 sui
1862 5095 2040 5163 despi-

477 5160 842 5233 cientissimu,
872 5160 945 5217 eo
986 5173 1185 5217 tantum
1233 5164 1368 5228 fine,
1417 5174 1475 5217 ut
1516 5165 1806 5233 depingens
1847 5160 2039 5217 atiimte

477 5246 588 5303 sua:
615 5231 859 5297 formam,
891 5249 1048 5303 quam
1076 5234 1327 5288 credebat
1353 5231 1709 5288 miserabilem
1731 5275 1746 5296 ,
1794 5235 2037 5288 illuderet

486 5301 686 5374 urbane
732 5301 940 5374 atnico',
989 5305 1078 5374 qui
1108 5304 1371 5373 depictam
1401 5305 1576 5359 vultus
1627 5305 1858 5374 speciem
1902 5304 2039 5358 mitti

479 5371 581 5425 sibi
610 5373 951 5441 postulasset.

548 5443 789 5514 Sextum,
821 5459 990 5514 neque
1018 5446 1176 5499 etiam
1205 5461 1361 5514 posse
1383 5445 1777 5498 tribuiAnrelio
1795 5454 1847 5498 et
1871 5445 2044 5511 Alipio

481 5512 767 5578 Africanis,
796 5516 887 5582 qui
907 5512 916 5514 ⁷
938 5515 1034 5569 etsi
1081 5512 1290 5568 fortiter
1327 5517 1576 5569 steti-rint
1609 5529 1706 5582 pro
1735 5529 1892 5567 causa
1922 5517 2042 5569 lidei

480 5585 737 5637 adversus
758 5585 1004 5638 inimicos
1032 5587 1205 5639 crucis
1233 5584 1453 5649 Christi,
1488 5586 1579 5638 ille
1607 5586 1863 5637 habendis
1888 5599 2048 5652 syno-

478 5653 584 5717 dis,
613 5655 711 5709 iste
739 5656 999 5710 obeundis
1035 5655 1406 5723 legationibus,
1440 5655 1570 5708 nihil
1600 5667 1777 5708 tamen
1806 5655 2048 5709 feruntur

478 5725 779 5798 scripsisse,
804 5736 996 5794 praeter
1022 5727 1274 5794 epistolas
1298 5743 1314 5792 ;
1343 5727 1394 5780 in
1416 5727 1606 5796 quibus
1637 5735 1812 5781 tamen
1846 5727 1915 5780 ita
1939 5727 2049 5781 elu-

2139 3199 2289 3255 Sixto
2316 3201 2628 3270 presbytero
2651 3201 2909 3256 Romano.

2209 3270 2362 3348 Nono
2381 3284 2530 3326 certe
2554 3272 2752 3348 saeculo
2780 3274 3128 3348 indubitatum
3157 3282 3291 3340 erat,
3335 3275 3500 3330 libros
3529 3277 3724 3348 Hypo-

2179 3342 2422 3412 nosticun
2464 3355 2582 3412 esse
2610 3343 2919 3412 Augustini,
2948 3345 3120 3400 donec
3163 3355 3278 3399 orta
3325 3342 3726 3405 contentio'eat

2192 3411 2484 3484 iucmarttm
2529 3411 2668 3484 inter
2693 3411 2757 3484 tet
2786 3412 3083 3482 Remigium
3113 3415 3547 3484 Lugdunensem.
3583 3417 3725 3472 Nam

2138 3497 2269 3556 cum
2285 3479 2672 3556 Gotbescalcus
2692 3483 2857 3556 libros
2880 3479 2998 3556 illos
3019 3479 3306 3550 laudasset,
3323 3488 3468 3541 velut
3495 3498 3727 3556 apertos

2140 3555 2365 3675 giratiam
2409 3553 2544 3605 inter
2575 3563 2628 3630 et
2663 3553 2886 3634 liberum
2929 3555 3204 3638 arbitrium
3230 3556 3460 3625 iudices,
3492 3553 3725 3641 eosdem

2193 3635 2456 3674 inctnarus
2477 3621 2734 3675 adhibuit.
2753 3634 2805 3675 ut
2829 3624 3352 3675 Prmdestinatisnam
3375 3626 3725 3675 Gothescalci

2193 3623 2456 3674 incmarus
2477 3621 2734 3686 adhibuit,
2753 3634 2805 3678 ut
2829 3621 3353 3681 Prtedestinatiaiiam
3375 3626 3727 3684 Gothescalci

2142 3690 2388 3746 heresim
2414 3691 2732 3746 confutaret.

2214 3763 2559 3835 llinctnarum
2607 3764 2773 3833 arguit
2807 3764 3098 3835 Remigius
3143 3766 3542 3835 Lugdunensis,
3567 3777 3622 3824 et
3655 3769 3725 3824 li-

2141 3831 2288 3906 bros,
2315 3832 2522 3906 quibus
2543 3848 2601 3885 se
2626 3831 2894 3906 sentiebat
2917 3831 3150 3902 graviter
3177 3831 3377 3904 urgeri,
3406 3831 3726 3906 stippo~itos

2142 3903 2277 3956 dixit
2306 3903 2619 3971 Augustino.
2653 3904 2859 3958 Dictum
2890 3921 2952 3960 ex
2987 3922 3052 3961 eo
3069 3903 3332 3961 conficere
3361 3907 3462 3961 sibi
3492 3903 3720 3964 videba-

2144 3981 2250 4032 tur.
2280 3977 2418 4040 quod
2449 3988 2619 4040 neque
2645 3974 2695 4027 in
2727 3975 3209 4030 Retractaiiouihus
3241 3987 3585 4042 censeantur,
3625 3996 3724 4032 ne-

2142 4057 2247 4110 que
2274 4043 2326 4116 in
2375 4043 2606 4096 indicqu
2636 4045 2881 4098 Possidii.
2929 4047 3079 4113 Quod
3119 4047 3426 4116 praefatione
3475 4059 3721 4111 careant,

2143 4127 2243 4180 qua
2267 4113 2457 4186 doceat
2485 4116 2810 4186 Augustinus
2839 4131 2936 4168 suo
2961 4113 3131 4182 more,
3160 4117 3313 4184 cujus
3341 4117 3594 4186 impulsu,
3631 4121 3721 4173 vel

2143 4197 2300 4268 quam
2331 4183 2400 4260 ob
2423 4185 2754 4268 ‘causaninad
2793 4187 3127 4268 scribendum
3159 4183 3443 4268 accesserit
3464 4187 3725 4268 Lit-tte

2146 4253 2276 4325 trib.
2307 4258 2455 4321 epist.
2489 4269 2602 4322 cap.
2641 4255 2766 4320 55).
2798 4256 2951 4321 Quod
2987 4267 3357 4325 argumentum
3401 4253 3559 4312 toties
3601 4260 3724 4312 aliis

2146 4323 2196 4374 in
2231 4323 2378 4376 libris
2406 4331 2687 4394 tractatum
2737 4327 2885 4377 nullo
2933 4323 3110 4394 operai
3151 4331 3322 4391 pretio
3366 4338 3726 4382 retractatum

2145 4395 2351 4464 fuisset.
2384 4393 2533 4459 Quod
2579 4409 2756 4448 sermo
2781 4397 2846 4447 ab
2873 4393 3262 4463 Augustiniano
3303 4396 3536 4451 differat.
3563 4398 3721 4464 Quod

2070 4497 2120 4556 Ι)
2146 4463 2359 4556 ἐέξξίξίξξ
2386 4463 3725 4556 ῖξξξροξξίιιὲι,εξεξςηίετ-ίρεξξ,ξιξοέςξδξα.θ,ιξξνέιίςιί·

2145 4533 2374 4605 eluceat.
2394 4533 2544 4600 Quod
2572 4549 2636 4605 ex
2666 4535 3016 4590 translatione
3061 4537 3370 4605 Hieronymi
3405 4533 3720 4590 testimonia

2140 4604 2426 4674 Scriptum
2471 4603 2825 4671 proferantur.
2851 4619 2970 4658 cum
3001 4603 3550 4660 versioneicomntnni
3578 4609 3722 4661 anti-

2141 4688 2244 4743 qua
2277 4675 2602 4796 Aiig’tistinus
2628 4675 2702 4726 uti
2730 4683 2874 4728 esset
2901 4677 3110 4729 solitus.

2214 4746 2361 4796 Adde
2405 4755 2453 4796 at
2481 4742 2772 4796 Remittius.
2799 4744 2970 4796 videri
2992 4746 3092 4796 sibi

2214 4742 2453 4797 Addebat
2481 4742 2772 4812 Remigius.
2799 4744 2970 4799 videri
2992 4746 3092 4798 sibi
3121 4760 3255 4812 opus
3278 4747 3398 4809 hoc,
3419 4763 3519 4798 non
3554 4764 3723 4814 parvo

2139 4815 2307 4880 spatio
2328 4824 2436 4884 post
2471 4814 2660 4885 o_bit_um
2681 4815 2974 4885 Augustini,
3007 4817 3068 4868 ab
3094 4815 3265 4883 aliquo
3288 4817 3556 4881 scriptum,
3582 4834 3720 4869 noua

2141 4882 2458 4952 postmodum
2484 4882 2880 4954 Pelagianorum
2916 4882 3208 4955 insurgente
3234 4886 3510 4949 calumnia,
3553 4889 3717 4952 velut,

2147 4971 2237 5022 per
2257 4955 2750 5020 prcedestinntionem
2787 4957 3116 5022 reproborum
3158 4957 3226 5007 ad
3253 4957 3532 5019 interitum,
3567 4959 3723 5010 doce—

2143 5034 2218 5077 ret
2242 5024 2489 5085 Ecclesin,
2518 5040 2548 5073 a
2583 5024 2706 5088 Deo,
2738 5041 2831 5076 sua
2873 5027 3332 5093 prmdestinatione,
3366 5029 3720 5079 necessitatem

2146 5095 2336 5166 imponi
2369 5093 2651 5146 hominibus
2679 5097 2748 5166 in,
2772 5097 2878 5146 suis
2919 5097 3258 5166 impietatibus
3286 5096 3640 5165 permanendi.
3669 5108 3720 5150 et

2145 5165 2198 5217 in
2242 5174 2484 5216 retentum
2526 5165 2770 5234 pereundi
2808 5180 2827 5218 :
2878 5165 3034 5235 fronti
3073 5181 3187 5218 vero
3235 5181 3414 5218 nomen
3447 5167 3721 5234 Augustini

2146 5235 2434 5305 pur/istim,
2453 5238 2572 5306 quia
2592 5248 2775 5304 magna
2792 5251 2851 5287 ex
2872 5245 3015 5302 parte
3035 5236 3194 5306 ipsius
3215 5251 3392 5289 sensus
3408 5235 3540 5306 brevi”
3564 5236 3723 5289 hocce

2149 5307 2394 5368 opusculo
2416 5305 2561 5374 quasi
2585 5305 2637 5354 in
2677 5320 2834 5356 unum
2859 5305 3141 5374 collegisset
3166 5316 3343 5360 auctor
3361 5323 3378 5367 ;
3399 5305 3599 5370 aliquos
3623 5322 3722 5359 au-

2150 5385 2269 5438 tem,
2311 5391 2422 5426 cum
2453 5375 2509 5426 id
2545 5374 2668 5426 satis
2698 5391 2796 5426 non
2823 5376 3181 5444 intelligerent,
3212 5377 3546 5436 existimasse.
3589 5392 3720 5436 opus

2148 5446 2312 5511 ipsum
2340 5446 2401 5495 ab
2423 5445 2704 5515 Augustino
2725 5445 3056 5513 elaboratum,
3073 5457 3324 5516 tamquam
3346 5448 3723 5516 ὑπομνηπιιὸν

2150 5531 2238 5568 seu
2270 5516 2728 5567 commonitorium.

2224 5583 2465 5652 Remigio
2488 5584 2804 5638 Hincmarus
2830 5584 3129 5652 respondit,
3151 5585 3414 5654 fidemque
3429 5587 3721 5655 publicam.

2152 5663 2207 5706 et
2233 5669 2370 5722 pene
2413 5669 2773 5718 communem,
2805 5671 2906 5723 qna
2939 5655 3134 5719 fretus,
3178 5671 3246 5709 ex
3299 5657 3446 5712 hisce
3477 5657 3625 5709 libris
3657 5657 3726 5710 ab

2155 5724 2461 5780 adversario
2492 5727 2716 5793 receptis
2757 5725 2898 5795 (Lib.
2935 5727 2995 5780 de
3028 5724 3325 5795 Μαιάδα),
3360 5729 3726 5783 teStinioniuta
