3962 6180
211 315 293 370 577

393 311 695 368 DISSERT.
729 310 818 368 Vl.
849 311 939 369 DE
975 309 1281 368 SCRIP'l‘lS
1317 309 1475 368 ADV.
1521 309 1845 368 llAiRESIM
1887 310 2130 367 PELAG.
2173 311 2355 367 ANTE
2393 311 2680 369 MORTEM
2717 312 2778 370 S.
2819 313 3208 371 AUGUSTtNl.

3328 318 3433 372 573

209 425 517 497 adhibuerat,
548 426 685 479 tueri
725 433 952 478 conatus
1003 432 1106 497 est,
1131 422 1245 497 sed
1268 422 1596 497 argumentis
1622 433 1756 474 sane
1783 422 1834 480 Α
1860 421 2220 497 nouexplioet
2260 423 2560 497 argumenti
2591 422 2923 497 qualitatem.
2967 425 3199 481 Mentem
3229 427 3434 497 absque

208 515 293 550 non
337 494 585 561 optimis,
618 505 674 548 ut
716 510 889 562 neque
936 494 1280 548 validissimis
1324 493 1750 562 oppugnabatur.

206 565 467 620 Contendit
492 568 660 630 enim,
692 561 1071 632 Augustinum,
1104 561 1662 630 primum,’scripsisse
1687 562 1753 612 li-

206 637 309 691 bros
349 637 821 706 llypoguosuctnu,
851 637 1051 706 saltem
1083 644 1291 706 sextum
1312 672 1327 695 ,
1358 647 1425 706 ne
1449 632 1757 706 crederetur

206 709 370 760 tradita
394 699 890 775 praedestinationis
915 705 966 758 in
990 705 1188 775 bonum
1209 703 1479 775 doctrina,
1505 717 1609 767 qua
1637 699 1757 753 iuu-

205 779 320 830 ditus
347 771 796 844 Pélagianismum
829 790 949 826 cum
979 774 1090 827 suis
1136 771 1417 844 reliquiis,
1461 781 1753 844 everterat,

205 859 424 900 astruere
448 841 970 913 przetlestinationem
1005 843 1292 913 hominum
1311 844 1367 913 in
1390 841 1610 904 tnalum,
1638 855 1756 913 qua:

208 917 391 970 infanda
425 911 672 983 quamam
705 915 1030 982 blasphemia
1057 922 1160 966 est.
1208 911 1429 974 Deinde,
1460 911 1758 983 suscepisse

209 988 321 1040 hunc
343 978 586 1039 laborem
617 985 715 1038 sub
750 978 908 1038 ﬁnem
941 985 1084 1046 vitae,
1112 997 1218 1050 quo
1246 990 1487 1049 tempore
1511 978 1758 1050 exilibris

207 1057 296 1111 suis
315 1058 455 1109 male
485 1055 777 1109 intellectis
799 1053 1008 1107 videbat
1035 1049 1558 1106 Prtedestiuatiauam
1588 1049 1758 1104 luere-

207 1128 285 1181 sim
314 1127 466 1178 oriri.
500 1126 764 1194 Denique,
796 1123 1035 1192 pluribus
1078 1124 1138 1194 in,
1162 1122 1291 1194 locis
1327 1122 1759 1194 tuention_etn_l‘e-

209 1198 318 1250 cisse
338 1198 523 1263 operis
556 1195 621 1247 ad
654 1190 973 1261 l’rosperum
1001 1205 1051 1246 et
1084 1191 1338 1246 Hilarium
1364 1191 1530 1244 missi.
1558 1190 1760 1263 Exime

210 1260 407 1332 Remigii
435 1260 815 1332 Hincmarique
835 1264 1176 1316 contentione
1187 1271 1333 1332 certo
1349 1269 1582 1332 constat.
1597 1260 1758 1312 libros

209 1339 260 1389 de
293 1331 486 1404 quibus
532 1331 882 1404 agitur,iante
931 1348 1130 1404 nonum
1175 1331 1428 1386 saeculum
1461 1331 1760 1404 Augusiino

210 1400 547 1459 communiter
570 1400 803 1458 iributos
827 1403 1008 1456 fuisse.
1033 1403 1148 1469 Quo
1177 1416 1308 1455 vero
1333 1410 1571 1467 tempore
1601 1400 1768 1452 tribui.

211 1475 468 1541 ceperint,
502 1477 765 1528 incertum
810 1485 920 1538 est,
962 1474 1063 1526 nisi
1103 1471 1243 1540 quod
1292 1471 1604 1524 diuturnum
1640 1485 1761 1541 esse

212 1540 448 1612 Oportttit,
475 1561 594 1599 cum
625 1559 812 1597 onmes
835 1542 1048 1597 codices
1086 1542 1157 1596 ita
1189 1543 1409 1605 ferrent,
1439 1556 1535 1594 nec
1558 1540 1761 1612 inlicias

212 1611 306 1669 ierit
334 1617 633 1683 Renngius,
664 1617 786 1684 quin
817 1612 888 1665 ita
905 1615 1070 1684 vulgo
1096 1613 1426 1684 crederetur,
1457 1625 1519 1663 ac
1547 1611 1763 1677 putabat

214 1681 516 1739 llincmarus
549 1703 560 1736 :
604 1681 724 1735 nam
760 1683 1027 1751 popularis
1054 1681 1380 1738 credulitatis
1402 1695 1592 1735 causas
1615 1695 1761 1749 qua:-

213 1757 315 1808 siv'tt
347 1759 511 1822 paulo
533 1755 858 1808 accuratius.

266 1819 388 1878 Cum
436 1825 678 1893 Remigio
716 1823 886 1876 sensit
929 1821 1205 1893 Erasmus,
1236 1830 1292 1875 et
1314 1819 1438 1893 inde
1478 1834 1760 1893 censuram

215 1893 453 1960 ejusmodi
495 1890 684 1947 inussit
710 1893 857 1958 Operi
907 1892 1013 1956 (In
1057 1907 1274 1944 censura
1309 1891 1450 1944 libris
1496 1890 1765 1959 prce/ica).

216 1965 290 2017 hoc
307 1982 433 2032 opus
455 1981 558 2017 non
578 1981 684 2018 esse
707 1963 993 2032 Augustini.
1021 1960 1254 2014 Primum
1271 1960 1402 2014 illud
1423 1961 1620 2032 arguit,
1634 1961 1767 2023 quod

216 2051 306 2087 rem
332 2027 399 2088 sit
420 2034 556 2102 justi
583 2027 867 2095 voluminis,
897 2049 996 2086 non
1028 2042 1446 2084 commemoratur
1484 2027 1535 2084 in
1582 2027 1766 2102 Retraf

216 2098 516 2158 rationibus.
544 2102 737 2156 Deinde
754 2103 931 2157 titulus
953 2101 1173 2154 insolens
1190 2098 1768 2174 frnoyawariuév,quasi

217 2176 336 2226 dicas
375 2175 806 2229 Subnotationum
847 2191 864 2226 :
913 2187 1072 2242 neque
1118 2168 1423 2242 enimisolet
1469 2170 1555 2222 ille
1599 2168 1770 2242 titulos

215 2242 401 2298 Graeca
451 2245 632 2298 indere
667 2246 774 2296 suis
824 2240 997 2303 libris,
1017 2240 1176 2294 multo
1209 2241 1379 2293 minus
1406 2255 1491 2293 eos
1534 2241 1621 2309 qui
1669 2254 1770 2291 non

215 2314 428 2367 indicant
453 2325 832 2380 argumentum.
866 2310 1134 2366 Postremo
1167 2326 1257 2363 nec
1284 2309 1446 2380 stylus
1486 2325 1574 2378 per
1595 2309 1772 2380 omnia

212 2386 452 2454 congruit,
510 2378 627 2438 licet
679 2383 898 2454 hominis
933 2381 1120 2436 eruditi
1172 2378 1477 2454 facundique
1521 2378 1768 2454 uideatur.

210 2449 453 2506 Clainoris
492 2455 608 2520 plus
656 2453 836 2518 habet,
886 2453 1065 2506 solida
1111 2451 1568 2521 argumentationis
1607 2449 1773 2521 minus

211 2539 354 2592 quam
397 2519 735 2594 Augustinus.
776 2521 988 2594 Videtur
1040 2519 1196 2591 fuisse
1246 2521 1501 2594 quispiam
1529 2519 1626 2594 qui
1662 2533 1775 2588 qua:

209 2588 420 2659 iparsim
448 2588 510 2647 ab
539 2595 823 2664 Augustino
848 2588 1060 2664 disserta
1093 2599 1212 2643 sunt
1236 2588 1411 2643 contra
1441 2588 1774 2659 Pelagianos,

209 2665 447 2716 studuerit
477 2665 527 2716 in
559 2662 711 2716 unum
738 2662 1053 2716 contrahere.

273 2734 381 2802 Ego
422 2736 678 2803 quidem,
715 2735 767 2785 in
815 2728 1774 2803 ahjudicandisAugustino_quiuque

211 2800 344 2858 hisee
369 2800 548 2871 lib—ris,
573 2804 836 2857 assentior
863 2800 1035 2857 libens
1059 2802 1299 2870 Remigio
1326 2811 1486 2869 atque
1513 2800 1736 2853 Erasmo
1762 2816 1774 2850 :

209 2888 394 2928 censeo
449 2884 629 2927 tamen
680 2871 919 2927 reVocari
969 2872 1165 2926 debere
1210 2872 1275 2925 ad
1313 2886 1557 2934 examen,
1589 2883 1709 2937 qua:
1745 2884 1776 2922 a

211 2944 364 2997 tribus
397 2945 517 2998 istis
549 2943 853 2997 hominibus
900 2943 1221 2996 adhibentur
1264 2941 1330 2995 ad
1370 2956 1518 2994 suam
1564 2951 1780 2994 senten-

211 3016 319 3067 tiam
369 3014 775 3077 Stabilieudam,
805 3028 872 3068 ne
912 3025 1000 3066 aut
1048 3011 1200 3066 falsis
1245 3027 1426 3066 verum
1459 3010 1656 3079 juvari,
1688 3020 1777 3063 aut

210 3082 544 3148 llincmarus,
578 3099 784 3152 magna:
815 3084 898 3137 vir
939 3083 1295 3148 auctoritatis,
1351 3081 1547 3136 iudieia
1593 3095 1772 3144 causa,

208 3153 446 3208 damnari
473 3155 741 3208 videatur.
1513 3189 1515 3192 ‹

270 3233 449 3294 Atque
497 3237 556 3276 ut
588 3224 732 3294 inde
758 3222 1034 3279 exordium
1065 3221 1277 3287 ducam,
1311 3221 1439 3276 nihil
1469 3219 1778 3294 pratjudicat

214 3293 474 3348 Ilincmari
499 3293 807 3358 seutentim,
836 3294 975 3363 quod
1002 3294 1326 3360 Augustinus
1354 3309 1457 3346 non
1477 3293 1781 3346 meminerit

211 3365 425 3430 hujusce
450 3366 636 3433 operis
666 3366 775 3417 sitis
806 3364 858 3418 in
889 3363 1373 3418 Retractationibus
1406 3378 1421 3419 :
1452 3363 1779 3433 quammulta

209 3435 335 3504 enim
355 3436 464 3488 alia
489 3431 862 3504 praetermisit!
883 3436 997 3488 Non
1018 3432 1259 3504 meminit
1278 3443 1423 3487 certe
1445 3433 1700 3504 libroruin
1719 3431 1784 3486 de

209 3500 671 3557 Prcdestinatione
704 3515 1015 3564 sanctorum,
1032 3514 1086 3554 et
1112 3503 1175 3555 de
1197 3501 1338 3555 Bono
1365 3503 1748 3567 perseverantiae
1766 3541 1781 3568 ,

209 3585 255 3628 et
282 3575 345 3626 de
374 3573 713 3642 Perfectione
738 3575 947 3640 institue
977 3590 994 3626 :
1023 3573 1141 3627 illos
1165 3583 1339 3626 tamen
1367 3570 1486 3640 quis
1510 3581 1665 3641 neget
1689 3587 1784 3642 vee

207 3658 289 3697 ros
314 3660 378 3697 ac
409 3660 708 3712 germanos
732 3643 869 3698 fetus
893 3647 1023 3696 tanti
1061 3645 1318 3711 parentis,
1342 3643 1436 3696 sed
1471 3642 1580 3709 jam
1609 3641 1785 3696 senis?

204 3713 414 3768 Diceret
443 3730 573 3784 ergo
594 3715 782 3782 aliquis
810 3715 1052 3771 eamdem
1083 3723 1281 3766 sortem
1314 3724 1496 3766 nactos
1522 3712 1785 3784 esserlly-

203 3786 590 3906 Eognosticos,
637 3785 834 3852 quippe
885 3792 1011 3864 natu
1043 3784 1296 3863 teqttales,
1327 3793 1382 3838 et
1425 3783 1470 3837 si
1517 3783 1786 3838 credimus

247 3869 520 3906 mcmaro.
551 3864 669 3906 post
693 3853 1118 3906 Retractattones
1141 3852 1333 3906 edttos.

247 3856 520 3917 incmaro,
551 3864 669 3921 post
693 3853 1118 3907 Retractationes
1141 3852 1333 3906 editos.

265 3927 358 3988 At,
410 3920 592 3992 inquit
637 3923 906 3990 Remigius
936 3938 1056 3977 cum
1089 3921 1334 3984 Erasmo.
1366 3931 1551 3976 carent
1596 3920 1787 3990 praefa-

199 3993 363 4058 tione,
396 4009 510 4064 qua
535 4004 723 4048 auctor
744 3993 1010 4048 scribendi
1037 4007 1226 4046 causas
1256 3992 1460 4056 aﬂ'erat,
1481 3996 1619 4064 quod
1650 3993 1789 4048 solet

198 4062 574 4133 Augustinus;
623 4065 784 4116 immo
836 4064 1064 4125 habent,
1096 4077 1320 4131 eamque
1351 4062 1783 4132 prolixiSsimatn,

194 4151 355 4201 quam
389 4135 639 4202 oportuit
662 4135 955 4188 desiderari
981 4134 1031 4185 in
1061 4133 1244 4187 codice
1285 4149 1391 4202 quo
1412 4149 1539 4187 usus
1575 4143 1658 4186 est
1685 4136 1789 4186 Re-

193 4206 395 4274 migius
417 4222 436 4256 :
473 4220 572 4259 nec
593 4205 733 4258 enim
758 4204 861 4256 alia
891 4205 1093 4274 ratione
1109 4203 1288 4274 possit
1326 4203 1660 4274 mendacium
1686 4217 1786 4257 ex-

194 4272 420 4343 eusare,
457 4276 598 4343 quod
628 4275 866 4343 omnium
901 4272 1072 4327 oculis
1102 4272 1256 4327 facile
1285 4272 1662 4328 revincendum
1694 4275 1783 4343 sit.

194 4341 408 4399 Deinde
451 4341 612 4412 quam
645 4342 1011 4413 praefationem
1041 4343 1330 4412 praeferunt
1368 4343 1489 4396 libri
1532 4343 1601 4399 de
1623 4342 1788 4411 Magi-

195 4425 331 4475 διε-ο,
363 4416 450 4469 de
484 4415 885 4468 lmmortalilate
921 4417 1132 4479 ammte,
1157 4423 1287 4478 etc.,
1311 4429 1378 4467 au
1410 4413 1608 4467 idcirco
1634 4414 1785 4467 labo-

196 4493 317 4538 rant
346 4503 415 4538 su
429 4486 674 4553 spicione
699 4483 1116 4552 suppositionis?

263 4555 464 4624 l’ergit
503 4554 797 4622 Remigius.
832 4554 985 4606 Nulla
1015 4555 1072 4606 lit
1100 4553 1321 4621 hujusce
1360 4555 1538 4622 Operis
1586 4553 1787 4608 mentio

198 4623 247 4675 in
283 4623 476 4680 indice
504 4625 756 4685 Possidii,
787 4639 908 4676 cum
947 4632 1126 4678 tamen
1156 4625 1388 4688 curiose,
1419 4634 1474 4676 ttt
1497 4628 1785 4678 multorum

195 4707 478 4749 annorum
539 4693 855 4746 fatniliarem
903 4693 1154 4759 decebat,
1205 4693 1380 4747 omnia
1416 4694 1695 4762 Augustini
1732 4705 1789 4748 et

198 4767 421 4820 noverit
446 4806 463 4828 ,
498 4773 557 4817 et
605 4764 955 4820 recensuerit.
1001 4763 1190 4818 Verum
1219 4764 1332 4818 haec
1357 4767 1493 4818 ratio
1523 4764 1788 4819 imbecilla

197 4849 287 4898 per
309 4850 376 4890 se
405 4846 496 4889 est
519 4850 538 4897 ;
565 4847 685 4886 nam
715 4831 986 4887 Possidius
1007 4837 1234 4902 primum
1257 4834 1452 4888 fatetur
1473 4850 1532 4888 se
1549 4851 1654 4889 non
1680 4850 1790 4888 om-

195 4907 275 4957 nia
299 4919 696 4959 enumerasse.
729 4902 927 4974 Deinde
962 4915 1141 4970 posset
1170 4906 1358 4974 aliquis
1383 4919 1412 4957 a
1440 4904 1684 4959 Possidio
1706 4921 1789 4958 re-

192 4976 480 5029 censitum
523 4972 852 5027 contendere
883 4989 894 5024 :
925 4990 1045 5027 nam
1070 4973 1124 5027 in
1153 4972 1400 5029 omnibus
1426 4975 1581 5029 editis
1600 4975 1792 5028 iudici-

191 5042 291 5114 bus
320 5047 594 5114 leguntur
622 5043 734 5097 hac
763 5041 945 5107 verba,
973 5043 1100 5097 liber
1133 5061 1262 5098 unus
1290 5056 1467 5097 contra
1485 5050 1790 5113 qutrstt‘ones

191 5113 715 5187 Pelagianistarum,
763 5114 893 5187 Quts
931 5115 1073 5187 enim
1119 5130 1254 5168 unus
1288 5114 1385 5187 ille
1403 5115 1576 5168 liber?
1604 5115 1791 5170 Nullus

189 5184 346 5238 certe
373 5199 604 5246 eoium,
625 5184 712 5251 qui
746 5186 824 5236 vel
856 5185 1086 5252 septimo
1118 5196 1284 5249 tonio,
1310 5185 1390 5239 vel
1420 5187 1792 5254 supplemento

188 5259 587 5316 cmitinentur,
621 5269 742 5324 cum
779 5268 877 5305 suo
906 5254 1350 5324 singulinomine
1383 5256 1716 5324 appellentur
1739 5259 1789 5310 in

187 5325 404 5387 indice,
442 5334 506 5378 et
538 5337 674 5376 unus
704 5323 792 5377 ille
821 5324 1058 5391 insuper.
1085 5323 1374 5379 Estiment
1398 5327 1497 5379 viri
1526 5326 1666 5382 docti
1694 5331 1790 5381 ltu-

186 5395 344 5461 jusce
363 5391 685 5463 argumenti
715 5392 940 5463 pondus,
959 5404 1013 5447 et
1038 5396 1346 5463 conjiciaut,
1372 5397 1416 5450 si
1442 5396 1567 5465 quid
1593 5398 1790 5464 valent,

185 5479 359 5531 super
394 5480 471 5520 ea
509 5478 723 5535 re,qute
752 5479 839 5518 me
861 5465 1095 5532 proiecto
1127 5467 1268 5529 latet,
1294 5477 1453 5535 atque
1480 5470 1640 5520 etiam
1671 5484 1796 5522 cru-

186 5537 327 5595 ciat,
358 5536 485 5589 nisi
512 5531 651 5588 forte
675 5549 801 5590 vera
831 5531 904 5589 sit
931 5535 1241 5604 conjectura
1286 5531 1627 5606 postmodum
1658 5539 1792 5593 all'e-

185 5608 390 5659 renda.

264 5675 448 5746 Addit
475 5671 752 5746 Egnatius,
773 5675 988 5728 solitum
1007 5690 1124 5746 non
1153 5690 1274 5731 esse
1299 5677 1645 5746 Augustinum
1683 5677 1795 5732 suis

184 5745 496 5815 opusculis
516 5743 758 5799 Graecum
785 5761 980 5802 nomen
1001 5745 1299 5816 imponere,
1329 5743 1626 5818 presserunt
1649 5751 1791 5820 quod

1815 4521 1866 4580 D

1860 490 2478 564 du‘b_io__lf3rasmus,’_cuui
2502 493 2578 564 ita
2615 490 2918 564 scriberet,
2951 510 3056 549 non
3097 490 3429 564 intendebat,

1857 560 1940 613 vel
1963 560 2014 612 in
2032 559 2221 630 librum
2237 562 2303 613 de
2330 561 2481 624 Fide,
2496 562 2602 629 Spe
2615 563 2951 617 etCharitate
2967 564 3034 618 ad
3057 559 3426 630 Laurentium,

1856 643 2016 699 quem
2050 627 2388 683 Enchiridion
2416 627 2746 698 Augustinus
2773 634 2944 699 dixit;
2976 638 3055 688 vel
3086 637 3138 689 in
3173 627 3428 694 tractatus

1858 697 1923 772 ad
1944 699 2234 772 populuan
2238 715 2370 768 quas
2395 697 2652 754 Homilies
2674 704 2906 756 vocavit:
2925 697 3042 772 quae
3063 705 3168 760 duo
3189 709 3426 770 nomina,

1861 769 1960 842 nisi
1993 769 2166 842 fallor,
2198 768 2383 842 Grmca
2425 772 2807 842 suntiibeinde
2831 768 3013 838 operis
3056 768 3424 842 argumentum

1858 839 1996 916 satis.
2019 837 2278 916 explicari
2307 839 2522 894 nomine
2548 837 2987 916 Hypognosticon.
3037 837 3286 901 Erasmus
3313 849 3428 916 ipso

1858 908 2072 987 abunde
2103 909 2310 976 probat.
2341 924 2461 962 cum
2486 908 2861 987 subnataiiones
2892 913 3287 987 interpretatur,
3310 908 3430 987 qui-

1858 977 2158 1061 bus-nempe
2186 991 2385 1061 nugtor,
2412 995 2528 1061 qua;
2555 982 2775 1061 sparsim
2801 986 2864 1061 ab
2893 977 3176 1061 Augustino
3214 977 3432 1040 disserta

1859 1058 1976 1169 zunt
2019 1047 2199 1103 contra
2248 1047 2592 1121 Pelagianos,
2631 1051 2886 1105 studuerit
2927 1047 2992 1106 in'
3033 1070 3189 1108 unum
3235 1068 3435 1110 contra-

1897 1136 2000 1169 ere.

1897 1136 2000 1172 ere.

1933 1189 2226 1269 Interrogat
2264 1189 2556 1269 Remigius,
2598 1207 2718 1269 qua:
2752 1193 2962 1269 tandem
3003 1197 3296 1249 necessitas
3329 1197 3439 1269 Au-

1860 1262 2125 1327 gustinum
2157 1262 2412 1328 coegerit,
2462 1263 2734 1314 materiem
2781 1263 2971 1316 iterum
3018 1280 3236 1319 versare
3279 1267 3438 1320 toties

1861 1339 2046 1391 antea,
2095 1339 2292 1402 totque,
2323 1330 2476 1384 libris
2520 1340 2812 1385 tractatam.
2870 1333 3219 1402 Interroganti
3269 1339 3435 1390 videri

1862 1408 2039 1461 potest
2065 1400 2392 1464 respondere
2418 1414 2605 1454 auctor
2631 1411 2736 1455 tota
2760 1400 3434 1468 praefatione,—adversarios

1863 1484 2054 1542 nempe
2093 1469 2215 1537 ﬁdei
2253 1469 2534 1542 cat/taliae,
2577 1471 2700 1523 dum
2740 1481 2920 1525 contra
2959 1477 3188 1542 regulam
3215 1477 3440 1529 veritatis

1863 1539 2126 1610 diabolicis
2155 1541 2310 1592 armis
2338 1557 2563 1610 pugnare
2602 1544 2856 1607 nituntur,
2887 1539 3161 1598 catholicos
3189 1547 3441 1599 sollicitu-

1863 1609 1980 1684 dine
2009 1611 2323 1684 repugnandi
2361 1609 2525 1684 facere
2553 1613 2822 1684 cautiores,
2856 1615 2976 1665 dum
3004 1616 3055 1667 in
3088 1616 3346 1684 hypocrisi
3368 1618 3451 1668 vi-

1864 1679 2024 1748 gilant
2052 1681 2289 1743 nocituri,
2339 1682 2560 1734 excitare
2589 1682 2866 1734 catholicos
2895 1679 3216 1748 dormicnics,
3263 1697 3316 1738 ut
3357 1703 3441 1737 ar-

1864 1759 2008 1819 repto
2032 1749 2209 1818 clypeo
2246 1751 2492 1819 veritatis,
2538 1751 2749 1819 falsitati
2789 1768 2961 1805 eorum
3003 1757 3156 1807 corde
3183 1758 3443 1808 resistente

1876 1817 2772 1892 vigilem,etc._Addideritraliquis,
2803 1837 2834 1875 ε
2862 1838 2920 1876 re
2947 1822 3110 1878 fuisse
3140 1825 3440 1892 Augustini,

1873 1892 2071 1957 scripto
2099 1889 2304 1944 atnoliri
2335 1906 2363 1943 a
2393 1905 2453 1945 se
2481 1891 2737 1944 invidiam
2771 1897 3036 1947 nascentis
3063 1910 3130 1948 ex
3165 1889 3272 1950 suis
3299 1894 3446 1948 libris

1873 1958 2006 2021 mqle
2045 1959 2309 2013 intellectis
2342 1958 2821 2015 Prtedestinatianat
2860 1965 3081 2017 haeresis.

1940 2029 2272 2103 Quamquam
2301 2029 2562 2103 htecisive
2601 2031 2864 2100 Remigii,
2892 2035 3008 2087 sive
3041 2034 3247 2088 Erasini
3288 2051 3448 2103 argu-

1873 2108 2050 2153 menta
2080 2099 2209 2153 nihil
2247 2099 2535 2154 admodum
2560 2099 2818 2155 momenti
2852 2105 3080 2158 habeant
3101 2105 3168 2157 ad
3200 2099 3450 2159 Ηίιιοιῖιειυ-

1872 2183 1992 2242 rutn
2018 2169 2391 2242 refellendum.
2423 2181 2546 2242 sunt
2574 2180 2752 2242 tamen
2781 2172 2884 2224 alia
2916 2187 3141 2240 septem.
3167 2190 3285 2242 qua:
3327 2190 3442 2228 rem

1876 2241 2087 2313 penitus
2105 2239 2406 2313 conﬁciant.
2437 2239 2568 2295 Nam
2598 2240 2736 2294 inter
2757 2239 3004 2313 capitalia
3028 2239 3264 2313 quinque
3293 2244 3449 2298 Pela-

1873 2309 2152 2431 giauorum
2183 2310 2450 2378 dogmata,
2481 2318 2730 2364 recenset
2759 2309 3156 2392 llypognos'tes,
3179 2309 3329 2383 quod
3378 2315 3448 2397 li-

1907 2379 1992 2431 tdo
2008 2389 2073 2431 stt
2092 2381 2327 2431 naturale
2351 2379 2534 2431 bonum
2554 2396 2573 2431 :
2597 2396 2883 2431 numquam
2906 2395 3177 2431 recensuit
3199 2392 3448 2431 Annum-

1907 2379 1992 2431 ido
2008 2380 2327 2453 sitnaturale
2344 2379 2534 2453 bonum
2553 2396 2573 2444 ;
2589 2379 2883 2453 ittutnquam
2906 2379 3177 2438 recensuit
3199 2379 3451 2453 Augusti-

1876 2462 1997 2515 nus,
2017 2451 2175 2504 etiam
2189 2464 2309 2503 cum
2325 2449 2390 2504 de
2409 2449 2704 2504 bteresihus
2722 2449 2822 2504 sub
2844 2452 3002 2505 linem
3021 2457 3139 2506 vitae
3163 2449 3445 2509 scriberet.

1874 2517 2044 2592 Aliter
2091 2519 2688 2592 llypoguustespaliter
2718 2520 3048 2592 Augustinus
3094 2526 3448 2592 praedestina-

1877 2591 2076 2644 tiouem
2122 2591 2371 2658 explicat.
2410 2590 2632 2644 Multum
2673 2591 3002 2659 Augustinus
3031 2590 3287 2648 modestia
3330 2612 3453 2650 ora-

1880 2660 2061 2732 tionis,
2092 2659 2373 2732 plurimum
2405 2661 2690 2714 Latinitate
2713 2661 3108 2732 Hypognostem
3128 2666 3312 2719 vincit.
3343 2672 3452 2718 Au-

1876 2731 2216 2802 gustinusex
2241 2730 2456 2799 antiqua
2485 2730 3132 2802 communitranslatione
3161 2735 3452 2802 Scriptura:

1881 2800 2184 2871 testimonia
2209 2801 2442 2870 profert;
2473 2801 2844 2871 Hypognostes
2875 2819 2939 2856 ex
2972 2805 3228 2858 Hebraica
3263 2800 3450 2861 Πίθω-

1882 2872 2047 2940 nymi.
2106 2869 2404 2940 Numquam
2454 2869 2689 2926 siluisset
2747 2874 3074 2940 Augustinus
3123 2876 3190 2930 de
3233 2874 3452 2930 Patrum

1881 2941 2186 3002 traditione,
2209 2953 2264 2996 et
2289 2943 2541 2994 Ecclesiae
2561 2942 2763 3009 judicio
2785 2945 2847 2995 ad
2872 2945 3247 2999 stabiliendam
3270 2947 3455 3010 lidettt;

1881 3012 2003 3065 silet
2047 3011 2269 3081 omnino
2314 3011 2706 3080 llypoguostes.
2750 3012 3079 3081 Augustinus
3118 3015 3315 3069 .lttliaui
3359 3032 3457 3070 tio-

1883 3097 2023 3155 meo,
2055 3080 2198 3149 quod
2225 3081 2360 3155 alias
2392 3090 2496 3155 tatu
2520 3080 3111 3155 lrequeitteriappellat,
3146 3086 3245 3139 ltoc
3270 3087 3453 3155 utique

1802 3154 1848 3215 C
1882 3153 1934 3204 iti
1963 3150 2083 3204 loco
2108 3165 2214 3204 non
2240 3151 2575 3213 reticuisset;
2626 3153 2814 3224 reticet
2844 3153 3232 3223 llypognostes,
3283 3150 3456 3224 quain-

1883 3230 2227 3294 tumcumque
2242 3224 2602 3294 vehementer
2638 3221 2938 3294 hominem
2960 3221 3254 3294 impugnet.
3299 3221 3456 3278 Deni-

1882 3307 1986 3355 que
2031 3292 2388 3360 Augusunus,
2436 3293 2480 3344 si
2529 3290 2691 3346 modo
2719 3294 2898 3359 Operis
2941 3290 3131 3349 auctor
3158 3304 3324 3360 esset,
3357 3298 3459 3351 hoc

1883 3371 2035 3416 certe
2093 3362 2352 3435 edidisset
2393 3363 2444 3416 itt
2489 3363 2660 3416 lucem
2698 3379 2766 3416 eo
2811 3377 3056 3433 tempore
3099 3381 3207 3435 quo
3249 3367 3456 3420 editum

1885 3436 2060 3556 aeipsa
2090 3433 2458 3555 oslteudimus:
2484 3435 2848 3487 recensuisset
2867 3451 2998 3504 ergo
3023 3433 3145 3490 cum
3172 3437 3290 3490 aliis
3315 3436 3460 3506 ejus-

1921 3517 2006 3556 em
2039 3513 2139 3556 aeta
2169 3519 2233 3556 is.

1921 3517 2006 3556 em
2039 3506 2233 3557 aetatis.

1955 3572 2189 3648 Credere
2236 3582 2416 3648 posset
2444 3572 2670 3648 aliquis,
2713 3582 2804 3648 aut
2843 3576 3032 3648 saltem
3073 3578 3362 3648 suspicari,
3403 3577 3459 3632 id

1886 3644 2066 3714 operis
2089 3643 2429 3714 tribuendum
2460 3643 2759 3714 Mercatori,
2788 3643 3254 3714 suspicionemque
3283 3651 3461 3701 lirma-

1886 3710 1968 3766 ret
1993 3710 2076 3766 bis
2105 3711 2332 3766 fortasse
2357 3715 2708 3781 argumentis.
2741 3710 2960 3768 Librum
2987 3710 3247 3770 Mercator
3268 3718 3459 3771 eodem

1893 3782 2050 3856 t_itulo
2111 3781 2241 3856 fecit
2290 3797 2398 3856 quo
2455 3781 2828 3856 Hypoguustes
2875 3799 2890 3837 :
2936 3787 3290 3856 ὐπογνωστιιᾶ
3317 3788 3461 3842 enim

1889 3851 2150 3906 Erasmus
2165 3854 2281 3919 ipse
2301 3852 2684 3920 interpretatur
2697 3851 3135 3920 subttotationes;
3162 3873 3260 3912 nec
3283 3861 3460 3912 incre—

1888 3921 2054 3997 dibile
2077 3933 2180 3987 est,
2203 3923 2477 3997 hominem
2498 3921 2699 3977 Graecae
2725 3923 2919 3997 lingua:
2944 3928 2994 3978 in
3022 3928 3206 3997 paucis
3226 3930 3458 3997 peritum

1887 3994 2035 4061 operi
2077 4007 2174 4048 suo
2213 3994 2458 4049 Grecutn
2506 4008 2701 4046 nomen
2732 3992 2966 4049 dedisse.
3020 3992 3458 4053 Deinde'eodcm

1891 4073 2133 4130 tempore
2157 4073 2385 4132 uterque
2413 4075 2598 4117 auctor
2625 4064 2778 4129 vixit,
2811 4079 2911 4118 nec
2940 4065 3146 4120 videtur
3176 4065 3461 4131 Mercator,

1888 4149 2008 4189 cum
2037 4135 2319 4188 Catholicae
2345 4134 2464 4187 lidei
2493 4133 2845 4188 defendendae
2870 4143 2975 4187 tam
2999 4138 3255 4193 ardenter
3283 4139 3465 4192 stude-

1888 4214 1992 4268 ret,
2015 4221 2042 4276 a
2065 4204 2354 4259 scribendo
2377 4217 2598 4276 vacasse
2618 4203 2869 4270 quamdiu
2893 4204 3162 4260 ferverent
3206 4213 3464 4276 quaestio-

1891 4289 1988 4328 nes
2012 4275 2078 4326 de
2101 4276 2294 4342 quibus
2317 4275 2551 4328 sollicite
2577 4277 2925 4342 Augustinum
2950 4275 3240 4332 consuluit.
3291 4283 3462 4340 Acce-

1889 4345 1966 4397 dit
1993 4341 2132 4412 quod
2166 4344 2304 4398 idem
2328 4346 2606 4410 utriusque
2629 4341 2790 4396 fuerit
2815 4359 2937 4413 erga
2961 4345 3230 4402 lulianum
3255 4347 3477 4412 odium,

1889 4413 2030 4490 idem
2055 4429 2180 4490 erga
2203 4413 2550 4483 Augustinum
2577 4417 2808 4490 animus:
2832 4416 3166 4490 Eadem‘l‘ere
3190 4422 3465 4490 utriuSquc

1895 4483 2178 4558 Latinitas,
2225 4497 2408 4552 parum
2457 4497 2647 4558 nempe
2677 4484 2955 4558 castigata.
3005 4487 3225 4557 Utrique
3258 4483 3467 4558 placent

1893 4553 2184 4608 insolentes
2209 4567 2261 4608 et
2289 4554 2584 4623 peregrinae
2611 4568 2768 4608 voces
2791 4556 3031 4624 :utrique
3051 4553 3465 4614 exclamationes

1893 4626 2194 4698 et-ebrte,_et
2214 4626 2330 4698 alia-
2351 4624 2610 4698 orationis
2634 4627 2791 4698 paulo
2816 4628 3234 4682 vehementioris
3257 4630 3462 4698 ﬁgurae.

1895 4694 2078 4768 Ambo
2103 4695 2334 4764 denique
2375 4694 2672 4768 Pelagianis
2702 4696 2824 4747 vita:
2856 4699 3240 4765 turpitudinem
3282 4694 3466 4768 aperte

1895 4764 2242 4832 exprobrant,
2269 4766 2528 4820 aculeatis
2555 4779 2683 4817 sane
2710 4780 2772 4818 ac
2798 4764 3232 4833 peneiracundis
3262 4764 3464 4824 verbis.

1896 4834 2202 4904 Legendum
2232 4852 2393 4900 super
2417 4835 2518 4888 hac
2543 4849 2600 4888 re
2625 4844 2782 4901 caput
2810 4834 2843 4887 4
2867 4848 2920 4891 et
2941 4837 2974 4890 5
2995 4838 3464 4903 Subuotationuin,

1897 4907 1984 4959 ubi
2008 4905 2582 4980 Mercatordomesdca
2611 4904 2808 4980 J_uliani
2835 4908 3091 4980 propudia
3122 4911 3328 4978 retegit.
3362 4909 3469 4980 ΙΙ]-

1898 4988 2184 5046 pognostes
2231 4975 2376 5046 (Lib.
2427 4974 2526 5043 tv)
2562 4989 2577 5027 :
2612 4973 2908 5043 [inpudenti
2952 4979 3121 5044 fronte
3164 4973 3469 5032 lascivientis

1897 5045 2124 5098 libidinis
2140 5045 2367 5118 Amorum,
2400 5046 2477 5118 sic
2492 5047 2694 5118 procaci
2710 5047 2894 5118 lingua
2921 5047 3146 5101 laudatis
3173 5051 3223 5102 in
3242 5049 3446 5118 publico

1898 5128 1952 5169 ut
1982 5116 2171 5168 cunctis
2202 5125 2371 5184 pateat
2393 5115 2513 5181 quid
2545 5131 2576 5187 (ι
2607 5115 2742 5167 vobis
2772 5126 2978 5184 geratur
3003 5119 3056 5170 in
3081 5115 3289 5187 secreto,
3323 5121 3364 5172 si
3393 5131 3472 5172 ta-

1900 5203 2033 5243 men.
2064 5201 2181 5261 qua;
2202 5187 2414 5238 laudare
2439 5184 2764 5261 publiceinon
2785 5189 3000 5261 pudeat,
3034 5191 3224 5261 eligant
3271 5184 3347 5243 uel
3386 5207 3469 5243 se-

1898 5269 2110 5309 cretum.
2142 5256 2207 5308 Et
2238 5265 2420 5324 postea
2452 5271 2462 5305 :
2495 5253 2700 5323 Pergite
2727 5256 2895 5308 adhuc
2923 5275 3010 5321 per
3051 5253 3256 5327 ca'mpos
3287 5262 3471 5323 loqua-

1898 5327 2066 5380 citatis
2088 5336 2289 5387 uestrw,
2331 5341 2432 5395 qua
2459 5335 2611 5377 tanta:
2640 5327 2970 5394 turpitudinis
3007 5331 3225 5383 calorem
3260 5330 3473 5384 laudare

1899 5413 2000 5450 non
2026 5395 2334 5460 erubescitis,
2371 5405 2418 5447 et
2445 5397 2683 5461 clamate,
2731 5399 3010 5450 secundum
3056 5401 3473 5455 consuetudinem

1894 5475 2115 5539 vestram
2141 5465 2360 5539 dicentes
2385 5483 2397 5516 :
2426 5465 2607 5518 Libido
2634 5465 2775 5539 calor
2803 5468 2963 5539 bonus
2990 5479 3061 5521 est
3093 5471 3350 5539 genitalis,
3383 5488 3475 5531 nec

1897 5549 1971 5591 est
1991 5538 2046 5589 in
2074 5551 2134 5588 ea
2153 5536 2288 5605 quod
2311 5539 2519 5607 pudeat,
2554 5537 2672 5605 quia
2701 5539 2745 5589 si
2766 5537 2958 5591 ntalum
2987 5536 3108 5594 esse
3130 5543 3348 5607 dicatur,
3379 5561 3475 5596 nu—

1898 5608 2018 5686 ptia:
2031 5611 2148 5686 jam
2168 5605 2587 5686 dant-‘nabnunturn;
2611 5609 2720 5659 sine
2743 5610 2998 5686 ill_u.enim
3027 5629 3127 5665 non
3151 5605 3475 5686 poterit—prof

1899 5675 1972 5730 les
1998 5675 2235 5731 ecistere.
2271 5675 2350 5730 Ea:
2368 5675 2465 5728 hoc
2485 5677 2748 5730 advertant
2775 5677 2975 5734 dilectis
3001 5675 3177 5736 vestra:
3201 5675 3472 5735 castis'simi

1897 5756 2293 5821 expugnatores,
2327 5747 2719 5818 quantumlibet,
2748 5751 2882 5819 quod
2917 5760 3113 5806 tantum
3141 5751 3352 5809 laudare
3376 5754 3474 5808 dc-
