3962 6180
510 325 616 381 εδδ

947 325 1036 378 AD
1077 320 1354 378 PARTEM
1392 320 1653 377 PRIMAM
1691 321 1970 379 UPERUM
2009 324 2083 378 ll.
2121 322 2558 379 HERCATOBIS
2595 323 2950 378 APPENDIX
2989 323 3322 379 SECUNDA.

3649 328 3752 386 584

507 459 719 496 somnus
743 443 804 494 ab
828 439 985 494 oculis
1012 454 1205 503 eorum,
1235 455 1336 490 non
1351 439 1486 490 enim
1507 437 1796 502 dormiant,
1821 440 1921 491 nisi
1951 437 2084 492 male
2111 443 2163 500 Α
2189 437 2374 492 Sixtus
2404 441 2576 506 patuit
2599 440 2735 492 hanc
2767 438 2875 506 pati
2905 439 3228 492 calumniam
3259 456 3287 492 a
3322 438 3641 506 quibusdam
3666 442 3758 495 de»

509 513 721 582 fecerint
748 509 927 579 (Prov.
961 525 1028 571 tv,
1057 506 1176 582 16),;
1203 524 1294 560 nos
1319 510 1938 582 quodainmodoea'citant
1963 510 2084 561 dor—

507 578 718 635 mientes
742 578 762 642 ,⁷
790 589 842 630 ut
881 588 1085 642 arrepto
1113 579 1290 645 clypeo
1340 578 1595 642 veritatis,
1645 579 1861 645 falsitati
1906 595 2082 632 eorum

505 653 658 704 corde
677 651 958 710 resistente,
983 647 1272 713 vigilemus,
1300 645 1587 715 evangelica
1616 649 1735 700 tuba
1761 649 1950 701 nostris
1978 665 2079 701 auo

505 721 645 773 ribus
671 721 939 770 insonante
965 733 982 770 :
1018 716 1235 786 Vigilnte
1255 727 1300 768 et
1326 729 1488 780 orate,
1515 733 1577 768 ne
1615 717 1814 770 intretis
1835 719 1890 770 in
1914 728 2082 771 tenta-

503 792 690 841 tionem
711 787 906 857 (Marc.
940 802 1025 840 xtv
1046 827 1061 850 ,
1094 786 1208 855 38).
1235 786 1512 858 Conﬁdunt
1553 802 1673 858 ergo
1712 786 1956 850 heretici,
1993 804 2080 839 ca-

503 858 749 911 tholicam
776 858 931 924 ﬁdem
976 859 1327 926 impugnantes
1368 858 1418 908 in
1451 857 1632 909 virtute
1661 874 1786 921 sua,
1816 858 1869 909 id
1899 865 1991 914 est.
2027 861 2080 911 in

502 929 720 980 audacia
747 928 914 980 cordis
958 928 1059 991 sui,
1107 927 1273 995 gratia
1300 926 1517 978 desolati
1538 967 1550 981 .
1584 938 1630 979 et
1676 928 1728 978 in
1760 928 2078 980 abundantia

503 999 799 1051 divitiarum
825 1015 1062 1058 suarum,
1093 997 1144 1048 in
1183 998 1418 1062 aperibus
1447 996 1638 1048 scilicet
1670 995 1945 1049 voluntatis
1971 1014 2078 1051 sua:

502 1069 800 1136 gloriantes.
835 1067 940 1121 Sed
967 1067 1094 1119 Deus
1122 1065 1386 1136 dissipavit
1415 1083 1530 1118 ossa
1563 1066 1824 1118 hominum
1846 1069 1941 1118 sibi
1961 1068 2075 1136 pla-

503 1135 755 1199 centium;
783 1137 982 1201 confusi
1003 1145 1141 1196 sunt,
1165 1135 1284 1205 quia
1316 1135 1565 1187 Dominus
1583 1137 1767 1204 sprevit
1794 1152 1880 1188 eos
1903 1135 2071 1200 (l‘sal.

503 1224 599 1269 ιιι,
629 1209 705 1276 6).
731 1207 1063 1272 Conﬁdamus
1092 1215 1136 1258 et
1169 1222 1261 1258 nos
1283 1208 1570 1276 resistentes
1595 1207 1665 1256 eis
1694 1207 1745 1256 in
1775 1209 1942 1275 gratia
1971 1207 2074 1258 Do-

503 1275 672 1340 mini,
715 1293 829 1346 qua:
852 1288 923 1330 est
955 1277 1118 1346 gloria
1144 1289 1348 1346 nostra,
1382 1275 1634 1328 redimens
1675 1292 1766 1346 nos
1797 1292 1826 1327 a
1853 1278 2072 1328 circum-

501 1345 740 1400 dantibus
763 1365 875 1409 nos,
900 1357 946 1399 et
961 1345 1278 1398 intellectum
1295 1345 1422 1396 dans
1445 1347 1607 1407 nobis,
1633 1356 1679 1398 et
1700 1345 1955 1398 instruens
1982 1365 2072 1399 nos

500 1420 555 1470 in
599 1420 677 1470 via
707 1417 803 1470 hac
852 1433 1003 1484 quam
1027 1416 1374 1486 ingredimur,
1421 1415 1775 1480 conﬁrmando
1804 1431 1959 1486 super,
1982 1433 2072 1470 nos

503 1491 678 1540 oculos
709 1503 829 1539 suos
855 1481 872 1547 ζ
896 1486 1015 1552 quia
1047 1481 1100 1537 iri
1142 1481 1250 1536 Deo
1291 1485 1515 1536 salutare
1544 1497 1771 1536 nostrum
1793 1525 1807 1546 ,
1838 1481 1885 1537 ei
1908 1485 2072 1553 gloria

500 1569 698 1621 nostra,
734 1555 870 1609 Deus
896 1556 1079 1609 auxilii
1112 1554 1293 1618 nostri,
1323 1565 1367 1606 et
1388 1571 1499 1623 spes
1531 1565 1703 1606 nostra
1732 1556 1783 1606 in
1813 1553 1920 1609 Dea
1940 1567 2031 1609 est.

575 1628 777 1680 Deinde
809 1626 929 1679 vide
960 1643 1024 1679 an
1054 1640 1157 1678 non
1206 1635 1434 1689 tempus,
1479 1624 1646 1681 locus.
1672 1640 2067 1691 argumentum,

501 1697 715 1766 aliaque
736 1697 984 1764 adjuncta
1011 1697 1222 1749 trahant
1243 1695 1528 1765 cogitantis
1551 1695 1785 1747 animum
1809 1693 1862 1748 itt
1887 1706 2068 1764 partes

500 1767 660 1822 Sixti.

573 1837 806 1904 Scripsit
851 1836 1224 1905 llypognostes
1253 1850 1317 1890 eo
1344 1833 1454 1887 fere
1483 1843 1854 1905 temporaque
1877 1834 2069 1891 litterae

502 1903 784 1973 Augustini
813 1907 875 1958 ad
903 1903 1116 1960 Sixium
1148 1905 1362 1973 perlatae
1390 1913 1537 1973 sunt,
1561 1903 1826 1972 siquidem
1856 1905 1904 1956 id
1935 1909 2074 1971 Ope-

502 1971 958 2045 ris'composittnn
991 1987 1073 2029 est
1093 1971 1250 2045 anno
1271 1974 1489 2028 circiter
1513 1971 1639 2045 ως
1669 1983 1724 2026 et
1746 1978 2074 2041 posteriores

504 2046 696 2100 littera:
728 2044 793 2099 ab
815 2046 1113 2110 Augustino
1143 2045 1205 2098 ad
1237 2044 1449 2098 Sixtum
1478 2044 1658 2098 missa:
1680 2052 1824 2106 sunt,
1860 2048 1944 2100 vel
1973 2048 2073 2102 sub

504 2117 814 2256 gnem‘apn.
845 2115 970 2178 418,
1001 2115 1085 2170 vel
1109 2115 1259 2170 initio
1282 2115 1668 2184 consequentis
1691 2111 1844 2185 (Cap.
1872 2115 2072 2188 Sliujas

539 2202 661 2240 isser
691 2230 703 2241 .
738 2225 752 2238 .

501 2187 752 2241 dissert.l.

571 2249 796 2323 Scripsit
825 2256 1028 2318 Romze,
1063 2254 1496 2324 quandoquidem
1526 2270 1588 2308 ea
1621 2255 1788 2308 utitur
1826 2249 2067 2318 Scriptu-

504 2341 581 2380 ra:
612 2326 862 2380 versione
888 2343 1006 2395 qua:
1031 2325 1215 2378 Itonia:
1244 2334 1447 2379 tantum
1482 2326 1531 2378 itt
1558 2340 1652 2376 usu
1697 2339 1821 2378 tunc
1850 2325 1985 2386 luit;
2016 2333 2072 2378 et

503 2396 570 2450 iis
595 2396 810 2466 quidem
855 2397 923 2450 de
964 2395 1348 2462 quaestionibus
1391 2411 1509 2462 quae
1541 2395 1837 2466 Ecclesiam
1878 2397 2072 2466 Itoma-

502 2463 628 2521 naui
654 2474 1009 2531 exercerent,
1038 2475 1197 2535 atque
1228 2467 1281 2518 in
1310 2466 1560 2518 tractoria
1598 2463 1794 2525 Zosimi
1830 2465 2075 2519 contine-

503 2546 710 2592 rentur.

571 2607 797 2675 Scripsit
817 2605 1052 2674 denique
1073 2615 1260 2658 contra
1287 2603 1823 2675 Julianumnondum
1848 2604 2068 2672 depasi-

503 2686 638 2742 tum,
664 2673 757 2731 scd
785 2691 947 2729 unum
964 2673 1154 2727 tamen
1187 2675 1254 2743 de
1291 2675 1356 2727 iis
1397 2689 1534 2743 quos
1559 2673 1742 2728 Romae
1790 2685 2067 2730 versantes

504 2748 833 2814 Augustinus
852 2742 1566 2816 conquerittt_rg(Epist._i194)
1593 2746 1864 2798 damnatas
1887 2748 2069 2816 justis-

504 2812 629 2869 sinie
657 2817 936 2885 impietates
963 2812 1130 2885 adhuc
1157 2812 1365 2868 liberius
1385 2812 1676 2885 delendae.

574 2885 706 2939 Cum
727 2883 894 2950 igitur
926 2883 1055 2937 nihil
1083 2893 1228 2938 vetet
1268 2883 1550 2952 quominus
1595 2885 1645 2936 hi
1679 2883 1798 2937 libri
1832 2885 2068 2940 tribuano

505 2964 593 3009 tur
616 2955 789 3018 Sixto,
823 2970 926 3008 non
949 2956 1116 3016 locus,
1145 2968 1250 3008 non
1280 2964 1511 3020 tempus,
1540 2969 1644 3006 non
1670 2967 2066 3022 argumentum,

508 3040 611 3079 non
641 3024 743 3078 alia
783 3024 1067 3092 adjuncta;
1099 3040 1326 3093 cumque
1372 3023 1686 3077 tribuendos
1734 3026 1896 3078 multa
1946 3042 2068 3080 sua-

505 3097 687 3159 deant,
720 3095 1014 3149 admonitio
1046 3094 1342 3160 Augustini,
1384 3095 1618 3148 ollicium
1665 3095 1824 3159 Sixti,
1853 3096 2064 3149 Coniur-

2187 508 2320 562 lusis
2348 517 2465 562 arte
2491 507 2924 576 Pelagianorum,
2948 511 3036 575 qui
3065 525 3184 563 cum
3208 521 3333 563 ante
3361 510 3757 565 damnationem

2183 593 2245 632 se
2272 579 2341 631 de
2369 579 2486 649 ejus
2509 580 2739 632 amicitia
2771 579 3046 637 efferrent.
3100 581 3302 633 mentiti
3333 576 3446 631 sint
3469 589 3650 646 postea
3681 581 3760 649 ip-

2182 662 2301 702 sum
2326 648 2427 700 sibi
2458 662 2561 701 non
2594 664 2828 716 pugnare
2853 666 2918 703 ex
2939 649 3137 711 animo,
3170 650 3263 701 sed
3299 650 3473 717 lingua
3509 648 3714 703 tantum
3743 691 3758 713 ,

2182 727 2242 786 ut
2291 718 2522 772 serviret
2565 719 2818 786 tempori,
2870 729 3032 785 atqtte
3071 728 3335 772 averteret
3377 734 3406 772 a
3455 721 3628 785 capite
3661 737 3758 774 suo

2189 785 2475 841 imminens
2497 789 2566 840 ab
2595 785 2696 858 ira,
2721 804 2842 842 cum
2873 789 3234 857 imperatoris.
3267 799 3379 842 tum
3401 790 3592 843 suuuni
3628 804 3761 858 pou-

2180 858 2357 920 tilicis,
2401 857 2720 924 periculum.

2259 926 2349 981 Sic
2372 927 2514 980 enim
2554 925 2856 982 habendum
2889 937 2992 991 est,
3018 927 3253 992 Sixtum,
3287 928 3375 991 qui
3407 937 3526 996 post
3551 929 3758 984 obitum

2178 993 2406 1060 Zosimi,
2433 1011 2541 1065 quo
2573 998 2824 1065 pontiﬁce
2854 1000 2987 1052 nihil
3019 1013 3124 1052 non
3158 993 3452 1069 poteratpa
3485 998 3759 1069 Bonitaem

2176 1079 2488 1122 successore
2521 1069 2770 1122 redactus
2793 1078 2936 1121 esset
2980 1070 3123 1121 velut
3155 1067 3206 1120 in
3239 1068 3482 1121 ordinem
3507 1067 3759 1132 {cavere

2176 1135 2446 1208 debuisse,
2471 1153 2538 1191 ne
2575 1137 2719 1204 apud
2763 1153 3029 1208 summum
3063 1140 3375 1208 pontttitem
3399 1138 3543 1192 Afris
3572 1155 3758 1208 appri-

2177 1221 2262 1259 me
2291 1205 2585 1272 addicmm,
2617 1209 2870 1276 Opinione
2902 1205 3100 1262 favoris
3130 1222 3256 1276 erga
3293 1205 3631 1276 Pelagianos,
3645 1205 3754 1275 'ju.

2177 1285 2326 1329 varet
2350 1276 2604 1330 invidiam
2635 1285 2900 1344 potestate
2929 1278 3155 1342 pristina
3185 1278 3483 1342 collectam,
3520 1277 3755 1344 ideoque

2177 1347 2228 1398 in
2255 1346 2397 1411 ipsos
2427 1347 2733 1401 iraCundius
2762 1347 3067 1414 scripsisse.
3102 1364 3200 1400 nec
3230 1347 3280 1400 id
3324 1348 3545 1402 latuisse
3591 1348 3753 1402 Pela-

2173 1417 2444 1481 gianarum
2474 1417 2702 1484 partium
2740 1419 2906 1472 duces
2931 1461 2944 1483 ,
2986 1418 3253 1470 lulianum
3294 1429 3346 1471 et
3396 1415 3710 1472 leestium
3735 1460 3752 1483 ,

2176 1487 2310 1557 Sixti
2354 1485 2548 1539 factum
2595 1490 2815 1553 perinde
2854 1488 3267 1557 interpretatos;
3312 1488 3464 1554 quasi
3497 1503 3608 1540 retu
3641 1505 3752 1543 non

2173 1555 2316 1626 serio
2337 1566 2547 1626 ageret:
2575 1568 2737 1626 atque
2760 1560 2829 1611 ita
2856 1555 3196 1611 reconciliari
3221 1566 3406 1624 posset
3430 1557 3751 1624 aliquando,

2171 1625 2216 1678 si
2246 1639 2419 1694 neque
2460 1625 2672 1696 interim
2702 1629 3069 1696 appellaretur
3118 1627 3334 1681 nomine
3382 1627 3524 1680 inter
3571 1644 3753 1695 oppu-

2171 1700 2413 1766 gnandos
2435 1695 2748 1766 catholicos,
2781 1713 2955 1766 neque
2987 1697 3091 1750 alia
3141 1697 3348 1750 ratione
3401 1696 3706 1752 irritaretur
3731 1739 3749 1764 ,

2172 1763 2266 1837 sed
2300 1765 2584 1837 patientius
2608 1763 3020 1837 ferrenturqute
3043 1768 3228 1821 durius
3250 1768 3370 1837 ipse
3400 1767 3622 1830 diceret,
3650 1763 3748 1820 sii-

2177 1835 2319 1907 lique
2346 1834 2457 1889 Afri
2493 1834 3042 1907 lacesseretitttr,'tiott
3069 1836 3354 1890 admodum
3377 1836 3592 1907 aliunde
3618 1854 3754 1907 erga

2177 1903 2467 1966 Romanos,
2501 1905 2780 1974 ipsumque
2823 1903 3095 1972 inprimis
3133 1908 3362 1967 Sixtum,
3404 1906 3540 1960 bene
3569 1903 3750 1962 κη’εόιί

2175 1985 2391 2052 propter
2436 1992 2653 2029 causam
2706 1978 2908 2048 Apiarii
2955 1976 3258 2045 Zosimique
3289 1977 3496 2030 litteras
3525 1991 3551 2028 a
3587 1977 3750 2033 Sixto

2173 2055 2419 2107 scriptas.

2246 2113 2394 2167 Hauc
2422 2113 2783 2181 conjecturam
2821 2131 2926 2170 non
2962 2118 3190 2169 obscure
3218 2114 3539 2168 confirmant
3571 2119 3748 2172 verba

2172 2183 2455 2252 Augustini
2483 2185 2764 2256 lulianum
2803 2185 3129 2256 alloquentis
3160 2184 3295 2251 (Lib.
3331 2201 3384 2238 vt
3410 2196 3584 2238 contra
3622 2187 3748 2240 Jul.

2172 2271 2290 2326 cap.
2313 2257 2365 2322 4)
2393 2273 2406 2308 :
2440 2255 2651 2318 Nescio,
2703 2258 2888 2321 inquit.
2934 2255 3066 2326 quos
3112 2258 3263 2308 etiam
3286 2259 3432 2325 quasi
3463 2261 3752 2311 desertores

2173 2325 2424 2395 dogmatis
2451 2328 2601 2380 vestri
2630 2330 2697 2377 ad
2724 2329 2878 2391 ﬁdem
2926 2325 3228 2379 catholicam
3258 2343 3523 2395 conversos
3564 2333 3753 2395 arguis

2172 2393 2255 2446 vel
2276 2411 2534 2460 reversos;
2561 2413 2687 2465 quas
2717 2407 2884 2450 tamen
2914 2397 3210 2466 signiﬁcasti
3233 2401 3304 2447 ita
3331 2406 3379 2448 te
3409 2393 3648 2455 metuere}
3682 2409 3750 2450 ut

2171 2481 2344 2517 eorum
2390 2470 2596 2519 nomina
2636 2469 2917 2534 exprimere
2963 2483 3063 2519 non
3118 2467 3354 2526 auderes,
3391 2481 3452 2517 ne
3487 2470 3619 2535 forte
3644 2485 3756 2519 au-

2171 2535 2366 2589 dientes
2391 2538 2478 2587 abs
2501 2545 2548 2587 te
2569 2554 2662 2588 sua
2685 2537 2820 2604 falsa
2847 2538 3086 2600 crimina,
3115 2552 3235 2588 mox
3260 2536 3369 2599 tibi,
3396 2537 3440 2586 si
3469 2553 3567 2588 non
3599 2551 3752 2598 vera,

2171 2606 2652 2677 certecredibiliora
2681 2619 3000 2677 reponerent.
3033 2607 3180 2672 Quod
3209 2607 3412 2672 quidem
3435 2605 3758 2675 quicumque

2169 2686 2286 2749 sunt
2308 2675 2392 2728 isti
2411 2677 2499 2749 qui
2523 2675 2745 2746 graviter
2766 2679 2996 2749 sapiunt,
3011 2694 3122 2749 (non
3144 2677 3385 2749 facerent,
3411 2687 3456 2726 et
3475 2690 3757 2749 parcerent

2172 2747 2263 2799 tibi
2290 2745 2566 2799 secundum
2593 2745 2930 2813 Apostolum:
2973 2747 3021 2800 Ν
3028 2764 3092 2799 οη
3117 2745 3383 2798 νιίίιιεηιεε
3408 2747 3756 2800 maledictum

2170 2832 2264 2886 pro
2300 2817 2589 2869 maledicto.
2614 2817 2804 2872 lstlttec
2830 2819 2974 2871 enim
3003 2818 3161 2872 verba
3203 2815 3416 2869 Stx'tutu
3451 2826 3707 2877 spectant
3737 2859 3756 2881 ,

2169 2886 2257 2954 qui
2311 2896 2438 2939 tunc
2473 2901 2646 2939 rerum
2696 2889 3000 2954 potiebatur
3042 2903 3162 2941 cum
3224 2889 3322 2938 ista
3368 2887 3759 2942 scriberentur

2172 2955 2327 3024 paulo
2368 2969 2480 3023 post
2514 2955 2709 3010 Zosimi
2740 2959 2969 3011 obitum.

2239 3028 2412 3094 Atque
2462 3025 2585 3080 lnnc
2635 3028 2797 3081 etiam
2844 3026 3071 3081 fortasse
3101 3026 3361 3092 Prosper,
3396 3031 3518 3091 post
3569 3024 3761 3080 relata

2173 3099 2451 3165 magniliee
2474 3114 2590 3164 qua:
2611 3111 2641 3149 a
2664 3096 2803 3150 Sixti
2832 3098 3318 3165 prtedecessorilms
3343 3102 3572 3165 quatuor
3593 3109 3762 3162 gesta

507 3165 662 3234 initas
692 3164 1015 3233 prrelatiouis
1046 3165 1490 3234 llypognosticwu
1533 3180 1652 3218 cum
1680 3164 1785 3219 line
1825 3166 2066 3234 epistola:
2093 3162 2138 3222 C
2169 3162 2378 3219 fuerant
2401 3162 2582 3218 contra
2618 3162 2965 3231 Pelagianos:
3001 3165 3341 3233 Con/idiotas,
3380 3163 3764 3234 inquiltpro-

506 3233 628 3296 105,
661 3245 804 3299 etc.;
855 3238 1017 3288 immo
1066 3233 1185 3288 cum
1233 3236 1304 3287 ita
1347 3239 1548 3288 sentire
1577 3247 1729 3301 cogat
1778 3233 2064 3289 auctoritas

506 3305 812 3373 Augustini,
835 3305 922 3372 qui
954 3305 1112 3357 Sixto
1136 3303 1411 3357 ascribens
1441 3315 1555 3356 acta
1590 3303 1810 3369 Zosimi,
1837 3321 1940 3358 non
1970 3309 2067 3358 oh-

511 3388 669 3428 scnre
700 3376 897 3427 indicat
929 3374 1135 3426 litteras
1162 3373 1358 3426 Zosimi
1393 3374 1460 3425 ab
1488 3376 1675 3427 eodem
1705 3374 1854 3429 Sixto
1882 3391 2071 3429 exara-

511 3457 629 3509 tas;
662 3453 715 3496 et
755 3455 812 3498 ut
857 3459 966 3497 non
996 3443 1278 3498 indicaret.
1310 3457 1403 3496 eas
1454 3455 1629 3497 tamen
1679 3445 1919 3511 eju<dem
1947 3461 2070 3500 esse

507 3514 745 3567 auctoris
822 3512 977 3581 cujus
1047 3512 1166 3565 libri
1245 3513 1685 3582 Hypogttosticun
1737 3515 2070 3569 demonstret

511 3585 789 3652 utriusque
815 3584 1004 3652 Uperis
1029 3583 1166 3635 idem
1207 3585 1407 3652 stylus,
1454 3599 1592 3636 unus
1635 3586 1786 3652 quasi
1817 3587 2067 3652 spiritus,

508 3654 710 3707 eaedem
750 3655 1038 3708 sententia:
1064 3694 1077 3715 ,
1117 3664 1171 3706 et
1199 3653 1399 3706 eaedem
1435 3669 1566 3721 pene
1592 3669 1750 3708 Voces
1774 3698 1788 3721 ,
1840 3658 2068 3720 exempli

508 3724 899 3792 gtjatiaernte
945 3721 1166 3777 tribunal
1194 3722 1383 3792 Christi
1431 3740 1604 3776 omnes
1651 3725 1911 3781 stabimus.
1961 3737 2066 3780 etc.

508 3791 701 3863 (Epist.
729 3791 765 3846 2
799 3791 865 3845 ad
894 3792 1184 3863 Africam);
1235 3791 1432 3845 Mecum
1479 3794 1630 3846 stabit
1675 3804 1792 3848 ante
1845 3796 2072 3850 tribunal

510 3862 719 3935 Citristi,
748 3862 999 3935 rationem
1024 3862 1339 3935 redditurus,
1365 3864 1595 3935 quisquis
1622 3866 1706 3918 ille
1749 3867 1922 3935 fuerit,
1961 3878 2068 3920 etc.

507 3930 597 4002 (In
626 3939 773 3996 prae].
824 3931 1088 4003 ngog.);
1121 3930 1565 3988 verisimillimutn
1597 3945 1698 3996 est,
1726 3930 1769 3989 si
1803 3952 1906 3990 non
1955 3951 2073 3991 cer-

513 4017 647 4064 tum,
676 4021 704 4056 a
733 4003 887 4073 Sixto
914 4003 1339 4073 Hypognosticos
1367 4003 1533 4057 libros
1563 4021 1683 4073 esse
1721 4007 2069 4073 contpOsitiis.

579 4073 692 4128 Non
722 4089 807 4129 me
832 4071 987 4143 fugit,
1035 4075 1291 4127 adversus
1319 4088 1381 4125 ea
1413 4089 1532 4142 qua:
1558 4072 1663 4127 huc
1709 4071 1876 4140 usque
1915 4077 2071 4131 allata

509 4154 637 4196 sunt
663 4143 837 4214 olijici
855 4157 1014 4214 posse
1042 4143 1168 4214 duo.
1198 4143 1462 4214 Alterum,
1494 4144 1644 4214 quod
1662 4144 1779 4198 libri
1803 4155 1913 4198 tres
1938 4162 2074 4214 quos

505 4216 758 4280 diximus,
809 4212 876 4268 de
911 4212 1163 4284 Divitiis,
1210 4212 1473 4284 Operibus
1501 4212 1672 4277 Fidei,
1711 4225 1765 4268 et
1793 4212 2070 4284 Cttstitate,

509 4300 627 4366 non.
645 4285 835 4338 eodem
863 4285 1004 4366 stylo
1029 4283 1216 4366 scripti
1264 4282 1550 4366 videantur
1583 4296 1754 4366 ratque
1789 4282 2074 4366 ilypoguoé

509 4353 653 4418 stici,
677 4363 836 4421 atque
862 4353 931 4406 ita
957 4362 1011 4406 et
1033 4353 1187 4408 Sixto
1232 4352 1549 4423 alterutrum
1579 4352 1726 4423 Opus
1765 4352 2064 4422 abiudicati.

508 4423 750 4494 dqm_sit,
777 4433 835 4494 et
856 4424 1297 4494 nostrterationis
1319 4422 1719 4478 fundamentum
1740 4429 2074 4494 aliquatenus

509 4491 975 4564 labefactandum._
1005 4491 1245 4564 Alterum
1267 4536 1282 4558 ,
1313 4496 1454 4561 quod
1488 4497 1670 4549 Sixtus
1715 4499 1798 4550 vix
1828 4491 2072 4564 umquam

512 4577 740 4632 purgare
769 4561 1002 4634 potuerit
1018 4561 1377 4634 suspicionem
1405 4568 1657 4633 propensi
1686 4581 1806 4634 erga
1834 4561 2074 4634 Pelagia-

514 4631 611 4686 nos
641 4633 826 4704 animi,
858 4631 1119 4701 siquidem
1151 4631 1325 4704 factus
1370 4631 1530 4687 etiam
1561 4631 1799 4688 summus
1836 4631 2072 4704 pontifex

511 4711 632 4769 post
657 4701 936 4757 duodecim
973 4717 1155 4771 annos
1181 4702 1354 4755 dictus
1395 4706 1465 4756 sit
1491 4720 1519 4756 a
1546 4706 1814 4759 nonnullis
1837 4701 1851 4771 ζ
1879 4715 1935 4758 et
1959 4723 2077 4760 cre-

507 4774 652 4828 ditus
675 4790 705 4828 a
725 4774 926 4838 multis,
951 4770 1199 4826 Nestorio
1227 4773 1407 4827 favere
1429 4770 1844 4841 Pelagianorum
1867 4777 2072 4836 amico;

507 4845 816 4899 sustulisset
844 4859 971 4897 vero
1013 4843 1221 4910 penitus
1253 4851 1414 4896 tatam
1446 4843 1582 4897 hanc
1619 4846 2004 4913 suspieioiiem,
2029 4847 2075 4900 si

506 4917 652 4982 Upns
683 4923 791 4967 tam
824 4912 1172 4966 vehementer
1199 4914 1527 4967 contrarium
1557 4915 1835 4970 edidisset.

540 4982 776 5048 ,Verum
827 4984 967 5052 quod
1020 4983 1086 5035 ad
1139 4987 1366 5052 primum
1414 4993 1640 5051 spectat.
1692 5003 1800 5038 non
1831 4985 2074 5040 dil'iiteor

507 5053 635 5123 quin
665 5054 805 5107 inter
831 5051 1116 5123 utrumque
1143 5051 1287 5119 Opus
1321 5057 1596 5120 praelatum
1629 5057 1803 5123 aliqua
1838 5058 1926 5116 sit,
1961 5065 2071 5110 tum

511 5122 658 5193 styli,
693 5132 804 5176 tum
835 5125 1053 5192 spiritus
1081 5122 1487 5176 dissimilitudo:
1531 5135 1587 5177 at
1620 5122 1779 5178 nemo
1807 5142 1911 5178 non
1945 5128 2071 5180 mihi

507 5191 744 5246 vicissim
787 5191 1047 5247 concedet
1093 5194 1236 5245 aliud
1267 5209 1391 5248 esse
1437 5195 1756 5262 polemicum
1805 5197 2074 5252 scribendi

506 5278 694 5332 genus,
721 5263 863 5332 quod
895 5264 945 5315 in
974 5263 1383 5331 llypognosticis
1411 5265 1724 5330 adhibetur;
1749 5267 1890 5319 aliud
1920 5267 2073 5320 dida-

509 5333 730 5397 cticutn,
763 5332 975 5401 quodin
999 5333 1118 5386 aliis
1143 5333 1317 5386 libris:
1350 5335 1478 5388 illud
1508 5338 1898 5398 vehementius,
1927 5337 2070 5390 istud

508 5403 681 5455 leuius
729 5418 850 5457 esse
906 5413 1149 5470 Oportet;
1203 5418 1299 5457 nec
1330 5406 1516 5459 iisdem
1567 5407 1743 5460 verbis
1791 5409 2070 5472 quisquam

505 5471 820 5527 adversario
848 5475 1096 5527 irascitur
1121 5474 1314 5539 quibus
1339 5479 1568 5528 amicum
1599 5477 1784 5531 docet:
1812 5471 2071 5532 detractis

506 5559 687 5611 porro,
721 5560 837 5610 qua:
863 5545 931 5597 ab
972 5543 1271 5612 argumenti
1309 5556 1496 5598 natura
1528 5547 1773 5600 oriuntur
1822 5548 2073 5601 dilicreu-

495 5623 540 5737 at.
560 5631 584 5665 ς
603 5653 621 5676 ,
647 5613 730 5695 vix
751 5614 855 5667 ulla
879 5613 1165 5683 supererit,
1191 5624 1301 5669 tum
1325 5614 1650 5685 Latinitatis,
1685 5627 1794 5671 tum
1811 5617 2074 5672 orationis

534 5698 809 5737 tsuarttas.

534 5698 809 5748 tspartlas.

577 5753 695 5809 Jain
727 5768 854 5810 vero
904 5753 1130 5811 alterum
1178 5756 1264 5812 vix
1315 5756 1471 5813 ullius
1509 5767 1591 5814 est
1632 5755 2071 5814 motnenti.i\'am

2170 3238 2382 3288 lectione
2408 3235 2498 3288 Dei
2525 3237 2870 3302 priestandum
2898 3250 2946 3288 nt
2969 3239 3103 3304 quod
3113 3231 3364 3303 operatus
3393 3245 3462 3287 est
3495 3235 3547 3285 in
3582 3231 3767 3304 limo-

2168 3309 2348 3369 centio,
2369 3305 2595 3370 Zosimo,
2621 3305 2908 3376 Bonifacw,
2926 3303 3461 3370 Caelestinomperetur
3488 3304 3542 3376 in
3566 3303 3765 3376 Sixto,

2169 3385 2214 3428 et
2243 3377 2294 3428 in
2325 3376 2554 3428 custodia
2585 3374 2828 3429 dominici
2858 3379 3023 3448 gregis
3047 3377 3152 3427 lta'c
3179 3377 3241 3448 sit
3268 3391 3385 3444 pars
3413 3374 3593 3448 gloria:
3623 3375 3767 3428 huic

2168 3455 2422 3501 reservata
2446 3449 2661 3513 pastori,
2684 3457 2738 3498 ut
2760 3451 2888 3500 sicut
2912 3445 2990 3500 illi
3013 3449 3159 3515 lupos
3188 3445 3398 3515 abugere
3415 3445 3734 3510 manifestus
3749 3488 3764 3498 .

2169 3517 2242 3567 ita
2266 3518 2345 3567 hic
2372 3515 2594 3584 depellat
2639 3520 2884 3581 occultos,
2933 3517 3021 3570 illo
3068 3513 3298 3567 auribus
3321 3513 3423 3565 suis
3455 3516 3767 3584 doctissimi

2170 3587 2303 3639 senis
2327 3583 2591 3640 insonante
2617 3603 2842 3640 sermone
2865 3605 2964 3655 quo
3000 3586 3396 3655 collaborantem
3429 3598 3603 3635 secum
3621 3583 3771 3636 lior-

2171 3666 2307 3708 tatus
2335 3667 2429 3716 est,
2461 3669 2566 3711 etc.
2617 3656 2746 3720 Quae
2772 3652 3002 3723 prudens
3035 3654 3280 3724 loquendi
3313 3652 3514 3724 forma,
3540 3661 3772 3707 oratiu-

2174 3727 2361 3795 nisqne
2387 3726 2591 3780 callida:
2618 3726 2804 3780 tnodds
2829 3730 3028 3795 prodit,
3059 3723 3158 3779 nisi
3189 3725 3359 3783 fallor,
3385 3723 3774 3776 subdubitaii-

2173 3807 2279 3851 tem
2308 3797 2555 3866 l’rnspei-i
2598 3800 2834 3850 animum
2867 3800 2934 3852 de
2971 3795 3087 3851 zelo
3119 3808 3503 3864 prwcessorum
3548 3798 3777 3862 aequali

2174 3866 2226 3921 itt
2253 3882 2412 3920 causa
2441 3883 2599 3935 quam
2642 3867 2852 3934 agebat.

2245 3931 2484 3991 Mirabile
2507 3951 2636 3991 vero
2662 3931 2925 4005 quiSpiam
2957 3943 3107 4006 putet
3131 3933 3330 3989 nullum
3357 3933 3518 4006 fuisse
3544 3931 3779 3989 factam

2173 4008 2433 4074 ejusmodi
2490 4004 2748 4060 librorum
2799 4004 3122 4062 mentionem
3169 4021 3197 4058 a
3249 4004 3519 4057 vetet-ibus
3569 4021 3582 4054 ;
3632 4024 3792 4060 sne

2173 4076 2311 4132 Sixti
2339 4076 2548 4140 amicis,
2575 4079 2746 4144 qualis
2771 4079 3131 4146 Augustinus;
3182 4077 3296 4129 sive
3325 4074 3570 4141 ejusdem
3604 4076 3798 4139 Ope-

2176 4162 2298 4201 rum
2327 4147 2667 4208 censoribus,
2699 4157 2757 4201 ut
2791 4147 3132 4210 Gennadius;
3182 4148 3295 4198 sive
3337 4151 3497 4198 tetate
3528 4146 3793 4212 paribus

2175 4216 2502 4292 aut_vicinis.
2528 4216 2667 4292 sicut
2697 4216 3010 4292 Prospectat
3043 4215 3383 4292 Fulgentius.
3459 4282 3471 4292 .

2245 4286 2444 4340 Verum
2489 4289 2693 4341 amicus
2743 4285 2847 4340 luit
2889 4285 3584 4356 HieronymiAugustinus
3608 4298 3626 4356 _:
3672 4285 3803 4340 ubi

2176 4364 2355 4411 tamen
2387 4358 2712 4432 metuionem
2744 4357 2892 4421 fecit,
2921 4366 3014 4432 aut
3039 4350 3286 4432 epistola;
3312 4350 3378 4406 ad
3407 4350 3802 4432 .Qtesiphon-

2178 4437 2308 4497 teut,
2352 4437 2444 4480 aut
2494 4427 2831 4496 Dialogorum
2859 4469 2874 4490 ,
2907 4428 3100 4497 quibus
3124 4424 3272 4497 nihil
3319 4423 3504 4497 melius
3557 4437 3813 4497 contra

2103 4496 2500 4588 Dgclagialnos
2538 4495 2937 4588 ‘e‘ditumaest‘l
2971 4496 3170 4588 DJeiude
3215 4496 3483 4574 recensuit
3529 4495 3809 4574 quidem

2181 4566 2494 4621 Gennadius
2538 4568 2713 4634 Opera
2744 4565 2901 4632 Sixti,
2933 4566 3029 4620 sed
3058 4567 3344 4623 incuriose.
3391 4567 3637 4634 et7_qu:tsi
3675 4580 3816 4634 per

2181 4647 2558 4697 transennam,
2586 4632 3052 4704 quemadmodum
3101 4645 3156 4688 et
3201 4635 3374 4700 Opera
3429 4632 3762 4704 (lmlestiiii
3793 4679 3814 4702 ,

2183 4709 2456 4774 attingens
2486 4700 2686 4758 scilicet
2734 4722 2793 4759 ea
2825 4717 3029 4760 tantum
3057 4721 3176 4774 quae
3211 4715 3394 4757 contra
3442 4700 3819 4774 Nestoriuui

2184 4772 2442 4831 lacerent.
2469 4776 2700 4834 Prosper
2717 4775 2949 4843 denique
2971 4772 3114 4830 totus
3131 4783 3215 4827 est
3237 4774 3289 4825 iu
3315 4787 3412 4826 suo
3426 4772 3634 4840 August
3651 4775 3671 4828 i
3687 4795 3789 4830 tm
3802 4822 3824 4840 ,

2184 4855 2325 4899 totus
2354 4861 2565 4914 quoque
2597 4844 2929 4912 Fulgentius,
2975 4856 3030 4898 ut
3055 4845 3379 4914 reliquorum
3408 4853 3648 4914 uterque
3708 4851 3830 4900 vi-

2183 4913 2381 4969 deatur
2401 4915 2629 4976 oblitus;
2657 4930 2758 4970 nec
2788 4915 3076 4980 immerito,
3098 4930 3218 4968 cum
3241 4913 3533 4981 discipulos
3563 4916 3833 4974 deceat

2185 5002 2307 5039 esse
2335 4984 2574 5054 magistri
2609 4987 2864 5040 cultores.

2252 5056 2390 5122 Quid
2417 5051 2556 5119 quod
2585 5055 2652 5108 de
2680 5056 2829 5110 Sixto
2873 5062 2926 5109 et
2957 5052 3271 5108 Gennadius
3296 5051 3438 5122 loqui
3468 5052 3658 5106 noluit
3684 5098 3705 5121 ,
3757 5077 3841 5115 et

2182 5125 2512 5191 Augustinus
2527 5125 2687 5181 silere
2708 5126 2922 5188 debuit;
2949 5123 3259 5177 Gennadius
3286 5124 3426 5176 enim
3453 5122 3671 5176 solitus
3715 5143 3854 5187 αδι

2181 5206 2433 5249 auctores
2461 5195 2550 5262 qui
2579 5206 2763 5248 contra
2794 5194 3063 5263 Pelagium
3093 5203 3184 5246 aut
3208 5205 3354 5246 certe
3382 5202 3572 5250 contra
3603 5193 3862 5260 Vela-

2181 5265 2252 5332 gii
2278 5265 2529 5343 reliquias
2557 5264 3016 5343 pugnassent,_vel
3049 5264 3465 5343 pra-terminare
3510 5268 3860 5343 silentio,

2181 5334 2525 5403 quantumvis
2555 5336 2762 5389 nobiles
2792 5345 2847 5388 ut
2887 5335 3303 5404 llieronvmum;
3332 5340 3412 5393 vel
3441 5339 3616 5391 invito
3669 5334 3870 5404 aui;

2182 5421 2270 5458 mo
2293 5419 2619 5470 memorare,
2654 5415 2710 5458 ut
2733 5405 3090 5476 Prospei-tun;
3117 5407 3203 5463 vel
3231 5409 3475 5476 malignis
3505 5409 3870 5475 laudibus

2178 5477 2414 5549 allicere,
2447 5484 2510 5549 ut
2523 5475 2900 5549 Augustinum.
2923 5475 3044 5546 Ipse
3070 5494 3200 5533 vero
3239 5475 3645 5549 Augustinus;
3664 5484 3724 5536 ιι
3745 5498 3877 5549 ιε,-

2178 5547 2308 5599 alias
2331 5561 2457 5614 erga
2479 5545 2686 5628 Sixtum
2717 5563 2777 5603 se
2815 5545 3010 5628 gessit:
3046 5565 3178 5628 nam.
3218 5559 3276 5602 ut
3326 5545 3448 5602 tunc
3472 5545 3877 5628 laudarer;

2178 5631 2300 5668 cum
2329 5630 2506 5669 rerum
2541 5615 2806 5684 potiretur
2820 5615 3041 5683 Romae,
3081 5619 3207 5672 fecit
3235 5630 3536 5687 temporum
3565 5615 3884 5685 nec-eg:

2178 5689 2340 5748 sitas;
2372 5694 2431 5739 ut
2475 5690 2816 5758 postmodum
2865 5691 3161 5760 abstineret
3188 5706 3217 5742 a
3250 5689 3544 5760 laudando,
3582 5707 3889 5760 suasu

2179 5761 2463 5814 comersio
2494 5775 2670 5815 rerum
2695 5762 2761 5816 ab
2789 5760 2934 5815 obitu
2962 5758 3200 5826 Zosimi;
3235 5771 3291 5814 ut
3317 5759 3482 5814 libros
3523 5776 3679 5818 non
3749 5758 3890 5830 ve:
