3962 6180
408 297 504 353 591
868 289 957 345 AD
986 286 1250 342 PRIMAM
1280 281 1561 339 PARTEM
1592 278 1875 335 OPERUM
1908 280 1978 333 M.
2013 274 2451 330 MERCATORIS
2483 272 2823 327 APPENDIX
2854 250 3190 325 SECUNDA.

439 421 695 464 PELAGIUS
733 418 870 458 APUD
908 415 1084 455 IERCA
1098 425 1112 435 ·

677 489 875 530 TOREII.

1248 409 1516 453 ,ΡΕιΑςιυε
1563 410 1613 447 IN
1669 405 1947 448 CODICIBUS
2013 399 2055 450 Α
2132 405 2388 443 PELAGII’S
2428 406 2559 443 APUD
2600 403 2807 442 MERCA-

1362 501 1686 554 EMENDATIS,
1721 502 1843 540 ETC.

406 594 542 655 Nec,
593 588 784 659 quibus
828 589 1155 651 praeceptum
1230 581 1324 636 sed
1352 580 1514 636 etiam
1548 581 1600 633 in
1632 593 1724 633 eos
1754 577 1842 647 qui
1864 578 1985 630 sine

405 695 507 749 cst,
540 694 596 736 ut
650 678 883 733 animam
928 674 985 728 in
1032 687 1153 726 san-

1231 679 1503 742 praecepto
1532 672 1702 738 legem
1737 679 1982 723 contem-

405 776 566 846 guine
612 786 719 825 non
748 764 1155 825 manducareut,
1232 781 1387 836 pscre
1416 776 1641 821 natum),

404 876 459 921 et
484 865 550 919 de
580 863 698 915 (iliis
721 857 1013 918 Abraham,
1045 852 1156 920 qui-

406 961 505 1014 bus
533 952 872 1011 circumcisio
904 946 1152 1004 mandata

406 1060 506 1117 est,
556 1049 650 1105 sed
681 1049 735 1101 in
763 1059 855 1100 eos
891 1042 981 1111 qui
1014 1052 1154 1108 pra:-

407 1154 490 1198 ter
513 1139 819 1195 mandatum
842 1134 1012 1203 legem
1035 1143 1158 1184 con-

409 1239 739 1305 tempserant
765 1225 1084 1284 naturalem.

490 2155 590 2219 Qui
645 2159 718 2205 est
783 2148 950 2219 forma
1012 2139 1173 2211 futuri

417 2246 603 2317 (Ibid).
637 2241 936 2310 Quoniam,
969 2230 1169 2303 inquit,

416 2344 557 2399 sicut
574 2337 742 2393 Adam
763 2341 957 2404 praeter
973 2327 1173 2385 coitum

420 2450 449 2488 a
484 2435 592 2487 Deo
628 2430 892 2485 formatus
933 2429 1017 2478 est
1048 2441 1061 2474 :
1094 2419 1175 2475 sic

420 2533 474 2580 et
496 2522 739 2578 Christus
768 2533 797 2571 a
828 2514 1066 2585 Virgine,
1099 2512 1175 2564 fa-

422 2616 664 2671 bricaute
706 2608 914 2675 Spiritu
964 2609 1169 2666 sancto,

423 2704 704 2778 processit.
731 2689 879 2765 Sive,
902 2698 1040 2752 sicut
1061 2695 1175 2763 qui-

421 2799 545 2855 dam
570 2797 775 2861 dicunt,
801 2790 973 2844 forma
998 2802 1026 2840 a
1048 2799 1177 2839 con-

426 2888 616 2951 trario,
650 2884 753 2937 hoc
783 2889 885 2943 est,
917 2877 1056 2932 sicut
1086 2874 1178 2929 ille

427 2986 588 3047 caput
627 2973 869 3046 peccati,
900 2970 977 3025 sic
1013 2968 1178 3024 etiam

418 3072 530 3125 iste
559 3075 719 3137 caput
747 3061 969 3135 iustitia:
998 3069 1099 3117 εει.

507 4087 612 4143 Sed
636 4102 735 4140 non
763 4083 890 4138 sicut
920 4081 1184 4143 delictum,

432 4180 503 4233 ita
530 4189 576 4233 et
607 4178 798 4231 donum
819 4172 1005 4245 (Ibid).
1036 4170 1112 4225 Ne
1135 4171 1221 4224 inf

436 4270 604 4324 forma
624 4309 639 4335 ,
669 4266 873 4338 inquit,
908 4262 1189 4335 mqualitas

434 4368 743 4430 putaretur.

510 4449 571 4504 Si
592 4449 728 4500 enim
748 4447 801 4500 in
823 4446 975 4500 unius
998 4460 1182 4513 praera-

435 4540 681 4595 ricatione
695 4537 840 4592 multi
854 4537 1039 4592 ntortui
1051 4545 1189 4603 sunt,

438 4632 601 4687 multo
624 4631 785 4703 ntagis
802 4630 995 4683 donum
1015 4636 1061 4681 et
1078 4643 1196 4699 gra-

438 4727 511 4779 tia
533 4725 629 4780 Dei
650 4741 741 4798 per
762 4738 919 4777 unum
944 4720 1197 4774 hominem

442 4818 707 4871 Christum
734 4816 790 4869 in
813 4812 1003 4867 multos
1037 4809 1198 4865 abun-

441 4910 584 4964 davit
616 4907 781 4979 (Ibid.
817 4905 930 4975 15).
955 4903 1082 4959 Plus
1102 4916 1198 4957 va-

440 5002 560 5064 luit,
578 5001 749 5071 inquit
763 4997 1071 5069 Apostolus,
1090 5009 1201 5066 gra-

444 5093 517 5147 tia
558 5091 614 5146 in
656 5087 993 5153 viviﬁeaudo,
1036 5099 1196 5155 quam

440 5195 723 5258 peccatum
770 5184 825 5239 in
873 5178 1192 5245 occidendo,

441 5281 567 5351 quia
589 5279 760 5335 Adam
793 5291 898 5331 non
920 5289 978 5330 se
999 5274 1194 5338 solum,

442 5372 537 5427 sed
574 5380 631 5427 et
668 5384 797 5425 suos
837 5373 1085 5438 posteros
1115 5365 1198 5420 in-

443 5461 658 5521 terfecit
681 5478 695 5516 :
716 5457 964 5515 Christus
985 5470 1116 5512 vero
1145 5463 1202 5512 et

401 5619 409 5628 ο
442 5570 554 5621 eos,
571 5553 662 5625 qui
681 5560 809 5607 tunc
831 5548 1063 5606 erantin
1080 5561 1201 5603 cor-

442 5663 596 5719 pore,
639 5653 696 5702 et
742 5658 838 5700 eos
882 5642 975 5713 qui
1010 5649 1197 5711 postea

444 5739 614 5797 futuri
638 5746 813 5809 erant,
847 5733 1111 5793 liberavit.

1305 1318 1477 1372 Etiam
1527 1318 1581 1371 in
1629 1331 1715 1371 eos
1763 1313 1849 1382 qui
1893 1324 1995 1365 non

1237 1420 1568 1484 peccaverunt
1606 1408 1659 1462 in
1697 1405 1996 1461 similitudi-

1237 1522 1373 1571 nem,
1400 1514 1504 1560 etc.
1540 1502 1604 1557 lli
1627 1508 1753 1555 sunt
1775 1497 1863 1568 qui
1888 1511 1996 1551 non

1240 1599 1294 1651 in
1338 1594 1744 1652 similitudinem
1794 1604 1997 1661 prma-

1242 1687 1518 1743 ricatiouis
1554 1684 1688 1741 Ada:
1739 1696 1999 1754 peccave-

2361 476 2559 513 τοιιεκ.

2162 573 2231 626 1Ιὶ
2262 582 2462 635 autem,
2504 574 2710 641 inquit.
2755 575 2841 641 qui

2088 678 2265 718 contra
2320 667 2583 719 traducem
2650 667 2843 734 peccati

2090 757 2345 821 sentiunt,
2392 758 2579 810 acriter
2626 774 2712 811 eos
2760 760 2846 827 qui

2090 848 2367 917 defendunt
2388 850 2667 915 traducem,
2685 852 2848 920 impu—

2091 955 2249 1008 gnare
2278 950 2551 994 conantur.
2580 940 2635 995 Si
2664 956 2849 1010 pecca-

2094 1038 2229 1098 tum,
2254 1031 2512 1101 inquiunt,
2541 1032 2667 1086 Adte
2689 1032 2848 1087 etiam

2095 1136 2200 1176 non
2241 1122 2589 1191 peccantibus
2628 1127 2810 1179 nocuit
2836 1142 2847 1176 :

2096 1226 2225 1281 ergo
2241 1213 2726 1285 etChristijustitia
2747 1231 2853 1269 non

2096 1305 2449 1360 credentibus
2467 1307 2707 1375 prodest;
2723 1322 2857 1376 quo-

2098 1396 2240 1450 niam
2262 1396 2534 1464 similiter,
2554 1397 2717 1455 immo
2739 1398 2857 1467 plus

2098 1488 2229 1544 dicit
2244 1489 2555 1559 Apostolus,
2572 1505 2669 1560 per
2691 1506 2857 1545 unum

2101 1578 2343 1648 liberari,
2375 1595 2536 1651 quam
2570 1597 2664 1650 per
2690 1598 2857 1637 unum

2102 1681 2226 1727 ante
2258 1672 2513 1742 perierat.
2545 1670 2743 1728 Deinde
2777 1677 2855 1729 di-

1240 1789 1395 1849 runt,
1428 1778 1520 1850 qui
1558 1793 1657 1850 per
1697 1774 1994 1832 naturalem
2026 1766 2072 1826 Β
2099 1774 2221 1819 cunt
2248 1780 2267 1819 :
2292 1765 2348 1822 Si
2374 1766 2672 1836 baptismus
2702 1784 2855 1824 mun-

1244 1874 1417 1943 legem
1442 1868 1761 1939 transgressi
1784 1873 1928 1931 sunt,
1947 1874 2001 1920 et

1244 1979 1351 2021 non
1379 1966 1520 2020 sicut
1542 1962 1709 2017 Adam
1735 1974 1832 2030 per
1851 1971 2002 2012 mau-

1239 2059 1450 2116 datum.

1319 2149 1421 2215 Qui
1445 2156 1517 2203 est
1538 2188 1550 2210 ,
1584 2153 1690 2201 etc.
1726 2145 1852 2200 Sive
1881 2142 2003 2198 ideo

1249 2242 1417 2297 forma
1468 2239 1566 2293 fuit
1601 2235 1836 2303 Christi,
1879 2234 2003 2304 quia

1246 2335 1387 2390 sicut
1422 2331 1593 2387 Adam
1634 2328 1752 2385 sine
1789 2327 1936 2382 coitu
1973 2342 2001 2380 a

1246 2425 1358 2480 Deo
1388 2423 1561 2478 iactus
1592 2429 1694 2488 est,
1726 2419 1801 2473 ita
1827 2417 1918 2473 ille
1938 2433 2005 2472 ex

1250 2514 1470 2586 Virgine
1486 2553 1501 2579 ,
1561 2510 1767 2581 Spiritu
1817 2515 2004 2563 sancto

1249 2613 1528 2677 operante,
1562 2603 1850 2672 processit.
1874 2598 2006 2665 Qui-

1250 2699 1371 2753 dam
1403 2696 1588 2751 dicunt
1611 2693 1782 2748 forma
1819 2706 1851 2747 e
1876 2705 2007 2745 con-

1253 2788 1438 2853 trario,
1468 2786 1571 2841 hoc
1597 2793 1681 2840 est
1702 2824 1716 2850 ,
1747 2784 1888 2839 sicut
1917 2782 2006 2836 ille

1254 2878 1454 2949 peccati
1479 2884 1639 2947 caput
1658 2917 1672 2941 ,
1704 2874 1778 2929 ita
1799 2881 1853 2930 et
1880 2873 2007 2939 iste,

1248 2970 1497 3043 iustitiae.
1516 2968 1649 3024 Item
1673 2966 1846 3022 forma
1861 2963 2009 3020 Chri-

1256 3064 1504 3122 stiAdam
1533 3062 1704 3117 iactus
1724 3068 1840 3115 est:
1870 3060 2009 3114 sicut

2103 1859 2197 1914 dat
2222 1858 2496 1927 antiquum
2524 1859 2655 1914 illud
2680 1871 2858 1917 veter.

2104 1966 2406 2020 nosumque
2436 1961 2734 2021 peccatum,
2766 1954 2855 2023 qui

2106 2044 2173 2099 de
2193 2042 2403 2099 duobus
2433 2042 2720 2113 baptizatis
2751 2046 2861 2100 nati

2106 2138 2325 2204 iuerint,
2340 2137 2540 2192 debent
2558 2136 2661 2193 hoc
2679 2154 2861 2195 carere

2106 2239 2360 2300 peccato;
2392 2245 2495 2286 non
2531 2232 2680 2286 enim
2715 2239 2864 2301 pote-

2106 2334 2234 2379 runt
2277 2325 2343 2379 ad
2385 2334 2633 2393 posteros
2680 2334 2860 2382 trans.

2111 2413 2329 2469 mittere
2355 2415 2496 2484 quod
2524 2416 2623 2484 ipsi
2642 2417 2863 2473 minime

2108 2504 2412 2560 habuerint.
2432 2505 2499 2560 In
2515 2506 2611 2562 hoc
2631 2508 2862 2562 addunt:

2107 2596 2369 2663 Quoniam
2394 2600 2437 2652 si
2455 2598 2629 2653 anima
2654 2615 2757 2655 non
2780 2611 2864 2655 est

2107 2702 2173 2744 ex
2203 2688 2445 2759 traduce,
2470 2691 2607 2745 sicut
2634 2706 2734 2747 nec
2758 2704 2858 2763 εει,

2108 2783 2203 2838 sed
2241 2785 2355 2840 sola
2387 2799 2512 2840 caro
2558 2786 2717 2842 habet
2759 2798 2864 2843 tra-

2109 2875 2299 2931 ducem
2323 2880 2547 2946 peccati,
2566 2879 2679 2934 sola
2695 2890 2741 2935 et
2758 2896 2865 2951 po:-

2110 2980 2234 3019 nam
2283 2977 2557 3035 meretur;
2607 2970 2861 3040 iniustum

2110 3059 2274 3125 enim,
2290 3060 2525 3117 uthodie
2541 3064 2719 3117 anima
2741 3074 2865 3119 nata

1257 3157 1398 3214 enim
1429 3156 1598 3211 Adam
1626 3155 1831 3223 primus
1859 3165 2010 3206 man-
2033 3142 2081 3206 C
2113 3164 2220 3203 non
2254 3165 2325 3205 ex
2361 3166 2536 3207 massa
2562 3153 2721 3220 Adae,
2756 3162 2862 3209 tam

1258 3252 1439 3307 datum
1495 3248 1587 3303 Dei
1652 3243 2009 3315 pracvaricans

1254 3341 1561 3412 exemplum
1588 3347 1691 3403 est,
1719 3338 1890 3406 legem
1918 3334 2013 3390 Dei

1256 3431 1617 3502 praevaricare
1668 3424 2008 3490 volentibus,

1257 3525 1336 3579 sic
1354 3532 1408 3579 et
1423 3520 1667 3583 Christus
1684 3517 2010 3573 voluntatem

1209 3636 1221 3692 ι
1262 3612 1435 3668 Patris
1480 3610 1791 3681 complens,
1831 3622 2013 3662 exem~

1262 3705 1411 3774 plum
1438 3713 1525 3758 est
1553 3700 1751 3756 imitari
1775 3715 1898 3756 eum
1921 3713 2015 3753 cu-

1263 3795 1552 3867 pientibus.

1327 4079 1465 4132 Nam
1482 4093 1605 4142 non,
1620 4084 1723 4131 etc.
1743 4074 1817 4128 Ne
1836 4074 1887 4129 in
1912 4072 2018 4128 for-

1263 4185 1346 4225 ma
1378 4168 1654 4239 mqualitas
1686 4172 1982 4236 putaretur.

1338 4446 1399 4503 Si
1444 4447 1580 4502 enim
1631 4446 1782 4499 unius
1833 4443 2019 4498 delicto

2114 3241 2390 3311 antiquum
2428 3254 2702 3311 peccatum
2742 3262 2866 3317 por-

2116 3339 2192 3386 tet
2219 3332 2452 3389 alienum
2487 3336 2657 3405 :quin
2689 3346 2744 3393 et
2778 3355 2865 3394 ra-

2117 3424 2371 3483 tionabile
2392 3436 2495 3497 est,
2515 3439 2576 3485 ut
2597 3431 2763 3499 Deus,
2778 3436 2866 3504 qui

2117 3520 2330 3588 propria
2362 3532 2581 3591 peccata
2613 3524 2866 3593 dimittit,

2118 3625 2224 3695 non
2252 3612 2477 3683 imputet
2503 3615 2761 3673 alienum.

2188 3705 2254 3758 Et
2294 3706 2485 3761 iterum
2531 3710 2582 3763 in
2610 3710 2716 3763 alio
2751 3724 2869 3767 ser-

2119 3810 2281 3851 mone
2326 3812 2426 3852 suo
2468 3798 2714 3871 Pelagius
2754 3822 2771 3858 :
2815 3806 2871 3859 Si

2120 3900 2388 3957 peccator,
2442 3892 2645 3964 inquit,
2692 3898 2875 3967 genuit

2122 3991 2497 4051 peceatorem,
2546 3994 2607 4040 ut
2650 3990 2874 4056 parvulo

2120 4072 2235 4140 ejus
2250 4085 2525 4142 peccatum
2546 4078 2805 4149 originale
2820 4082 2872 4136 in

2119 4166 2370 4234 baptismi
2411 4172 2726 4241 acceptione
2767 4176 2875 4230 sol-

2126 4266 2296 4323 vatur,
2315 4260 2493 4327 justus
2523 4276 2652 4333 ergo
2668 4265 2874 4333 justum

2119 4350 2340 4418 gignere
2366 4350 2571 4408 debuit.
2603 4353 2657 4410 Si
2681 4370 2874 4425 paren-

2125 4446 2236 4507 tes,
2265 4442 2461 4513 inquit,
2496 4456 2620 4516 post
2652 4462 2876 4505 conver-

1267 4538 1413 4592 mutti
1442 4538 1631 4592 mortui
1660 4546 1816 4600 sunt,
1862 4536 2019 4589 multo
2046 4520 2096 4579 D
2123 4531 2332 4588 sionem
2387 4538 2601 4606 prepria
2657 4550 2873 4609 peccata

1269 4630 1431 4701 magis
1452 4630 1618 4702 gratia
1642 4628 1733 4682 Dei
1763 4638 1808 4682 et
1829 4628 2021 4681 donum

1269 4722 1323 4775 in
1343 4722 1511 4791 gratia
1532 4720 1683 4774 unius
1706 4720 1921 4773 hominis
1936 4715 2025 4772 Je-

1268 4830 1330 4867 su
1370 4812 1562 4867 Christi
1599 4814 1653 4866 in
1694 4813 1885 4882 plures,
1913 4822 2018 4866 etc.

1270 4902 1368 4959 Hic
1390 4904 1672 4960 manifeste
1693 4903 1874 4969 docet,
1898 4902 2020 4970 quia

1270 5011 1378 5051 non
1418 4996 1741 5066 generaliter
1780 4994 1847 5049 de
1870 4995 2021 5048 omni

1272 5088 1489 5143 homine
1558 5087 1688 5142 dicit
1711 5128 1727 5154 ,
1798 5086 1979 5141 dicens
2006 5104 2018 5137 :

1275 5177 1439 5234 Unius
1466 5178 1653 5232 delicto
1674 5178 1819 5231 multi
1838 5178 2023 5231 mortui

1271 5279 1420 5337 sunt;
1472 5273 1595 5340 quia
1652 5269 1917 5324 communi
1970 5277 2023 5321 ct

1272 5360 1503 5417 naturali
1523 5370 1715 5429 morte,
1732 5376 1835 5414 non
1852 5359 2023 5413 solum

1276 5459 1593 5523 peccantes,
1651 5451 1747 5506 sed
1796 5458 1849 5506 et
1897 5449 2025 5519 justi

1276 5545 1593 5603 moriuntur.

2124 4641 2230 4679 non
2259 4625 2481 4694 laedunt,
2516 4630 2683 4686 multo
2706 4635 2877 4704 magis

2123 4715 2249 4771 ﬁliis
2290 4734 2474 4775 eorum
2514 4737 2611 4791 per
2646 4738 2741 4779 eos
2779 4742 2878 4781 no-

2123 4821 2248 4863 cere
2271 4826 2372 4865 uon
2388 4822 2655 4881 peterttnt.
2674 4816 2727 4871 Si
2744 4817 2879 4886 prio-

2122 4912 2238 4953 rem
2293 4902 2562 4959 hominem
2620 4909 2843 4978 contigit
2860 4950 2875 4973 ,

2124 5005 2339 5047 causam
2362 4997 2553 5051 mortis
2573 4996 2736 5054 fuisse
2757 5016 2770 5054 :
2794 5016 2878 5056 er-

2128 5096 2196 5152 go
2227 5099 2322 5153 per
2350 5084 2549 5142 Christi
2591 5089 2875 5146 adventum

2132 5178 2268 5230 mori
2293 5176 2402 5245 jam
2432 5194 2537 5234 non
2575 5182 2876 5250 oportebat.

2130 5268 2185 5322 Si
2203 5284 2294 5337 per
2308 5279 2580 5338 peccatum
2594 5274 2719 5328 Atla:
2734 5292 2879 5331 mors

2129 5367 2246 5414 orta
2269 5371 2431 5427 esset,
2451 5379 2740 5435 numquam
2765 5380 2882 5434 pOSt

2129 5451 2503 5508 remissionem
2518 5466 2879 5523 peccatorum,

2130 5558 2287 5611 quam
2319 5544 2472 5600 nobis
2502 5545 2759 5604 liberator
2786 5550 2882 5605 do.

2131 5635 2311 5702 navit,
2355 5652 2707 5695 moreremur.
2756 5642 2881 5699 Plus

2130 5742 2256 5799 ergo
2268 5728 2427 5783 valuit
2440 5741 2714 5800 peccatum
2730 5734 2878 5803 Adtc,

2970 395 3228 439 PELAGIUS
3263 398 3313 436 IN
3347 399 3615 441 CODICIBUS

3049 489 3344 529 EMENDATIS
3360 517 3374 541 ,
3411 489 3534 535 me.

3562 270 3673 324 599
