3962 6180
446 361 555 419 595
906 359 999 416 AD
1028 355 1307 413 PARTEM
1338 355 1603 414 Ρηηωι
1632 356 1919 415 OPERUM
1946 356 2017 414 Μ.

2151 355 2496 414 RCATORIS
2527 354 2876 413 APPENDIX
2905 353 3243 412 SECUNDA.
3582 352 3690 407 596

443 487 632 542 aquam
656 478 705 525 et
735 485 925 542 ignem,
980 470 1048 521 ad
1092 469 1304 539 quodvis
1360 468 1563 539 porrige
1604 486 1811 522 manum
1859 476 2023 524 tuam.
2053 480 2103 543 Α
2130 485 2271 539 mus,
2302 470 2396 526 sed
2423 470 2679 534 diximus,
2713 468 2914 524 debere
2952 468 3173 523 studere
3209 466 3604 530 Christianum.
3653 471 3698 523 si

442 564 575 616 Ante
598 560 856 614 hominem
900 559 1089 612 bonum
1133 566 1179 609 et
1209 558 1424 623 malum,
1456 560 1559 613 vita
1602 568 1649 613 et
1692 576 1861 626 mars;
1892 560 2028 629 quod
2130 563 2271 617 male
2295 562 2516 632 Cogitet.
2559 562 2781 617 Scilicet
2806 560 3067 616 Gallicani
3097 560 3335 630 episcopi
3370 563 3712 629 object-rant,

443 655 636 723 placuit
664 652 744 716 ei,
789 651 997 705 dabitur
1024 650 1124 704 illi.
1156 648 1449 719 Interpret.
1499 650 1725 721 Pclag.:
1759 650 1873 706 Hoc
1914 651 2025 705 dixi

442 758 662 816 propter
709 746 937 801 liberum
987 744 1293 810 arbitrium,
1350 744 1437 798 cui
1498 744 1638 798 Deus
1683 744 1897 813 adjutor
1942 754 2027 800 est

442 840 660 909 cligenti
688 840 857 905 bona;
894 840 1058 893 homo
1086 854 1219 893 vero
1251 854 1478 906 peccans
1510 840 1624 909 ipse
1652 838 1704 893 in
1737 840 1894 910 culpa
1921 850 2023 903 est,

442 932 597 1001 quasi
624 931 779 987 liberi
810 930 1042 986 arbitrii.

1007 1037 1233 1076 τιτυιυς
1268 1038 1455 1078 LXXIII.

512 1116 571 1169 In
616 1116 705 1170 die
747 1114 939 1185 judicii
986 1114 1187 1185 iniquis
1235 1124 1291 1170 et
1340 1114 1715 1185 peccatoribus
1748 1130 1853 1168 non
1905 1127 2026 1169 esse

446 1209 779 1279 parcendum
814 1207 1076 1281 (Hieron.
1111 1209 1266 1273 ibid.;
1305 1209 1441 1280 Aug.
1473 1208 1628 1277 ibid.,
1658 1224 1775 1280 cap.
1808 1207 1897 1277 5).
1930 1207 2024 1261 sed

442 1304 664 1359 aeternis
704 1317 798 1357 eos
830 1302 1040 1372 ignibus
1073 1303 1413 1367 exurendOs;
1444 1301 1706 1369 scriptum
1750 1310 1832 1356 cst
1878 1302 2023 1355 enim

442 1396 654 1458 p~almo
686 1409 779 1449 cm
810 1410 825 1447 :
862 1393 1117 1463 Deﬁciunt
1154 1404 1445 1460 peccatores
1474 1411 1505 1447 a
1537 1404 1700 1458 terra,
1750 1403 1796 1447 et
1840 1393 2024 1463 iniqui,

442 1489 518 1539 ita
567 1495 622 1539 ut
666 1503 769 1540 non
817 1488 940 1540 sint.
971 1487 1038 1541 Et
1066 1486 1119 1541 in
1147 1486 1283 1541 Isaia
1314 1504 1326 1539 :
1363 1484 1734 1541 Comburentur
1778 1485 1941 1551 iniqui
1979 1493 2027 1537 et

446 1591 733 1650 peccatores
758 1580 935 1644 simul,
968 1589 1016 1635 et
1041 1584 1129 1651 qui
1155 1581 1453 1649 relinquunt
1484 1577 1675 1644 Deum,
1705 1594 2029 1631 consumma-

446 1678 653 1728 buntur.
668 1673 870 1743 Interp.
892 1674 1075 1743 Pelag.
1093 1689 1107 1730 :
1130 1674 1426 1729 Secundum
1441 1672 1773 1743 Evangelium
1794 1673 1925 1733 dixi,
1941 1672 2030 1724 ubi

444 1765 639 1817 dicitur
668 1765 730 1818 de
754 1765 1103 1837 peccatoribus
1128 1780 1147 1819 :
1166 1763 1266 1819 Isti
1287 1766 1431 1819 ibunt
1458 1766 1511 1819 in
1541 1764 1851 1835 supplicium
1878 1772 2026 1818 teter-

445 1871 591 1919 num,
614 1857 748 1927 justi
768 1863 938 1910 autem
967 1856 1021 1909 in
1047 1858 1201 1911 vitam
1231 1866 1474 1910 aeternam
1497 1855 1719 1925 (Matth.
1747 1870 1882 1919 xxv,
1908 1855 2024 1924 46).
2060 1850 2105 1908 Β

449 1945 519 1999 Et
543 1947 588 2000 si
612 1949 726 2017 quis
756 1949 909 2002 aliter
936 1949 1120 2013 credit,
1159 1948 1448 2020 Origenista
1477 1958 1571 2004 est.

1013 2054 1236 2094 rt'ruws
1276 2055 1465 2094 Lxxxt.
1623 2036 1629 2040 ’

519 2127 852 2197 Sapientiam
883 2138 938 2184 et
961 2129 1295 2185 intellectum
1326 2129 1759 2197 Scripturarum,
1793 2127 1895 2184 nisi
1940 2129 2033 2200 qui

446 2217 721 2283 didicerit,
749 2218 895 2275 scire
920 2233 1029 2275 non
1060 2234 1218 2290 posse
1248 2237 1263 2274 :
1292 2229 1347 2275 et
1372 2221 1653 2275 scientiam
1700 2220 1833 2289 legis
1876 2235 2036 2274 usur-

449 2324 581 2380 pare
608 2327 714 2366 non
746 2311 949 2368 debere
983 2311 1261 2368 indoctum
1287 2311 1474 2386 (Hier.
1504 2310 1678 2381 ibid.).

995 2416 1227 2458 TITULUS
1264 2417 1493 2458 LXXXIII.

518 2496 887 2551 Christianum
936 2496 1082 2551 illitts
1126 2496 1329 2552 debere
1374 2509 1498 2549 esse
1542 2492 1842 2563 patientitc,
1888 2500 1948 2546 ut
1989 2492 2035 2546 si

450 2590 568 2657 quis
594 2604 691 2645 sua
715 2587 933 2645 auferre
954 2589 1208 2653 voluerit,
1240 2597 1519 2658 gratanter
1545 2587 1782 2652 amittat;
1826 2595 1880 2641 et
1914 2586 2035 2656 glo-

453 2683 589 2736 riam
612 2682 841 2736 vestium
864 2695 927 2734 ac
951 2688 1395 2734 ornamentorum
1414 2678 1524 2733 Deo
1547 2692 1667 2732 esse
1683 2676 2036 2731 contrariam.

453 2775 521 2829 Ei
549 2777 639 2847 qui
662 2774 767 2829 vult
797 2784 961 2829 tecum
980 2773 1185 2843 judicio
1214 2771 1543 2839 contendere,
1572 2778 1619 2823 et
1646 2769 1871 2823 tunicam
1898 2778 2037 2822 tuan:

454 2866 653 2933 tollere,
681 2868 881 2920 dimitte
903 2866 950 2919 ei
970 2875 1016 2918 et
1046 2864 1285 2933 pallium.

1033 2969 1258 3011 'I'I'I'ULUS
1296 2969 1473 3010 οιιιν.

528 3051 787 3107 Inimicos
817 3059 875 3105 ttt
902 3050 1177 3121 proximos
1203 3048 1528 3117 diligendos.
1554 3047 1711 3103 Luca:
1730 3062 1761 3101 v
1789 3066 1801 3103 :
1832 3046 2043 3119 Diligite

457 3146 689 3200 inimicos
719 3154 908 3199 vestros
934 3160 953 3198 :
983 3143 1263 3214 benefacite
1288 3142 1369 3195 his
1390 3142 1482 3213 qui
1502 3140 1719 3195 oderunt
1744 3156 1864 3206 vos;
1893 3140 2043 3194 bene-

374 3294 385 3309 .
461 3239 618 3292 dicite
661 3238 1077 3292 maledicentibus
1104 3236 1245 3289 vobis
1264 3275 1279 3302 ,
1306 3243 1351 3288 et
1384 3247 1526 3288 orate
1553 3250 1647 3305 pro
1680 3233 2045 3287 calumnianti-
2070 3228 2113 3287 C

464 3330 555 3384 bus
584 3346 689 3384 vos.

1044 3431 1272 3473 τιτυιυε
1307 3432 1470 3473 οων.

533 3510 760 3566 Inimico
790 3525 1082 3581 numquam
1110 3525 1231 3565 esse
1261 3508 1617 3565 credendum.

1035 3618 1260 3658 TITULUS
1299 3617 1486 3658 CXXIII.

532 3700 780 3769 Regnum
831 3696 1094 3753 ctelorum
1154 3696 1316 3751 etiam
1370 3696 1424 3749 in
1477 3693 1651 3749 veteri
1701 3693 2049 3749 Testamento

466 3791 773 3858 repromitti
802 3788 1055 3861 (Hieron.
1078 3787 1238 3853 ibid.;
1258 3785 1392 3857 Aug.
1420 3786 1708 3854 ibid.,cap.
1734 3786 1812 3856 5).
1847 3785 2047 3856 lnterp.

470 3882 685 3951 Pelag.:
708 3881 819 3935 Hoc
846 3889 900 3934 et
934 3894 1028 3949 per
1051 3878 1364 3947 Seripturas
1387 3876 1618 3947 probare
1646 3876 1903 3946 possibile
1929 3886 2047 3942 est;

469 3972 710 4027 haeretici
738 3979 917 4026 autem
948 3970 1004 4024 in
1038 3969 1291 4038 injuriam
1322 3970 1525 4023 veteris
1568 3967 1904 4023 Testamenti
1947 3968 2051 4023 hoc

469 4073 700 4134 negant:
724 4077 825 4133 ego
847 4076 975 4117 vero
1009 4061 1406 4130 Scripturarum
1430 4060 1810 4113 auctoritatem
1834 4068 2051 4114 secutus

469 4158 601 4221 dixi,
650 4157 904 4227 quoniam
961 4154 1013 4208 in
1072 4152 1331 4223 propheta
1384 4151 1603 4207 Daniele
1658 4152 1919 4221 scriptum
1969 4162 2054 4207 est

471 4248 647 4321 (Dan.
675 4263 771 4313 vu,
797 4247 896 4317 18)
929 4264 943 4300 :
976 4245 1045 4299 Et
1066 4246 1317 4316 accipient
1346 4244 1511 4299 sancti
1536 4261 1749 4317 regnum
1777 4244 2050 4299 Altissimi.

1103 4353 1328 4393 TITULUS
1359 4352 1412 4393 C.

544 4429 713 4485 Posse
742 4428 1016 4483 hominem
1045 4430 1164 4484 sine
1189 4437 1411 4497 peccato
1433 4444 1575 4497 esse,
1599 4439 1653 4485 et
1678 4430 1772 4485 Dei
1804 4429 2053 4485 mandata

471 4522 630 4575 facile
660 4520 959 4583 custodire,
1004 4520 1048 4573 si
1088 4520 1220 4575 velit
1249 4521 1494 4593 (llieron.
1546 4523 1700 4589 ibid.,°
1725 4524 1860 4594 Aug.
1902 4522 2051 4589 ibid,

2126 657 2280 727 quasi
2306 656 2535 711 dixisset
2562 656 2762 709 malum
2796 670 2896 709 nec
2926 655 2980 708 in
3014 654 3396 724 Cogitatioan
3430 655 3639 709 venire.

2128 790 2367 860 Epistola
2392 792 2461 844 ad
2488 801 2724 845 sanctum
2769 791 3050 845 Paulinum
3092 791 3362 846 Nolanum
3392 793 3713 862 episcopum.

2198 883 2275 938 De
2316 883 2417 936 hac
2449 882 2674 952 epistola
2702 882 2830 937 facit
2854 883 3182 938 mentionem
3220 886 3550 953 Augustinus
3576 885 3715 938 scri-

2129 954 2264 1007 bens
2289 953 2513 1007 Paulino
2537 954 2587 1007 in
2614 954 2732 1007 haec
2757 954 2923 1007 verba
2949 955 3155 1023 (Epist.
3180 954 3304 1024 IOb)
3331 972 3343 1005 :
3380 956 3533 1021 Quod
3557 957 3715 1008 etiam

2126 1023 2432 1093 quibusdam
2461 1024 2640 1077 litteris
2665 1024 2771 1094 agit
2798 1025 2865 1076 ad
2889 1034 3027 1078 tuam
3047 1027 3414 1078 venerationem
3444 1026 3599 1091 datis,
3628 1027 3716 1079 ubi

2128 1094 2255 1168 dicit
2282 1110 2336 1147 se
2359 1110 2468 1168 non
2488 1095 2668 1168 debere
2688 1096 2969 1149 existimari
2998 1097 3109 1148 sine
3131 1098 3298 1165 gratia
3320 1094 3419 1149 Dei
3441 1097 3716 1168 defendere

2130 1163 2675 1237 liberumuarbitrium,
2719 1181 2847 1237 cum
2883 1163 3273 1237 possibilitatem
3317 1163 3513 1219 valendi
3556 1177 3716 1237 atque

2128 1234 2398 1305 aperandi,
2424 1236 2534 1287 sine
2552 1251 2653 1304 qua
2680 1234 2810 1288 nihil
2832 1235 2947 1289 boni
2970 1235 3097 1290 velle
3124 1249 3274 1305 atque
3295 1254 3443 1305 agere
3465 1234 3712 1302 valemus,

2128 1301 2169 1355 α’
2208 1301 2447 1357 Creatore
2489 1301 2632 1358 nobis
2679 1306 2889 1359 insitam
2934 1307 3157 1373 dicent,
3189 1301 3263 1359 ἰιι
3321 1301 3551 1361 uidelicet
3605 1301 3718 1361 hcce

2128 1374 2725 1448 intelligatur-[ductare
2773 1378 2905 1441 ipso,
2955 1373 3280 1448 gratiaDei,
3335 1394 3450 1445 qua:
3492 1380 3716 1448 paganis

2128 1453 2279 1518 atque
2307 1443 2635 1507 Christianis,
2664 1448 2833 1517 impiis
2854 1456 2900 1499 et
2932 1449 3052 1517 piis,
3078 1446 3317 1515 ﬁdelibus
3346 1443 3502 1518 atque
3528 1443 3716 1514 inlide-

2129 1516 2263 1568 libus
2292 1518 2573 1569 communis
2600 1526 2696 1569 est.
2934 1516 2937 1517 ⁷
3416 1516 3421 1518 ⁷
3737 1518 3753 1553 ε

2202 1586 2349 1657 Facit
2378 1601 2593 1655 quoque
2624 1587 2675 1640 iu
2705 1586 2842 1642 libro
2887 1586 2955 1641 de
2999 1587 3182 1642 Gratia
3214 1587 3434 1653 Christi,
3466 1603 3584 1657 cap.
3616 1589 3713 1651 ⁸55.

2131 1656 2273 1725 quod
2306 1657 2722 1712 exscribcndnm
2775 1659 3011 1712 videtur.
3064 1657 3281 1728 Legant,
3322 1656 3718 1728 inquit,illam

2131 1728 2423 1793 epistolant,
2454 1744 2607 1800 quam
2633 1730 2701 1782 ad
2731 1739 2963 1800 sanctum
2995 1729 3159 1782 virum
3190 1727 3473 1781 Paulinum
3512 1730 3716 1800 episco-

2131 1814 2270 1867 pum.
2302 1806 2421 1849 ante
2445 1799 2715 1870 duodecim
2743 1799 2850 1867 fere
2891 1815 3075 1864 annos,
3114 1800 3439 1870 scripsimus,
3478 1816 3591 1869 qua
3615 1811 3720 1854 tre-

2133 1869 2292 1920 centis
2318 1872 2448 1936 forte
2493 1869 2719 1923 versibus
2760 1870 2889 1923 nihil
2928 1870 3070 1923 aliud
3100 1868 3255 1939 quam
3285 1868 3383 1923 Dei
3414 1872 3636 1938 gratiam
3668 1878 3716 1923 et

2135 1940 2389 2011 auxilium
2437 1941 2729 2011 conﬁtetur,
2774 1957 2963 2011 nosque
3006 1941 3342 1994 nihilominus
3382 1940 3509 2011 boni
3548 1941 3719 2011 facere

2137 2024 2283 2077 posse
2310 2010 2417 2063 sine
2448 2007 2576 2064 Deo.
2610 2009 2763 2063 Hanc
2806 2007 2925 2080 ergo
2971 2012 3240 2082 epistolam
3288 2010 3409 2082 legi.
3459 2022 3504 2065 et
3548 2007 3719 2064 iuraui

2137 2095 2251 2132 eum
2281 2094 2405 2145 pene
2434 2096 2522 2147 per
2549 2090 2707 2133 totam
2736 2098 2839 2135 non
2866 2083 3152 2145 immorari,
3180 2082 3280 2134 nisi
3307 2083 3361 2135 in
3393 2082 3645 2144 facultate
3667 2091 3716 2135 et

2138 2151 2472 2225 possibilitate
2511 2162 2725 2225 naturas,
2770 2161 2817 2205 et
2861 2168 2992 2221 pene
3019 2151 3089 2205 ibi
3119 2161 3314 2205 tantum
3361 2150 3452 2204 Dii
3497 2155 3717 2225 gratiam

2138 2221 2477 2292 constituere;
2509 2221 2853 2275 Christianam
2882 2239 3000 2276 vero
3041 2225 3256 2292 gratiam
3289 2234 3429 2276 tanta
3474 2221 3718 2277 brevitate

2138 2290 2247 2366 sola
2272 2292 2495 2345 nominis
2517 2295 2988 2348 commemoratione
3008 2290 3324 2366 perstringit,
3344 2302 3398 2345 ut
3419 2294 3548 2347 nihil
3569 2294 3716 2346 aliud

2139 2361 2369 2413 videatur
2395 2378 2551 2431 quam
2577 2380 2692 2417 eam
2719 2376 2882 2419 tacere
2910 2361 3160 2418 timuisse.
3187 2361 3374 2418 Utrum
3414 2373 3579 2416 tamen
3605 2380 3718 2418 eam

2137 2432 2191 2502 in
2219 2433 2516 2486 remissione
2564 2448 2881 2501 peccatorum
2927 2436 3042 2488 velit
3081 2434 3320 2502 intelligi,
3366 2452 3432 2487 an
3476 2436 3630 2489 etiam
3663 2436 3717 2487 in

2141 2501 2376 2577 doctrina
2404 2502 2623 2577 Christi,
2675 2507 2765 2577 ubi
2787 2516 2861 2559 est
2891 2514 2937 2559 et
2964 2506 3073 2577 eius
3102 2507 3497 2559 conversationis
3541 2521 3717 2557 exem-

2140 2573 2305 2639 plum,
2344 2573 2487 2646 quod
2503 2576 2704 2646 aliquot
2749 2576 2876 2629 locis
2918 2573 3131 2630 suorum
3163 2578 3525 2646 opusculorum
3570 2577 3717 2642 facit,

2141 2658 2207 2695 an
2235 2642 2408 2696 credat
2436 2642 2647 2715 aliquod
2674 2648 2991 2718 adjutorium
3031 2648 3152 2700 bene
3195 2642 3379 2717 agendi
3401 2647 3717 2718 adjunctum

2142 2722 2513 2788 naturazatque
2542 2717 2810 2788 doctrinae,
2844 2736 2933 2788 per
2960 2717 3720 2788 inspirationemﬂagrantissi-

2142 2798 2240 2858 mag
2265 2794 2310 2837 et
2338 2784 2749 2858 luminosissimaz
2786 2784 3069 2855 ch'aritatis',
3105 2806 3205 2842 non
3232 2784 3465 2858 apparet
3486 2790 3717 2841 omnino.

2214 2854 2388 2929 Atque
2408 2857 2529 2911 hinc
2543 2868 2754 2913 constat
2772 2862 2966 2929 primo,
2987 2854 3199 2923 tempus
3216 2854 3426 2927 scripta!
3444 2859 3717 2929 ερῖδιςιιπε

2145 2939 2263 2992 quae
2285 2926 2425 2997 enim
2450 2942 2575 2981 mox
2595 2926 2890 2997 attulimus,
2915 2930 3181 2985 scribebat
3205 2926 3449 2997 Pelagius
3471 2945 3559 2981 an.
3580 2927 3717 2992 417;

2143 3010 2301 3063 quam
2349 2996 2513 3066 igitur
2554 2999 2839 3067 epistolam
2878 2996 3104 3055 dederat
3141 3009 3265 3054 ante
3296 2996 3572 3054 duodecim
3605 2997 3721 3053 fere

2147 3080 2338 3140 annos,
2370 3069 2548 3121 datam
2584 3081 2797 3140 oportet
2822 3087 2950 3126 anu.
2976 3070 3107 3128 405.

2217 3138 2441 3192 Constat
2460 3148 2515 3193 et
2533 3137 2696 3205 istud,
2720 3142 2991 3212 Pelagium
3020 3153 3141 3197 tunc
3168 3142 3424 3211 temporis
3446 3138 3516 3193 ita
3540 3137 3723 3212 occul-

2149 3218 2291 3263 tasse
2316 3220 2556 3284 mentem
2573 3210 3004 3284 sententiamque
3032 3228 3183 3267 suam
3206 3210 3463 3284 degratia
3490 3210 3719 3284 Christi,

2150 3288 2206 3351 ut
2235 3280 2664 3351 nerAugustinus
2712 3280 2928 3351 quidem
2971 3284 3273 3351 intelligere
3302 3280 3541 3336 valuerit
3593 3280 3723 3349 quid

2150 3350 2200 3403 in
2239 3350 2421 3403 animo
2450 3351 2693 3424 haberet.
2723 3350 2873 3409 Unde
2897 3354 3080 3409 mirari
3108 3350 3370 3424 quispiam
3400 3354 3521 3424 jure
3551 3351 3726 3424 possit

2149 3423 2824 3495 gorum_perspicacitatem
2849 3428 2939 3495 qui
2965 3422 3196 3479 viderint
3222 3425 3273 3478 in
3296 3422 3726 3495 expositionibus

2152 3490 2617 3566 Pelagii_err0res,
2644 3511 2781 3565 quos
2806 3490 2904 3551 nec
2927 3498 3260 3566 Augustinus
3280 3490 3726 3558 deprehenderit,

2151 3575 2252 3634 nec
2273 3561 2527 3634 Pelagius
2571 3561 2803 3634 aperire,
2845 3561 3217 3633 etiam'plures
3260 3573 3379 3633 post
3408 3579 3603 3629 annos,
3630 3578 3727 3616 vo-

2151 3631 2330 3686 luerit.
2346 3633 2498 3706 Quod
2520 3631 2647 3706 ergo
2664 3631 2907 3692 scribens
2932 3639 2997 3691 ad
3021 3631 3302 3691 Paulinum
3326 3648 3549 3706 arguere
3572 3633 3727 3706 vide-

2150 3710 2260 3768 tur,
2279 3703 2509 3778 aliunde
2537 3703 2704 3778 magis
2744 3723 2903 3778 quain
2932 3724 2994 3764 ex
3025 3708 3141 3778 ipsa
3164 3703 3729 3777 epistola'prmjudicio

2149 3774 2380 3842 quodam
2411 3774 2731 3845 suspicatur.

2222 3844 2446 3899 Constat
2468 3844 2667 3917 pariter
2695 3864 2795 3917 qua
2826 3848 3112 3905 occasione
3135 3847 3462 3917 Augustinus
3484 3846 3555 3917 'a_d
3589 3845 3727 3900 Pan-

2150 3914 2320 3968 linum
2342 3914 2639 3984 scripserit.
2666 3914 2810 3975 Vidit
2830 3922 3037 3976 scilicet
3056 3921 3182 3986 quid
3212 3914 3430 3983 periculi
3456 3931 3485 3968 a
3509 3914 3729 3986 Pt'lztgiu

2156 3985 2301 4060 lieret
2334 3988 2451 4041 viro
2488 3994 2667 4056 specie
2707 3992 2916 4060 pietatis
2945 3985 3271 4059 capi'lacili;
3302 3989 3479 4056 idque,
3510 3996 3573 4041 ut
3611 3998 3731 4040 erat

2152 4055 2595 4131 ﬁdeipariterac
2623 4055 2824 4116 Paulini
2848 4055 3056 4126 amans,
3086 4055 3509 4131 praevertendum
3552 4068 3727 4121 ratus,

2153 4128 2399 4203 adhibuit
2430 4133 2733 4203 eautionem
2780 4147 2847 4187 eo
2876 4133 3046 4203 magis
3076 4128 3456 4203 necessariam,
3499 4143 3606 4203 quo
3632 4142 3728 4203 su-

2154 4199 2388 4265 spectior
2442 4202 2617 4269 potuit
2669 4218 2790 4259 esse
2839 4199 3030 4257 merito
3082 4201 3359 4266 Paulinus,
3407 4208 3466 4251 ut
3510 4200 3601 4264 qui
3636 4199 3731 4253 diu

2154 4271 2386 4323 celasset
2432 4272 2689 4337 amicum,
2734 4284 2813 4329 tot
2862 4276 3052 4329 litteris
3099 4271 3518 4339 interpellatum,
3561 4284 3728 4336 quam

2155 4352 2367 4414 gereret
2393 4357 2513 4396 cum
2547 4343 2762 4414 Pelagio
2807 4340 3464 4414 necessitudinem,cujus
3490 4340 3730 4414 discipu-

2158 4414 2259 4474 1ης,
2282 4412 2441 4465 etiam
2467 4408 2941 4481 pertinaEissintos,
2967 4423 3238 4481 pateretur
3258 4408 3404 4465 Nola:
3435 4425 3526 4462 sua
3557 4408 3732 4463 libere

2156 4482 2405 4553 dogmata
2452 4485 2610 4538 tueri.
2642 4485 2835 4539 Verum
2885 4488 3006 4553 quia
3057 4482 3187 4537 nihil
3232 4492 3350 4535 erat
3398 4483 3447 4533 in
3498 4482 3730 4547 epistola

2162 4552 2359 4623 Pelagii
2392 4556 2537 4624 quod
2569 4563 2754 4623 aperte
2795 4552 3019 4624 gratiam
3070 4555 3161 4608 Dei
3208 4562 3559 4624 oppugnaret,
3609 4567 3730 4624 eant

471 4629 567 4683 cap
612 4610 725 4682 6).:
756 4610 957 4678 lnterp.
989 4610 1167 4679 Pelag.
1189 4610 1356 4666 Posse
1382 4612 1595 4678 quidem
1627 4612 1903 4667 hominem
1938 4614 2040 4667 sint

2159 4605 2489 4689 Augustitius
2514 4605 3156 4695 wpert:isittgﬁulas’“paries
3212 4605 3320 4677 n'o'n
3352 4605 3733 4695 “refellendam

471 4713 696 4775 peccato
741 4718 887 4769 esse,
935 4711 992 4759 et
1032 4704 1126 4758 Dei
1175 4704 1425 4758 mandata
1468 4705 1761 4772 custodire,
1807 4708 1851 4760 si
1901 4707 2054 4776 velit,

469 4799 736 4864 diximus;
771 4798 913 4852 hanc
945 4797 1087 4852 enim
1128 4797 1543 4866 possibilitatem
1587 4799 1730 4854 Deus
1761 4800 1839 4853 illi
1884 4798 2051 4854 dedit.

469 4888 586 4944 Non
619 4898 801 4944 autem
834 4888 1071 4944 diximus
1122 4889 1264 4959 quod
1300 4888 1605 4944 inveniatur
1641 4890 1836 4960 aliquis
1875 4891 1946 4945 ab
1974 4892 2057 4946 in-

470 4979 637 5034 fantia
666 4995 840 5049 usque
869 4978 937 5034 ad
964 4989 1236 5035 senectam
1266 4980 1358 5049 qui
1387 4995 1678 5049 numquam
1711 4985 2051 5051 peccaverit;

470 5071 564 5125 sed
595 5072 848 5140 quoniam
876 5086 905 5124 a
929 5072 1165 5141 peccatis
1188 5085 1509 5133 conversus.
1542 5075 1762 5142 protirio
1791 5074 1973 5129 labore
1998 5084 2053 5129 et

476 5164 565 5217 Dei
607 5164 800 5231 gratia,
849 5165 1019 5230 possit
1059 5176 1180 5218 esse
1224 5164 1343 5219 sine
1390 5173 1635 5232 peccato,
1678 5181 1779 5220 nec
1826 5182 1919 5235 per
1951 5166 2054 5220 hoc

474 5266 650 5309 tamen
682 5254 738 5307 in
772 5262 1049 5323 posterum
1080 5255 1527 5310 inconvertibilis.

1041 5360 1264 5402 TITULUS
1300 5362 1483 5402 CXXIII.

542 5439 619 5494 Ne
650 5438 845 5493 leviter
875 5438 1095 5507 quidem
1127 5454 1248 5494 esse
1278 5441 1635 5509 peccandum.

1037 5554 1260 5595 TITULUS
1296 5554 1483 5594 CXXXI.

540 5628 737 5683 Malum
769 5643 898 5684 vero
919 5645 1017 5686 nec
1042 5631 1409 5700 cogitandum.
1432 5629 1667 5686 Matthazi
1692 5648 1725 5686 v
1746 5648 1761 5685 :
1786 5629 1890 5696 Qui
1912 5632 2049 5685 vide-

467 5724 535 5775 rit
578 5721 843 5777 mulierem
883 5725 953 5776 ad
999 5725 1478 5793 concupiscendum,
1506 5723 1623 5793 jam
1660 5724 1938 5777 moechatus
1976 5732 2050 5775 est

468 5830 579 5868 eum
608 5815 660 5869 in
687 5816 841 5871 corde
869 5832 986 5870 suo.
1017 5815 1213 5883 Interp.
1249 5814 1432 5883 Pelag.
1475 5814 1585 5869 Iloc
1617 5829 1719 5869 non
1750 5814 1819 5870 ita
1859 5815 2044 5884 posui-

2156 4696 2413 4763 suscepit,
2443 4692 2553 4750 sed
2586 4692 2909 4749 altissimum
2955 4692 3199 4765 gratuita:
3246 4692 3737 4765 prtcdestinationts

2158 4767 2471 4834 mysterium
2523 4767 2845 4834 explicuisse
2893 4763 3207 4829 contentus,
3268 4767 3334 4816 de
3383 4763 3738 4834 damnatione

2157 4833 2359 4905 Pelagii
2406 4852 2433 4887 a
2476 4833 2727 4891 Patribus
2773 4836 3177 4906 Diospolitanis,
3226 4833 3736 4906 atquegapostolica

2155 4904 2305 4970 sede,
2348 4906 2797 4977 dogmatibusque
2844 4904 3193 4970 conﬁtendis,
3224 4916 3281 4958 ut
3309 4904 3567 4957 catholica
3599 4905 3741 4957 tides

2150 4978 2467 5043 retineatur,
2501 4978 2796 5032 admonuit.

2226 5046 2450 5101 Constat
2473 5048 2706 5112 denique
2727 5047 2844 5117 quis
2876 5056 3018 5101 esset
3040 5045 3261 5100 haeresis
3295 5043 3595 5117 Pelagiana;
3626 5055 3739 5097 sta-

2163 5126 2246 5171 tus
2272 5133 2398 5171 ann.
2428 5118 2553 5173 405.
2582 5114 2792 5173 Timide
2818 5117 3075 5184 agebatur
3114 5120 3181 5171 de
3223 5118 3414 5179 gratia,
3447 5114 3739 5182 verbisque

2160 5189 2424 5257 ambiguis
2470 5191 2926 5255 prietentahautnr
2969 5186 3156 5249 animi,
3202 5197 3251 5239 ut
3286 5196 3559 5257 postquam
3594 5200 3739 5257 sese

2161 5254 2490 5323 aliquutenus
2514 5258 2901 5326 itnplicuisscnt
2923 5258 3307 5325 qumstionihus
3330 5258 3393 5309 de
3414 5254 3561 5307 ιιιιιὶιι
3585 5255 3738 5323 ﬁdei,

2159 5329 2381 5396 aliisque
2426 5330 2476 5381 itt
2523 5331 2757 5397 speciem
2802 5329 3113 5390 levioribus,
3161 5328 3495 5397 postmodum
3528 5326 3741 5379 sensim

2160 5398 2274 5452 sine
2302 5414 2460 5452 sensu
2494 5396 2888 5453 deducerentur
2921 5401 2969 5450 in
3000 5414 3270 5461 errori-nt,
3303 5397 3368 5449 de
3399 5396 3604 5448 viribus
3640 5404 3739 5447 na-

2162 5481 2291 5520 tura:
2321 5470 2384 5522 ad
2415 5484 2574 5537 opera
2613 5470 2844 5538 pietatis,
2879 5478 3094 5538 propter
3124 5467 3545 5529 ittcluctabiletn,
3570 5474 3631 5518 ιιι
3658 5467 3740 5518 ait

2157 5539 2508 5605 AuguStinus,
2543 5540 2851 5609 dogmatutn
2896 5556 2963 5595 ex
3009 5556 3128 5593 sese
3160 5541 3441 5607 reciproco
3480 5546 3737 5605 aptorum

2156 5625 2305 5679 quaSI
2332 5621 2597 5664 catenam.

2407 5701 2643 5773 Epistula
2679 5704 2747 5757 ad
2777 5703 3131 5759 Constantium
3160 5707 3475 5775 episcopum.

2224 5814 2491 5887 Nusquam
2518 5818 2720 5873 mentio
2746 5820 2805 5899 lit
2824 5817 3049 5889 hujusce
3074 5819 3336 5888 epistolae,
3366 5817 3504 5887 quod
3537 5816 3726 5885 sciam,
