3962 6180
207 376 321 432 597

594 375 903 436 DISSERT.
934 379 1024 434 Vl.
1059 379 1146 433 DE
1176 375 1485 434 SCRIPTIS
1513 375 1649 431 ΡΙὶο
1677 374 1795 430 (LE

1916 376 1957 431 il
1986 374 2258 445 PELAG.,
2294 332 2597 433 νινΕΝΤΕ
2627 376 2685 433 S.
2718 380 2983 439 AUGUS'I
3004 384 3133 440 ΙΝΟ.
3382 381 3484 436 5ὓὶς

200 503 568 568 prmterquam
593 497 645 550 in
670 496 810 550 libro
831 497 897 551 de
918 496 1104 552 Gratia
1125 493 1520 568 Chrlsti,_cujus
1542 494 1593 568 in
1616 503 1795 568 capite
1821 498 1872 555 Α
1899 493 2154 568 opinione
2184 493 2253 548 de
2282 495 2493 568 .lnliana
2528 496 2769 551 Memorii
2801 513 3029 568 conjuge
3059 508 3106 553 et
3142 500 3339 555 Juliani
3376 501 3485 553 luce

198 564 271 620 36
303 563 572 638 limosum
604 568 720 622 sive
750 568 973 638 Pelagii,
998 564 1429 638 sive_Augustini
1452 565 1615 638 verba
1642 581 1656 617 :
1689 563 1794 618 Le-

198 637 531 709 gantietiam,
550 638 741 707 inquit,
759 638 828 691 ad
849 634 1081 692 sanctum
1100 634 1459 709 Constantium
1473 635 1794 709 episcopium,

200 705 295 780 i_ibi
330 707 545 762 breviter
571 705 799 778 quidem,
830 709 921 763 sed
946 710 1101 780 plane
1132 707 1291 780 libero
1316 706 1536 780 nominis
1574 705 1793 780 arbitrio

199 777 306 831 Dei
351 775 593 848 gratiam'
620 775 971 849 auxiliumque
1013 778 1280 849 conjimxi.
1311 775 1466 830 Hanc
1501 775 1795 849 epistolam,

200 858 259 901 ut
293 847 533 920 superius
570 850 701 921 dixi,
748 866 852 903 non
888 847 1017 921 legi,
1064 847 1152 901 sed
1200 848 1246 900 si
1290 864 1395 900 non
1423 856 1498 921 est
1531 847 1799 921 dissimilis

202 914 410 974 steteris
437 936 551 990 qua:
580 920 705 975 mihi
735 930 857 974 nota
886 914 1250 974 coinmemorat
1270 959 1285 984 ,
1328 933 1433 971 non
1462 914 1613 971 habet
1644 917 1800 970 etiam

202 991 344 1060 ipsa,
375 991 514 1060 quod
543 992 840 1058 quaerimus.

278 1056 414 1125 Quis
456 1056 617 1128 porro
663 1059 1012 1115 Constantius
1062 1059 1253 1123 fuerit,
1306 1067 1364 1113 et
1407 1057 1493 1112 cui
1535 1056 1799 1128 Ecclesia:

245 1127 507 1194 nutrierit,
535 1132 781 1186 divinare
806 1146 965 1186 nemo
994 1142 1175 1200 queat,
1210 1144 1331 1184 cum
1364 1129 1523 1183 nullze
1561 1127 1668 1181 sint
1700 1128 1797 1200 ha:

246 1203 336 1256 itze
366 1203 420 1256 in
452 1202 603 1257 Italia
643 1213 768 1256 tunc
797 1196 1055 1272 temporis
1085 1200 1295 1272 synodi,
1321 1215 1550 1272 quarum
1578 1206 1694 1252 acta
1717 1196 1797 1272 ad

204 1288 310 1325 nos
331 1273 715 1339 pervenerint;
740 1268 972 1339 coajic'io
994 1268 1172 1326 tamen
1190 1268 1454 1325 illustrem
1471 1269 1658 1339 fuisse.
1684 1268 1801 1323 sive

202 1338 427 1409 generis
452 1344 753 1409 nobilitate,
782 1338 895 1396 sive
922 1342 1222 1396 sanctitatis
1252 1341 1388 1394 fama
1419 1358 1431 1392 :
1457 1341 1520 1394 ad
1545 1338 1801 1407 hujusce-

204 1413 353 1467 modi
377 1414 522 1467 enim
552 1415 797 1468 homines
818 1412 1091 1467 scribebat
1117 1409 1382 1479 Pelagius,
1410 1420 1487 1473 ut,
1518 1409 1661 1479 quod
1692 1425 1797 1461 non

204 1484 379 1537 semel
412 1485 734 1553 notavimus,
769 1485 850 1537 vel
899 1483 1005 1537 sibi
1052 1483 1361 1550 opinionem
1392 1481 1489 1536 viri
1537 1480 1683 1545 bOni,
1716 1481 1797 1534 vel

204 1568 323 1625 Sine
354 1555 615 1625 impietati
649 1554 1004 1625 patrocinium
1038 1554 1260 1625 laceret.

281 1621 588 1678 Notandum
620 1640 770 1689 vero,
798 1624 1137 1691 versipellem
1186 1621 1522 1688 luereticum,
1550 1629 1607 1675 ut
1634 1628 1799 1675 recite

209 1694 334 1747 ﬁdei
360 1710 419 1749 se
445 1696 785 1761 mentiretur,
808 1695 875 1748 ad
899 1707 993 1749 eas
1013 1694 1267 1762 epistolas
1290 1706 1641 1759 provoca~se,
1666 1707 1799 1760 quas

209 1764 382 1818 tribus
411 1765 636 1819 dederat
659 1766 893 1819 nominis
914 1764 1159 1819 claritate
1191 1763 1518 1832 perculsuris
1547 1765 1798 1815 adversa-

206 1840 416 1890 riorum
447 1836 667 1902 oculos;
706 1836 922 1890 siluisse
949 1849 1078 1889 vero
1114 1834 1183 1889 de
1227 1834 1379 1888 libris
1411 1832 1551 1887 unde
1583 1841 1800 1902 poterat

210 1921 319 1958 non
358 1922 552 1976 magno
591 1908 809 1977 negotio
850 1906 1100 1961 convinci
1126 1922 1142 1962 :
1171 1904 1701 1977 cpistolminimjrum
1732 1916 1797 1977 ea

208 1987 329 2029 arte
372 1974 685 2046 composita?
730 1976 960 2036 fuerant,
994 1989 1049 2030 ut
1078 1992 1200 2030 cum
1245 1975 1507 2029 ﬂexibiles
1532 1974 1715 2046 forent
1747 1974 1802 2027 in

209 2044 746 2114 oppositos—sensus,
782 2046 1062 2102 catholicis
1100 2047 1424 2102 catholicum
1454 2044 1798 2111 exhiberem,

212 2116 487 2172 btnreticis
516 2118 850 2173 hiereticum.

285 2188 553 2255 Scriptam
584 2200 799 2258 Oportet
840 2188 1120 2258 epistolam
1169 2187 1307 2242 hanc
1338 2196 1457 2254 post
1486 2186 1711 2258 litteras
1732 2184 1802 2258 ad

210 2257 524 2325 Paulinum,
554 2255 650 2314 sed
688 2269 814 2313 ante
854 2255 1051 2314 librum
1096 2258 1164 2313 de
1202 2258 1546 2313 Institutione
1579 2255 1804 2324 virginis

210 2329 279 2382 ad
333 2330 759 2395 Demetriadem;
806 2329 1020 2386 videtur
1062 2331 1204 2385 enim
1255 2329 1391 2383 ordo
1441 2326 1698 2395 temporis
1746 2326 1802 2379 in

211 2400 537 2455 recensione
558 2410 835 2466 servatus;
860 2410 1086 2469 apparet
1106 2416 1234 2471 ergo
1257 2400 1457 2471 scripta
1489 2400 1801 2465 priusquam

214 2472 394 2538 [ngam
421 2471 665 2541 Pelagius
684 2487 747 2526 ex
773 2473 903 2527 urbe
928 2471 1094 2527 Roma
1120 2470 1248 2525 ann.
1270 2470 1375 2525 408
1396 2470 1651 2541 cepisset,
1676 2477 1804 2522 tunc

210 2546 357 2594 enim
403 2540 700 2609 incoeperat
747 2544 984 2611 apertius
1031 2542 1214 2611 loqui:
1253 2555 1382 2610 ergo
1411 2540 1628 2595 circiter
1672 2553 1800 2611 ann.

209 2611 339 2667 ωδ.
377 2612 457 2667 Ex
502 2614 617 2681 ipsa
663 2609 844 2683 porro,
877 2628 1000 2667 cum
1028 2609 1159 2666 nihil
1193 2609 1445 2680 supersit,
1479 2619 1652 2665 status
1688 2609 1804 2663 hae-

210 2684 383 2749 resis,
410 2684 588 2739 adhuc
615 2699 675 2739 se
704 2685 957 2755 tegentis,
981 2684 1219 2756 patetleri
1252 2698 1359 2736 non
1385 2690 1583 2751 potest.

212 2799 372 2853 Liber
404 2814 558 2864 unus,
584 2797 666 2852 vel
692 2797 844 2852 etiam
885 2796 1014 2850 alter
1055 2794 1128 2849 ad
1164 2793 1385 2847 Viduam
1430 2791 1805 2846 consolatorius

716 2879 869 2937 atque
904 2866 1304 2921 exhortatorias.

287 2962 484 3032 Dperis
514 2961 672 3030 hujus
700 2960 947 3032 meminit
978 2959 1337 3032 Hieronymus
1363 2955 1581 3032 dialogo
1598 2955 1802 3032 _t_ertio;

220 3027 557 3103 Augustinus
584 3027 679 3088 lib.
710 3032 776 3087 de
801 3031 979 3086 GeSIis
1002 3030 1327 3103 Palaestinis,
1352 3041 1476 3103 _ca_p.
1502 3028 1570 3092 6;
1597 3027 1805 3103 Merca-

216 3099 387 3159 tnr'in
417 3103 839 3166 Commonitorio,
874 3117 990 3171 cap.
1021 3100 1084 3165 4;
1116 3115 1272 3170 quem
1300 3099 1367 3153 ad
1411 3099 1586 3171 locum
1615 3099 1807 3153 obser-

217 3176 464 3229 vavimus
495 3189 601 3228 non
628 3188 791 3242 pauca
817 3174 869 3229 in
896 3169 1033 3226 hanc
1055 3187 1191 3242 rem,
1222 3184 1340 3242 quae
1368 3180 1421 3223 tu
1447 3169 1589 3242 vide.

1900 564 2055 638 retici
2085 575 2276 638 matre,
2309 567 2467 638 irein
2499 571 2801 636 oppositam
2844 564 2913 620 de
2939 564 3159 638 parente
3191 571 3486 627 Demetria-

1900 634 2007 716 d'is,
2039 634 2194 703 cujus
2225 637 2307 690 vir
2347 630 2600 716 Dlybrius
2649 630 2961 716 ante-‘Urbis
3011 643 3303 716 excidium,
3350 652 3487 716 teste
3542 630 3554 652 '

1900 704 2272 779 Hieronymo,
2299 704 2432 779 _vita'
2474 711 2724 779 excessit.
2777 710 2849 762 Ea
2904 726 3031 763 vero
3072 704 3410 779 conjectura,
3442 711 3485 763 si

1902 775 2195 848 probabilis
2226 776 2495 848 videatur,
2533 788 2587 831 ut
2617 778 2772 832 valde
2802 789 2902 844 est,
2939 782 3086 848 Opus
3127 775 3271 841 istud
3316 783 3379 835 ad
3399 775 3487 833 'vi-

1900 845 2091 922 duatn_
2111 845 2384 922 conditum
2432 847 2534 901 dici
2580 848 2757 922 debet,
2782 850 2898 922 _vel
2947 845 3150 915 Itoinze,
3197 862 3484 922 antequam

1901 916 2469 987 indePelagiuscum
2505 917 2898 987 trepidantibus
2927 922 3044 973 aliis
3077 924 3286 987 exiret,
3317 916 3400 977 vel
3433 926 3483 975 in

1900 983 2106 1063 Siciiia,
2135 983 2226 1063 ubi
2255 986 2485 1055 primum
2508 983 2756 1063 advenit;
2788 987 2891 1042 bac
2916 1000 3094 1043 autem
3130 983 3339 1047 ratione
3365 1008 3486 1063 per-

1902 1056 2097 1111 tinebit
2124 1056 2191 1110 ad
2215 1071 2414 1111 annum
2442 1069 2534 1111 aut
2564 1058 2693 1127 408,
2726 1071 2818 1113 aut
2847 1072 3288 1129 consequentem.

1905 1190 2035 1255 Qua:
2046 1190 2560 1264 supersunthujusce
2573 1193 2690 1247 libri
2711 1195 2851 1265 apud
2871 1206 3106 1249 auctores
3127 1196 3359 1268 ejusdem
3370 1200 3482 1251 teri.

1974 1303 2385 1373 Simplicitatem
2429 1307 2581 1376 sequi
2630 1305 2829 1373 (Iliristi
2880 1308 3132 1363 famulam
3166 1310 3343 1376 decet,
3377 1326 3482 1364 non

1902 1396 2043 1451 hanc
2068 1413 2190 1467 quae
2219 1398 2440 1453 stultitia
2483 1399 2653 1470 magis
2684 1410 2767 1456 est
2803 1417 2961 1471 quam
3015 1402 3357 1471 simplicitas,
3390 1404 3485 1459 sed

1902 1488 2047 1542 illam
2084 1488 2152 1543 de
2190 1504 2295 1558 qua
2333 1489 2612 1560 Scriptura
2641 1491 2776 1547 dicit
2820 1492 3006 1563 (Prov.
3040 1509 3112 1559 ιιι,
3158 1493 3245 1561 25,
3274 1496 3484 1549 secund.

1902 1579 1995 1634 LX
2004 1580 2076 1649 Χ)
2106 1598 2119 1634 :
2144 1580 2425 1635 Benedicta
2454 1586 2627 1638 anima
2656 1586 2821 1639 omnis
2844 1586 3099 1656 simplex;
3122 1588 3338 1643 dicente
3359 1589 3485 1642 alibi

1900 1671 2174 1743 Scriptura
2206 1673 2386 1746 (Deut.
2412 1689 2581 1741 xxvn,
2601 1675 2693 1742 26,
2718 1686 2764 1730 et
2790 1676 2907 1730 Gal.
2928 1693 3007 1744 in,
3034 1678 3122 1749 10)
3143 1696 3155 1731 :
3180 1678 3487 1734 Maledicta:

1901 1764 2067 1818 omnis
2088 1764 2239 1817 homo
2261 1766 2350 1835 qui
2381 1782 2481 1820 non
2511 1778 2774 1837 permanet
2803 1769 2857 1822 in
2883 1772 3116 1825 omnibus
3153 1789 3267 1843 qua:
3295 1775 3488 1844 scripta

1829 1875 1875 1934 Β
1902 1864 2023 1909 sunt
2063 1856 2118 1909 in
2148 1854 2276 1910 libro
2299 1856 2446 1927 legis,
2476 1866 2533 1911 ut
2561 1860 2716 1928 faciat
2738 1876 2821 1915 ea.
2855 1861 2991 1917 l‘linc
3022 1862 3344 1927 ostenditur,
3379 1880 3485 1916 non

1904 1959 2027 2001 esse
2048 1946 2451 2014 simplicitatem
2482 1963 2688 2016 veram,
2731 1964 2851 2021 qua:
2898 1951 2989 2006 Dei
3023 1954 3277 2007 mandata
3308 1955 3488 2010 insen-

1903 2044 2021 2089 sata
2052 2036 2344 2092 securitate
2390 2040 2709 2107 contenmit,
2754 2041 2851 2096 sed
2882 2056 3000 2097 eam
3032 2058 3152 2113 qua:
3181 2044 3315 2114 legis
3347 2061 3488 2113 pra:-

1905 2136 2058 2198 cepta
2089 2128 2323 2198 sapienti
2370 2130 2566 2186 timore
2595 2131 2831 2187 custodit
2860 2149 2872 2184 :
2903 2132 3120 2190 dicente
3148 2134 3290 2189 enim
3322 2136 3489 2190 male-

1904 2218 2106 2275 dictum
2126 2234 2248 2275 esse
2267 2235 2390 2274 eum
2413 2221 2504 2291 qui
2530 2236 2635 2276 non
2659 2233 2941 2292 permanet
2963 2224 3014 2278 in
3042 2224 3125 2280 his
3147 2240 3264 2294 qua:
3286 2228 3487 2297 scripta

1904 2319 2059 2375 sunt;
2092 2325 2122 2364 a
2151 2312 2428 2367 contrario
2464 2312 2807 2369 benedictum
2838 2330 2959 2370 esse
2988 2332 3093 2371 non
3126 2318 3238 2372 vult
3260 2319 3351 2389 qui
3381 2336 3487 2377 non

1904 2404 2083 2459 omnia
2116 2412 2383 2474 praecepta
2410 2406 2737 2472 servaverit;
2769 2416 2824 2462 et
2852 2409 2898 2463 si
2928 2409 3103 2463 omnis
3131 2410 3361 2480 simplex
3390 2412 3486 2468 be-

1904 2497 2156 2552 nedictus
2182 2507 2286 2562 est,
2318 2512 2448 2567 ergo
2491 2499 2720 2571 simplex
2752 2499 2841 2556 ille
2870 2508 2953 2557 est
3000 2502 3090 2573 qui
3120 2506 3301 2558 omnia
3346 2521 3486 2576 prae-

1905 2597 2058 2657 cepta
2087 2587 2217 2657 legis
2246 2588 2567 2657 impleverit.

1978 2679 2191 2746 Odisse,
2224 2679 2576 2750 maledicere,
2618 2691 2673 2737 et
2714 2682 2978 2751 invidere,
3017 2687 3257 2755 mentiri,
3307 2689 3488 2745 detra-

1907 2770 2059 2839 here,
2109 2781 2164 2828 et
2206 2772 2621 2831 detrahentibus
2660 2777 2905 2845 credere,
2957 2778 3096 2847 leve,
3148 2790 3241 2837 aut
3282 2783 3487 2838 nullum

1907 2880 2124 2938 putatur
2148 2884 2270 2926 esse
2296 2884 2608 2941 peccatum;
2643 2873 2735 2927 sed
2763 2872 2818 2928 bi
2863 2874 2952 2944 qui
2993 2874 3097 2931 hoc
3120 2884 3306 2945 putant
3336 2879 3488 2935 obliti

1906 2972 2030 3016 sunt
2057 2964 2310 3033 quoniam
2350 2972 2407 3019 et
2452 2964 2587 3022 levis
2616 2964 2873 3034 prmcepti
2902 2966 3178 3023 violationi
3222 2969 3489 3024 obnoxios

1905 3054 2166 3123 gebenna:
2204 3057 2431 3126 legimus
2476 3071 2600 3112 esse
2641 3058 3047 3125 mancipandos.
3087 3060 3300 3117 Dixisse
3343 3064 3486 3118 enim

1908 3145 2193 3200 Dominum
2237 3147 2576 3203 manifestum
2617 3156 2701 3202 est
2736 3148 2949 3219 (Matth.
2980 3166 3032 3215 v,
3057 3150 3202 3221 2‘2):
3242 3153 3486 3219 Quicum-

290 3247 425 3300 lnde
461 3236 979 3316 agnos-cesgviduam
1030 3241 1118 3316 cui
1163 3236 1566 3316 inscribitur__id
1610 3238 1798 3307 Operis
1829 3239 1874 3303 C
1903 3252 1999 3307 que
2030 3238 2213 3291 dixerit
2244 3238 2395 3308 fratri
2431 3255 2547 3309 suo,
2578 3236 2769 3308 Fatue,
2802 3240 2882 3295 vel
2910 3241 3106 3309 Racha,
3142 3260 3256 3297 reus
3284 3247 3378 3298 erit
3402 3263 3483 3316 ge-

216 3316 419 3371 dictam
443 3311 659 3385 quidem
682 3330 709 3367 a
738 3314 1032 3370 Mercatore
1059 3313 1353 3385 Livaniam,
1378 3311 1639 3385 creditam
1665 3324 1801 3364 vero

217 3406 249 3440 a
278 3380 631 3458 quibusdam,
662 3386 743 3439 vel
777 3387 1059 3441 Melaniam
1088 3383 1383 3458 seniorem,
1410 3380 1797 3458 veldulianam

218 3451 465 3513 Ile'morli
510 3457 794 3525 conjugem
838 3472 851 3509 :
886 3469 1181 3525 cognosces
1227 3451 1423 3525 pariter
1470 3451 1683 3525 viduam
1722 3451 1800 3525 ita

218 3529 462 3583 demisse
500 3521 906 3594 aduiaforieque
945 3521 1213 3579 laudatam
1245 3524 1433 3594 tuisse,
1467 3530 1525 3575 ut
1553 3521 1802 3594 Pelagius

219 3600 359 3666 ipse,
390 3598 649 3668 quidquid
695 3599 746 3651 id
787 3605 897 3664 est,
928 3593 1384 3668 erubueritl‘ateri
1425 3608 1605 3657 suum,
1637 3593 1802 3646 immo

221 3663 502 3724 auctorem
540 3663 891 3729 'stultiloqnii
922 3665 1262 3720 damnaverit
1302 3681 1314 3715 ε
1361 3663 1415 3717 in
1462 3678 1569 3729 quo
1622 3673 1801 3717 tamen

221 3741 535 3800 mentitum,
582 3739 704 3794 libri
746 3731 813 3794 ab
854 3737 1156 3807 Augustino
1187 3733 1334 3791 etab
1363 3732 1671 3787 hominibus
1700 3731 1804 3787 lide

222 3811 403 3880 dignis
431 3811 629 3879 Pelagii
657 3808 845 3880 amicis
871 3808 1100 3862 consulti
1128 3808 1442 3880 probarunt.

300 3873 500 3935 Verum
522 3873 591 3936 de
613 3879 775 3934 vidua
799 3880 1032 3935 occurrit
1055 3873 1215 3933 modo
1236 3875 1543 3943 conjectura
1569 3889 1674 3927 non
1706 3873 1805 3928 im-

223 3951 542 4018 probabilis,
569 3953 737 4019 ipsam
762 3949 1012 4005 nimirum
1041 3963 1182 4012 esse,
1202 3948 1291 4019 vel
1315 3945 1581 4019 Juliinam
1612 3945 1805 4019 Deme-

225 4016 419 4077 iriadis
462 4016 708 4087 matrem,
747 4021 834 4075 vel
878 4019 1124 4076 Albinam
1153 4016 1359 4073 Piniaui
1404 4031 1640 4075 socrum.
1669 4016 1803 4071 Nam

223 4093 369 4156 quod
400 4093 467 4148 ad
497 4091 762 4147 Julianam
794 4100 1021 4158 spectat,
1054 4088 1311 4145 credibile
1336 4099 1413 4140 est
1448 4088 1616 4156 ipsam
1640 4102 1667 4140 a
1698 4088 1803 4141 Pe-

224 4164 370 4233 lagio
412 4164 722 4232 poposcisse
752 4157 955 4217 idcirco
989 4159 1312 4233 Demetriadi
1352 4157 1472 4233 (ilia:
1514 4159 1806 4233 institutio-

224 4228 349 4287 ne'm
381 4228 621 4305 virginis,
653 4234 774 4303 quia
821 4234 1027 4305 virtute
1049 4232 1197 4305 prius
1222 4230 1475 4305 regulam
1501 4229 1569 4305 ab
1613 4228 1805 4305 eodem

224 4299 542 4373 accepissét.
579 4299 716 4369 Quid
747 4302 887 4368 quod
914 4303 980 4356 ad
1001 4299 1266 4357 Julianam
1298 4300 1367 4373 de
1391 4299 1651 4373 viduitate
1672 4299 1807 4354 scri-

224 4369 455 4442 pserunt
500 4376 682 4445 plures
725 4374 848 4440 viri,
900 4372 1255 4445 decirinaget
1299 4371 1496 4439 pietate
1544 4369 1801 4445 insignes,

223 4461 364 4514 quos
410 4441 547 4499 inter
577 4445 746 4499 videri
791 4445 956 4499 voluit
999 4442 1272 4512 Pelagius,
1318 4455 1442 4495 cum
1492 4454 1591 4514 sua
1636 4441 1804 4514 ipsius

224 4509 484 4583 vanitate,
507 4526 618 4570 tum
636 4516 890 4570 nonnulla
911 4530 1035 4584 erga
1057 4509 1410 4584 Augustirium
1435 4509 1805 4584 :etnulatione?

221 4586 344 4640 .Iam
377 4602 508 4642 vero
534 4587 729 4642 Albina
756 4582 1115 4655 Pelagio‘jam
1154 4582 1269 4637 tum
1299 4582 1485 4655 Romge
1510 4582 1805 4655 conSiituto

221 4659 517 4723 conjuncta
566 4666 703 4725 erat,
735 4657 823 4727 piu
870 4651 1101 4724 quodam
1152 4652 1487 4727 necessitatis
1539 4651 1797 4727 vinculo:

224 4730 371 4781 unde
387 4730 565 4782 statim
588 4744 650 4781 ac
674 4722 844 4796 ipsum
861 4722 1005 4781 licuit
1019 4739 1202 4796 coram
1219 4723 1369 4796 aliari
1388 4722 1799 4796 Hierosolymis,

224 4800 497 4854 instanter
516 4800 626 4868 egit
649 4792 706 4853 ut
734 4797 986 4851 invidiam
1014 4795 1237 4849 hieresis
1258 4794 1374 4868 sibi
1388 4793 1581 4848 laetam
1611 4792 1805 4848 amoli-

223 4879 398 4937 retur,
422 4870 490 4923 ab
511 4865 679 4937 eoque
704 4868 990 4933 expressit,
1020 4881 1124 4937 non
1140 4865 1540 4937 confessionem
1573 4873 1809 4937 tantum,

223 4955 351 5008 quin
380 4933 557 5010 capite
588 4933 761 5005 primo
789 4939 913 4993 libri
943 4936 1097 5007 primi
1121 4934 1388 5010 deﬁratia
1411 4933 1610 5010 Christi
1632 4933 1806 5010 conti-3

223 5005 409 5075 rietnr,
449 5005 546 5065 sed
589 5010 728 5065 forte
774 5005 953 5065 etiam
981 5016 1150 5062 totum
1194 5005 1248 5061 id
1298 5007 1625 5076 purgationis
1662 5005 1805 5075 quod

220 5079 455 5135 Romam
487 5081 656 5136 misit.

303 5152 443 5218 Quid
474 5155 518 5205 si
550 5153 656 5206 duo
686 5150 883 5206 fuerint
910 5150 1030 5204 libri
1055 5148 1119 5202 ad
1162 5146 1410 5213 Viduam,
1443 5147 1577 5201 alter
1606 5160 1807 5218 conso—

227 5217 478 5287 latorius,
504 5222 640 5277 alter
659 5220 1077 5283 exliortatorius,
1107 5228 1162 5273 et
1192 5229 1418 5287 uterque
1442 5218 1510 5271 ad
1536 5217 1802 5271 Julianam

226 5294 468 5358 aliquam
516 5294 711 5347 missus
748 5292 986 5355 dicatur;
1029 5290 1122 5345 sed
1165 5291 1561 5343 consolatorius
1591 5287 1656 5358 ad
1700 5288 1806 5341 Me-

228 5357 388 5418 morii
419 5364 732 5433 coniugem,
773 5362 1191 5433 exhortatorias
1206 5360 1272 5433 ad
1305 5357 1807 5433 Demetriadis_tna-

228 5442 410 5489 trem:
441 5428 617 5489 neutri
653 5428 801 5490 certe
829 5433 1140 5500 inscriptum
1173 5431 1334 5485 fuisse
1372 5444 1569 5484 nomen
1602 5428 1804 5491 vidum,

226 5513 446 5562 constat
467 5520 533 5560 ex
555 5505 739 5561 codice
759 5519 917 5573 quem
944 5503 1274 5573 AuguStinus
1296 5501 1456 5568 legit:
1483 5513 1806 5573 quamquam

233 5576 403 5631 videri
440 5584 619 5645 potest
665 5568 797 5629 levis
847 5583 955 5627 tota
1002 5568 1118 5645 hinc
1147 5571 1451 5645 conjectura
1492 5568 1561 5624 de
1601 5568 1811 5645 duobus

232 5646 410 5708 libris,
441 5639 578 5701 'eum
625 5661 765 5700 unus
809 5642 1046 5716 potuerit
1075 5639 1475 5716 simuILesseet
1498 5639 1811 5716 consolato-

233 5715 351 5771 rius
381 5718 436 5772 in
466 5718 617 5773 obitu
664 5716 791 5784 viri,
811 5709 888 5768 'et
928 5712 1326 5769 exbortatorius
1352 5710 1416 5764 ad
1462 5711 1624 5784 vitam
1650 5709 1811 5784 _vidua

236 5780 797 5869 christianadignam'.
825 5784 929 5869 βοά
979 5784 1118 5839 istud
1166 5784 1322 5869 longe
1353 5782 1615 5869 gravius,“
1650 5780 1814 5869 immo

240 5860 372 5917 tanti
418 5853 691 5931 ponderis,
732 5867 790 5916 ut
820 5857 934 5915 fere
981 5870 1067 5914 me
1110 5863 1281 5925 cogat,
1333 5853 1546 5911 deserta
1589 5853 1816 5923 pristina

1906 3328 2106 3383 Itemtte.

1975 3422 2223 3478 Inveniat
2271 3424 2411 3493 apud
2464 3426 2725 3496 te’pietas
2771 3441 2929 3495 quem
2973 3442 3235 3499 nusquam
3281 3428 3489 3484 invenit

1904 3512 2112 3578 locum;
2162 3513 2403 3571 inveniat
2447 3515 2645 3584 ubique
2689 3517 2974 3587 peregrina
3021 3517 3161 3587 apud
3208 3530 3258 3573 te
3304 3519 3487 3574 sedem

1899 3603 2110 3673 justitia
2152 3604 2290 3674 (Lib.
2320 3605 2384 3659 de
2424 3605 2567 3660 ϐεδε.
2600 3606 2814 3660 Palwst.
2845 3622 2891 3661 c.
2926 3606 2981 3676 6)
3012 3625 3024 3660 :
3057 3610 3277 3673 veritas,
3327 3624 3487 3677 quam

1900 3696 2012 3765 jam
2044 3712 2202 3765 nemo
2239 3698 2539 3766 cognoscit,
2572 3696 2868 3751 domestica
2909 3698 3001 3751 tibi
3047 3707 3099 3752 et
3141 3700 3313 3753 amica
3361 3701 3486 3767 liat;

1907 3787 1993 3841 lex
2036 3787 2153 3853 Dei,
2183 3803 2303 3857 qua:
2334 3788 2401 3841 ab
2428 3787 2680 3842 omnibus
2709 3802 2877 3857 prope
2909 3789 3218 3844 hominibus
3248 3801 3489 3846 contem~

1907 3878 2071 3943 nitur,
2103 3894 2133 3931 a
2176 3888 2230 3932 te
2256 3878 2372 3933 sola
2403 3877 2719 3934 lionoretur.

1976 3970 2021 4025 0
2059 3980 2112 4024 te
2149 3969 2363 4025 felicem
2409 3980 2464 4025 et
2502 3970 2734 4038 beatam,
2775 3972 2822 4026 si
2853 3970 3080 4041 justitia,
3121 3989 3237 4042 qnze
3269 3973 3319 4027 in
3351 3976 3490 4029 coelo

1908 4070 2112 4117 tantum
2140 4078 2261 4118 esse
2292 4064 2563 4120 credenda
2595 4073 2697 4133 est,
2733 4065 2873 4136 apud
2908 4074 2960 4120 te
2983 4065 3154 4120 solam
3184 4066 3489 4122 inveniatur

1907 4155 1960 4210 in
1990 4155 2178 4210 terris!

1979 4248 2071 4304 lllc
2098 4251 2242 4305 enim
2269 4252 2464 4306 merito
2485 4250 2551 4305 ad
2578 4251 2748 4305 Deum
2776 4251 2989 4305 extollit
3020 4264 3230 4316 manus,
3257 4250 3345 4305 illc
3370 4265 3489 4319 pre-

1906 4355 1998 4397 ces
2026 4342 2166 4397 bona
2209 4344 2543 4399 conscientia
2582 4342 2776 4409 tundit,
2810 4342 2900 4412 qui
2940 4352 3115 4413 potest
3148 4341 3332 4399 dicere
3363 4362 3377 4398 :
3408 4342 3489 4399 Tu

1905 4434 2049 4489 enim
2080 4434 2244 4503 nosti,
2284 4434 2535 4500 Domine,
2566 4449 2725 4505 quam
2759 4447 2981 4502 sanetw,
3025 4450 3184 4505 quam
3235 4436 3489 4492 innocen-

1908 4538 2011 4597 tes,
2048 4544 2209 4599 quam
2239 4541 2389 4599 purae
2432 4528 2545 4583 sint
2586 4527 2652 4582 ab
2679 4530 2823 4582 omni
2864 4527 3076 4595 fraude,
3107 4536 3162 4584 et
3194 4528 3409 4599 injuria,
3438 4540 3491 4584 et

1833 4611 2120 4691 Drapina,
2161 4637 2299 4693 quas
2342 4621 2408 4677 ad
2458 4630 2511 4676 te
2550 4618 2797 4690 e'xpando
2844 4636 3035 4675 manus
3070 4639 3081 4673 :
3126 4636 3284 4690 quam
3320 4621 3487 4689 justa,

1907 4729 2067 4785 quam
2095 4713 2439 4770 immaculata
2462 4712 2627 4791 labia,
2654 4724 2707 4768 et
2732 4714 2799 4769 ab
2820 4713 2967 4768 omni
2995 4712 3271 4769 mendacio
3298 4713 3487 4781 libera,

1908 4806 2104 4876 quibus
2137 4806 2250 4873 tibi,
2281 4816 2337 4862 ut
2363 4806 2494 4861 mihi
2527 4806 2857 4868 miserearis,
2888 4805 3050 4859 tundo
3082 4819 3290 4872 preces.

1982 4897 2114 4953 Hart:
2144 4899 2303 4968 paulo
2324 4899 2475 4953 aliter
2494 4897 2545 4951 in
2566 4898 2695 4951 libro
2720 4897 2783 4950 de
2805 4895 2974 4951 Gestis
3000 4895 3294 4950 Palaestinis
3315 4896 3490 4967 legun-

1910 5000 2015 5046 tur.
2039 4991 2132 5046 llle
2162 4990 2227 5046 ad
2253 4990 2423 5047 Deum
2453 4990 2612 5060 digne
2634 4991 2813 5044 elevat
2833 5004 3041 5053 manus,
3074 4989 3167 5042 ille
3190 4988 3490 5043 orationem

1912 5084 2051 5139 bona
2098 5084 2426 5138 conscientia
2475 5082 2722 5146 effundit,
2772 5080 2860 5150 qui
2910 5088 3086 5150 potest
3128 5079 3309 5135 dicere
3351 5098 3364 5134 :
3412 5078 3497 5151 Tu

1916 5178 2079 5242 nosti,
2105 5176 2351 5241 Domine,
2384 5191 2544 5246 quam
2571 5185 2772 5230 sancta:
2800 5174 3184 5231 etinnocentes
3204 5182 3261 5228 et
3282 5173 3492 5228 munda:

1910 5273 2017 5325 sint
2047 5271 2114 5325 ab
2148 5270 2294 5323 omni
2338 5271 2564 5332 malitia,
2596 5279 2651 5322 et
2690 5267 2993 5338 iniquitate,
3024 5276 3078 5321 et
3122 5264 3328 5335 rapina,
3362 5280 3493 5335 quas

1909 5359 1974 5414 ad
1997 5369 2047 5415 te
2070 5359 2308 5416 extendo
2330 5374 2548 5413 manus:
2571 5357 3023 5435 quemadmodum
3043 5355 3274 5426 justa,et
3298 5355 3493 5410 munda

1905 5451 2074 5518 labia,
2105 5461 2158 5507 et
2182 5451 2250 5506 ab
2275 5451 2421 5504 omni
2453 5450 2736 5506 mendacio
2766 5449 2954 5514 libera,
2984 5446 3181 5518 quibus
3204 5444 3372 5502 otl‘ero
3398 5445 3494 5502 tibi

1913 5544 2373 5613 deprecationem,
2408 5551 2466 5597 ut
2495 5542 2625 5596 mihi
2659 5540 2990 5596 miserearis.

2468 5679 2621 5734 Liber
2649 5679 2712 5731 de
2731 5677 2960 5732 Natura.

1991 5775 2224 5844 llujuscc
2250 5773 2431 5845 operis
2453 5771 2698 5845 meminit
2717 5768 3047 5845 Augustinus
3070 5743 3240 5845 tribus
3261 5765 3494 5845 maxime

1919 5850 1973 5906 in
2006 5836 2178 5917 libris,
2210 5836 2300 5903 de'
2321 5843 2519 5901 Natura
2548 5851 2601 5899 et
2638 5836 2837 5909 Gratia,
2878 5839 2944 5897 de
2985 5839 3165 5903 Gestis
3193 5836 3491 5894 Palaestinis
