3962 6180
409 303 513 363 539

883 303 972 357 AD
1004 299 1285 358 PARTEM
1316 298 1582 366 PRIMA)!
1612 297 1896 354 OPERUM
1929 297 1998 364 Μ.

2112 295 2471 354 ΖΒΟᾹΤΟΙὶΙΞ
2502 296 2846 351 APPENDiX
2878 297 3221 366 SECUNDA.

3567 303 3670 358 (00

411 437 510 490 ttztp
556 420 643 485 55,
678 419 1136 490 Retractationum
1169 432 1290 486 cap.
1314 418 1367 490 4Γ
1401 417 1750 490 Meminerant
1776 428 1988 484 quoque
2017 418 2067 475 Α
2094 410 2277 481 Longe
2316 426 2444 466 vero
2485 410 2710 465 seeleris
2749 411 2930 464 minus
2968 420 3051 465 est
3094 411 3373 482 culparum
3404 428 3596 469 causas
3624 419 3671 469 iu

412 487 654 565 hjevircr
705 491 929 546 Orisus
972 489 1028 542 in
1086 489 1464 558 Apologetico,
1523 497 1579 542 et
1627 487 1987 565 lliermnymus

411 563 537 615 dial.
567 561 619 613 3.

483 631 850 698 Compositum
880 639 963 684 est
998 647 1026 684 a
1069 630 1285 700 Pelagio
1333 632 1382 684 in
1425 627 1740 700 Sicilia,ch
1771 627 1983 700 Aniani,

411 703 491 754 vel
523 700 762 755 Ctelestii
786 717 969 769 opera.
995 698 1358 770 traditumque
1387 701 1522 755 clam
1555 699 1674 752 ﬁdis
1711 698 1984 770 manibus;

412 771 552 825 υηιιε
577 788 606 825 a
642 772 845 826 Jacobo
875 780 930 826 et
951 772 1208 835 Timasio,
1234 769 1663 825 adolescentibus
1690 769 1900 822 duobus
1921 769 1987 819 ad

410 841 532 894 vite
559 844 849 896 sanctioris
878 843 1111 897 studium
1134 843 1514 896 exhortatione
1544 840 1740 909 Pelagii
1763 854 1987 891 conver-

409 913 506 982 sis,
540 922 698 982 atque
727 929 966 967 errorem
995 928 1119 968 cum
1149 914 1360 976 pietatis
1400 914 1644 965 instituto
1685 909 1986 982 imhihituin

412 979 674 1047 deductis,
721 984 1019 1049 Augustino
1060 984 1302 1050 missum,
1335 999 1363 1036 a
1393 997 1500 1052 quo
1530 982 1667 1035 libro
1696 982 1761 1034 de
1792 979 1987 1034 Natura

411 1064 466 1108 et
493 1053 674 1107 Gratia
704 1054 1040 1107 confutatam
1069 1064 1171 1107 est.

484 1125 701 1188 Librum
736 1123 877 1179 hunc
915 1125 1150 1192 episcopi
1184 1123 1419 1179 Africani
1452 1125 1683 1191 qtlinqtze
1723 1138 1844 1176 cum
1877 1121 1990 1173 suis

411 1194 607 1248 litteris
651 1195 716 1248 ad
746 1196 1113 1248 innocentium
1144 1210 1333 1263 papam
1363 1197 1640 1262 legendum
1676 1194 1990 1246 transmise-

411 1275 557 1318 runt.
592 1266 832 1327 Misimus
874 1267 1162 1321 rever-entire
1198 1277 1298 1319 ture
1328 1266 1534 1328 librant,
1564 1281 1712 1332 quem
1741 1265 1990 1316 dederunt

412 1337 619 1399 quidam
649 1335 874 1405 religiosi
902 1349 946 1390 et
973 1335 1168 1402 honesti
1197 1337 1541 1396 adolescentes
1563 1336 1691 1389 servi
1725 1335 1836 1400 Dei,
1861 1351 1989 1405 quo-

411 1422 528 1458 rum
559 1407 709 1460 etiam
732 1403 938 1459 nomina
969 1424 1069 1460 non
1101 1418 1356 1468 tacemus,
1389 1423 1508 1460 nam
1540 1405 1796 1458 Timasius
1828 1415 1872 1456 et
1898 1403 1989 1457 Ja-

412 1476 565 1531 CObus
607 1488 868 1542 vocantur,
909 1479 1020 1546 qui,
1074 1478 1203 1530 sicut
1240 1479 1550 1542 audivimus,
1602 1486 1649 1528 et
1685 1478 1798 1544 jam
1845 1491 1993 1527 nosse

412 1546 664 1619 dignaris,
691 1549 852 1617 ipsius
884 1546 1088 1618 Pelagii
1116 1548 1467 1602 ea'ltortatione
1494 1564 1633 1619 spem
1652 1562 1803 1615 quam
1832 1547 1989 1619 liabe-

412 1617 534 1667 bant
578 1619 632 1669 in
672 1616 859 1687 saeculo
908 1616 1236 1687 reliquerunt,
1275 1629 1323 1671 et
1370 1616 1848 1671 nunc'continenter
1887 1616 1994 1670 Deo

412 1688 656 1739 serviunt.
691 1686 790 1752 Qui
811 1704 925 1741 cum
955 1691 1129 1742 eodem
1159 1705 1330 1742 errore
1356 1691 1560 1742 tondent
1597 1689 1872 1756 aliquando
1904 1704 1995 1758 per

2090 503 2300 572 negotia
2333 504 2624 558 transferre
2671 519 2831 573 quam
2872 505 2925 557 in
2967 504 3380 573 humanitatem,
3430 523 3554 561 cum
3587 525 3676 564 nec

2088 594 2230 663 gotia
2267 608 2388 648 sors
2422 601 2481 647 ut
2526 593 2815 662 plurimum
2858 595 2940 646 vel
2989 595 3267 650 hominum
3314 598 3675 667 imprudentis

2092 687 2364 757 implicet;
2413 698 2656 740 naturam
2712 686 2874 754 Deus,
2918 687 3008 758 qui
3059 690 3230 743 bonus
3258 699 3310 744 et
3354 691 3537 760 justus
3573 704 3672 760 est,

2090 778 2413 834 condiderit.

2163 868 2349 938 (lbid.,
2382 886 2500 940 cap.
2525 869 2601 940 7).
2657 869 2828 940 Igitur
2872 872 3134 926 adversus
3179 889 3272 928 eos
3305 876 3393 943 qui
3444 877 3677 944 peccatis

2091 958 2201 1012 suis
2227 960 2582 1028 patrocinium
2609 961 2674 1015 de
2700 972 2906 1018 natura:
2934 964 3182 1019 humana:
3210 967 3527 1022 inﬁrmitate
3552 983 3675 1037 per-

2090 1053 2329 1121 quirunt,
2363 1053 2484 1108 dico
2517 1069 2674 1123 posse
2705 1070 2828 1110 esse
2856 1056 3131 1111 hominem
3160 1059 3278 1113 sine
3310 1069 3554 1126 peccato,
3588 1078 3680 1114 na-

2089 1154 2356 1215 turamque
2375 1147 2448 1198 ita
2473 1147 2733 1200 conditam
2749 1163 2781 1201 a
2804 1147 2934 1213 Deo,
2961 1159 3015 1201 ut
3045 1150 3340 1203 necessitate
3364 1168 3466 1205 non
3487 1164 3676 1222 peccet,

2091 1238 2180 1290 sed
2207 1238 2489 1292 uoluntate.
2539 1239 2705 1308 Atque
2733 1249 2786 1292 ut
2811 1241 3025 1311 quwstio
3048 1243 3246 1296 ratione
3278 1252 3544 1308 tractetur,
3577 1258 3679 1298 sta-

2093 1331 2182 1394 tim
2211 1329 2357 1382 initio
2387 1330 2806 1400 distinguendum
2837 1341 2932 1396 est,
2983 1331 3128 1385 aliud
3171 1347 3292 1388 esse
3331 1349 3582 1403 qua‘rere
3611 1350 3677 1391 au

2095 1420 2264 1488 possit
2311 1419 2510 1490 aliquid
2557 1435 2698 1488 esse,
2741 1422 2881 1489 quod
2933 1423 2998 1476 ad
3047 1425 3218 1477 solam
3265 1424 3675 1492 possibilitatem

2095 1512 2359 1580 pertinet;
2407 1512 2550 1565 aliud
2585 1522 2834 1566 utrumne
2879 1515 2965 1566 sit.
3019 1513 3128 1567 Nos
3158 1515 3227 1568 de
3255 1515 3367 1569 sola
3397 1516 3676 1584 possibili-

2099 1613 2206 1658 tate
2237 1613 2549 1670 tractamus,
2601 1606 2666 1660 de
2691 1621 2792 1675 qua
2830 1605 2929 1659 nisi
2963 1605 3093 1674 quid
3123 1615 3330 1661 certum
3352 1610 3672 1674 constiterit,

2099 1697 2399 1766 transgredi
2431 1698 2496 1751 ad
2541 1696 2687 1752 aliud
2734 1696 3110 1766 gravissimum
3153 1712 3276 1754 esse
3317 1709 3480 1768 atque
3531 1711 3673 1754 extra

411 1759 1088 1849 testistestis,9W.
1119 1769 1382 1849 nostri?»
1667 1772 1994 1849 .1":‘P’ff"_'f‘ft
2026 1791 2072 1849 Β
2098 1787 2340 1843 ordinem
2363 1789 2630 1844 ducimus.

413 1829 728 1900 caruissent,
769 1829 1088 1898 protulerunt
1131 1831 1365 1884 eumdem
1406 1831 1612 1894 librum,
1659 1830 1860 1900 Petagii
1888 1845 1996 1881 esse

412 1897 658 1972 (formes,
691 1913 735 1953 ct
772 1897 825 1953 ut
853 1903 900 1968 ei
936 1903 1342 1972 responderetur,
1380 1903 1640 1970 impendio
1668 1897 1990 1972 ivga—verunt.

413 1964 635 2043 factum
673 1979 792 2043 est,
816 1965 883 2024 ατί
925 1964 1123 2026 eosdem
1162 1973 1409 2043 rescripta
1448 1964 1519 2026 est
1559 1974 1671 2043 ipsa
1710 1964 1991 2043 responsio.

411 2040 633 2113 Agentes
659 2042 854 2113 gratias
888 2048 1277 2112 rescripseram.
1331 2040 1614 2113 Utrumque
1655 2040 1902 2104 misimus,
1949 2055 1996 2093 et

414 2112 498 2161 cui
526 2112 832 2176 respOnsum
871 2123 962 2178 est,
1004 2124 1053 2167 et
1092 2114 1229 2184 quod
1265 2112 1566 2180 responsum
1595 2123 1669 2166 est
1699 2130 1716 2164 .·
1745 2123 1792 2165 et
1824 2129 1886 2165 ne
1915 2114 1997 2184 ni-

415 2184 572 2255 mium
616 2198 835 2255 essemus
884 2183 1113 2248 onerosi,
1153 2186 1302 2255 signa
1338 2186 1549 2255 fecimus
1593 2186 1672 2238 liis
1721 2185 1865 2255 locis,
1913 2183 1997 2235 ubi

413 2252 631 2326 petimus
658 2251 905 2326 inspicere
932 2271 1035 2307 non
1061 2251 1304 2326 graveris,
1330 2251 1762 2325 quemadmodum
1788 2254 1884 2306 sibi
1908 2254 1969 2306 ob
1987 2283 1998 2292 -

414 2325 548 2391 iectu
575 2324 854 2391 quazstt'one
891 2328 1026 2392 quod
1056 2324 1276 2394 gratiam
1307 2324 1399 2379 Dei
1422 2337 1645 2394 negaret,
1679 2327 1750 2376 ita
1781 2341 1994 2394 respon-

415 2394 591 2463 ttit,‘ut
627 2409 740 2446 eam
768 2410 874 2449 esse
905 2412 1005 2450 non
1043 2398 1231 2450 diceret
1275 2397 1377 2449 nisi
1416 2409 1650 2450 naturam
1697 2397 1748 2448 in
1777 2412 1875 2463 qua
1907 2413 1997 2448 nos

414 2462 640 2515 condidit
667 2463 823 2532 Deus.

488 2535 788 2602 Rescripsit
817 2552 1056 2592 summus
1087 2539 1348 2606 pontifex,
1375 2547 1427 2592 et
1453 2539 1591 2594 libro
1615 2553 1770 2603 quell!
1795 2537 2000 2600 ιοςςοτειι

415 2617 700 2677 eensurani
726 2608 1091 2675 gravissimam
1125 2610 1334 2662 inussit.
1369 2608 1597 2677 (l’alrol.
1629 2618 1754 2660 tom.
1784 2607 1877 2661 XX
1897 2611 1995 2660 col.

417 2673 568 2740 595).
603 2673 836 2750 Librum,
878 2677 1077 2746 inquit,
1117 2681 1204 2744 qui
1233 2683 1343 2750 ejus
1373 2673 1480 2731 esse
1530 2679 1814 2741 dicebatur,
1859 2677 1999 2750 nobis

421 2753 638 2818 nvestra
664 2746 911 2801 cltaritate
933 2746 1287 2802 transmissum
1317 2750 1604 2812 evolvinms,
1635 2751 1688 2801 in
1714 2766 1813 2818 quo
1835 2747 1998 2801 multa

418 2815 754 2889 blaspltemia,
788 2818 918 2871 nihil
959 2821 1098 2886 quod
1123 2819 1367 2889 placeret,
1401 2821 1530 2872 nihil
1557 2821 1693 2888 quod
1726 2815 1830 2872 non
1859 2822 2001 2889 peni-

419 2895 503 2960 tus
525 2886 831 2960 displiceret,
865 2905 896 2941 a
917 2890 1094 2958 quovis
1115 2886 1464 2943 damnandum
1491 2886 1639 2960 atque
1668 2886 1995 2957 eulcandmn,

420 2959 505 3007 cui
531 2956 741 3029 similia,
774 2961 871 3011 nisi
900 2956 991 3029 qui
1010 2962 1107 3013 ista
1126 2962 1420 3028 scripserat,
1445 2956 1589 3014 nemo
1616 2962 1744 3014 alter
1771 2963 1824 3013 in
1855 2977 1997 3013 men-

423 3027 803 3100 tentreciperet,
829 3027 976 3100 atque
995 3032 1220 3086 sentiret.

497 3098 572 3150 lix
613 3098 752 3152 libro
800 3098 969 3156 sancti
1019 3103 1301 3172 Augustini
1347 3102 1416 3156 de
1464 3103 1662 3157 Natura
1715 3112 1772 3158 et
1813 3104 1995 3158 Gratia

2171 1878 2314 1934 Idem
2367 1881 2560 1934 iterum
2610 1891 2817 1951 repeto.
2872 1881 2982 1950 Ego
3012 1881 3134 1938 dico
3166 1896 3322 1950 posse
3348 1897 3475 1938 esse
3503 1883 3675 1938 homi-

2098 1987 2220 2026 nem
2271 1972 2390 2027 sine
2431 1983 2673 2041 peccato.
2719 1972 2798 2026 Tu
2839 1971 2967 2042 quid
3003 1973 3172 2027 dicis?
3207 1972 3322 2027 Non
3363 1989 3523 2043 posse
3561 1990 3677 2029 esse

2098 2064 2370 2119 hominem
2391 2065 2510 2120 sine
2532 2075 2769 2134 peccato.
2791 2064 2977 2135 Neque
3001 2080 3101 2134 ego
3121 2065 3242 2119 dico
3264 2064 3538 2120 hominem
3561 2081 3676 2120 esse

2098 2157 2216 2212 sine
2244 2167 2483 2226 peccato,
2515 2173 2688 2228 neque
2718 2167 2773 2211 tu
2800 2156 2934 2212 dicis
2963 2172 3071 2212 non
3100 2171 3220 2212 esse
3261 2156 3534 2212 hominem
3565 2158 3679 2213 sine

2101 2261 2340 2318 peccato.
2393 2251 2467 2305 De
2495 2265 2654 2319 posse
2691 2260 2744 2304 et
2766 2265 2870 2304 non
2903 2265 3083 2320 posse,
3117 2267 3221 2305 non
3253 2251 3320 2305 de
3343 2265 3465 2306 esse
3487 2261 3540 2304 et
3575 2267 3678 2303 non

2099 2356 2240 2404 esse,
2289 2342 2686 2397 contendimus.
2728 2341 2860 2395 Nam
2891 2326 3066 2395 nullus
3103 2342 3319 2394 mundus
3356 2351 3428 2394 est
3463 2359 3496 2393 a
3532 2344 3682 2394 sorde

2102 2431 2240 2502 (Job.
2267 2448 2375 2497 xxv,
2394 2431 3044 2503 4,secundumLXX);et,
3070 2450 3169 2485 non
3193 2443 3265 2485 est
3288 2432 3558 2501 homo,qui
3580 2449 3683 2484 non

2102 2535 2268 2592 peccet
2299 2524 2389 2596 (Ill
2419 2525 2545 2596 Reg.
2576 2541 2688 2584 vin.
2723 2523 2852 2594 46);
2884 2536 2968 2589 et,
3001 2542 3099 2578 non
3145 2534 3216 2578 est
3238 2528 3414 2594 justus
3438 2525 3490 2577 in
3515 2534 3682 2586 terra;

2101 2628 2175 2680 et,
2200 2635 2302 2671 non
2329 2627 2402 2671 est
2429 2619 2518 2686 qui
2546 2618 2708 2680 faciat
2739 2618 2922 2670 bonum
2957 2616 3124 2688 (Psal.
3161 2633 3271 2678 xm,
3292 2619 3378 2685 9.).
3410 2627 3464 2670 et
3485 2627 3682 2670 ett-tera

2103 2711 2186 2766 his
2211 2710 2431 2776 similia,
2477 2711 2542 2762 ad
2594 2727 2698 2765 non
2746 2725 2889 2774 esse,
2923 2727 3027 2765 non
3076 2710 3140 2762 ad
3191 2725 3296 2763 nou
3331 2724 3488 2778 posse
3525 2711 3684 2778 proli-

2101 2805 2269 2860 ciunt.
2300 2804 2618 2873 Hujusmodi
2650 2805 2794 2859 enim
2839 2803 3100 2872 exemplis
3151 2803 3449 2858 ostenditur
3497 2803 3684 2870 quales

2103 2897 2352 2953 homines
2377 2897 2590 2967 quidam
2623 2907 2866 2966 tempore
2911 2896 3092 2965 aliqua
3134 2895 3365 2959 fuerint;
3397 2911 3501 2950 non
3541 2894 3683 2963 quod

2101 2988 2247 3043 aliud
2275 3002 2396 3044 esse
2425 3003 2532 3042 non
2577 2983 2869 3056 potuerint,
2907 2987 3047 3040 unde
3085 2997 3136 3042 ct
3175 2987 3301 3053 jure
3341 2987 3684 3039 inveniuntur

2103 3093 2225 3134 esse
2251 3077 2568 3148 culpabiles.
2610 3077 2740 3132 Nam
2785 3078 2829 3131 si
2862 3077 3067 3131 idcirco
3111 3077 3243 3131 tales
3295 3077 3525 3140 fuewut,
3555 3077 3685 3144 quia

429 3181 742 3241 excerptum
785 3167 1130 3236 exhibemus,
1159 3174 1336 3227 addita
1369 3175 1680 3241 putatione
1710 3191 1774 3227 ex
1823 3175 2002 3229 Sallu-
2029 3167 2074 3228 C
2104 3171 2250 3226 aliud
2281 3187 2401 3227 esse
2431 3187 2536 3225 non
2566 3181 2877 3240 potuerunt,
2908 3173 3068 3239 culpa
3096 3179 3306 3225 carent.

426 3239 550 3313 stio,
583 3241 724 3313 unde
751 3253 1022 3313 sumptam
1051 3244 1216 3297 tradit
1243 3239 1598 3313 Augustinus,
1624 3245 1818 3299 additis
1840 3247 2003 3298 etiam

425 3309 576 3382 aliis,
609 3312 702 3364 sed
751 3309 1040 3367 admodum
1083 3316 1288 3382 paucis,
1321 3309 1440 3382 quin
1469 3317 1535 3368 ad
1579 3330 1795 3370 sensum
1843 3317 2003 3382 perli-

424 3380 673 3453 ciendum
709 3383 1010 3438 necessaria
1040 3380 1154 3442 visa
1178 3396 1300 3438 sunt
1323 3380 1350 3439 ί
1369 3384 1465 3440 sed
1499 3387 1614 3440 lucc
1649 3387 1763 3453 ipsa
1787 3380 2004 3440 diverso

421 3451 754 3515 charactere,
786 3467 854 3508 ne
882 3453 1121 3509 fraudem
1154 3453 1414 3522 lacerent,
1442 3468 1623 3510 nctata
1645 3451 1788 3522 sunt.

490 3628 650 3700 (Aug.
681 3630 770 3684 lib.
813 3631 874 3686 de
912 3630 1040 3686 Nat.
1072 3642 1117 3686 et
1144 3632 1292 3688 Crat.
1329 3651 1444 3704 cap.
1479 3634 1559 3706 1.)
1605 3635 1742 3689 Sunt
1767 3635 1856 3705 qui
1883 3650 2005 3689 cum

426 3722 476 3774 in
518 3723 632 3777 suis
665 3725 898 3793 peccatis
928 3725 1216 3781 humanam
1259 3727 1589 3783 voluntatem
1621 3743 1879 3783 accusare
1907 3726 2002 3780 de-

423 3815 604 3882 beant,
660 3828 908 3872 naturam
970 3819 1148 3889 potius
1191 3829 1512 3876 accusantes
1558 3821 1856 3886 hominum,
1913 3835 2007 3888 per

425 3906 569 3970 illam
625 3922 684 3963 se
727 3893 991 3964 excusare
1043 3921 1328 3964 conantur.
1388 3910 1500 3964 Nec
1546 3911 1765 3964 audiunt
1806 3911 2008 3964 interim

427 3997 775 4067 Scripturam,
804 4017 917 4070 qua:
944 4017 1060 4054 cum
1099 4001 1332 4056 omnibus
1375 4002 1574 4073 paginis
1605 4001 1768 4054 Deum
1807 4002 2006 4069 laudat,

425 4108 554 4157 opus
591 4092 820 4146 divinum
847 4093 1083 4160 absolvit,
1112 4103 1448 4162 naturamque
1469 4095 1694 4148 criminis
1717 4110 1901 4162 puram
1921 4095 2010 4148 de-

425 4181 611 4239 claraf.

500 4275 561 4330 Si
580 4276 761 4329 saltem
791 4279 1030 4332 audirent
1057 4279 1263 4350 gentilis
1287 4280 1506 4334 hominis
1526 4280 1695 4334 verba.
1724 4279 1904 4342 Falso,
1931 4281 2012 4337 iu-

425 4369 535 4436 qttit
581 4366 670 4419 ille
692 4367 1004 4440 (Sallustius
1029 4373 1083 4424 in
1111 4373 1245 4441 prol.
1271 4371 1404 4426 Belli
1442 4371 1738 4444 Jugurtlt.),
1765 4373 2013 4442 queritur

430 4458 499 4514 de
528 4467 718 4512 natura
743 4473 834 4513 sua
857 4475 1028 4530 genus
1059 4465 1372 4530 humanum,
1395 4466 1536 4534 quod
1559 4465 1830 4520 imbecilla
1851 4475 2013 4535 atque

2177 3262 2368 3332 (Ibid.,
2399 3280 2514 3333 cap.
2550 3262 2670 3333 10.)
2702 3263 2883 3318 Potest
2919 3262 3134 3332 quidem
3166 3275 3310 3327 esse,
3335 3259 3563 3330 inquies,
3591 3262 3687 3314 sed

2109 3375 2202 3428 per
2229 3358 2454 3426 gratiam
2488 3358 2603 3413 Dei.
2647 3362 2763 3428 Ago
2795 3356 3115 3411 humanitati
3147 3365 3252 3411 tua:
3278 3355 3502 3424 gratias,
3542 3356 3688 3425 quod

2106 3452 2458 3507 assertionem
2493 3465 2687 3519 meam,
2719 3465 2877 3520 quam
2921 3450 3120 3504 dudum
3167 3447 3536 3518 oppugnabas,
3580 3463 3686 3501 non

2107 3545 2266 3599 modo
2297 3543 2403 3599 non
2447 3559 2758 3614 oppugnare
2782 3552 2873 3598 aut
2903 3542 3146 3596 conﬁteri
3189 3541 3360 3595 solum
3401 3548 3686 3595 contentus

2109 3652 2213 3690 non
2260 3651 2343 3704 es,
2371 3651 2556 3691 verum
2584 3636 2743 3690 etiam
2771 3652 2875 3688 non
2910 3633 3108 3704 refugis
3150 3632 3525 3702 comprobare.
3554 3631 3684 3686 Nam

2108 3729 2295 3785 dicere
2325 3747 2338 3782 :
2373 3729 2555 3784 Potest
2582 3727 2823 3799 quidem,
2851 3728 2946 3782 scd
2982 3744 3078 3798 per
3103 3727 3254 3793 illud,
3285 3725 3377 3779 aut
3412 3740 3508 3794 per
3534 3726 3681 3789 illud,

2108 3823 2234 3894 quid
2271 3823 2416 3878 aliud
2457 3831 2543 3877 est
2582 3837 2742 3891 quam
2801 3836 2906 3874 non
2965 3821 3140 3875 solum
3187 3820 3497 3874 consentire
3543 3821 3683 3888 quod

2111 3914 2281 3984 possit
2305 3927 2447 3981 esse,
2479 3929 2663 3968 verum
2693 3915 2853 3968 etiam
2886 3912 3155 3982 quomodo
3186 3912 3269 3966 vel
3299 3913 3528 3981 qualiter
3563 3926 3683 3981 pos-

2110 4006 2180 4059 sit
2207 4002 2528 4060 ostendere?
2559 4003 2746 4060 Nullus
2777 4003 2957 4072 itaque
2978 4003 3148 4072 magis
3166 4002 3392 4070 alicujus
3417 4002 3495 4056 rei
3517 4002 3683 4071 possi-

2113 4097 2376 4153 bilitatem
2406 4095 2616 4165 probat,
2655 4109 2813 4164 quam
2859 4095 2950 4163 qui
2994 4094 3112 4162 ejus
3167 4095 3330 4148 etiam
3375 4093 3682 4162 qualitatem

2114 4191 2334 4254 fatetur,
2357 4187 2484 4258 quia
2511 4202 2682 4258 neque
2708 4188 2912 4256 absque
2933 4201 2990 4240 re
3018 4199 3141 4239 esse
3166 4185 3393 4254 qualitas
3422 4192 3616 4252 potest.

2183 4283 2292 4338 Sed
2318 4291 2396 4347 tu,
2427 4282 2661 4352 inquies,
2687 4281 2788 4335 hoc
2820 4281 2872 4333 in
2898 4280 3016 4333 loco
3045 4278 3139 4333 Dei
3168 4276 3419 4346 gratiam,
3451 4275 3685 4345 quando-

2114 4371 2330 4443 quidem
2384 4388 2501 4427 eam
2553 4387 2660 4426 non
2719 4382 3133 4434 commemoras,
3188 4368 3386 4423 videris
3431 4368 3684 4422 abnuere.

2116 4464 2303 4534 Egone
2327 4462 2526 4528 abnuo,
2558 4461 2648 4532 qui
2682 4476 2796 4516 rem
2826 4459 3157 4524 conﬁtendo,
3188 4460 3453 4513 ccufitear
3476 4471 3688 4514 necesse

429 4549 528 4602 ωνί
562 4549 764 4616 brevis,
796 4561 944 4606 sorte
978 4553 1156 4621 potius
1185 4569 1344 4624 quam
1373 4557 1567 4610 virtute
1594 4565 1831 4626 regatur.
1876 4555 2010 4610 Nam
2039 4546 2091 4605 D
2115 4564 2201 4613 est
2228 4563 2284 4610 et
2310 4569 2404 4622 per
2428 4551 2570 4623 quod
2595 4567 2681 4608 res
2709 4551 2850 4607 efﬁci
2880 4551 3094 4622 potest?
3119 4549 3200 4604 An
3235 4559 3310 4613 tu,
3339 4548 3429 4618 qui
3459 4563 3576 4603 rem
3600 4561 3690 4602 ne-

429 4649 619 4698 contra
645 4644 964 4710 reputando,
998 4659 1170 4714 neque
1196 4645 1368 4714 majus
1393 4646 1560 4711 aliud,
1589 4663 1762 4716 neque
1786 4657 2015 4718 praesta-

428 4732 589 4786 bilius
632 4732 896 4800 invenias,
937 4736 1219 4806 magisque
1250 4746 1454 4790 natura:
1482 4737 1801 4792 industriam
1835 4738 2010 4793 homi-

431 4839 580 4890 num,
607 4843 766 4901 quam
798 4828 904 4880 vim
944 4838 1036 4881 aut
1066 4839 1278 4897 tempus
1301 4828 1509 4884 deesse.
1559 4830 1664 4885 Sed
1705 4830 1813 4884 dux
1852 4840 2012 4900 atque

431 4917 735 4986 imperator,
773 4918 896 4972 vitae
940 4921 1252 4974 mortalium
1283 4919 1496 4974 animus
1543 4932 1624 4975 est
1655 4938 1668 4973 :
1697 4923 1786 4990 qui
1835 4923 1922 4976 ubi
1945 4923 2009 4976 ad

398 5010 658 5077 gloriam
691 5012 905 5065 virtutis
945 5013 1026 5064 via
1057 5021 1356 5082 grassatur,
1389 5011 1602 5066 abunde
1635 5012 1866 5085 pollens,
1914 5028 2010 5081 po-

432 5112 659 5172 tensque
701 5113 757 5158 et
787 5104 967 5158 clarus
999 5092 1115 5170 est,
1150 5119 1322 5176 neque
1371 5104 1600 5159 fortuna:
1630 5116 1771 5177 eget,
1817 5107 2016 5178 quippe

428 5210 548 5262 qua:
583 5194 929 5264 probitatem,
980 5195 1327 5262 industriam,
1357 5206 1697 5268 cmterasque
1735 5208 1880 5265 artes
1921 5199 2017 5253 bo-

431 5302 528 5342 nas
560 5301 735 5356 neque
762 5286 918 5351 dare,
951 5302 1124 5357 neque
1154 5289 1368 5358 eripere
1397 5275 1644 5358 cuiquam
1675 5298 1875 5358 potest.
1921 5288 2015 5346 Sin

428 5391 622 5448 eaptus
652 5382 832 5450 pravis
871 5382 1214 5450 cupidinibus
1249 5383 1314 5450 ad
1355 5383 1600 5436 inertiam
1630 5392 1684 5438 et
1713 5382 2018 5453 voluptates

428 5476 673 5545 corporis
701 5476 1080 5545 pessumdatus
1118 5485 1224 5541 est,
1254 5476 1557 5547 perniciosa
1588 5475 1810 5530 libidine
1837 5475 2013 5546 pauli-

429 5583 555 5637 Sper
583 5585 732 5634 usus,
770 5572 858 5624 ubi
911 5586 1006 5639 per
1046 5571 1350 5626 socordiam
1388 5570 1552 5638 vires,
1588 5578 1826 5638 tempus,
1858 5577 2009 5635 tetas,

430 5662 702 5728 ingenium
749 5662 1046 5725 deﬂuxere,
1089 5671 1292 5716 natura:
1345 5661 1631 5716 inﬁrmitas
1681 5668 2010 5714 accusatur:

430 5767 580 5814 suam
604 5755 804 5826 quique
824 5755 1032 5822 culpam
1057 5766 1309 5813 auctores
1331 5754 1396 5810 ad
1426 5753 1637 5821 negotia
1661 5752 2010 5809 transferunt.

2117 4645 2311 4716 gando,
2360 4654 2414 4699 et
2444 4643 2698 4714 quidquid
2728 4641 2860 4696 illud
2891 4651 2972 4696 est
3017 4655 3113 4710 per
3155 4639 3295 4710 quod
3337 4654 3426 4695 res
3465 4639 3693 4696 efﬁcitur

2119 4737 2306 4806 procul
2336 4733 2500 4790 dubio
2531 4734 2732 4804 negas?
2767 4733 2891 4789 Sive
2928 4747 3023 4801 per
3048 4732 3296 4802 gratiam,
3333 4730 3450 4784 sive
3484 4744 3583 4798 per
3605 4727 3695 4782 ad-

2111 4829 2395 4898 jutorium,
2427 4828 2546 4882 sive
2587 4843 2682 4896 per
2707 4825 3152 4890 misericordiam,
3187 4832 3242 4878 et
3281 4821 3544 4892 quidquid
3572 4822 3695 4876 illud

2116 4933 2199 4983 est
2223 4939 2320 4993 per
2347 4922 2490 4992 quod
2518 4935 2642 4976 esse
2674 4920 2838 4974 homo
2863 4918 3068 4987 absque
3092 4926 3314 4987 peccato
3346 4925 3545 4986 potcSI,
3573 4929 3698 4970 con-
3742 4971 3745 4980 ,

2115 5018 2319 5082 litetur,
2348 5013 2588 5084 quisquis
2614 5028 2726 5067 rem
2759 5013 2929 5082 ipsam
2953 5011 3260 5066 conﬁtetur.

2195 5107 2383 5180 (Ibid.,
2411 5124 2527 5173 cap.
2571 5106 2682 5174 H.)
2715 5103 2846 5158 Nam
2883 5103 2926 5157 si
2963 5102 3152 5157 dixero
3183 5120 3196 5154 :
3224 5102 3398 5155 Homo
3427 5100 3698 5171 diSputare

2121 5210 2326 5271 potest,
2356 5200 2474 5254 avis
2502 5199 2707 5262 volare,
2737 5189 2894 5271 lepus
2924 5210 3165 5259 currere,
3197 5204 3253 5250 et
3280 5209 3390 5264 non
3415 5195 3579 5249 etiam
3610 5208 3700 5262 per

2120 5309 2240 5364 quas
2266 5293 2382 5348 hate
2415 5291 2558 5348 efﬁci
2587 5299 2812 5361 possunt
2836 5303 3365 5354 commemoravero,
3391 5287 3443 5342 id
3473 5297 3578 5355 est,
3604 5287 3701 5341 lino

2119 5401 2301 5456 gnam,
2331 5385 2469 5448 alas,
2521 5383 2726 5452 pedes:
2762 5399 2886 5436 num
2917 5397 3017 5452 ego
3056 5379 3365 5435 officiorum
3413 5381 3699 5450 qualitates

2123 5479 2334 5547 negavi,
2359 5477 2450 5546 qui
2479 5474 2658 5530 ofﬁcia
2683 5477 2795 5544 ipsa
2826 5473 3106 5528 confessus
3136 5473 3290 5527 sum?

2164 5565 2363 5636 (Ibid.,
2385 5583 2498 5635 cap.
2527 5565 2638 5638 1‘2).
2672 5567 2735 5619 At
2769 5567 2903 5620 levia
2931 5565 3176 5634 quaedam
3200 5572 3329 5618 sunt
3349 5571 3592 5633 peccata,
3621 5563 3698 5615 in-

2123 5661 2284 5728 quies,
2313 5673 2432 5729 qua:
2459 5660 2572 5727 ipsa
2608 5656 2968 5720 multitudine,
2995 5655 3138 5725 quod
3169 5670 3315 5723 sa‘pe
3343 5656 3570 5720 irruant,
3595 5668 3696 5706 non

2123 5761 2351 5820 possunt
2387 5760 2580 5806 cuncta
2608 5749 2785 5805 vitari.
2839 5746 3004 5818 Λῖςυί
3043 5745 3132 5801 illa
3161 5754 3308 5801 certe
3347 5760 3455 5800 non
3487 5744 3697 5810 debent,
