3962 6180
159 407 244 463 6M

497 407 804 496 DlSSEllT.
842 409 929 464 Vl.
968 409 1054 463 DE
1082 409 1388 464 SCRIPTIS
1421 409 1554 463 PRO
1587 406 1865 461 IIJERESI
1899 404 2171 472 PELAG.,
2207 397 2507 457 VIVENTE
2538 399 2599 454 S.
2633 395 3050 454 AUGUSTINO.

3317 387 3422 445 60'1

157 535 218 573 ne
254 518 358 572 levi
387 517 611 587 quident
645 519 1021 588 correptione,
1058 519 1107 572 si
1138 518 1296 573 vitari
1333 519 1558 572 omnino
1610 533 1717 572 non
1748 523 1797 575 Α
1828 525 2088 580 peccatum
2108 554 2122 578 ,
2154 520 2210 565 ut
2238 519 2474 582 peccator
2505 525 2596 578 per
2633 507 2911 561 vindictam
2952 505 3103 575 plura
3141 501 3418 556 Committe-

158 622 393 682 possunt.

220 705 378 774 (Ibid.
425 720 545 774 cap.
592 706 702 774 15.)
740 705 858 775 Ipse
895 715 948 760 tu
979 721 1131 770 vero,
1163 708 1322 772 dices,
1356 706 1473 761 sine
1503 717 1723 775 peccato

159 798 245 850 es?
268 795 381 850 Non
403 810 524 849 sum
547 810 699 859 sane,
730 795 822 850 sed
845 795 1187 866 negligentia:
1211 813 1342 850 meze
1365 799 1542 866 potius
1564 813 1722 866 quam

162 887 574 955 impossibilitati
613 885 866 956 imputari
912 886 1098 953 debet,
1145 887 1286 956 quod
1330 903 1436 941 non
1480 887 1578 942 sim
1607 888 1724 942 sine

159 990 387 1048 peccato.

173 1080 178 1084 '
219 1071 405 1141 (Ibid.,
439 1089 559 1141 cap.
587 1075 675 1138 li,
713 1073 826 1140 l5.)
855 1071 976 1126 Jam
1013 1090 1126 1127 vero
1161 1073 1234 1137 id,
1269 1073 1413 1140 quod
1444 1087 1472 1125 a
1504 1072 1725 1142 qu'hus—

159 1164 266 1216 tiam
310 1164 538 1229 dicitur,
589 1180 853 1233 nusquam
887 1179 1011 1219 esse
1057 1165 1321 1233 scriptum
1375 1164 1458 1218 his
1501 1164 1724 1218 omnino

154 1256 349 1319 verbis,
378 1270 540 1324 posse
567 1269 687 1309 esse
719 1255 991 1310 hominem
1025 1256 1141 1309 sine
1174 1263 1422 1324 peccato;
1463 1255 1720 1322 scriptum

155 1362 297 1410 vero,
331 1345 604 1400 neminem
640 1361 798 1415 posse
827 1346 1052 1401 domare
1099 1346 1356 1416 linguam,
1401 1357 1458 1399 et
1499 1347 1724 1413 proinde

154 1457 244 1493 nec
271 1454 396 1492 esse
419 1453 582 1506 posse
609 1439 728 1491 sine
751 1448 974 1507 peccato
1000 1439 1220 1507 lingme,
1247 1437 1399 1492 facile
1424 1436 1720 1492 refellitur:

151 1533 263 1601 quia
292 1541 350 1586 et
398 1547 505 1584 non
552 1541 634 1585 est
664 1530 734 1584 ibi
779 1532 1010 1599 quaestio
1053 1531 1251 1600 quibus
1293 1529 1474 1584 verbis
1517 1529 1726 1584 dicatur

151 1637 372 1692 quaeque
417 1621 708 1676 sententia.
749 1619 818 1676 Et
847 1621 989 1691 quod
1019 1621 1295 1689 apostolus
1326 1620 1563 1675 Jacobus
1602 1622 1676 1673 ait
1709 1638 1719 1672 :

153 1714 394 1783 Linguam
404 1722 580 1768 autem
592 1715 768 1767 nullus
785 1712 1054 1767 hominum
1073 1713 1285 1767 domare
1296 1721 1460 1784 potest
1480 1711 1615 1783 (Jac.
1643 1728 1720 1775 ιιι,

154 1806 232 1874 8);
263 1821 358 1872 per
386 1805 859 1874 exprobrationem
891 1805 1096 1860 dictum
1135 1814 1239 1868 est,
1269 1814 1539 1874 tamquam
1576 1803 1724 1858 dice-

1826 615 1936 671 ret;
1961 615 2105 660 esset
2134 605 2277 659 enim
2307 602 2540 657 vindicta
2575 601 2828 655 materies
2861 596 3096 668 peccati,
3129 595 3174 649 si
3213 593 3280 648 ad
3317 595 3421 647 hoc

1829 705 2079 767 peccator
2107 695 2405 750 infirmatus
2429 702 2532 761 est,
2565 703 2622 747 ut
2649 693 2797 760 plura
2828 696 3098 759 peccaret.

1900 786 2090 858 (Ibid.,
2123 802 2239 856 cap.
2269 785 2362 853 24,
2389 784 2504 853 25.)
2537 784 2674 848 Quid
2699 781 2833 850 quod
2863 780 3119 834 Dominus
3147 777 3263 832 sine
3288 791 3418 846 pec-

1828 889 1950 932 cato
1981 878 2154 944 potuit
2179 877 2349 941 mori;
2380 890 2480 929 nec
2512 875 2678 928 ullum
2709 873 2907 926 malum
2939 879 3115 940 potest
3141 884 3262 924 esse
3293 868 3418 922 boni

1828 971 2054 1039 alicujus
2081 984 2270 1034 causa;
2299 982 2400 1022 nec
2430 976 2486 1021 ut
2514 974 2661 1021 esset
2685 979 2844 1019 causa
2871 960 3259 1017 misericordias
3292 960 3414 1022 Dei,

1829 1062 2192 1117 necessarium
2226 1059 2344 1124 fuit,
2372 1058 2514 1128 quod
2543 1058 2620 1111 illi
2648 1057 2818 1121 aiunt,
2855 1062 3153 1123 peccatum.

1895 1152 2087 1224 (Ibid.,
2121 1169 2238 1221 cap.
2265 1150 2383 1222 9.6.)
2413 1149 2642 1204 Adhihet
2671 1148 2890 1217 quidem
2921 1146 3044 1199 huic
3072 1145 3229 1198 etiam
3258 1141 3414 1210 parti,

1827 1246 1872 1299 si
1903 1243 2116 1314 quando
2146 1242 2508 1298 necessarium
2537 1239 2732 1303 fuerit,
2784 1235 3212 1291 misericordiam
3262 1245 3414 1283 suam

1832 1338 1991 1400 Deus,
2014 1335 2136 1405 quia
2164 1333 2364 1388 homini
2395 1340 2515 1402 post
2539 1340 2814 1400 peccatum
2839 1329 2911 1382 ita
2938 1325 3214 1381 subveniri
3240 1336 3420 1377 neces-

1827 1443 1944 1482 sum
1973 1435 2084 1492 est;
2117 1441 2222 1480 non
2251 1426 2374 1495 quia
2405 1425 2547 1479 Deus
2579 1437 2798 1477 causam
2832 1417 3200 1488 hujuscemodi
3232 1428 3419 1469 neces-

1827 1517 1998 1570 sitatis
2028 1516 2315 1586 optaverit.
2341 1513 2449 1572 Sed
2475 1523 2530 1568 et
2567 1502 2811 1568 medicus
2854 1511 2918 1563 ad
2968 1506 3260 1562 curandum
3307 1504 3416 1572 jam

1826 1608 2164 1662 vulneratum
2197 1614 2414 1675 paratus
2443 1619 2565 1659 esse
2591 1604 2783 1668 debet;
2819 1617 2922 1655 non
2955 1600 3115 1654 debet
3145 1607 3320 1651 autem
3362 1604 3418 1648 ut

1828 1713 1993 1754 sanus
2017 1698 2332 1753 vulneretur
2355 1707 2562 1767 optare.

1902 1791 2089 1862 (Ibid.,
2115 1807 2230 1861 cap.
2256 1791 2347 1856 27,
2376 1789 2494 1858 28.)
2521 1785 2981 1842 Absurdissimum
3013 1797 3174 1851 porro
3201 1779 3413 1833 stultis—

154 1908 228 1953 ret
258 1918 270 1952 :
305 1899 520 1968 Ergone
549 1898 788 1968 linguam
818 1899 1006 1953 nullus
1049 1898 1331 1952 hominum
1379 1870 1600 1952 domare
1629 1914 1726 1967 po-
1757 1889 1803 1948 Β
1830 1883 2132 1952 simumque
2155 1890 2260 1948 est,
2292 1883 2455 1936 etiam
2489 1879 2853 1934 necessarium
2881 1879 3044 1930 fuisse
3081 1873 3316 1935 homini,
3349 1870 3414 1924 ad

157 1989 280 2044 test?
304 1990 601 2058 Tamquam
642 1989 933 2060 obiurgans
963 1999 1016 2044 et
1046 1989 1233 2045 dicens
1263 2006 1278 2044 :
1309 1989 1544 2043 Domare
1581 1989 1721 2044 feras

158 2083 387 2150 potestis,
417 2083 632 2153 linguas
680 2099 788 2138 non
835 2082 1098 2152 potestis?
1137 2083 1291 2153 quasi
1332 2081 1604 2137 difficilius
1653 2083 1724 2136 sit

160 2176 364 2228 domare
391 2174 633 2245 linguam
659 2189 819 2245 quam
843 2175 1007 2231 feras.

225 2265 404 2334 (Ibid.,
429 2283 548 2336 cap.
581 2269 696 2337 17.)
737 2265 944 2334 Verum,
973 2268 1195 2336 inquies,
1237 2267 1326 2324 ab,
1348 2265 1608 2332 Apostolo
1636 2264 1723 2320 di-

161 2369 290 2411 ctum
321 2370 440 2413 est:
477 2359 750 2430 Sapientia
773 2360 944 2413 carnis
973 2359 1184 2412 inimica
1207 2367 1283 2413 est
1325 2360 1380 2412 in
1411 2358 1598 2420 Deam,
1622 2357 1726 2424 legi

162 2451 283 2503 enim
309 2448 405 2505 Dei
431 2467 533 2504 non
563 2461 637 2506 est
665 2453 915 2522 subjecta,
943 2467 1033 2504 nec
1059 2451 1197 2504 enim
1220 2457 1417 2520 potest;
1447 2449 1534 2518 qui
1556 2458 1725 2502 autem

162 2542 210 2593 in
237 2558 381 2596 carne
408 2557 549 2607 sunt,
581 2540 690 2596 Deo
719 2545 918 2611 placere
953 2559 1055 2596 non
1087 2550 1298 2612 possunt
1337 2539 1514 2612 (Rom.
1547 2555 1657 2604 vni,
1693 2542 1726 2592 7

165 2642 203 2684 et
232 2636 302 2700 8).
331 2633 436 2688 Sed
461 2633 772 2701 Apostolus,
796 2633 938 2704 quod
962 2631 1278 2701 sapientiam
1305 2632 1482 2686 carnis
1503 2631 1722 2696 dixerit,

165 2739 258 2776 non
285 2725 598 2793 sapientiam
623 2725 907 2780 desursum
939 2724 1390 2788 descendentem;
1413 2733 1466 2778 et
1490 2724 1541 2776 in
1565 2737 1726 2777 carne

165 2828 289 2875 esse,
316 2829 421 2868 non
452 2829 548 2870 eos
576 2815 667 2883 qui
699 2813 767 2868 de
796 2829 1024 2882 corpore
1068 2828 1172 2866 non
1203 2811 1476 2876 exierunt,
1509 2812 1605 2866 sed
1633 2827 1727 2865 eos

165 2905 244 2972 qui
273 2905 566 2959 secundum
594 2920 815 2959 carnem
842 2906 1051 2968 vivunt,
1084 2902 1368 2957 manifeste
1393 2903 1681 2972 significat.

226 2996 408 3067 Pcrges
453 2998 716 3066 objicere:
763 2995 891 3067 Ipsa
939 2997 1119 3050 saltem
1171 2995 1472 3065 ignorantia:
1521 3005 1729 3064 peccata

164 3091 294 3143 ritari
340 3105 442 3144 non
489 3098 700 3157 possunt
726 3131 741 3154 ,
790 3097 1062 3153 utcumque
1103 3087 1340 3140 dicantur
1369 3096 1551 3140 cwtera
1580 3085 1730 3138 oi‘ari

159 3199 309 3251 posse.
341 3181 462 3237 Non
491 3191 722 3251 possunt,
754 3181 938 3250 fateor,
968 3180 1270 3251 ignorantia:
1299 3188 1507 3247 peccata
1546 3178 1725 3244 vitari,

1822 1973 2165 2030 aulerendam
2220 1972 2488 2043 superbia:
2537 1972 2621 2026 vel
2675 1970 2867 2040 gloriae
2917 1968 3298 2031 occasionem,
3359 1972 3418 2018 ut

1822 2067 2027 2137 absque
2050 2076 2269 2136 peccato
2297 2080 2418 2121 esse
2445 2081 2550 2120 non
2581 2077 2782 2132 posset.
2815 2063 2920 2118 Sed
2949 2063 3113 2126 Deus,
3145 2060 3412 2128 inquiunt,

1824 2166 2003 2228 potest
2033 2158 2212 2211 omnia
2240 2171 2452 2212 sanare.
2490 2155 2668 2208 Potest
2703 2169 2860 2217 sane;
2893 2153 2982 2206 sed
3018 2151 3301 2206 absurdum
3342 2159 3417 2201 ta-

1824 2266 1938 2304 men
1961 2259 2058 2315 est,
2091 2263 2120 2303 a
2152 2250 2262 2304 Deo
2287 2248 2391 2302 dici
2424 2247 2626 2302 homini
2655 2263 2668 2298 :
2699 2246 2930 2300 Necesse
2969 2253 3050 2296 est
3090 2255 3314 2310 peccare
3351 2254 3418 2292 ne

1823 2327 2038 2412 pecces.
2070 2341 2206 2408 Quid
2237 2338 2469 2408 amplius
2500 2339 2696 2403 dicam,
2733 2336 2836 2389 nisi
2881 2335 3003 2404 quia
3049 2342 3226 2402 potest
3267 2330 3414 2384 credi

1825 2433 1964 2502 quod
1986 2433 2135 2502 ignes
2155 2432 2365 2500 ignibus
2381 2431 2814 2499 ex3tingunntur,
2839 2429 2882 2481 si
2901 2425 3052 2482 credi
3075 2433 3252 2495 potest
3273 2423 3414 2494 quod

1827 2525 2060 2595 peccatis
2091 2531 2308 2593 peccata
2333 2521 2627 2576 curentur?

1901 2614 2108 2688 (Ibid.,
2159 2631 2278 2686 cap.
2328 2612 2444 2685 29.)
2501 2613 2607 2668 Sed
2659 2608 3058 2681 quonammodo
3107 2605 3413 2675 superbiam

1827 2707 1997 2778 ipsam
2024 2721 2052 2759 a
2082 2715 2302 2775 peccato
2339 2704 2743 2773 separabimus?
2785 2705 2916 2756 Tam
2959 2714 3184 2769 peccare
3227 2713 3418 2767 super-

1827 2798 1945 2853 bire
1971 2805 2072 2862 est,
2106 2811 2266 2866 quam
2291 2795 2573 2864 superbire
2616 2809 2863 2864 peccare.
2905 2792 3036 2845 Nam
3075 2804 3257 2859 quaere
3293 2790 3417 2858 quid

1829 2889 1900 2943 sit
1925 2888 2297 2960 quodcumque
2325 2890 2623 2956 peccatum,
2653 2896 2707 2940 et
2727 2885 2848 2938 vide
2871 2883 2912 2935 si
2938 2881 3177 2936 invenies
3199 2879 3414 2949 aliquod

1828 2980 1949 3035 sine
1977 2979 2246 3048 superbiai
2272 2977 2633 3047 appellatione
2661 2974 2978 3044 peccatum?
3015 2972 3186 3027 Omne
3225 2985 3420 3040 pecca—

1833 3080 1978 3140 tum,
2021 3072 2123 3126 nisi
2165 3071 2358 3134 fallor,
2402 3070 2497 3124 Dei
2527 3077 2865 3135 contemptus
2892 3074 3006 3131 est;
3038 3075 3093 3119 et
3121 3062 3298 3118 omnis
3327 3063 3422 3115 Dei
3455 3082 3457 3084 ·

1831 3171 2173 3232 contemptus
2202 3161 2454 3230 superbia
2482 3169 2588 3215 est.
2626 3158 2765 3226 Quid
2809 3157 2954 3212 enim
2990 3166 3094 3210 tam
3135 3153 3423 3222 superbum

159 3250 392 3341 quamdiu
431 3250 581 3326 homo
623 3274 858 3342 ignorat;
903 3250 998 3324 sed
1042 3270 1378 3340 prtevigilare
1417 3269 1615 3332 debet,
1665 3283 1730 3322 ne
1759 3258 1805 3320 (ἶ
1835 3270 1993 3324 quam
2042 3254 2210 3309 Deum
2255 3251 2641 3307 mmellmere?
2688 3250 2859 3303 Οιυηθ
2901 3262 3031 3316 CV30
3068 3252 3343 3314 Peccam'“
3373 3253 3428 3295 θι

160 3364 388 3433 ignoret:
419 3363 649 3432 ideoque
675 3362 937 3433 culpanda
974 3370 1060 3416 est
1111 3361 1413 3429 ignorantia
1443 3399 1458 3425 ,
1503 3361 1631 3428 quia
1683 3358 1735 3412 id

159 3455 310 3512 homo
340 3456 513 3511 nescit
537 3453 864 3525 negligentia
885 3467 1003 3521 sua,
1030 3452 1171 3523 quod
1193 3451 1430 3506 adhibita
1459 3449 1735 3520 diligentia

156 3548 285 3602 scire
314 3548 611 3602 debuisset.

216 3640 406 3711 (Ibid.,
435 3656 549 3710 cap.
595 3638 706 3707 18.)
752 3635 923 3692 Addes
967 3635 1159 3690 etiam:
1206 3633 1410 3688 Tollere
1453 3641 1586 3687 certe
1634 3648 1735 3686 non

152 3742 306 3803 potest
334 3731 489 3786 homo
515 3739 720 3801 peccata
738 3730 855 3800 jam
897 3728 1209 3792 commissa;
1254 3725 1352 3781 sed
1399 3725 1485 3779 illa
1532 3722 1738 3791 expiari

151 3826 370 3891 debent,
398 3832 456 3877 et
499 3823 756 3876 Dominus
803 3835 902 3891 pro
947 3820 1027 3875 eis
1067 3819 1393 3874 exmandus.
1443 3814 1512 3868 Id
1559 3814 1740 3867 lubens

149 3921 313 3985 fateor
333 3930 353 3968 :
382 3914 506 3984 quia
537 3912 589 3966 id
619 3911 765 3981 quod
797 3911 995 3964 factum
1023 3920 1129 3972 est,
1158 3909 1339 3964 facere
1365 3906 1618 3961 infectum
1647 3920 1742 3974 p0-

151 4007 319 4066 tentia
353 4015 556 4059 naturae
579 4013 634 4059 et
662 4003 910 4058 voluntas
940 4001 1173 4057 hominis
1201 4015 1307 4054 non
1337 4005 1535 4069 potest.

212 4097 409 4170 (Ibid.,
439 4112 556 4166 cap.
586 4094 701 4164 19.)
736 4094 840 4150 Sed
867 4101 921 4147 ut
949 4094 1002 4147 id
1038 4101 1288 4146 evertatur
1329 4093 1384 4145 in
1423 4107 1530 4162 quo
1563 4089 1742 4160 prmi-

147 4194 298 4245 dinm
341 4191 550 4261 ponitur
590 4189 651 4244 ab
688 4189 753 4242 iis
791 4189 880 4257 qui
917 4187 1060 4241 nobis
1089 4187 1439 4258 adversantur.
1465 4185 1648 4240 Primo
1673 4183 1742 4238 de

147 4302 211 4340 eo
241 4284 625 4353 disputandum
671 4289 754 4336 est
797 4279 940 4350 quod
989 4295 1088 4349 per
1131 4285 1412 4348 peccatum
1466 4276 1740 4332 debilitata

149 4377 348 4432 dicitur
375 4383 432 4430 et
461 4375 737 4428 immutata
766 4382 980 4428 natura.
1010 4369 1164 4425 Unde
1203 4377 1331 4422 ante
1372 4367 1552 4421 omnia
1593 4382 1742 4436 qure-

151 4468 390 4524 rendutn
422 4474 551 4534 puto
577 4464 707 4534 quid
733 4464 805 4520 sit
832 4471 1135 4534 peccatum.
1165 4461 1480 4517 Substantia
1521 4459 1700 4529 aliqua
1722 4501 1738 4525 ,

153 4575 226 4614 an
275 4557 501 4612 omnino
545 4555 841 4610 substantia
881 4568 1070 4609 carens
1112 4567 1328 4619 nomen,
1361 4567 1470 4622 quo
1499 4565 1604 4605 non
1632 4565 1739 4611 res.

1839 3345 2092 3416 superbia
2125 3353 2228 3414 est,
2259 3345 2419 3399 etiam
2449 3342 2732 3409 Scriptura
2773 3339 2985 3394 dicente
3013 3356 3024 3389 :
3066 3336 3283 3390 Initium
3319 3349 3428 3387 om-

1840 3439 1920 3492 nis
1947 3437 2142 3508 peccati
2163 3435 2402 3505 superbia
2425 3444 2496 3487 est
2529 3430 2720 3504 (Eccli.
2750 3447 2803 3498 Χ,
2837 3431 2951 3500 15).

1910 3529 2103 3602 (Ibid.,
2131 3546 2246 3601 cap.
2279 3529 2392 3597 50.)
2428 3526 2658 3593 Deinde,
2705 3525 2975 3595 quomodo
3016 3521 3137 3593 quis
3181 3521 3290 3574 Deo
3333 3535 3430 3588 pro

1841 3622 1984 3677 illius
2015 3623 2217 3690 peccati
2250 3629 2400 3675 reatu
2426 3618 2673 3672 subditus
2703 3633 2823 3672 esse
2852 3615 3072 3686 poterit,
3099 3613 3240 3683 quod
3273 3627 3430 3667 suum

1841 3727 1947 3766 non
1981 3725 2100 3767 esse
2139 3706 2482 3779 cognoverit?
2513 3709 2678 3763 Suum
2710 3707 2856 3761 enim
2886 3723 2990 3760 non
3023 3715 3128 3770 est,
3162 3703 3204 3757 si
3241 3718 3430 3758 neces-

1842 3803 2043 3858 sarium
2069 3811 2182 3865 est;
2211 3807 2306 3855 aut
2334 3801 2377 3854 si
2407 3813 2564 3853 suum
2596 3806 2700 3865 est,
2732 3797 3092 3851 voluntarium
3137 3803 3241 3848 est.
3287 3795 3352 3848 Et
3383 3793 3428 3847 si

1843 3895 2205 3951 voluntarium
2237 3901 2340 3957 est,
2368 3889 2527 3944 vitari
2557 3896 2755 3959 potest.

1915 3983 2104 4058 (Ibid.,
2131 4000 2248 4052 cap.
2276 3981 2390 4051 55.)
2427 3980 2517 4046 Αι,
2567 3979 2836 4050 inquiunt,
2881 3976 3043 4032 homo
3088 3983 3434 4045 comparatur

1844 4076 1979 4138 Deo,
2008 4075 2055 4130 si
2082 4075 2290 4144 absque
2327 4083 2549 4143 peccato
2587 4087 2708 4126 esse
2749 4077 3060 4124 asseratur:
3104 4066 3261 4136 quasi
3308 4079 3434 4120 vero

1844 4170 2086 4239 angelus,
2122 4168 2248 4239 quia
2277 4168 2480 4238 absque
2511 4175 2732 4235 peccato
2759 4173 2873 4230 est,
2903 4171 3245 4231 comparetur
3285 4161 3435 4215 Deo?

1917 4261 2105 4334 (Ibid.,
2138 4278 2255 4332 cap.
2285 4260 2404 4330 54.)
2435 4260 2686 4330 lnquiunt
2715 4256 2878 4312 etiam
2899 4295 2915 4322 ,
2957 4253 3278 4310 rationabile
3317 4253 3462 4322 (μή--

1845 4355 1966 4411 dem
1997 4355 2212 4409 videtur
2255 4367 2377 4408 esse
2417 4355 2559 4423 quod
2601 4353 2836 4416 asseris,
2880 4347 2975 4404 sed
3019 4347 3310 4417 superbum
3351 4353 3436 4400 est

1847 4447 2029 4501 dicere
2069 4445 2340 4500 hominem
2381 4444 2584 4513 absque
2625 4451 2843 4512 peccato
2872 4454 2994 4496 esse
3024 4453 3202 4508 posse.
3236 4437 3433 4491 Verum

1851 4537 1904 4591 in
1942 4550 2048 4606 qua
2093 4535 2266 4606 magis
2308 4543 2462 4605 parte
2500 4532 2777 4588 humilitas
2811 4529 3122 4586 collocanda
3155 4527 3273 4582 est?
3303 4526 3438 4582 Sine

154 4665 260 4704 non
287 4647 604 4714 existentia,
638 4661 743 4700 non
771 4659 968 4714 e0rpus
1009 4644 1228 4713 aliquod
1255 4688 1270 4711 ,
1313 4609 1409 4698 sed
1460 4609 1741 4712 perperam
1771 4609 1826 4670 Ῑ)
1848 4629 2014 4685 dubio
2045 4627 2314 4690 falsitatis,
2342 4627 2387 4680 si
2415 4626 2466 4680 in
2495 4639 2558 4681 ea
2589 4639 2707 4692 qua:
2737 4623 2981 4678 veritatis
3022 4620 3280 4689 probatur
3315 4632 3438 4671 esse

157 4743 280 4798 facti
307 4750 462 4796 actus
489 4739 846 4809 exprimitur?
870 4737 1066 4804 Credo,
1098 4736 1170 4790 ita
1200 4746 1318 4802 est;
1352 4743 1408 4789 et
1435 4736 1480 4789 si
1513 4735 1586 4788 ita
1623 4743 1741 4800 est,

161 4831 428 4903 quomodo
453 4828 627 4900 potuit
652 4827 941 4882 humanam
969 4825 1269 4890 debilitare,
1301 4826 1384 4879 vel
1414 4834 1623 4879 mutare
1651 4839 1742 4878 na-

159 4935 352 4988 turam,
384 4921 528 4990 quod
561 4920 856 4975 substantia
887 4920 1071 4972 caret?

231 5015 420 5088 (Ibid.,
450 5031 568 5084 cap.
600 5007 718 5083 21.)
747 5011 945 5067 Deinde
965 5010 1235 5081 aegritudo
1266 5010 1401 5077 haec,
1433 5025 1586 5078 quant
1610 5009 1748 5078 quis-

158 5125 253 5180 que
276 5107 566 5174 experitur,
599 5119 706 5160 non
735 5104 916 5159 debuit
959 5103 1206 5158 contrahi
1255 5101 1485 5172 peccatis
1511 5145 1525 5167 ,
1574 5116 1642 5154 ne
1684 5099 1750 5153 ad

162 5201 262 5255 hoc
286 5204 435 5254 esset
477 5209 636 5265 pCBlla
679 5196 928 5264 peccati,
981 5202 1042 5248 ut
1087 5193 1556 5248 committerentur
1602 5191 1751 5258 plura

164 5299 411 5360 peccata;
443 5303 615 5356 neque
648 5302 778 5342 vero
807 5287 920 5355 ipse
967 5286 1169 5354 primus
1212 5285 1372 5338 homo
1416 5286 1538 5338 ideo
1581 5290 1754 5336 morte

162 5383 449 5436 damnatus
485 5387 601 5445 est,
631 5379 750 5449 quia
787 5377 1031 5448 peccandi
1062 5377 1406 5430 necessitatem
1447 5376 1609 5443 primo
1638 5390 1755 5442 pec-

164 5482 273 5526 cato
298 5470 576 5536 contraxit,
608 5485 731 5523 nam
758 5479 942 5538 postea
973 5483 1077 5522 non
1105 5467 1360 5534 peccavit.
1390 5467 1518 5534 Ejus
1542 5481 1754 5534 quoque

169 5566 388 5636 posteri,
422 5577 529 5617 non
565 5562 738 5616 solum
789 5561 882 5616 illo
925 5575 1030 5615 non
1075 5567 1200 5613 sunt
1251 5558 1572 5612 infirmiores
1598 5597 1612 5620 ,
1662 5557 1754 5611 sed

167 5659 325 5712 etiam
377 5654 528 5726 plura
577 5653 938 5722 impleverunt
985 5659 1252 5720 prtecepta
1274 5690 1288 5716 ,
1316 5662 1438 5702 cum
1471 5664 1633 5702 unum
1664 5648 1760 5704 ille

171 5749 399 5818 implere
430 5745 748 5816 neglexerit.

241 5837 432 5903 (Ibid.,
463 5853 575 5900 cap.
617 5834 734 5900 2:2.)
789 5833 982 5890 Deinde
1026 5849 1126 5888 non
1172 5833 1340 5888 debuit
1393 5833 1464 5888 sic
1515 5833 1759 5887 vindicari

1851 4720 2100 4788 superbia
2125 4728 2229 4774 est.
2259 4718 2316 4773 In
2348 4726 2497 4787 parte
2527 4716 2687 4786 igitur
2712 4714 2955 4770 veritatis
2978 4752 2994 4777 ,
3037 4726 3144 4766 non
3191 4709 3246 4763 iu
3289 4721 3440 4778 parte

1851 4811 2120 4881 falsitatis,
2154 4810 2428 4865 humilitas
2458 4801 2626 4878 magis
2655 4807 2974 4861 collocanda
3004 4813 3112 4857 est.

1925 4913 2111 4988 (Ibid.,
2143 4929 2262 4983 cap.
2289 4912 2404 4980 35.)
2437 4910 2574 4975 Quin
2607 4919 2656 4964 et
2692 4907 2825 4962 illud
2869 4906 3068 4960 addunt
3093 4918 3112 4957 :
3155 4900 3441 4955 Multorum

1853 5036 1879 5071 e
1903 5017 2089 5071 sanctis
2113 5024 2317 5084 peccata
2342 5013 2592 5067 novimus.
2618 5009 2880 5065 Peccasse
2903 5004 3098 5061 multos
3125 5010 3437 5059 sanctorum

1855 5134 1963 5174 non
1987 5125 2193 5172 tantum
2223 5128 2405 5169 verum
2434 5119 2538 5177 est,
2569 5109 2663 5163 sed
2694 5108 2855 5163 etiam
2899 5104 3094 5160 litteris
3137 5102 3267 5172 ipsis
3311 5115 3444 5170 quo-

1854 5236 1961 5291 que
2002 5219 2170 5273 sacris
2212 5214 2476 5285 proditum
2515 5221 2626 5265 est:
2657 5222 2763 5262 non
2799 5216 2855 5260 ut
2885 5203 3130 5274 exempla
3159 5201 3224 5256 ad
3251 5201 3444 5270 despe-

1856 5321 2120 5375 rationem
2144 5332 2248 5370 non
2280 5310 2536 5384 peccandi
2557 5311 2792 5373 valeant,
2821 5321 2995 5375 neque
3019 5313 3076 5358 ut
3102 5301 3446 5359 securitatem

1857 5419 2120 5493 peccandi
2172 5417 2326 5472 nobis
2371 5408 2773 5484 quodammodo
2822 5405 3066 5477 praebere
3123 5397 3473 5466 vidcantur;

1857 5523 1954 5578 sed
2003 5529 2061 5576 ut
2106 5519 2471 5580 disceremus,
2517 5512 2598 5567 vel
2629 5507 2924 5581 ptenitendi
2947 5505 3330 5572 humilitatem,
3363 5501 3447 5557 vel

1860 5626 2024 5680 etiam
2055 5623 2108 5677 in
2142 5619 2334 5674 talibus
2365 5613 2604 5684 lapsibus
2635 5626 2740 5666 non
2767 5607 3158 5679 desperandam
3200 5605 3447 5660 salutem.

1860 5727 1967 5783 Sed
1995 5720 2265 5794 quomodo
2290 5718 2423 5773 istos
2451 5720 2666 5769 sanctos
2692 5711 2760 5766 de
2790 5709 2895 5765 hac
2931 5707 3038 5764 vita
3085 5705 3284 5762 abiisse
3329 5718 3449 5756 cre-

1864 5828 2098 5884 dendtun
2128 5823 2248 5882 est?
2275 5821 2408 5878 Cum
2437 5823 2678 5886 peccato,
2710 5828 2774 5869 an
2808 5811 2921 5870 sine
2949 5807 3204 5878 peccato?
3238 5805 3292 5861 Si
3328 5817 3451 5858 cum
