3962 6180
440 321 546 380 603

903 321 995 375 AD
1027 317 1305 374 PARTEM
1333 316 1600 372 PRIMAM
1627 315 1912 372 OPEliUM
1943 315 2012 371 Μ.
2045 314 2488 372 MERCATORIS
2525 317 2873 374 APPENDIX
2902 320 3242 377 SECUNDA.

3633 326 3734 382 6N

439 445 690 505 peccato,
731 431 1001 503 quomodo
1039 430 1206 484 sancti
1235 429 1392 484 sunt?
1423 429 1478 484 Si
1506 429 1623 483 sine
1651 437 1892 497 peccato,
1928 442 2024 496 po-
2052 429 2099 486 Α
2131 435 2264 492 slus,
2302 428 2460 482 talem
2491 429 2762 484 hominem
2792 430 2938 498 fecit,
2965 435 3053 502 qui
3103 434 3305 504 peccati
3353 445 3498 491 malo
3540 453 3730 494 carere

443 535 663 579 tnerunt
691 538 818 591 ergo
844 523 960 576 sine
990 530 1210 590 peccato
1241 521 1402 574 esse?

515 615 706 684 (Ibid,
739 630 854 680 cap.
888 612 1009 681 56.)
1041 613 1147 666 Sed
1180 613 1232 664 in
1261 612 1440 664 iisdem
1466 612 1629 664 sacris
1659 610 1842 664 litteris
1874 609 2027 664 multi

442 722 551 761 non
583 704 741 759 modo
772 720 878 758 non
909 718 1180 772 peccasse,
1213 718 1415 758 verum-
1448 704 1608 757 etiam
1651 704 1792 772 juste
1835 701 2030 756 vixisse

439 799 767 863 referuntur,
803 797 966 861 Abel,
1001 797 1218 862 Enoch,
1254 796 1684 858 Melchisedech,
1716 795 1986 850 Abraham
2014 835 2029 858 ,

437 891 605 953 Isaac,
635 889 822 955 Jacob,
850 889 1071 957 Joseph,
1101 888 1260 943 Jesus
1291 889 1454 955 Nave,
1489 887 1743 954 Phinees,
1779 886 2030 952 Samuel,

438 987 673 1050 Nattlian,
711 983 873 1050 Elias,
908 983 1154 1046 Elismus,
1187 981 1456 1046 Miehzeas,
1494 981 1719 1046 Daniel,
1768 979 1990 1034 Azarias
2016 1019 2031 1045 ,

440 1075 711 1138 Ananias,
757 1075 970 1140 Misael,
1022 1074 1313 1136 Ezechiel,
1365 1072 1751 1137 Mardochmus,
1788 1073 2031 1142 Sitneon,

437 1167 670 1236 Joseph,
693 1168 777 1221 cui
809 1167 1127 1237 deSponsata
1157 1177 1274 1220 erat
1320 1168 1469 1236 virgo
1520 1165 1679 1219 Maria
1709 1206 1722 1230 ,
1773 1165 2033 1220 Joannes.

441 1261 539 1314 IIis
561 1258 697 1314 adde
719 1267 930 1312 sanctas
953 1258 1199 1323 feminas,
1227 1257 1510 1320 Deboram,
1529 1255 1739 1309 Annam
1766 1255 2039 1310 Samuelis

443 1361 692 1418 matrem,
716 1351 920 1416 Juditb,
958 1350 1174 1412 Esther,
1206 1349 1429 1402 alterunt
1459 1348 1671 1401 Annam
1707 1346 2035 1400 liliamPha-

441 1446 589 1509 nuel,
627 1444 925 1509 Elisabeth,
959 1443 1129 1511 ipsam
1161 1443 1324 1496 etiam
1375 1442 1585 1495 Domini
1637 1454 1699 1493 ac
1741 1439 2039 1494 Salvatoris

443 1536 616 1591 nostri
657 1544 916 1601 matrem,
956 1550 1116 1605 quam
1147 1534 1264 1587 sine
1294 1542 1514 1603 peccato
1540 1530 1784 1587 conﬁteri
1818 1543 2040 1585 necesse

441 1638 525 1684 est
557 1629 758 1695 pietati.

516 1721 701 1791 (Ibid,
727 1737 842 1790 cap.
865 1718 980 1790 57.)
1011 1719 1202 1772 Dicent
1226 1717 1442 1771 forsitan
1468 1733 1482 1768 :
1509 1713 1774 1783 Numquid
1797 1713 2036 1768 omnium

2130 517 2423 582 sufﬁceret,
2455 519 2548 575 sed
2579 522 2626 575 si
2653 523 2935 578 voluisset.
2964 525 3248 582 Voluntate
3275 542 3379 581 non
3416 537 3540 594 est,
3583 532 3733 600 quod

2132 619 2322 664 natura
2364 621 2559 680 potest.
2607 615 2676 668 At
2716 614 2858 683 quod
2891 632 3034 671 nunc
3062 619 3236 687 agitur
3267 634 3372 673 non
3405 622 3642 689 pertinet
3675 637 3733 676 ut

2133 710 2408 769 quzeratur
2438 710 2613 756 utrum
2647 703 2850 759 fuerint
2889 706 2969 760 vel
3014 706 3124 761 sint
3174 708 3338 775 aliqui
3385 711 3634 766 homines
3677 713 3728 766 in

2135 789 2235 845 bac
2268 793 2371 845 vita
2402 792 2520 846 sine
2543 803 2786 860 peccato,
2816 796 2912 851 sed
2941 805 3115 852 utrum
3143 813 3262 854 esse
3291 802 3592 870 potuerint,
3617 805 3732 858 sive

2135 883 2364 952 possint.

2211 975 2313 1031 Sed
2349 979 2449 1032 hoc
2478 987 2582 1046 est,
2613 979 2846 1050 inquies,
2879 981 3021 1050 quod
3071 982 3272 1040 multos
3321 994 3536 1052 movet,
3586 988 3734 1056 quod

2139 1083 2244 1121 non
2274 1084 2368 1136 per
2403 1071 2489 1125 Dei
2522 1071 2748 1140 gratiam
2778 1071 3023 1128 homines
3045 1073 3163 1129 sine
3186 1085 3404 1144 peccato
3425 1092 3547 1133 esse
3572 1093 3737 1148 posse

2139 1155 2408 1212 defendis.
2439 1161 2481 1214 0
2515 1160 2828 1230 ignorantiae
2863 1164 3116 1220 caecitas!
3158 1166 3201 1220 Ο
3238 1167 3499 1237 imperita:
3535 1172 3738 1225 mentis

2139 1250 2371 1317 ignavia,
2404 1268 2521 1320 quae
2553 1252 2605 1307 id
2633 1254 2749 1308 sine
2780 1255 2872 1310 Dei
2897 1257 3068 1324 gratia
3113 1256 3377 1313 defensari
3419 1260 3734 1328 existimat,

2139 1343 2280 1410 quod
2314 1344 2420 1398 Deo
2451 1353 2657 1399 tantum
2686 1347 2867 1401 audiat
2897 1348 3094 1404 debere
3131 1352 3405 1419 reputari!
3439 1351 3572 1406 Nam
3612 1368 3734 1407 cum

2141 1434 2336 1490 dicitur
2362 1438 2532 1506 ipsum
2561 1454 2721 1509 posse
2741 1440 2947 1495 arbitrii
2970 1441 3187 1497 humani
3211 1446 3430 1500 omnino
3454 1461 3561 1500 non
3588 1461 3733 1512 esse,

2141 1527 2234 1582 sed
2265 1531 2500 1584 auctoris
2530 1540 2757 1599 naturae,
2787 1532 2882 1587 Dei
2911 1534 3152 1601 scilicet;
3192 1537 3348 1606 ecqui
3391 1536 3508 1591 ﬁeri
3557 1547 3738 1608 potest

2142 1631 2201 1675 ut
2225 1621 2428 1690 absque
2455 1623 2552 1679 Dei
2579 1627 2747 1694 gratia
2779 1626 3109 1696 intelligatur
3133 1631 3274 1698 quod
3302 1631 3366 1684 ad
3399 1631 3572 1686 Deum
3617 1649 3740 1700 pro-

2143 1713 2258 1782 prie
2287 1715 2554 1783 pertinere
2581 1719 2870 1772 censetur?
2896 1718 3002 1773 Sed
3031 1729 3088 1774 ut
3118 1719 3220 1775 hoc
3249 1721 3590 1778 manifestius
3622 1723 3737 1788 ﬁat,

444 1816 616 1884 potuit
645 1813 918 1882 Scriptura
959 1825 1387 1866 commemorare
1433 1808 1685 1876 peccata?
1732 1807 1846 1861 Hoc
1888 1814 2036 1860 recte
2065 1807 2112 1866 B
2141 1807 2299 1878 paulo
2324 1808 2484 1862 latius
2513 1808 2898 1878 disputandum
2929 1821 3045 1866 est.

444 1907 554 1961 dici
582 1915 755 1975 potest
783 1905 851 1958 de
879 1904 957 1958 his
977 1919 1207 1973 quorum
1242 1917 1413 1972 neque
1432 1902 1694 1958 bonorum
1723 1915 1897 1969 neque
1923 1913 2035 1953 ma-

445 1997 622 2051 lorum
654 1996 929 2066 Scriptura
958 1996 1028 2049 sit
1057 2009 1304 2059 memor;
1356 1994 1425 2048 de
1473 1994 1579 2048 illis
1627 2008 1758 2048 vero
1806 2006 2037 2062 quorum

445 2090 666 2160 iustitiae
691 2090 956 2152 meminit,
983 2097 1038 2142 et
1062 2097 1401 2155 peccatorum
1427 2087 1545 2140 sine
1573 2086 1734 2140 dubio
1757 2084 2039 2139 meminis-

445 2193 548 2245 set,
582 2184 625 2235 si
655 2197 756 2251 qua
787 2195 882 2235 eos
909 2193 1161 2250 peccasse
1185 2178 1459 2234 sensisset.
1485 2179 1592 2234 Sed
1615 2187 1732 2232 esto
1755 2178 1878 2232 aliis
1901 2186 2038 2234 tem-

445 2272 691 2341 poribus,
722 2273 894 2326 turbae
921 2271 1330 2337 numerositate,
1356 2271 1592 2325 omnium
1623 2269 2041 2325 dissimulaverit

446 2371 663 2434 peccata
689 2373 1010 2429 contexere;
1043 2363 1095 2416 in
1129 2364 1244 2431 ipso
1272 2363 1454 2416 statim
1487 2361 1671 2417 mundi
1716 2361 2036 2430 primordio,

446 2457 534 2511 ubi
566 2458 774 2512 nonnisi
807 2466 1037 2526 quatuor
1068 2455 1314 2510 homines
1343 2464 1497 2510 erant
1525 2495 1540 2522 ,
1585 2455 1716 2525 quid
1759 2454 1989 2511 dicimus
2019 2494 2036 2521 ,

447 2564 546 2602 cur
594 2564 700 2605 non
748 2549 986 2604 omnium
1041 2549 1274 2603 voluerit
1326 2548 1522 2603 delicta
1565 2547 2041 2603 commemorare?

451 2640 712 2696 Utrumne
760 2641 992 2709 ingentis
1037 2639 1395 2695 multitudinis
1439 2653 1622 2706 causa,
1653 2653 1774 2708 qua:
1804 2637 2040 2692 nondum

449 2731 606 2787 erat?
634 2733 716 2785 An
749 2747 872 2800 quia
904 2732 1113 2785 illorum
1146 2739 1354 2786 tantum
1378 2729 1471 2799 qui
1498 2730 1883 2785 commiserant
1929 2743 2044 2784 me-

450 2822 641 2889 minit,
673 2823 815 2876 illius
862 2823 952 2891 qui
1000 2822 1142 2876 nulla
1187 2821 1530 2877 commiserat
1575 2822 1889 2877 meminisse
1935 2837 2042 2876 non

450 2918 662 2988 potuit?
688 2915 845 2972 Certe
875 2918 1048 2986 primo
1077 2918 1129 2972 in
1173 2926 1415 2987 tempore
1461 2916 1630 2971 Adam
1679 2926 1735 2971 et
1774 2916 1886 2971 Eva
1913 2956 1927 2979 .
1980 2932 2047 2970 cx

451 3012 652 3081 quibus
673 3011 804 3066 Cain
827 3021 879 3067 et
908 3011 1043 3066 Abel
1072 3013 1181 3068 nati
1212 3019 1357 3077 sunt,
1385 3018 1616 3081 quatuor
1638 3018 1842 3064 tantum
1875 3008 2049 3063 homi-

451 3120 549 3160 nes
597 3103 763 3159 fuisse
805 3105 1133 3160 referuntur.
1182 3105 1431 3160 Peccavit
1475 3103 1608 3170 Eva,
1642 3103 1916 3171 Scriptura
1947 3101 2049 3155 hoc

2213 1900 2450 1957 Dicimus
2481 1903 2626 1957 enim
2658 1903 2922 1974 cujusque
2949 1905 3026 1960 rei
3055 1906 3464 1975 possibilitatem
3493 1924 3600 1964 non
3632 1917 3739 1964 tam

2138 1993 2194 2048 in
2221 1992 2428 2048 arbitrii
2461 1993 2682 2050 humani
2715 2005 2986 2065 potestate
3023 2013 3182 2066 quam
3223 1998 3276 2053 in
3312 2010 3518 2053 natura:
3555 2015 3739 2055 neces-

2139 2087 2298 2142 sitate
2323 2088 2641 2152 consistere,
2675 2098 2734 2145 ut
2765 2099 2894 2160 puta
2932 2091 3075 2163 loqui
3108 2108 3367 2163 possum:
3405 2095 3547 2165 quod
3591 2096 3736 2165 lnqui

2140 2193 2387 2247 possum,
2421 2196 2598 2236 meum
2627 2197 2734 2237 non
2762 2195 2876 2250 est;
2909 2185 3052 2254 quod
3083 2186 3304 2255 loquor,
3339 2204 3515 2242 meum
3548 2198 3660 2254 est,
3690 2188 3740 2243 id

2139 2281 2244 2337 est,
2278 2273 2510 2341 propria:
2539 2274 2870 2341 voluntatis;
2899 2286 2954 2331 et
2976 2276 3099 2346 quia
3133 2277 3276 2347 quod
3303 2279 3521 2346 loquor,
3563 2295 3742 2333 meum

2141 2369 2246 2429 est,
2278 2372 2565 2433 utrumque
2589 2362 2767 2420 facere
2799 2381 3041 2435 possum,
3071 2368 3123 2422 id
3153 2380 3255 2439 est,
3281 2379 3336 2424 et
3357 2370 3526 2439 loqui,
3556 2382 3606 2426 et
3637 2387 3744 2425 non

2141 2454 2310 2523 loqui.
2339 2456 2473 2523 Quia
2499 2472 2631 2512 vero
2657 2458 2799 2528 quod
2835 2460 2977 2529 loqul
3010 2476 3250 2529 possum,
3288 2478 3464 2517 meum
3496 2479 3603 2518 n0n
3637 2472 3742 2529 est,

2142 2543 2195 2599 id
2223 2556 2324 2613 est,
2356 2547 2562 2602 arbitrii
2591 2551 2698 2605 mei
2728 2559 2894 2620 atque
2919 2552 3240 2620 voluntatis,
3273 2569 3496 2610 necesse
3533 2565 3618 2611 est
3659 2572 3745 2611 me

2144 2652 2359 2709 semper
2386 2640 2534 2709 loqui
2565 2656 2752 2711 posse,
2783 2643 2885 2698 etsi
2922 2645 3144 2702 voluero
3194 2663 3298 2701 non
3351 2663 3510 2715 posse
3557 2649 3742 2718 loqui;

2147 2749 2253 2787 non
2286 2747 2506 2802 possum
2535 2743 2716 2791 tamen
2744 2751 2850 2790 non
2878 2752 3036 2805 posse
3061 2739 3229 2808 loqui,
3259 2739 3361 2793 nisi
3394 2741 3531 2794 forte
3573 2756 3746 2795 mem-

2148 2826 2302 2879 brum
2344 2826 2475 2880 illud
2515 2828 2748 2882 adimam
2797 2845 2905 2899 quo
2955 2831 3200 2898 loquendi
3248 2831 3457 2902 impleri
3506 2835 3742 2888 ofﬁcium

2149 2925 2349 2987 potest,
2388 2919 2676 2975 voluntatis
2712 2922 2856 2976 enim
2879 2923 3104 2977 arbitrio
3132 2939 3194 2979 ac
3220 2925 3606 2980 deliberatione
3637 2927 3743 2996 pri-

2149 3020 2307 3065 vatur
2333 3012 2588 3082 quidquid
2618 3014 2844 3068 naturali
2876 3016 3199 3071 necessitate
3226 3020 3634 3086 constringitur.

2225 3103 2416 3172 (Ibid.,
2445 3121 2562 3174 cap.
2589 3105 2657 3158 47
2691 3108 2856 3177 seqq.)
2886 3107 2997 3163 Hoc
3021 3117 3075 3162 et
3104 3108 3172 3162 de
3201 3109 3387 3162 auditu
3413 3150 3429 3175 ,
3477 3110 3700 3163 odoratu
3727 3154 3740 3178 ,

451 3196 717 3265 prodidit;
749 3196 918 3253 Adam
957 3211 1171 3267 quoque
1217 3195 1481 3264 deliquit,
1527 3193 1717 3249 eadem
1767 3193 2045 3261 Scriptura
2075 3171 2121 3233 Ο
2156 3171 2241 3249 vel
2271 3197 2388 3250 visu
2419 3171 2606 3251 sentiri
2638 3171 2891 3266 possibile
2915 3207 3020 3265 est,
3053 3199 3194 3268 quod
3225 3171 3450 3264 audiret,
3484 3201 3701 3255 odorari

452 3303 560 3342 non
594 3290 781 3345 tacuit.
814 3289 923 3344 Sed
945 3299 999 3344 et
1021 3289 1151 3343 Cain
1176 3301 1430 3358 peccasse
1454 3287 1568 3356 ipsa
1595 3300 1745 3355 aeque
1768 3285 2046 3354 Scriptura

452 3391 643 3437 tesrata
670 3391 772 3450 est,
805 3397 1033 3450 quorum
1060 3397 1165 3436 non
1199 3381 1357 3435 modo
1388 3388 1636 3448 peccata,
1669 3395 1853 3433 verum
1883 3380 2047 3434 etiam

452 3488 795 3548 peccatorum
825 3476 1025 3530 indicat
1054 3475 1393 3544 qualitatem.
1426 3473 1577 3539 Quod
1606 3473 1649 3526 si
1674 3483 1728 3528 et
1754 3473 1888 3528 Abel
1924 3487 2049 3542 pec-

454 3577 654 3633 casset,
682 3578 736 3622 et
763 3568 865 3622 hoc
887 3568 1003 3623 sine
1031 3565 1194 3621 dubio
1221 3565 1496 3636 Scriptura
1528 3564 1786 3629 dixisset;
1817 3563 1912 3619 sed
1942 3579 2046 3618 non

456 3661 592 3714 dixit
617 3675 774 3730 :ergo
795 3659 999 3714 necille
1023 3659 1286 3729 peecavit,
1311 3659 1439 3728 quin
1462 3657 1622 3712 etiam
1643 3657 1842 3726 justum
1867 3668 2051 3711 osten-

456 3751 553 3805 dit.
583 3749 878 3807 Credamus
908 3753 1068 3822 igitur
1094 3751 1234 3821 quod
1260 3751 1512 3820 legimus,
1542 3758 1596 3804 et
1620 3749 1760 3819 quod
1789 3764 1892 3803 non
1921 3749 2052 3818 legi-

455 3859 601 3908 mus,
623 3843 775 3898 nefas
799 3843 1084 3899 credamus
1111 3851 1375 3910 astruere,
1400 3842 1543 3912 quod
1565 3841 1634 3896 de
1654 3841 1862 3896 cunctis
1886 3839 2050 3895 etiam

455 3935 656 3990 dixisse
693 3935 941 3990 sufficiat.

527 4028 714 4098 (Ibid.,
749 4044 864 4099 cap.
897 4023 1013 4093 41.)
1045 4026 1336 4095 Opponunt
1359 4023 1460 4089 illi,
1493 4033 1681 4077 contra
1711 4037 1844 4092 qttos
1875 4022 2050 4091 loqui-

456 4134 616 4176 mur:
657 4119 842 4173 Omnes
866 4119 1000 4171 enim
1044 4123 1373 4185 peccaverunt
1420 4112 1608 4184 (Rom.
1650 4128 1740 4174 tu,
1784 4110 1899 4182 25).
1947 4111 2052 4167 Sed

459 4211 799 4266 manifestum
846 4218 929 4265 est
968 4207 1112 4279 quod
1156 4207 1224 4262 de
1275 4206 1356 4260 eis
1405 4205 1617 4260 dicebat
1646 4204 1935 4273 Apostolus
1965 4203 2054 4272 qui

460 4308 590 4354 tunc
618 4310 791 4362 erant,
822 4300 923 4354 hoc
950 4310 1052 4362 est,
1086 4299 1154 4354 de
1180 4299 1382 4356 Judzeis
1414 4305 1469 4351 et
1495 4296 1802 4367 gentilibus.
1832 4297 1899 4350 Et
1923 4310 2056 4351 vero

463 4407 582 4447 mos
609 4392 696 4445 ille
726 4391 1017 4459 Scriptura:
1048 4401 1152 4454 est,
1184 4401 1240 4445 ut
1268 4406 1388 4445 cum
1421 4390 1674 4444 dicuntur
1701 4403 1910 4452 omnes,
1946 4402 2052 4442 non

462 4495 677 4552 semper
705 4497 895 4535 omnes
921 4482 1160 4543 omnino,
1195 4482 1339 4534 nullo
1379 4479 1750 4548 praetermisso
1772 4520 1787 4543 ,
1831 4477 2054 4548 intelligi

2149 3287 2333 3343 videre
2362 3289 2646 3357 potestatis
2677 3298 2874 3346 uestra:
2902 3290 2998 3358 sit;
3028 3306 3184 3360 posse
3225 3307 3354 3348 vero
3399 3292 3614 3357 audire,
3661 3294 3746 3348 vel

2148 3381 2387 3445 odorari,
2418 3383 2501 3436 vel
2531 3381 2733 3448 videre,
2765 3383 3046 3452 potestatis
3082 3393 3280 3439 nostrae
3309 3399 3413 3439 non
3444 3385 3533 3449 sit,
3566 3385 3660 3440 sed
3693 3387 3742 3439 in

2152 3473 2381 3526 naturali
2427 3472 2749 3528 necessitate
2799 3474 3078 3529 consistat.
3127 3475 3300 3531 Simili
3330 3491 3458 3546 ergo
3487 3477 3648 3530 modo
3679 3477 3745 3531 de

2152 3579 2257 3617 non
2307 3564 2562 3633 peccandi
2611 3564 2965 3632 possibilitate
3014 3565 3424 3635 intelligendum
3465 3576 3568 3629 est,
3599 3568 3742 3635 quod

2153 3671 2258 3710 non
2287 3671 2510 3725 peccare
2541 3665 2779 3710 nostrum
2809 3657 2907 3722 sit;
2941 3671 3102 3726 posse
3147 3672 3278 3712 vero
3325 3673 3431 3713 non
3479 3673 3702 3727 peccare
3728 3700 3744 3722 ,

2153 3764 2259 3802 non
2299 3758 2562 3803 nostrum.
2600 3747 2732 3815 Quia
2763 3763 2865 3802 non
2896 3764 3118 3818 peccare
3147 3760 3389 3806 nostrum
3417 3762 3522 3815 est,
3557 3766 3744 3819 possu-

2153 3856 2270 3896 mus
2304 3855 2524 3910 peccare
2551 3849 2743 3895 etnon
2787 3855 3029 3908 peccare.
3073 3842 3209 3909 Quia
3259 3857 3389 3897 vero
3432 3857 3595 3912 posse
3641 3859 3742 3897 non

2153 3946 2400 4001 peccare,
2433 3941 2672 3986 nostrum
2705 3947 2812 3986 non
2842 3941 2943 3994 est,
2974 3933 3073 3988 etsi
3098 3931 3427 3988 voluerimus
3456 3950 3560 3988 non
3588 3949 3744 4003 posse

2155 4037 2260 4076 non
2291 4037 2534 4093 peccare,
2569 4037 2674 4076 non
2707 4037 2993 4091 possumus
3020 4040 3126 4078 non
3160 4039 3443 4093 possenon
3486 4041 3739 4095 peccare,

2155 4115 2277 4182 quia
2309 4114 2452 4167 nulla
2479 4115 2716 4169 adimere
2742 4115 2988 4169 voluntas
3020 4125 3193 4183 potest
3215 4116 3356 4185 quod
3382 4118 3742 4187 inseparabili-

2157 4214 2237 4261 ter
2263 4206 2482 4260 insitum
2514 4207 2772 4275 probatur
2798 4221 2919 4262 esse
2946 4218 3169 4263 natura.

2227 4294 2425 4362 (Ιὺὶά.,
2449 4312 2566 4367 cap.
2590 4295 2705 4366 51.)
2726 4296 2842 4365 Ipsa
2868 4313 2970 4351 non
2993 4299 3247 4367 peccandi
3273 4301 3600 4368 possibilitas
3640 4317 3743 4355 nun

2159 4397 2264 4441 tam
2294 4387 2345 4441 in
2376 4387 2584 4441 arbitrii
2615 4397 2883 4456 potestate
2911 4404 3069 4458 quam
3097 4389 3149 4444 in
3179 4400 3384 4444 natura:
3423 4403 3744 4446 necessitate

2159 4490 2262 4537 est.
2291 4480 2558 4552 Quidquid
2608 4481 2661 4536 in
2705 4491 2908 4536 natura:
2950 4483 3266 4538 necessitate
3289 4483 3521 4552 positum
3546 4495 3652 4550 est,
3681 4486 3742 4539 ad

463 4540 728 4645 oporteat.
784 4572 932 4628 Unde
978 4540 1268 4638 Apostolus
1312 4540 1501 4638 (fiam.
1547 4540 2365 4641 v.12):ISicutp;anatul-Tze
2409 4540 2676 4643 pertinere
2723 4589 2831 4629 non
2879 4575 3155 4629 dubitatur
3200 4540 3476 4630 auctorem
3503 4617 3518 4642 ,
3571 4540 3747 4647 utique

464 4670 618 4722 unius
660 4667 847 4721 delictis
868 4684 899 4718 η
939 4666 992 4718 in
1021 4680 1190 4718 omnes
1211 4664 1437 4717 homines
1462 4665 1514 4717 in
1542 4664 2053 4729 condemnationem;

462 4763 535 4816 sic
565 4773 610 4816 et
637 4779 727 4834 per
757 4761 907 4815 unius
930 4759 1184 4829 justitiam
1205 4758 1259 4810 in
1288 4773 1458 4810 omnes
1498 4757 1724 4810 homines
1765 4757 1819 4810 in
1842 4756 2052 4826 ,justiﬁ-

463 4856 718 4909 cationem
740 4857 886 4920 uitta;
915 4868 1035 4909 cum
1067 4867 1160 4922 per
1191 4849 1387 4905 Christi
1416 4849 1676 4919 justitiam
1705 4867 1812 4905 non
1839 4865 2050 4918 omnes,

463 4947 558 5000 sed
588 4963 681 5001 eos
712 4956 916 5000 tantum
943 4943 1034 5012 qui
1065 4943 1140 4996 illi
1174 4941 1396 4997 obedire
1423 4942 1742 5006 voluerunt,
1773 4951 1827 4996 et
1851 4943 2054 5010 baptis-

467 5038 540 5091 mi
570 5039 684 5105 ejus
713 5036 987 5091 ablutione
1017 5033 1224 5104 purgati
1245 5043 1388 5102 sunt,
1415 5032 1778 5087 sanctiﬁcatos
1801 5047 1922 5088 esse
1943 5048 2050 5087 non

465 5129 687 5183 dubium
727 5129 820 5182 sit.

537 5217 731 5290 (Ibid.,
761 5236 878 5288 cap.
910 5217 981 5274 4?.
1005 5218 1167 5291 seqq.)
1199 5219 1303 5276 Sed
1332 5229 1478 5284 esto,
1509 5220 1840 5274 consentiam
1867 5261 1883 5284 ,
1931 5220 2052 5289 quia

466 5327 656 5367 omnes
704 5321 1013 5382 peccatores
1063 5309 1226 5365 fuisse
1273 5318 1533 5364 testatur:
1581 5309 1713 5364 dicit
1749 5309 1892 5364 enim
1925 5309 2052 5378 quid

468 5405 688 5466 fuerint,
716 5419 819 5457 non
852 5401 992 5472 quod
1019 5401 1160 5456 aliud
1184 5417 1304 5457 esse
1333 5418 1436 5455 non
1470 5400 1767 5471 potuerint;
1800 5401 2056 5470 quamob-

468 5512 584 5550 rem
618 5495 717 5549 etsi
748 5509 936 5549 omnes
966 5494 1211 5549 homines
1239 5501 1549 5561 peccatores
1581 5500 1800 5560 possent
1823 5491 2060 5562 probari,

469 5587 767 5643 deﬁnitioni
809 5597 986 5640 tamen
1019 5593 1218 5641 nostrae
1247 5598 1580 5652 nequaquam
1616 5582 1666 5636 id
1697 5583 1942 5647 obesset,
1973 5582 2060 5652 qui

471 5697 578 5734 non
610 5689 714 5732 tam
743 5677 870 5748 quid
900 5676 1141 5730 homines
1168 5675 1298 5740 sint,
1327 5690 1487 5744 quam
1520 5673 1645 5743 qttid
1683 5682 1904 5741 possent
1942 5687 2064 5727 cs:~e

473 5774 832 5830 defendimus.
863 5773 1003 5828 Deus
1033 5781 1199 5838 certe,
1228 5771 1317 5838 qui
1351 5778 1458 5823 tam
1485 5770 1654 5825 bonus
1685 5778 1765 5822 est
1793 5782 1950 5835 quam
1975 5766 2063 5836 ju-

2162 4667 2352 4722 Deum.
2383 4665 2663 4733 Quomodo
2691 4680 2824 4736 ergo
2854 4667 3059 4737 absque
3088 4668 3181 4723 Dei
3221 4669 3390 4737 gratia
3427 4668 3538 4723 dici
3566 4671 3746 4724 existi-

2162 4766 2358 4821 matur,
2389 4756 2530 4826 quod
2559 4757 2624 4810 ad
2655 4757 2820 4812 Deum
2847 4759 3061 4827 proprie
3089 4761 3359 4827 pertinere
3387 4761 3746 4816 monstratur!

2237 4850 2423 4920 (Ibid.,
2456 4866 2569 4920 cap.
2602 4850 2719 4918 52.)
2749 4850 2852 4905 Sed
2894 4865 3019 4904 caro
3063 4851 3218 4906 nobis
3265 4852 3560 4907 secundum
3609 4856 3746 4922 Apo-

2162 4943 2358 4997 stolum
2400 4941 2543 5014 (Gal.
2582 4959 2640 5009 v,
2679 4941 2765 5012 Π)
2794 4944 3059 4997 contraria
3084 4952 3188 5009 est,
3224 4944 3452 5011 inquies.
3487 4946 3592 5011 Qui
3637 4947 3744 5001 fieri

2160 5043 2337 5101 potest
2357 5044 2415 5089 ut
2432 5036 2750 5104 cuicumque
2770 5034 3038 5103 baptizato
3058 5036 3126 5090 sit
3147 5049 3272 5089 caro
3289 5038 3580 5102 contraria,
3604 5053 3745 5103 cum,

2159 5125 2453 5179 secundum
2481 5126 2726 5180 eumdem
2757 5126 3081 5193 apostolum,
3119 5126 3170 5178 in
3199 5139 3365 5178 carne
3392 5141 3498 5181 non
3529 5142 3648 5182 esse
3677 5128 3748 5181 iu-

2164 5217 2457 5285 telligatur?
2484 5217 2558 5272 Ita
2590 5219 2732 5273 enim
2761 5222 2875 5276 ait:
2915 5217 3018 5272 Vos
3044 5231 3212 5274 autem
3235 5221 3286 5275 in
3319 5236 3473 5274 carne
3501 5237 3606 5274 non
3634 5220 3747 5275 estis

2164 5307 2341 5376 (Rom.
2373 5324 2484 5372 vui.
2515 5309 2592 5380 9).

2237 5399 2424 5468 (lbid.,
2457 5419 2570 5472 cap.
2603 5401 2719 5474 5L)
2759 5404 2825 5457 Et
2875 5419 3006 5458 vero
3051 5403 3232 5458 multis
3283 5403 3529 5471 Apostoli
3569 5403 3748 5457 verbis

2164 5493 2464 5548 ostenditur
2480 5494 2621 5564 quod
2643 5509 2774 5549 caro
2792 5495 2965 5550 abillo
2979 5495 3049 5549 ita
3063 5509 3207 5564 saepe
3221 5492 3549 5559 nominetur,
3582 5504 3641 5547 ut
3657 5509 3749 5548 ve-

2167 5585 2229 5638 lit
2285 5585 2530 5656 intelligi,
2585 5601 2691 5640 non
2749 5586 3126 5654 substantiam,
3185 5585 3276 5639 sed
3335 5601 3498 5653 opera
3546 5587 3745 5640 carnis.

2170 5675 2368 5730 Deinde
2389 5678 2509 5746 quis
2539 5678 2669 5734 fecit
2689 5678 2895 5732 homini
2924 5677 3211 5747 spiritum?
3241 5677 3370 5733 Sine
3396 5677 3560 5732 dubio
3584 5677 3744 5736 Deus—

2170 5767 2400 5826 Carnem
2429 5771 2547 5838 quis
2576 5771 2822 5829 creavit?
2851 5771 2995 5828 Idem
3014 5813 3028 5837 ,
3054 5770 3238 5835 credo.
3274 5771 3430 5826 Deus.
3459 5772 3637 5830 Bonus
3669 5783 3748 5830 est
