3962 6180
161 420 257 476 605

473 409 784 470 DISSERT.
823 407 913 463 VI.
955 404 1047 460 BE
1085 399 1393 459 SCRIPTIS
1433 396 1566 452 PRO
1604 387 1877 448 IIERESI
1916 385 2189 453 PELML,
2228 379 2529 441 VIVENTE
2569 378 2628 451 SV.
2669 371 3087 432 AUGUSTINO.

3306 365 3418 423 606

157 536 237 602 qui
259 538 550 597 utrumque
585 523 792 579 creavit
819 518 1000 575 Deus?
1046 516 1185 572 Nulli
1237 512 1458 568 dubium
1506 516 1608 563 est.
1662 503 1730 559 Et
1756 504 1809 564 Α
1831 500 2125 555 hominibus
2155 496 2317 562 Deus,
2341 504 2394 548 ut
2424 510 2550 561 pure
2583 500 2631 546 et
2658 491 2765 545 sine
2791 497 2998 560 peccato
3029 485 3246 538 virentes
3275 480 3416 534 simi—

1709 596 1729 602 ‘
1844 596 1851 602 λ
1967 592 1989 602 ·
2073 600 2079 602 Α
2151 588 2187 602 η
2319 586 2381 602 θι
2472 601 2495 602 η
2519 598 2646 602 κ---μ
2677 598 2688 602 -
2749 579 3013 602 erant“...
3066 584 3292 602 -............
3347 578 3416 602 Δ..

156 633 441 689 utrumque
466 617 611 689 quod
655 615 825 670 bonus
855 618 1045 665 auctor
1069 605 1293 670 ereavit,
1343 602 1542 656 bonum
1599 607 1679 652 εει
1707 596 1731 648 ?

156 712 527 770 Conﬁtendum
550 715 654 764 est.
682 706 739 761 Si
769 705 950 773 igitur,
982 710 1035 754 et
1059 698 1285 768 spiritus
1313 694 1505 754 bonus,
1534 698 1587 743 et
1607 699 1732 741 caro

156 808 309 869 bona,
338 814 402 858 ut
428 818 459 857 a
489 801 634 855 bono
671 804 895 851 auctore
922 790 1159 855 condita,
1191 787 1280 857 qui
1324 784 1437 839 ﬁeri
1462 789 1637 852 potest
1677 784 1737 830 ut

156 901 256 954 duo
282 898 424 951 bona
449 893 549 949 sibi
578 890 785 962 possint
815 900 935 941 esse
959 882 1230 938 contraria
1251 879 1276 931 ἲ

219 990 412 1063 (lbid.,
452 1005 569 1057 cap.
625 979 876 1049 58.)Sed
917 976 1164 1033 diabolus
1205 972 1361 1025 nobis
1392 968 1731 1026 adversatur,

156 1055 405 1154 inquiunt
429 1055 727 1133 aduersarii
753 1090 766 1128 :
821 1073 1136 1126 resistamus
1168 1065 1242 1119 illi
1274 1072 1327 1117 et
1356 1060 1540 1129 fugiet.
1583 1055 1731 1110 Resi-

154 1153 279 1247 stite,
312 1177 493 1249 inquit
528 1174 718 1229 beatus
776 1165 1087 1237 Apostolus,
1136 1156 1343 1214 diabolo
1369 1196 1384 1220 ,
1433 1164 1479 1207 et
1512 1153 1669 1224 fugiet
1700 1165 1735 1201 a

155 1239 284 1327 robii
307 1239 452 1339 (Ja'c.
484 1281 559 1331 tv,
592 1265 667 1332 7).
721 1258 872 1316 Unde
902 1248 1438 1310 animadvertendum
1470 1252 1572 1311 est,
1605 1239 1733 1310 quid

154 1334 324 1435 possit
344 1363 431 1417 his
458 1372 654 1414 nocere
681 1367 817 1426 quos
846 1350 1008 1419 fugit;
1040 1347 1126 1402 vel
1149 1359 1309 1414 quam
1333 1341 1581 1395 virtutem
1629 1334 1734 1388 ha-

155 1427 275 1513 bere
300 1450 687 1523 intelligendus
717 1448 809 1512 sit,
858 1443 952 1514 qui
981 1440 1112 1496 solis
1147 1435 1438 1508 prsevalere
1469 1445 1572 1485 non
1598 1427 1734 1484 resi-

154 1550 420 1606 stentibus
449 1552 649 1618 potest.

220 1641 412 1711 (lbid.,
437 1616 553 1709 cap.
595 1633 708 1703 6|.)
742 1631 934 1686 Dicunt
963 1627 1116 1681 etiam
1136 1640 1213 1678 me
1234 1624 1403 1677 solum
1438 1620 1536 1671 ista
1558 1616 1734 1683 defen-

156 1709 291 1789 dere.
344 1732 450 1788 Sed
479 1730 602 1802 quid
650 1727 838 1798 facient
881 1718 1147 1776 catholicis
1193 1710 1551 1770 tractatoribus
1596 1709 1733 1762 idem

157 1832 317 1900 ipsum
344 1824 730 1896 defendentibus
751 1819 778 1873 .’

220 1917 532 1973 Lactantius
563 1913 703 1985 (Lib.
731 1927 782 1967 tv
829 1908 1004 1963 Divin.
1044 1904 1283 1959 lnstitut.
1315 1917 1363 1954 c.
1394 1898 1483 1968 14)
1513 1914 1527 1953 :

158 2013 245 2064 tuit
282 1984 587 2079 magistrum
626 2004 979 2071 doctoremque
1025 1999 1266 2051 virtutum
1294 1988 1488 2045 homini
1525 1984 1732 2041 similli-

159 2120 291 2156 mum
321 2101 461 2169 ﬁeri,
501 2107 555 2152 ut
599 2095 846 2150 vincendo
900 2098 1197 2165 peccatunt,
1248 2085 1426 2138 doceat
1473 2081 1731 2133 hominem

159 2196 346 2247 sincere
362 2206 511 2261 posse
531 2196 815 2258 peccatum.
847 2184 911 2238 Et
932 2184 1123 2237 iterum
1150 2196 1163 2233 :
1192 2186 1250 2232 ut
1278 2173 1542 2230 desideriis
1564 2169 1731 2225 carnis

157 2284 409 2347 edomitis,
474 2280 674 2333 doceret
720 2292 824 2331 non
871 2271 1184 2328 necessitatis
1232 2283 1339 2322 esse
1367 2278 1599 2337 peccare,
1644 2259 1734 2315 sed

155 2376 407 2449 propositi
436 2390 499 2428 ac
518 2371 813 2426 voluntatis.

222 2468 417 2539 (lbid.,
448 2482 564 2536 cap.
596 2463 714 2531 62.)
746 2463 940 2517 Beatus
970 2457 1207 2514 Hilarius
1231 2454 1320 2526 (In
1340 2451 1473 2507 illud
1495 2449 1649 2504 Matt.
1678 2464 1731 2512 ν,

158 2557 302 2613 Beati
322 2557 518 2611 mundo
545 2553 769 2625 corde):
804 2551 929 2605 Non
970 2551 1105 2604 enim
1149 2548 1249 2601 nisi
1292 2545 1479 2615 spiritu
1525 2542 1736 2612 perfecti

152 2662 195 2703 et
227 2650 615 2704 immortalitate
642 2646 849 2708 mutati,
868 2645 1003 2715 quod
1027 2643 1151 2697 solis
1172 2640 1378 2695 mundis
1395 2639 1549 2692 corde
1564 2637 1742 2706 dispa-

153 2746 311 2797 situm
342 2750 439 2806 est,
468 2736 564 2792 hoc
582 2737 718 2807 quod
744 2738 799 2790 in
823 2736 927 2790 Deo
948 2744 1019 2789 est
1044 2732 1426 2788 immortalitate
1453 2744 1737 2783 cernemus.

155 2835 222 2888 Et
246 2847 469 2887 rursum
497 2849 510 2884 :
546 2831 683 2896 Quas
712 2827 811 2882 Job
831 2830 1028 2882 litteras
1051 2829 1264 2898 legerat,
1299 2832 1355 2878 ut
1395 2822 1664 2876 abstineret
1690 2836 1742 2873 se

154 2927 214 2977 ab
238 2925 383 2977 omni
408 2940 463 2976 re
500 2921 749 2991 maligna,
776 2920 899 2990 quia
944 2918 1109 2971 Deum
1135 2916 1248 2971 sola
1291 2924 1453 2970 mente
1481 2914 1617 2967 vitiis
1642 2928 1743 2966 non

156 3018 398 3071 admixta
426 3013 775 3069 venerabatur.
820 3010 986 3066 Deum
1005 3018 1177 3063 autem
1204 3008 1366 3064 colere
1377 3008 1596 3080 justitite
1624 3021 1746 3076 pro-

157 3110 330 3179 prium
372 3108 591 3180 Oﬁlium
613 3116 706 3161 est.

1834 596 1907 647 les
1953 592 2080 659 ﬁant
2139 588 2269 642 Deo.
2319 586 2389 641 Et
2437 598 2691 639 rursum:
2749 579 3015 650 Templum
3062 584 3295 628 sanctum
3344 578 3418 625 est

1834 685 1945 739 Deo
1988 699 2128 737 mens
2154 696 2306 749 pura,
2336 687 2385 733 et
2420 678 2586 730 altare
2614 674 2861 742 Optimum
2890 679 2961 724 est
2992 670 3040 722 ei
3061 685 3146 721 cor
3169 666 3418 719 mundum

1833 759 1880 828 et
1908 775 2018 828 sine
2043 780 2266 843 peccato.
2293 768 2363 823 Et
2383 780 2593 822 rursum
2623 782 2634 817 :
2674 764 2768 818 Vir
2794 770 2961 816 castus
2991 769 3036 813 et
3065 759 3175 813 sine
3211 764 3418 829 peccato

1835 876 2133 938 potestatem
2164 863 2360 927 accepit
2383 878 2413 913 a
2438 859 2545 913 Deo
2575 874 2684 911 esse
2712 856 2850 925 ﬁlius
2889 854 3007 907 Dei.

1810 991 1825 999 »ν
1906 957 2097 1028 (Ibid.,
2126 972 2239 1026 cap.
2276 951 2394 1022 65.)
2445 950 2733 1019 Presbyter
2778 943 3101 1000 venerabilis
3153 943 3417 1012 Hierony-

1836 1065 1976 1113 mus,
2002 1063 2123 1104 cum
2157 1051 2473 1115 exponeret,
2505 1041 2645 1111 quod
2669 1040 2928 1109 scriptum
2954 1047 3029 1090 est
3055 1054 3068 1088 :
3097 1034 3243 1088 Beati
3270 1050 3418 1087 mun-

1835 1142 1901 1195 do
1929 1140 2099 1204 corde,
2148 1137 2390 1208 quoniam
2434 1135 2534 1205 ipsi
2580 1130 2746 1187 Deum
2786 1130 3026 1183 videbunt
3080 1125 3293 1197 (Matth.
3335 1124 3417 1194 ν),

1834 1251 1957 1304 quos
2004 1248 2105 1285 non
2155 1230 2325 1301 arguit
2370 1226 2674 1280 conscientia
2702 1224 2811 1277 ulla
2855 1220 3071 1293 peccati,
3120 1228 3167 1272 et
3198 1216 3418 1270 mundus

1834 1326 2027 1380 mundo
2056 1324 2210 1376 corde
2233 1319 2566 1387 conspicitur,
2597 1315 2842 1385 templum
2873 1313 2969 1367 Dei
2999 1328 3100 1366 non
3130 1319 3289 1379 potest
3314 1326 3420 1363 esse

1835 1416 2107 1487 pollutum.
2162 1414 2293 1468 Item
2326 1410 2465 1482 (Lib.
2517 1424 2555 1463 ιι
2607 1417 2783 1461 contra
2823 1402 3217 1473 Iovinianum):
3252 1400 3420 1455 Liberi

1834 1510 2032 1563 arbitrii
2072 1524 2166 1561 nos
2204 1505 2433 1559 condidit
2479 1502 2641 1567 Dens,
2673 1516 2761 1553 nec
2806 1499 2872 1552 ad
2916 1499 3171 1561 virtutem,
3217 1511 3309 1547 nec
3352 1492 3420 1545 ad

1834 1603 1956 1656 vitia
2000 1599 2299 1653 necessitate
2347 1594 2642 1658 trahimur;
2678 1589 2868 1658 alioqui
2897 1588 2981 1641 ubi
3011 1586 3299 1649 necessitas,
3329 1598 3421 1636 nec

1835 1708 2030 1747 corona
2060 1702 2154 1744 88!.

1908 1783 2096 1851 (Ibid.,
2125 1799 2237 1853 cap.
2286 1778 2402 1850 67.)
2457 1778 2589 1833 Item
2646 1775 2978 1844 Augustinus
3029 1771 3315 1839 episcOpus
3363 1767 3416 1821 in

1562 1894 1731 1963 opor-
1765 1877 1809 1935 B
1838 1880 1987 1933 libris
2013 1878 2081 1933 de
2108 1876 2302 1932 Libero
2330 1870 2567 1928 Arbitrio
2593 1869 2729 1941 (Lib.
2761 1883 2817 1922 ιιι
2860 1884 2905 1919 c.
2940 1865 3049 1929 I8).
3082 1864 3419 1932 Quazcumque

1833 1974 1933 2025 ista
1961 1986 2117 2024 causa
2165 1978 2239 2023 est
2291 1966 2585 2029 voluntatis,
2616 1963 2661 2017 si
2695 1979 2795 2015 non
2820 1969 2980 2029 potest
3008 1960 3053 2012 ei
3078 1958 3265 2020 resisti,
3312 1956 3420 2009 sine

1835 2071 2042 2133 peccato
2067 2062 2114 2114 ei
2140 2060 2337 2113 ceditur
2362 2074 2379 2122 ;
2407 2057 2450 2109 si
2473 2065 2639 2109 autem
2666 2061 2846 2126 potest,
2875 2068 2976 2105 non
3012 2050 3056 2103 ei
3096 2050 3323 2112 cedatur,
3372 2055 3419 2099 et

1834 2173 1935 2210 non
1966 2153 2274 2222 peccabitur.
2304 2152 2379 2203 An
2401 2150 2533 2220 forte
2559 2147 2693 2215 fallit
2736 2147 2999 2198 incautum
3031 2143 3055 2195 ?
3084 2141 3220 2211 Ergo
3247 2148 3419 2193 caveat

1837 2265 1900 2302 ne
1924 2247 2160 2316 fallatur.
2195 2246 2273 2296 An
2304 2232 2442 2295 tanta
2466 2238 2679 2309 fallacia
2699 2246 2791 2302 est,
2818 2246 2873 2289 ut
2899 2234 3064 2288 caveri
3089 2233 3294 2286 omnino
3315 2247 3418 2283 non

1838 2340 2040 2411 possit?
2066 2338 2127 2394 Si
2155 2338 2227 2390 ita
2255 2344 2345 2397 est,
2367 2333 2510 2387 nulla
2542 2347 2661 2401 ergo
2693 2334 2899 2397 peccata
2931 2334 3069 2379 sunt.
3122 2323 3245 2388 Quis
3283 2322 3418 2374 enim

1839 2442 2011 2506 peccat
2039 2434 2094 2487 in
2121 2447 2179 2486 eo
2213 2429 2347 2500 quod
2368 2427 2511 2480 nullo
2539 2423 2690 2478 modo
2731 2420 2897 2475 caveri
2926 2416 3131 2488 potest?
3170 2414 3419 2468 Peccatur

1837 2537 2028 2593 autem,
2060 2522 2223 2581 caveri
2244 2521 2398 2594 igitur
2415 2525 2601 2591 potest.

2047 2636 2280 2711 Epistola
2307 2635 2472 2707 prima
2498 2633 2565 2686 ad
2590 2637 2823 2685 sanctum
2861 2626 3219 2698 Augustinum.

1914 2732 2182 2802 Epistolas
2203 2729 2335 2782 duas
2362 2726 2580 2792 scripsit
2601 2721 2849 2802 Pelagius
2882 2714 3419 2802 a‘d'sanctumﬁng'u-

1843 2784 2075 2866 suitur};
2106 2800 2360 2869 priorem,
2392 2784 2513 2869 cum
2547 2784 2859 2849 recessit'ex
2892 2788 3099 2869 Africa;
3128 2802 3195 2869 ne
3220 2784 3421 2866 insalu-

1847 2855 2189 2936 tatoﬁabi'ret;
2222 2855 2574 2938 posteriorem
2607 2874 2727 2933 post
2755 2860 3019 2938 synodum
3059 2855 3420 2938 Palestinain,

1979 2923 2380 3011 Eii—absbl'utum
2432 2923 2744 3011 nun_tia'_ret._
2785 2923 3314 3011 Utrintrsqu‘emmentio
3367 2923 3423 2977 lit

1847 2998 2089 3070 obiterin
2107 3013 2244 3067 libro
2263 3011 2328 3065 de
2340 3010 2516 3065 Gestis
2532 3005 2834 3060 PaIIPSIIIIIS
2856 3002 3007 3067 (Cap.
3026 2998 3142 3063 ΞΘ),
3162 3010 3421 3070 nusquam

1847 3067 2013 3141 alibi;
2030 3067 2169 3144 auod
2195 3084 2384 3136 sciam.
2416 3076 2733 3133 Posterioris
2759 3071 2955 3140 aliquid
2981 3076 3251 3144 superest,
3277 3067 3423 3144 prio-

1850 3136 2112 3212 Bitian.
2144 3154 2294 3208 lianc
2319 3164 2450 3205 vero
2477 3150 2726 3215 scriptam
2754 3136 2874 3215 esse
2900 3136 3161 3215 ann._M2
3181 3136 3423 3191 ostendi-

232 3203 426 3310 ίῗθίάη
444 3201 737 3310 ,⁶⁰⁹·.⁶⁵·ὶ
775 3200 1004 3310 sm?”
1029 3190 1745 3310 illilf.ﬁ'l"f?i‘lff_9‘fi
1772 3246 1818 3310 c
1851 3190 2299 3310 ἷιὲἷιῖἱῖέὶεὲἲζξί
2328 3190 3175 3310 ἓξ’ὧῗῖίὲὲἐὲέὲίεὶᾘιιέίξξξίηίιςν
3201 3222 3423 3310 reirei!-

158 3299 231 3350 ad
260 3298 357 3350 hoc
377 3296 627 3366 referunt,
649 3295 737 3365 qui
779 3292 996 3360 peccatis
1032 3291 1139 3345 suis
1160 3289 1347 3344 solatia
1391 3290 1742 3359 praeferentes,

157 3392 271 3444 sine
297 3389 519 3456 peccatis
540 3385 880 3457 frequentibus
901 3384 1154 3437 hominem
1176 3389 1355 3451 putant
1381 3395 1489 3433 esse
1508 3395 1608 3431 non
1629 3393 1748 3449 pos-

156 3499 234 3543 se,
265 3490 314 3533 et
342 3487 557 3533 utuntur
577 3477 848 3543 versiculo,
873 3477 991 3546 quia
1015 3476 1260 3546 scriptum
1284 3481 1357 3526 est
1385 3472 1438 3525 in
1458 3468 1558 3524 Job
1582 3485 1601 3522 :
1631 3468 1745 3523 Ne-

158 3590 243 3627 mo
283 3572 513 3626 mundus
541 3588 573 3623 a
599 3570 771 3636 sorde,
806 3585 894 3622 nec
918 3569 963 3622 si
994 3568 1149 3622 unius
1191 3566 1292 3620 diei
1316 3556 1418 3619 vita
1448 3567 1559 3635 ejus
1604 3564 1668 3616 sit
1692 3563 1746 3617 in

157 3680 322 3733 terra,
349 3662 714 3717 mensurabiles
754 3677 950 3715 menses
978 3663 1091 3731 ejus
1119 3658 1183 3712 ab
1219 3658 1332 3727 ipso
1353 3654 1496 3723 (Job.
1533 3670 1642 3719 xw,
1667 3653 1745 3721 5).

162 3760 368 3826 Quibus
411 3756 826 3829 respondendum
872 3764 945 3809 est
994 3754 1137 3825 prius
1164 3762 1221 3806 ut
1249 3752 1373 3823 quid
1397 3753 1461 3805 sit
1491 3749 1748 3804 hominem

154 3852 267 3903 sine
318 3857 529 3919 peccato
558 3864 663 3901 esse
706 3847 994 3913 deﬁniant;
1023 3855 1191 3899 utrum
1238 3860 1514 3912 numquam
1540 3843 1747 3897 omnino

156 3956 427 4011 peccasse,
460 3956 527 3993 an
554 3940 763 3993 desiisse
793 3948 1038 4007 peccare“:
1067 3938 1111 3991 si
1140 3938 1273 3991 enim
1295 3938 1390 3990 hoc
1410 3944 1615 4007 putant,
1638 3935 1750 3989 sine

152 4041 374 4103 peccato
401 4047 532 4097 esse,
564 4040 841 4100 numquam
873 4033 1079 4083 omnino
1118 4044 1371 4099 peccasse,
1411 4037 1459 4083 et
1496 4030 1604 4099 ipse
1629 4043 1750 4080 con-

152 4125 348 4178 sentio.
388 4121 580 4176 Omnes
614 4122 749 4175 enim
794 4130 1144 4193 peccaverunt,
1193 4130 1241 4175 et
1288 4128 1430 4190 egent
1458 4121 1623 4191 gloria
1651 4119 1750 4173 Dei

154 4217 344 4286 (Rom.
374 4228 459 4277 ιιι,
484 4212 562 4282 3).
594 4213 688 4268 Sin
708 4223 876 4265 autem
896 4229 1008 4265 eum
1034 4212 1127 4283 qui
1154 4222 1366 4265 veterem
1397 4229 1613 4266 errorem
1636 4228 1747 4265 cor-

153 4310 375 4372 rexerit,
419 4317 467 4361 et
490 4308 539 4359 in
578 4322 690 4361 eam
721 4323 775 4359 se
814 4307 927 4360 ritte
966 4304 1401 4374 transformaverit
1431 4305 1745 4373 qualitatem,

154 4412 208 4453 ut
244 4406 496 4470 temperet
526 4416 556 4449 a
585 4408 810 4468 peccato,
843 4404 1026 4469 negant
1056 4397 1312 4451 abstinere
1338 4413 1368 4448 a
1398 4396 1620 4463 delictis,
1648 4411 1748 4448 non

156 4507 377 4561 possum
408 4490 459 4541 in
497 4503 672 4543 eorum
697 4489 965 4543 convenire
1004 4488 1313 4542 sententiam
1350 4503 1468 4540 cum
1494 4487 1744 4559 legamus,

156 4586 280 4652 quia
310 4583 387 4635 sic
418 4579 672 4634 Dominus
694 4580 871 4634 dilexit
901 4579 1206 4645 Ecclesiam,
1230 4589 1282 4631 ut
1308 4578 1560 4633 exhiberet
1581 4578 1743 4648 ipsam

157 4676 255 4727 sibi
281 4674 567 4745 gloriosam
611 4683 656 4725 et
687 4689 788 4725 non
820 4672 1083 4725 habentem
1114 4672 1389 4737 maculam,
1414 4679 1503 4723 aut
1535 4685 1737 4739 rugam,

157 4778 247 4821 aut
268 4766 476 4836 aliquid
505 4766 779 4838 ejusmodi,
809 4766 899 4819 sed
929 4776 984 4819 ut
1021 4766 1088 4819 sit
1131 4774 1310 4818 sancta
1337 4776 1384 4819 et
1416 4763 1742 4817 immaculata

156 4859 325 4930 (Eph.
352 4874 409 4925 ν,
442 4857 521 4929 7).
554 4857 692 4910 Nam
719 4872 832 4910 cum
876 4857 1108 4912 Ecclesia
1145 4873 1209 4911 ex
1235 4857 1494 4927 gentibus,
1524 4856 1618 4909 hoc
1644 4864 1738 4921 cst,

154 4968 218 5004 ex
244 4948 602 5021 peccatoribus
642 4957 947 5018 congregata
975 4950 1064 5014 sit,
1107 4948 1363 5018 quomodo
1383 4964 1447 5002 ex
1475 4947 1741 5000 marulatis

154 5040 493 5095 immaculata
509 5048 670 5108 potest
699 5055 825 5106 esse,
856 5039 954 5092 nisi
984 5040 1144 5104 primo
1173 5057 1261 5110 per
1290 5039 1481 5093 Christi
1498 5040 1738 5109 gratiam,

153 5134 299 5197 quod
339 5132 516 5185 abluta
544 5148 576 5184 a
623 5132 805 5184 delicto
839 5132 939 5197 sit;
967 5132 1147 5185 deinde
1169 5133 1307 5203 quod
1334 5149 1424 5203 per
1447 5134 1744 5201 qualitatem

152 5241 258 5278 non
290 5223 540 5292 peccandi
564 5223 808 5275 abstineat
833 5239 865 5275 a
887 5224 1082 5276 delictis
1097 5225 1122 5277 ?
1714 5244 1716 5247 τ

224 5315 424 5386 (lbid.,
451 5330 567 5384 cap.
599 5313 712 5384 64.)
753 5314 880 5368 Item
912 5314 1145 5369 Joannes
1194 5313 1739 5381 Constantinoiiolita-

157 5424 261 5464 nus
281 5409 573 5481 episcopus
600 5408 729 5462 dicit
759 5417 1018 5475 peccatum
1071 5424 1174 5461 non
1224 5425 1330 5463 esse
1376 5408 1738 5470 substantiam,

157 5502 247 5555 sed
258 5513 431 5554 actum
446 5501 756 5570 malignum;
778 5500 955 5571 etquia
976 5516 1074 5552 non
1089 5509 1157 5552 est
1172 5500 1424 5560 naturale,
1439 5500 1554 5552 ideo
1567 5511 1745 5553 contra

157 5593 294 5647 illud
317 5594 481 5667 legem
508 5593 705 5662 datam,
734 5602 782 5647 et
803 5594 939 5665 quod
960 5593 1023 5647 de
1049 5593 1248 5646 arbitrii
1277 5593 1503 5646 libertate
1535 5595 1743 5647 descen-

158 5690 258 5741 dit.

237 5781 587 5835 BeatiSsimus
627 5779 815 5833 Sirius
848 5778 1102 5832 Romanae
1134 5776 1393 5831 Ecclesiae
1434 5778 1743 5848 cpiscopus,

166 5883 225 5928 ct
248 5873 457 5929 Domini
484 5883 705 5945 martyr.
731 5872 863 5936 Quia
885 5870 1159 5927 libertatem
1187 5868 1386 5925 arbitrii
1412 5872 1490 5924 sui
1519 5870 1744 5942 permisit

1850 3278 2161 3366 s-iotiebique
2195 3278 2516 3366 Pelagius'in
2540 3278 3134 3366 judiciti__l)ios[i:olitano
3156 3278 3420 3366 (protulit,

1849 3350 1921 3423 id
1938 3350 2025 3422 sui
2046 3350 2439 3429 djefeltsiouEm,
2468 3350 2590 3416 cuin
2621 3355 2858 3429 pluribus
2888 3354 3115 3429 aliorum
3145 3350 3424 3429 episcopo-

1849 3418 2247 3503 ﬁnisﬁnis,
2302 3443 2361 3488 ut
2411 3418 2494 3496 iit,
2546 3418 2884 3503 familiariter
2929 3418 3424 3503 laudabatur-rSuas

1850 3490 2349 3576 interr'pttetatus'cst
2394 3490 2741 3576 Augustinus
2775 3496 2933 3576 (Loco
2962 3508 3081 3547 mox
3108 3490 3340 3571 citato)“
3360 3504 3426 3544 ne

1847 3560 2159 3634 videremur
2187 3576 2394 3637 favere;
2419 3560 2701 3627 devalienis
2731 3560 2799 3621 ita
2828 3584 2840 3620 :
2874 3565 3041 3637 Porro
3082 3571 3270 3637 auten}.
3296 3560 3425 3637 δὶιῖυι

1847 3631 2217 3720 egovrationem
2237 3647 2301 3699 de
2323 3631 2422 3720 hac
2438 3659 2565 3720 _mea
2588 3638 2801 3708 epistola
2830 3635 3060 3720 reddidi,
3088 3635 3161 3685 ita
3186 3633 3266 3720 με
3294 3631 3418 3693 suis,

1846 3701 1902 3775 si
1914 3728 2039 3773 esset
2071 3701 2290 3782 necesse,
2319 3714 2586 3768 redderent
2606 3701 2819 3778 quorum
2841 3701 3421 3782 alleganturndiccntes,

1848 3771 1931 3844 vel
1953 3771 2076 3859 quid
2106 3771 2412 3859 putaverint,
2440 3782 2517 3837 vel
2540 3771 2663 3852 quid
2692 3771 3054 3851 ignoraverint,
3089 3771 3166 3826 vel
3198 3787 3297 3840 qua
3340 3786 3424 3821 ra-

1850 3858 1984 3915 tione
2007 3858 2324 3922 scripserint.

1920 3908 2222 3997 adjecit-ii
2254 3925 2390 3979 forte
2420 3922 2710 3997 quispiam,
2740 3932 2840 3973 nec
2869 3912 3123 3997 abem-de.
3153 3924 3272 3997 alca
3303 3908 3424 3989 qui-

1848 3979 2281 4063 aeriiééﬁiéiuiu,
2305 3979 2531 4065 quorum
2547 3979 2925 4065 'episcoporum
2950 3987 3155 4065 litt_eras
3180 3979 3429 4065 Pelagius”

1850 4088 1946 4143 pro
1966 4087 2031 4143 se
2060 4047 2281 4143 legerit:
2303 4047 2772 4143 gestisque'etiau'r
2796 4056 3105 4140 inserendas
3135 4047 3424 4143 tEIII‘ﬂVt‘SII,

1847 4119 1938 4212 qui
1966 4119 2270 4212 Pauli‘irum;
2299 4119 2693 4212 eonsta‘ntinm.
2722 4128 3059 4211 Memorium,
3105 4130 3161 4179 et
3208 4119 3425 4174 octode-

1849 4201 1974 4273 cim,
2006 4213 2117 4265 sive
2147 4210 2334 4273 Italize,
2365 4210 2479 4263 sive
2508 4205 2726 4264 Sicilia},
2772 4201 3055 4273 episcopos
3086 4204 3425 4273 memorave-

1847 4263 2347 4337 ritil‘lam‘Paulino
2378 4277 2623 4346 inprimis
2656 4263 2849 4346 chartis
2899 4263 3028 4346 fuit,
3060 4263 3379 4346 scripsitque
3407 4274 3423 4324 ;

1848 4333 2161 4406 emisistis"
2184 4364 2396 4418 quoque
2426 4333 2668 4412 scripsit;
2697 4349 2751 4395 et
2774 4339 3031 4418 Memorio
3053 4333 3252 4418 Juliani
3276 4339 3425 4418 patre

1848 4401 2386 4477 familiariter'usinn
2434 4401 2575 4479 esse,
2606 4401 2709 4467 neu
2739 4410 2968 4464 obscure
3009 4405 3199 4475 probat
3229 4401 3423 4479 Iuliani

1849 4472 2121 4547 amicitiai
2141 4488 2334 4557 reliqui
2364 4502 2489 4557 vero
2519 4472 2796 4557 praesules,
2830 4488 2888 4557 ut
2915 4472 3102 4531 carere
3129 4472 3427 4557 _malu_erint

1848 4545 1957 4617 suis
1981 4562 2197 4617 sedibus
2225 4545 2382 4629 quam
2406 4545 2604 4624 Pelagii
2630 4553 3031 4629 damnationem
3064 4545 3422 4629 subscribere,

1770 4612 1821 4672 Ῑ)
1849 4612 2193 4687 uidissime
2218 4612 2616 4684 exornavcriint
2640 4622 2827 4695 procul
2863 4620 3046 4684 dubio,
3075 4618 3246 4686 iisque
3267 4630 3330 4668 ex
3368 4628 3425 4682 g-

1846 4704 2067 4774 geratis,
2100 4702 2254 4754 iam-.1:
2280 4703 2567 4768 integrum.

1849 4794 2083 4868 Epistola
2111 4793 2179 4846 ad
2224 4789 2615 4868 Demetriadem,
2649 4802 2771 4868 seu
2813 4784 2940 4839 liber
2987 4782 3050 4834 de
3096 4774 3423 4833 Institutione

2521 4858 2764 4927 Virginis.

1890 5002 1892 5006 .
1921 4956 2065 5023 Opus
2087 4955 2223 5009 istud
2254 4954 2322 5008 de
2351 4951 2692 5023 Institutione
2718 4939 3253 5023 Virgini<_epis_tolam
3282 4936 3427 5019 dixit

1850 5008 2123 5096 Pelagius,
2155 5027 2347 5079 librum
2378 5022 2561 5096 Beda,
2573 5031 2803 5096 utroque
2815 5008 3042 5096 'nornine
3055 5008 3423 5096 .Augusti‘nus.

1846 5083 2126 5151 Fuit‘itero
2155 5096 2492 5164 suppositum
2520 5083 3021 5164 IIieronﬁymouiam‘
3054 5083 3179 5164 indne
3223 5096 3249 5131 a
3292 5086 3427 5134 tem-

1846 5167 2069 5235 poribus
2112 5151 2288 5220 Bedie'.
2340 5164 2427 5218 Sic
2449 5165 2591 5217 enim
2631 5151 2817 5235 scribit
2848 5151 3091 5235 (Prwfat.
3124 5151 3275 5232 Cant.
3300 5166 3423 5233 .cap.

1844 5223 1901 5299 ὲ)
1935 5255 1947 5289 :
2003 5236 2108 5291 Sed
2153 5242 2199 5288 et
2241 5235 2293 5288 in
2324 5235 2455 5287 libro
2497 5248 2641 5299 quem
2678 5230 2745 5281 ad
2778 5225 3153 5299 Demetriadem
3182 5223 3426 5299 virginem

1846 5293 2035 5360 Christi
2072 5322 2139 5360 es
2168 5293 2535 5358 lusrrru'rtons
2570 5301 2802 5355 Vmcmts
2829 5296 3062 5364 scripsit,
3111 5293 3221 5347 hac
3250 5293 3426 5364 eadem

1844 5381 1906 5429 de
1928 5378 2155 5443 potentia
2198 5375 2343 5428 liberi
2386 5372 2608 5433 arbitrii,
2663 5363 2941 5443 quomodo
2970 5365 3174 5443 sentiat,
3222 5363 3423 5443 pandit.

1848 5434 2012 5513 Quem
2037 5446 2265 5501 videlicet
2287 5445 2472 5496 librum
2503 5434 2736 5494 nonnulli
2763 5450 2988 5513 nostrum
3011 5434 3448 5513 sl_udiosclcgcn-'

1845 5508 1940 5575 tias.
1973 5519 2135 5569 sancti
2166 5525 2211 5567 et
2240 5513 2481 5566 catholici
2510 5513 2731 5565 doctoris
2767 5508 3067 5578 Hieronymi
3110 5519 3218 5558 esse
3247 5513 3427 5556 temere

1845 5586 2274 5639 arbitrabantur:
2314 5585 2521 5636 minime
2571 5581 2885 5651 pervidentes
2915 5576 3052 5649 quod
3097 5583 3148 5651 et
3199 5576 3426 5651 suavitas

1846 5658 2148 5722 eloquentia:
2189 5654 2543 5713 demulcentis.
2569 5644 2617 5706 et
2643 5652 2890 5722 hareseos
2928 5644 3227 5722 perversitas
3268 5644 3424 5697 sedu-

1847 5716 2026 5792 centis,
2052 5726 2318 5793 manifeste
2349 5726 2525 5791 probat
2551 5722 2653 5793 hoc
2666 5720 2808 5775 illius
2837 5716 3141 5793 opusculum
3173 5730 3271 5767 non
3296 5729 3422 5793 esse.

1917 5781 2315 5869 Suppositibnis
2349 5781 2465 5847 'alia
2529 5792 2658 5869 mibi
2714 5806 2820 5845 non
2869 5781 3083 5869 'videtur
3131 5781 3421 5869 quantula

1846 5852 2011 5926 αλιιεᾶ
2035 5852 2213 5936 ’ίιιιοιη
2255 5864 2564 5927 Hieronymi
2620 5862 2783 5917 latum
2833 5857 3122 5926 quoddam,
3154 5852 3422 5907 librario-
