  <div class='ocr_page' id='page_1' title='image "/cluster/home/n/w/nwhite01/storage/ocr_20150623/48/hvd.32044096580691/309.png"; bbox 0 0 3962 6180; ppageno 0'>
   <div class='ocr_carea' id='block_1_1' title="bbox 576 254 608 270">
    <p class='ocr_par' dir='ltr' id='par_1_1' title="bbox 576 254 608 270">
     <span class='ocr_line' id='line_1_1' title="bbox 576 254 608 270; baseline 0 0"><span class='ocrx_word' id='word_1_1' title='bbox 576 254 608 270; x_wconf 56' lang='grc' dir='ltr'><em>ά</em></span> 
     </span>
    </p>
   </div>
   <div class='ocr_carea' id='block_1_2' title="bbox 510 387 614 441">
    <p class='ocr_par' dir='ltr' id='par_1_2' title="bbox 510 387 614 441">
     <span class='ocr_line' id='line_1_2' title="bbox 510 387 614 441; baseline 0 -1"><span class='ocrx_word' id='word_1_2' title='bbox 510 387 614 441; x_wconf 77' lang='grc' dir='ltr'><strong>6οτ</strong></span> 
     </span>
    </p>
   </div>
   <div class='ocr_carea' id='block_1_3' title="bbox 956 369 3310 432">
    <p class='ocr_par' dir='ltr' id='par_1_3' title="bbox 956 369 3310 432">
     <span class='ocr_line' id='line_1_3' title="bbox 956 369 3310 432; baseline 0 0"><span class='ocrx_word' id='word_1_3' title='bbox 956 379 1048 432; x_wconf 80' lang='lat' dir='ltr'><strong>AD</strong></span> <span class='ocrx_word' id='word_1_4' title='bbox 1081 373 1356 430; x_wconf 79' lang='lat' dir='ltr'><strong>PARTEM</strong></span> <span class='ocrx_word' id='word_1_5' title='bbox 1387 372 1657 428; x_wconf 79' lang='lat' dir='ltr'><strong>PRIMAM</strong></span> <span class='ocrx_word' id='word_1_6' title='bbox 1687 371 1971 427; x_wconf 77' lang='lat' dir='ltr'><strong>OPERUM</strong></span> <span class='ocrx_word' id='word_1_7' title='bbox 2004 371 2074 425; x_wconf 79' lang='grc' dir='ltr'><strong>Μ.</strong></span> <span class='ocrx_word' id='word_1_8' title='bbox 2107 369 2557 428; x_wconf 75' lang='lat' dir='ltr'><strong>MERCATOBIS</strong></span> <span class='ocrx_word' id='word_1_9' title='bbox 2586 372 2937 428; x_wconf 76' lang='lat' dir='ltr'><strong>APPENDIX</strong></span> <span class='ocrx_word' id='word_1_10' title='bbox 2967 373 3310 432; x_wconf 79' lang='lat' dir='ltr'><strong>SECUNDA.</strong></span> 
     </span>
    </p>
   </div>
   <div class='ocr_carea' id='block_1_4' title="bbox 3665 379 3774 438">
    <p class='ocr_par' dir='ltr' id='par_1_4' title="bbox 3665 379 3774 438">
     <span class='ocr_line' id='line_1_4' title="bbox 3665 379 3774 438; baseline 0.028 -3"><span class='ocrx_word' id='word_1_11' title='bbox 3665 379 3774 438; x_wconf 81' lang='lat'><strong>608</strong></span> 
     </span>
    </p>
   </div>
   <div class='ocr_carea' id='block_1_5' title="bbox 512 483 3776 568">
    <p class='ocr_par' dir='ltr' id='par_1_5' title="bbox 512 483 3776 568">
     <span class='ocr_line' id='line_1_5' title="bbox 512 483 3776 568; baseline -0.001 -16"><span class='ocrx_word' id='word_1_12' title='bbox 512 512 736 568; x_wconf 87' lang='lat' dir='ltr'><strong>rumque</strong></span> <span class='ocrx_word' id='word_1_13' title='bbox 763 499 970 568; x_wconf 75' lang='lat' dir='ltr'><strong>illSCllla</strong></span> <span class='ocrx_word' id='word_1_14' title='bbox 1001 501 1094 568; x_wconf 81' lang='lat' dir='ltr'><strong>aut</strong></span> <span class='ocrx_word' id='word_1_15' title='bbox 1122 490 1337 568; x_wconf 71' lang='lat' dir='ltr'><strong>inertia,</strong></span> <span class='ocrx_word' id='word_1_16' title='bbox 1381 488 1629 568; x_wconf 73' lang='lat' dir='ltr'><strong>lueretica</strong></span> <span class='ocrx_word' id='word_1_17' title='bbox 1655 489 1810 568; x_wconf 83' lang='lat' dir='ltr'><strong>plura</strong></span> <span class='ocrx_word' id='word_1_18' title='bbox 1835 486 2082 568; x_wconf 57' lang='lat' dir='ltr'><strong>catholici</strong></span> <span class='ocrx_word' id='word_1_19' title='bbox 2112 487 2164 543; x_wconf 79' lang='grc' dir='ltr'>Α</span> <span class='ocrx_word' id='word_1_20' title='bbox 2189 483 2441 568; x_wconf 72' lang='lat' dir='ltr'><strong>dubium;</strong></span> <span class='ocrx_word' id='word_1_21' title='bbox 2469 486 2567 567; x_wconf 79' lang='lat' dir='ltr'><strong>hos</strong></span> <span class='ocrx_word' id='word_1_22' title='bbox 2590 490 2753 568; x_wconf 81' lang='lat' dir='ltr'><strong>enim.</strong></span> <span class='ocrx_word' id='word_1_23' title='bbox 2778 488 2863 541; x_wconf 85' lang='lat' dir='ltr'><strong>vel</strong></span> <span class='ocrx_word' id='word_1_24' title='bbox 2895 487 3018 568; x_wconf 77' lang='lat' dir='ltr'><strong>illos</strong></span> <span class='ocrx_word' id='word_1_25' title='bbox 3037 488 3195 568; x_wconf 65' lang='lat' dir='ltr'><strong>Beda:</strong></span> <span class='ocrx_word' id='word_1_26' title='bbox 3217 490 3776 568; x_wconf 33' lang='lat' dir='ltr'><strong>continnuoabjuditfa-</strong></span> 
     </span>
    </p>
   </div>
   <div class='ocr_carea' id='block_1_6' title="bbox 511 556 2086 631">
    <p class='ocr_par' dir='ltr' id='par_1_6' title="bbox 511 556 2086 631">
     <span class='ocr_line' id='line_1_6' title="bbox 511 556 2086 631; baseline -0.008 -10"><span class='ocrx_word' id='word_1_27' title='bbox 511 556 744 621; x_wconf 74' lang='lat' dir='ltr'><strong>doctoris</strong></span> <span class='ocrx_word' id='word_1_28' title='bbox 770 565 1032 631; x_wconf 82' lang='lat' dir='ltr'><strong>Operibus</strong></span> <span class='ocrx_word' id='word_1_29' title='bbox 1073 560 1449 614; x_wconf 89' lang='lat' dir='ltr'><strong>inserentium.</strong></span> <span class='ocrx_word' id='word_1_30' title='bbox 1481 558 1614 631; x_wconf 81' lang='lat' dir='ltr'><strong>ilinc</strong></span> <span class='ocrx_word' id='word_1_31' title='bbox 1661 564 1842 609; x_wconf 88' lang='lat' dir='ltr'><strong>autem</strong></span> <span class='ocrx_word' id='word_1_32' title='bbox 1889 556 2086 609; x_wconf 80' lang='lat' dir='ltr'><strong>factum</strong></span> 
     </span>
    </p>
   </div>
   <div class='ocr_carea' id='block_1_7' title="bbox 513 626 2091 707">
    <p class='ocr_par' dir='ltr' id='par_1_7' title="bbox 513 626 2091 707">
     <span class='ocr_line' id='line_1_7' title="bbox 513 626 2091 707; baseline -0.01 -15"><span class='ocrx_word' id='word_1_33' title='bbox 513 648 572 692; x_wconf 86' lang='grc' dir='ltr'><strong>ιιι</strong></span> <span class='ocrx_word' id='word_1_34' title='bbox 613 637 677 689; x_wconf 90' lang='lat' dir='ltr'><strong>ad</strong></span> <span class='ocrx_word' id='word_1_35' title='bbox 702 626 1020 707; x_wconf 13' lang='lat' dir='ltr'><strong>riios&#39;usque</strong></span> <span class='ocrx_word' id='word_1_36' title='bbox 1069 632 1272 698; x_wconf 85' lang='lat' dir='ltr'><strong>integra</strong></span> <span class='ocrx_word' id='word_1_37' title='bbox 1319 626 1662 707; x_wconf 79' lang='lat' dir='ltr'><strong>pervenerint</strong></span> <span class='ocrx_word' id='word_1_38' title='bbox 1695 642 1837 695; x_wconf 78' lang='lat' dir='ltr'><strong>quae,</strong></span> <span class='ocrx_word' id='word_1_39' title='bbox 1873 635 2091 707; x_wconf 82' lang='lat' dir='ltr'><strong>propter</strong></span> 
     </span>
    </p>
   </div>
   <div class='ocr_carea' id='block_1_8' title="bbox 511 704 2091 769">
    <p class='ocr_par' dir='ltr' id='par_1_8' title="bbox 511 704 2091 769">
     <span class='ocr_line' id='line_1_8' title="bbox 511 704 2091 769; baseline -0.006 -13"><span class='ocrx_word' id='word_1_40' title='bbox 511 706 742 759; x_wconf 80' lang='lat' dir='ltr'><strong>anetoris</strong></span> <span class='ocrx_word' id='word_1_41' title='bbox 772 704 1098 769; x_wconf 76' lang='lat' dir='ltr'><strong>impietatem</strong></span> <span class='ocrx_word' id='word_1_42' title='bbox 1155 710 1314 766; x_wconf 87' lang='lat' dir='ltr'><strong>atque</strong></span> <span class='ocrx_word' id='word_1_43' title='bbox 1365 704 1811 769; x_wconf 79' lang='lat' dir='ltr'><strong>exsecrationem,</strong></span> <span class='ocrx_word' id='word_1_44' title='bbox 1856 704 2091 769; x_wconf 72' lang='lat' dir='ltr'><strong>peritura</strong></span> 
     </span>
    </p>
   </div>
   <div class='ocr_carea' id='block_1_9' title="bbox 511 764 2089 840">
    <p class='ocr_par' dir='ltr' id='par_1_9' title="bbox 511 764 2089 840">
     <span class='ocr_line' id='line_1_9' title="bbox 511 764 2089 840; baseline -0.007 -13"><span class='ocrx_word' id='word_1_45' title='bbox 511 776 751 827; x_wconf 80' lang='lat' dir='ltr'><strong>inissent.</strong></span> <span class='ocrx_word' id='word_1_46' title='bbox 808 764 1155 840; x_wconf 80' lang='lat' dir='ltr'><strong>suppositum</strong></span> <span class='ocrx_word' id='word_1_47' title='bbox 1207 764 1420 840; x_wconf 82' lang='lat' dir='ltr'><strong>quoque</strong></span> <span class='ocrx_word' id='word_1_48' title='bbox 1485 766 1782 840; x_wconf 82' lang='lat' dir='ltr'><strong>Augustino</strong></span> <span class='ocrx_word' id='word_1_49' title='bbox 1850 764 2089 840; x_wconf 77' lang='lat' dir='ltr'><strong>nonnulli</strong></span> 
     </span>
    </p>
   </div>
   <div class='ocr_carea' id='block_1_10' title="bbox 512 833 2093 912">
    <p class='ocr_par' dir='ltr' id='par_1_10' title="bbox 512 833 2093 912">
     <span class='ocr_line' id='line_1_10' title="bbox 512 833 2093 912; baseline -0.006 -17"><span class='ocrx_word' id='word_1_50' title='bbox 512 853 733 912; x_wconf 86' lang='lat' dir='ltr'><strong>putant:</strong></span> <span class='ocrx_word' id='word_1_51' title='bbox 768 856 868 911; x_wconf 88' lang='lat' dir='ltr'><strong>ego</strong></span> <span class='ocrx_word' id='word_1_52' title='bbox 893 833 1088 895; x_wconf 63' lang='lat' dir='ltr'><strong>Tamen</strong></span> <span class='ocrx_word' id='word_1_53' title='bbox 1141 833 1903 912; x_wconf 23' lang='lat' dir='ltr'><strong>sentiorelatumldumtaxat</strong></span> <span class='ocrx_word' id='word_1_54' title='bbox 1949 833 2093 887; x_wconf 87' lang='lat' dir='ltr'><strong>inter</strong></span> 
     </span>
    </p>
   </div>
   <div class='ocr_carea' id='block_1_11' title="bbox 513 905 2089 982">
    <p class='ocr_par' dir='ltr' id='par_1_11' title="bbox 513 905 2089 982">
     <span class='ocr_line' id='line_1_11' title="bbox 513 905 2089 982; baseline -0.007 -16"><span class='ocrx_word' id='word_1_55' title='bbox 513 905 1074 982; x_wconf 45' lang='lat' dir='ltr'><strong>&#39;Augustini‘epistolas</strong></span> <span class='ocrx_word' id='word_1_56' title='bbox 1097 924 1248 982; x_wconf 60' lang='lat' dir='ltr'><strong>num.</strong></span> <span class='ocrx_word' id='word_1_57' title='bbox 1271 906 1393 982; x_wconf 53' lang='lat'><strong>{42.</strong></span> <span class='ocrx_word' id='word_1_58' title='bbox 1439 907 1564 958; x_wconf 78' lang='lat' dir='ltr'><strong>Eam</strong></span> <span class='ocrx_word' id='word_1_59' title='bbox 1591 905 1727 982; x_wconf 62' lang='lat' dir='ltr'><strong>forte</strong></span> <span class='ocrx_word' id='word_1_60' title='bbox 1756 906 1825 982; x_wconf 78' lang='lat' dir='ltr'><strong>ob</strong></span> <span class='ocrx_word' id='word_1_61' title='bbox 1849 919 2089 982; x_wconf 67' lang='lat' dir='ltr'><strong>causam,</strong></span> 
     </span>
    </p>
   </div>
   <div class='ocr_carea' id='block_1_12' title="bbox 511 974 2092 1050">
    <p class='ocr_par' dir='ltr' id='par_1_12' title="bbox 511 974 2092 1050">
     <span class='ocr_line' id='line_1_12' title="bbox 511 974 2092 1050; baseline -0.006 -14"><span class='ocrx_word' id='word_1_62' title='bbox 511 974 652 1050; x_wconf 78' lang='lat' dir='ltr'><strong>qiin</strong></span> <span class='ocrx_word' id='word_1_63' title='bbox 694 986 746 1036; x_wconf 91' lang='lat' dir='ltr'><strong>in</strong></span> <span class='ocrx_word' id='word_1_64' title='bbox 788 974 1146 1049; x_wconf 79' lang='lat' dir='ltr'><strong>consequente</strong></span> <span class='ocrx_word' id='word_1_65' title='bbox 1186 977 1250 1030; x_wconf 88' lang='lat' dir='ltr'><strong>ad</strong></span> <span class='ocrx_word' id='word_1_66' title='bbox 1277 977 1546 1050; x_wconf 83' lang='lat' dir='ltr'><strong>Julianam</strong></span> <span class='ocrx_word' id='word_1_67' title='bbox 1581 974 1947 1050; x_wconf 87' lang='lat' dir='ltr'><strong>_l)emetriadis</strong></span> <span class='ocrx_word' id='word_1_68' title='bbox 1982 990 2092 1027; x_wconf 86' lang='lat' dir='ltr'><strong>ina-</strong></span> 
     </span>
    </p>
   </div>
   <div class='ocr_carea' id='block_1_13' title="bbox 515 1047 2089 1119">
    <p class='ocr_par' dir='ltr' id='par_1_13' title="bbox 515 1047 2089 1119">
     <span class='ocr_line' id='line_1_13' title="bbox 515 1047 2089 1119; baseline -0.006 -13"><span class='ocrx_word' id='word_1_69' title='bbox 515 1047 648 1106; x_wconf 79' lang='lat' dir='ltr'><strong>trem</strong></span> <span class='ocrx_word' id='word_1_70' title='bbox 674 1054 740 1105; x_wconf 85' lang='lat' dir='ltr'><strong>ab</strong></span> <span class='ocrx_word' id='word_1_71' title='bbox 771 1053 943 1119; x_wconf 83' lang='lat' dir='ltr'><strong>Alipio</strong></span> <span class='ocrx_word' id='word_1_72' title='bbox 971 1047 1138 1117; x_wconf 74' lang='lat' dir='ltr'><strong>atque</strong></span> <span class='ocrx_word' id='word_1_73' title='bbox 1167 1047 1469 1119; x_wconf 84' lang='lat' dir='ltr'><strong>Augustino</strong></span> <span class='ocrx_word' id='word_1_74' title='bbox 1491 1047 1698 1119; x_wconf 78' lang='lat' dir='ltr'><strong>scripta</strong></span> <span class='ocrx_word' id='word_1_75' title='bbox 1713 1052 2089 1119; x_wconf 84' lang='lat' dir='ltr'><strong>memoratur:</strong></span> 
     </span>
    </p>
   </div>
   <div class='ocr_carea' id='block_1_14' title="bbox 517 1114 2092 1191">
    <p class='ocr_par' dir='ltr' id='par_1_14' title="bbox 517 1114 2092 1191">
     <span class='ocr_line' id='line_1_14' title="bbox 517 1114 2092 1191; baseline -0.005 -17"><span class='ocrx_word' id='word_1_76' title='bbox 517 1123 656 1177; x_wconf 88' lang='lat' dir='ltr'><strong>unde</strong></span> <span class='ocrx_word' id='word_1_77' title='bbox 687 1114 920 1191; x_wconf 85' lang='lat' dir='ltr'><strong>oportuit</strong></span> <span class='ocrx_word' id='word_1_78' title='bbox 959 1114 1065 1172; x_wconf 82' lang='lat' dir='ltr'><strong>non</strong></span> <span class='ocrx_word' id='word_1_79' title='bbox 1097 1133 1268 1191; x_wconf 73' lang='lat' dir='ltr'><strong>parva</strong></span> <span class='ocrx_word' id='word_1_80' title='bbox 1300 1116 1643 1191; x_wconf 78' lang='lat' dir='ltr'><strong>incogitantia</strong></span> <span class='ocrx_word' id='word_1_81' title='bbox 1669 1114 1960 1191; x_wconf 70' lang='lat' dir='ltr'><strong>_la_boras:_e</strong></span> <span class='ocrx_word' id='word_1_82' title='bbox 2000 1128 2092 1166; x_wconf 89' lang='lat' dir='ltr'><strong>eos</strong></span> 
     </span>
    </p>
   </div>
   <div class='ocr_carea' id='block_1_15' title="bbox 519 1184 2094 1260">
    <p class='ocr_par' dir='ltr' id='par_1_15' title="bbox 519 1184 2094 1260">
     <span class='ocr_line' id='line_1_15' title="bbox 519 1184 2094 1260; baseline -0.004 -16"><span class='ocrx_word' id='word_1_83' title='bbox 519 1195 604 1260; x_wconf 90' lang='lat' dir='ltr'><strong>qui</strong></span> <span class='ocrx_word' id='word_1_84' title='bbox 636 1184 1008 1259; x_wconf 78' lang='lat' dir='ltr'><strong>quodcumque</strong></span> <span class='ocrx_word' id='word_1_85' title='bbox 1030 1184 1168 1242; x_wconf 77' lang='lat' dir='ltr'><strong>inter</strong></span> <span class='ocrx_word' id='word_1_86' title='bbox 1188 1186 1440 1260; x_wconf 83' lang='lat' dir='ltr'><strong>epistolas</strong></span> <span class='ocrx_word' id='word_1_87' title='bbox 1459 1184 1742 1254; x_wconf 74' lang='lat' dir='ltr'><strong>Augustini</strong></span> <span class='ocrx_word' id='word_1_88' title='bbox 1769 1184 2094 1252; x_wconf 87' lang='lat' dir='ltr'><strong>reperissent</strong></span> 
     </span>
    </p>
   </div>
   <div class='ocr_carea' id='block_1_16' title="bbox 517 1257 1454 1324">
    <p class='ocr_par' dir='ltr' id='par_1_16' title="bbox 517 1257 1454 1324">
     <span class='ocr_line' id='line_1_16' title="bbox 517 1257 1454 1324; baseline -0.009 -9"><span class='ocrx_word' id='word_1_89' title='bbox 517 1257 770 1315; x_wconf 76' lang='lat' dir='ltr'><strong>continuo</strong></span> <span class='ocrx_word' id='word_1_90' title='bbox 803 1257 1105 1315; x_wconf 88' lang='lat' dir='ltr'><strong>tribuerunt</strong></span> <span class='ocrx_word' id='word_1_91' title='bbox 1139 1257 1454 1324; x_wconf 79' lang='lat' dir='ltr'><strong>Augustino.</strong></span> 
     </span>
    </p>
   </div>
   <div class='ocr_carea' id='block_1_17' title="bbox 591 1321 2088 1394">
    <p class='ocr_par' dir='ltr' id='par_1_17' title="bbox 591 1321 2088 1394">
     <span class='ocr_line' id='line_1_17' title="bbox 591 1321 2088 1394; baseline -0.007 -9"><span class='ocrx_word' id='word_1_92' title='bbox 591 1333 719 1385; x_wconf 92' lang='lat' dir='ltr'><strong>Illud</strong></span> <span class='ocrx_word' id='word_1_93' title='bbox 751 1332 922 1394; x_wconf 84' lang='lat' dir='ltr'><strong>ipsum</strong></span> <span class='ocrx_word' id='word_1_94' title='bbox 949 1331 1086 1382; x_wconf 88' lang='lat' dir='ltr'><strong>Beda</strong></span> <span class='ocrx_word' id='word_1_95' title='bbox 1113 1321 1327 1381; x_wconf 77' lang='lat' dir='ltr'><strong>Juliann</strong></span> <span class='ocrx_word' id='word_1_96' title='bbox 1356 1323 1538 1377; x_wconf 80' lang='lat' dir='ltr'><strong>tribuit</strong></span> <span class='ocrx_word' id='word_1_97' title='bbox 1561 1321 1718 1391; x_wconf 87' lang='lat' dir='ltr'><strong>(Loco</strong></span> <span class='ocrx_word' id='word_1_98' title='bbox 1746 1339 1866 1375; x_wconf 77' lang='lat' dir='ltr'><strong>mox</strong></span> <span class='ocrx_word' id='word_1_99' title='bbox 1889 1322 2088 1392; x_wconf 87' lang='lat' dir='ltr'><strong>citato),</strong></span> 
     </span>
    </p>
   </div>
   <div class='ocr_carea' id='block_1_18' title="bbox 518 1393 2097 1466">
    <p class='ocr_par' dir='ltr' id='par_1_18' title="bbox 518 1393 2097 1466">
     <span class='ocr_line' id='line_1_18' title="bbox 518 1393 2097 1466; baseline -0.006 -13"><span class='ocrx_word' id='word_1_100' title='bbox 518 1402 658 1466; x_wconf 86' lang='lat' dir='ltr'><strong>quod</strong></span> <span class='ocrx_word' id='word_1_101' title='bbox 695 1403 1041 1455; x_wconf 79' lang='lat' dir='ltr'><strong>vehementer</strong></span> <span class='ocrx_word' id='word_1_102' title='bbox 1070 1399 1258 1453; x_wconf 84' lang='lat' dir='ltr'><strong>miror.</strong></span> <span class='ocrx_word' id='word_1_103' title='bbox 1282 1396 1539 1463; x_wconf 89' lang='lat' dir='ltr'><strong>siquidem</strong></span> <span class='ocrx_word' id='word_1_104' title='bbox 1561 1393 1768 1466; x_wconf 68' lang='lat' dir='ltr'><strong>legerit,</strong></span> <span class='ocrx_word' id='word_1_105' title='bbox 1791 1395 2097 1466; x_wconf 65' lang='lat' dir='ltr'><strong>velepisui-</strong></span> 
     </span>
    </p>
   </div>
   <div class='ocr_carea' id='block_1_19' title="bbox 519 1462 2092 1536">
    <p class='ocr_par' dir='ltr' id='par_1_19' title="bbox 519 1462 2092 1536">
     <span class='ocr_line' id='line_1_19' title="bbox 519 1462 2092 1536; baseline -0.003 -12"><span class='ocrx_word' id='word_1_106' title='bbox 519 1462 625 1524; x_wconf 79' lang='lat' dir='ltr'><strong>iam</strong></span> <span class='ocrx_word' id='word_1_107' title='bbox 684 1475 785 1526; x_wconf 75' lang='grc'><strong>188</strong></span> <span class='ocrx_word' id='word_1_108' title='bbox 835 1470 1140 1536; x_wconf 81' lang='lat' dir='ltr'><strong>Augustini,</strong></span> <span class='ocrx_word' id='word_1_109' title='bbox 1188 1466 1274 1520; x_wconf 86' lang='lat' dir='ltr'><strong>vel</strong></span> <span class='ocrx_word' id='word_1_110' title='bbox 1321 1462 1510 1536; x_wconf 82' lang='lat' dir='ltr'><strong>librum</strong></span> <span class='ocrx_word' id='word_1_111' title='bbox 1561 1463 1628 1516; x_wconf 89' lang='lat' dir='ltr'><strong>de</strong></span> <span class='ocrx_word' id='word_1_112' title='bbox 1661 1462 1839 1536; x_wconf 78' lang='lat' dir='ltr'><strong>Gratia</strong></span> <span class='ocrx_word' id='word_1_113' title='bbox 1869 1463 2092 1519; x_wconf 83' lang='lat' dir='ltr'><strong>Christi.</strong></span> 
     </span>
    </p>
   </div>
   <div class='ocr_carea' id='block_1_20' title="bbox 521 1534 2095 1609">
    <p class='ocr_par' dir='ltr' id='par_1_20' title="bbox 521 1534 2095 1609">
     <span class='ocr_line' id='line_1_20' title="bbox 521 1534 2095 1609; baseline -0.006 -14"><span class='ocrx_word' id='word_1_114' title='bbox 521 1542 741 1609; x_wconf 86' lang='lat' dir='ltr'><strong>Legisse</strong></span> <span class='ocrx_word' id='word_1_115' title='bbox 767 1557 893 1595; x_wconf 89' lang='lat' dir='ltr'><strong>vero</strong></span> <span class='ocrx_word' id='word_1_116' title='bbox 921 1534 1151 1608; x_wconf 72' lang='lat' dir='ltr'><strong>oportet,</strong></span> <span class='ocrx_word' id='word_1_117' title='bbox 1180 1539 1223 1588; x_wconf 89' lang='lat' dir='ltr'><strong>si</strong></span> <span class='ocrx_word' id='word_1_118' title='bbox 1252 1536 1409 1609; x_wconf 80' lang='lat' dir='ltr'><strong>mng</strong></span> <span class='ocrx_word' id='word_1_119' title='bbox 1429 1534 1500 1609; x_wconf 76' lang='lat' dir='ltr'><strong>sit</strong></span> <span class='ocrx_word' id='word_1_120' title='bbox 1525 1543 1710 1587; x_wconf 84' lang='lat' dir='ltr'><strong>auctor</strong></span> <span class='ocrx_word' id='word_1_121' title='bbox 1732 1534 2095 1609; x_wconf 46' lang='lat' dir='ltr'><strong>(Eollectaneo-</strong></span> 
     </span>
    </p>
   </div>
   <div class='ocr_carea' id='block_1_21' title="bbox 521 1603 2092 1680">
    <p class='ocr_par' dir='ltr' id='par_1_21' title="bbox 521 1603 2092 1680">
     <span class='ocr_line' id='line_1_21' title="bbox 521 1603 2092 1680; baseline -0.005 -16"><span class='ocrx_word' id='word_1_122' title='bbox 521 1603 638 1664; x_wconf 78' lang='lat' dir='ltr'><strong>rum</strong></span> <span class='ocrx_word' id='word_1_123' title='bbox 663 1615 713 1664; x_wconf 91' lang='lat' dir='ltr'><strong>in</strong></span> <span class='ocrx_word' id='word_1_124' title='bbox 745 1603 1009 1680; x_wconf 79' lang='lat' dir='ltr'><strong>Epistolas</strong></span> <span class='ocrx_word' id='word_1_125' title='bbox 1028 1609 1196 1669; x_wconf 86' lang='lat' dir='ltr'><strong>Pauli,</strong></span> <span class='ocrx_word' id='word_1_126' title='bbox 1222 1622 1284 1659; x_wconf 89' lang='lat' dir='ltr'><strong>ex</strong></span> <span class='ocrx_word' id='word_1_127' title='bbox 1311 1603 1575 1680; x_wconf 88' lang='lat' dir='ltr'><strong>0pcribu_s</strong></span> <span class='ocrx_word' id='word_1_128' title='bbox 1598 1603 1769 1680; x_wconf 77' lang='lat' dir='ltr'><strong>sancti</strong></span> <span class='ocrx_word' id='word_1_129' title='bbox 1793 1605 2092 1670; x_wconf 83' lang='lat' dir='ltr'><strong>Augustini,</strong></span> 
     </span>
    </p>
   </div>
   <div class='ocr_carea' id='block_1_22' title="bbox 524 1673 2096 1742">
    <p class='ocr_par' dir='ltr' id='par_1_22' title="bbox 524 1673 2096 1742">
     <span class='ocr_line' id='line_1_22' title="bbox 524 1673 2096 1742; baseline -0.003 -10"><span class='ocrx_word' id='word_1_130' title='bbox 524 1697 645 1732; x_wconf 89' lang='lat' dir='ltr'><strong>nam</strong></span> <span class='ocrx_word' id='word_1_131' title='bbox 679 1697 743 1734; x_wconf 89' lang='lat' dir='ltr'><strong>eo</strong></span> <span class='ocrx_word' id='word_1_132' title='bbox 774 1673 876 1733; x_wconf 79' lang='lat' dir='ltr'><strong>loci</strong></span> <span class='ocrx_word' id='word_1_133' title='bbox 907 1681 1042 1734; x_wconf 83' lang='lat' dir='ltr'><strong>liber</strong></span> <span class='ocrx_word' id='word_1_134' title='bbox 1082 1680 1182 1731; x_wconf 90' lang='lat' dir='ltr'><strong>iste</strong></span> <span class='ocrx_word' id='word_1_135' title='bbox 1236 1691 1338 1728; x_wconf 90' lang='lat' dir='ltr'><strong>non</strong></span> <span class='ocrx_word' id='word_1_136' title='bbox 1391 1673 1560 1728; x_wconf 86' lang='lat' dir='ltr'><strong>semel</strong></span> <span class='ocrx_word' id='word_1_137' title='bbox 1609 1673 1848 1725; x_wconf 87' lang='lat' dir='ltr'><strong>laudatur</strong></span> <span class='ocrx_word' id='word_1_138' title='bbox 1869 1689 1887 1732; x_wconf 25' lang='lat'><strong>,:</strong></span> <span class='ocrx_word' id='word_1_139' title='bbox 1929 1689 2096 1742; x_wconf 89' lang='lat' dir='ltr'><strong>quare</strong></span> 
     </span>
    </p>
   </div>
   <div class='ocr_carea' id='block_1_23' title="bbox 523 1742 2097 1810">
    <p class='ocr_par' dir='ltr' id='par_1_23' title="bbox 523 1742 2097 1810">
     <span class='ocr_line' id='line_1_23' title="bbox 523 1742 2097 1810; baseline -0.003 -8"><span class='ocrx_word' id='word_1_140' title='bbox 523 1751 606 1804; x_wconf 83' lang='lat' dir='ltr'><strong>vix</strong></span> <span class='ocrx_word' id='word_1_141' title='bbox 638 1766 740 1804; x_wconf 83' lang='lat' dir='ltr'><strong>anu</strong></span> <span class='ocrx_word' id='word_1_142' title='bbox 773 1766 839 1805; x_wconf 90' lang='lat' dir='ltr'><strong>eo</strong></span> <span class='ocrx_word' id='word_1_143' title='bbox 863 1753 916 1805; x_wconf 91' lang='lat' dir='ltr'><strong>in</strong></span> <span class='ocrx_word' id='word_1_144' title='bbox 961 1747 1284 1803; x_wconf 88' lang='lat' dir='ltr'><strong>sententiam</strong></span> <span class='ocrx_word' id='word_1_145' title='bbox 1332 1742 1546 1797; x_wconf 84' lang='lat' dir='ltr'><strong>Baronii</strong></span> <span class='ocrx_word' id='word_1_146' title='bbox 1593 1743 1946 1810; x_wconf 88' lang='lat' dir='ltr'><strong>abjudicantis</strong></span> <span class='ocrx_word' id='word_1_147' title='bbox 1995 1743 2097 1798; x_wconf 84' lang='lat' dir='ltr'><strong>hoc</strong></span> 
     </span>
    </p>
   </div>
   <div class='ocr_carea' id='block_1_24' title="bbox 523 1811 2094 1887">
    <p class='ocr_par' dir='ltr' id='par_1_24' title="bbox 523 1811 2094 1887">
     <span class='ocr_line' id='line_1_24' title="bbox 523 1811 2094 1887; baseline -0.005 -13"><span class='ocrx_word' id='word_1_148' title='bbox 523 1821 670 1887; x_wconf 86' lang='lat' dir='ltr'><strong>Opus</strong></span> <span class='ocrx_word' id='word_1_149' title='bbox 694 1821 872 1882; x_wconf 63' lang='lat' dir='ltr'><strong>Redin,</strong></span> <span class='ocrx_word' id='word_1_150' title='bbox 901 1829 954 1874; x_wconf 90' lang='lat' dir='ltr'><strong>et</strong></span> <span class='ocrx_word' id='word_1_151' title='bbox 981 1815 1261 1887; x_wconf 72' lang='lat' dir='ltr'><strong>tribuentis</strong></span> <span class='ocrx_word' id='word_1_152' title='bbox 1313 1815 1468 1887; x_wconf 72' lang='lat' dir='ltr'><strong>Petro</strong></span> <span class='ocrx_word' id='word_1_153' title='bbox 1519 1811 1699 1887; x_wconf 77' lang='lat' dir='ltr'><strong>abbati</strong></span> <span class='ocrx_word' id='word_1_154' title='bbox 1727 1812 2094 1887; x_wconf 56' lang='lat' dir='ltr'><strong>jripolilano,</strong></span> 
     </span>
    </p>
   </div>
   <div class='ocr_carea' id='block_1_25' title="bbox 517 1880 2098 1958">
    <p class='ocr_par' dir='ltr' id='par_1_25' title="bbox 517 1880 2098 1958">
     <span class='ocr_line' id='line_1_25' title="bbox 517 1880 2098 1958; baseline -0.003 -17"><span class='ocrx_word' id='word_1_155' title='bbox 517 1880 593 1948; x_wconf 72' lang='lat' dir='ltr'><strong>de</strong></span> <span class='ocrx_word' id='word_1_156' title='bbox 616 1908 720 1958; x_wconf 91' lang='lat' dir='ltr'><strong>quo</strong></span> <span class='ocrx_word' id='word_1_157' title='bbox 743 1880 1091 1943; x_wconf 77' lang='lat' dir='ltr'><strong>Cassiodorus</strong></span> <span class='ocrx_word' id='word_1_158' title='bbox 1120 1886 1314 1954; x_wconf 72' lang='lat' dir='ltr'><strong>(Dicin.</strong></span> <span class='ocrx_word' id='word_1_159' title='bbox 1350 1882 1686 1958; x_wconf 42' lang='lat' dir='ltr'><strong>_L_ect._c._‘8)_.</strong></span> <span class='ocrx_word' id='word_1_160' title='bbox 1719 1880 1905 1958; x_wconf 79' lang='lat' dir='ltr'><strong>Petrus</strong></span> <span class='ocrx_word' id='word_1_161' title='bbox 1944 1883 2098 1958; x_wconf 76' lang='lat' dir='ltr'><strong>abbas</strong></span> 
     </span>
    </p>
   </div>
   <div class='ocr_carea' id='block_1_26' title="bbox 526 1950 2108 2029">
    <p class='ocr_par' dir='ltr' id='par_1_26' title="bbox 526 1950 2108 2029">
     <span class='ocr_line' id='line_1_26' title="bbox 526 1950 2108 2029; baseline -0.004 -17"><span class='ocrx_word' id='word_1_162' title='bbox 526 1950 858 2026; x_wconf 75' lang='lat' dir='ltr'><strong>Tripolitana:</strong></span> <span class='ocrx_word' id='word_1_163' title='bbox 880 1950 1172 2029; x_wconf 65' lang='lat' dir='ltr'><strong>prouinciae,</strong></span> <span class='ocrx_word' id='word_1_164' title='bbox 1197 1955 1360 2029; x_wconf 77' lang='lat' dir='ltr'><strong>sancti</strong></span> <span class='ocrx_word' id='word_1_165' title='bbox 1383 1953 1542 2029; x_wconf 69' lang='lat' dir='ltr'><strong>Pauli</strong></span> <span class='ocrx_word' id='word_1_166' title='bbox 1563 1950 1828 2021; x_wconf 74' lang='lat' dir='ltr'><strong>Epistolas</strong></span> <span class='ocrx_word' id='word_1_167' title='bbox 1857 1955 2108 2024; x_wconf 71' lang='lat' dir='ltr'><strong>exempli:</strong></span> 
     </span>
    </p>
   </div>
   <div class='ocr_carea' id='block_1_27' title="bbox 524 2024 2099 2099">
    <p class='ocr_par' dir='ltr' id='par_1_27' title="bbox 524 2024 2099 2099">
     <span class='ocr_line' id='line_1_27' title="bbox 524 2024 2099 2099; baseline -0.003 -17"><span class='ocrx_word' id='word_1_168' title='bbox 524 2024 895 2099; x_wconf 69' lang='lat' dir='ltr'><strong>apusculOI&#39;um</strong></span> <span class='ocrx_word' id='word_1_169' title='bbox 921 2029 1084 2082; x_wconf 88' lang='lat' dir='ltr'><strong>sancti</strong></span> <span class='ocrx_word' id='word_1_170' title='bbox 1129 2025 1404 2099; x_wconf 75' lang='lat' dir='ltr'><strong>Augustini</strong></span> <span class='ocrx_word' id='word_1_171' title='bbox 1433 2024 1728 2099; x_wconf 71' lang='lat' dir='ltr'><strong>subnotasse</strong></span> <span class='ocrx_word' id='word_1_172' title='bbox 1752 2032 2010 2088; x_wconf 80' lang='lat' dir='ltr'><strong>narratur,</strong></span> <span class='ocrx_word' id='word_1_173' title='bbox 2044 2034 2099 2078; x_wconf 88' lang='lat' dir='ltr'><strong>ut</strong></span> 
     </span>
    </p>
   </div>
   <div class='ocr_carea' id='block_1_28' title="bbox 524 2093 2100 2168">
    <p class='ocr_par' dir='ltr' id='par_1_28' title="bbox 524 2093 2100 2168">
     <span class='ocr_line' id='line_1_28' title="bbox 524 2093 2100 2168; baseline -0.003 -17"><span class='ocrx_word' id='word_1_174' title='bbox 524 2093 612 2168; x_wconf 60' lang='lat' dir='ltr'><strong>per</strong></span> <span class='ocrx_word' id='word_1_175' title='bbox 639 2117 694 2151; x_wconf 85' lang='lat' dir='ltr'><strong>os</strong></span> <span class='ocrx_word' id='word_1_176' title='bbox 723 2101 945 2152; x_wconf 73' lang='lat' dir='ltr'><strong>alienum</strong></span> <span class='ocrx_word' id='word_1_177' title='bbox 1001 2099 1081 2150; x_wconf 85' lang='lat' dir='ltr'><strong>sui</strong></span> <span class='ocrx_word' id='word_1_178' title='bbox 1131 2093 1299 2148; x_wconf 85' lang='lat' dir='ltr'><strong>cordis</strong></span> <span class='ocrx_word' id='word_1_179' title='bbox 1343 2093 1626 2168; x_wconf 68' lang='lat' dir='ltr'><strong>declararet</strong></span> <span class='ocrx_word' id='word_1_180' title='bbox 1664 2107 1951 2168; x_wconf 80' lang='lat' dir='ltr'><strong>arcanum:</strong></span> <span class='ocrx_word' id='word_1_181' title='bbox 1989 2109 2100 2168; x_wconf 79' lang='lat' dir='ltr'><strong>qua:</strong></span> 
     </span>
    </p>
   </div>
   <div class='ocr_carea' id='block_1_29' title="bbox 526 2161 2099 2238">
    <p class='ocr_par' dir='ltr' id='par_1_29' title="bbox 526 2161 2099 2238">
     <span class='ocr_line' id='line_1_29' title="bbox 526 2161 2099 2238; baseline -0.002 -18"><span class='ocrx_word' id='word_1_182' title='bbox 526 2161 600 2220; x_wconf 77' lang='lat' dir='ltr'><strong>ita</strong></span> <span class='ocrx_word' id='word_1_183' title='bbox 632 2171 756 2221; x_wconf 85' lang='lat' dir='ltr'><strong>locis</strong></span> <span class='ocrx_word' id='word_1_184' title='bbox 805 2168 1024 2238; x_wconf 79' lang='lat' dir='ltr'><strong>singulis</strong></span> <span class='ocrx_word' id='word_1_185' title='bbox 1080 2173 1416 2238; x_wconf 72' lang='lat' dir='ltr'><strong>competenter</strong></span> <span class='ocrx_word' id='word_1_186' title='bbox 1445 2161 1753 2238; x_wconf 80' lang='lat' dir='ltr'><strong>aptarit,_ut</strong></span> <span class='ocrx_word' id='word_1_187' title='bbox 1804 2162 2099 2238; x_wconf 78' lang='lat' dir='ltr'><strong>hoc_i_nagis</strong></span> 
     </span>
    </p>
   </div>
   <div class='ocr_carea' id='block_1_30' title="bbox 524 2233 2098 2306">
    <p class='ocr_par' dir='ltr' id='par_1_30' title="bbox 524 2233 2098 2306">
     <span class='ocr_line' id='line_1_30' title="bbox 524 2233 2098 2306; baseline -0.004 -16"><span class='ocrx_word' id='word_1_188' title='bbox 524 2239 694 2291; x_wconf 82' lang='lat' dir='ltr'><strong>studio</strong></span> <span class='ocrx_word' id='word_1_189' title='bbox 721 2239 850 2291; x_wconf 81' lang='lat' dir='ltr'><strong>beati</strong></span> <span class='ocrx_word' id='word_1_190' title='bbox 890 2233 1164 2306; x_wconf 56' lang='lat' dir='ltr'><strong>&#39;Augustini</strong></span> <span class='ocrx_word' id='word_1_191' title='bbox 1211 2235 1388 2306; x_wconf 81' lang='lat' dir='ltr'><strong>credas</strong></span> <span class='ocrx_word' id='word_1_192' title='bbox 1437 2249 1540 2306; x_wconf 77' lang='lat' dir='ltr'><strong>esse</strong></span> <span class='ocrx_word' id='word_1_193' title='bbox 1567 2233 1869 2306; x_wconf 77' lang='lat' dir='ltr'><strong>perfectum.</strong></span> <span class='ocrx_word' id='word_1_194' title='bbox 1905 2233 2098 2306; x_wconf 79' lang='lat' dir='ltr'><strong>Mirum</strong></span> 
     </span>
    </p>
   </div>
   <div class='ocr_carea' id='block_1_31' title="bbox 524 2303 2100 2365">
    <p class='ocr_par' dir='ltr' id='par_1_31' title="bbox 524 2303 2100 2365">
     <span class='ocr_line' id='line_1_31' title="bbox 524 2303 2100 2365; baseline -0.002 -6"><span class='ocrx_word' id='word_1_195' title='bbox 524 2319 595 2360; x_wconf 84' lang='lat' dir='ltr'><strong>est</strong></span> <span class='ocrx_word' id='word_1_196' title='bbox 623 2309 754 2360; x_wconf 87' lang='lat' dir='ltr'><strong>enim</strong></span> <span class='ocrx_word' id='word_1_197' title='bbox 808 2309 878 2360; x_wconf 85' lang='lat' dir='ltr'><strong>sic</strong></span> <span class='ocrx_word' id='word_1_198' title='bbox 909 2303 1124 2360; x_wconf 73' lang='lat' dir='ltr'><strong>alterum</strong></span> <span class='ocrx_word' id='word_1_199' title='bbox 1172 2321 1236 2358; x_wconf 75' lang='lat' dir='ltr'><strong>e1:</strong></span> <span class='ocrx_word' id='word_1_200' title='bbox 1279 2304 1438 2357; x_wconf 87' lang='lat' dir='ltr'><strong>altero</strong></span> <span class='ocrx_word' id='word_1_201' title='bbox 1467 2303 1798 2365; x_wconf 71' lang='lat' dir='ltr'><strong>diluciduste,</strong></span> <span class='ocrx_word' id='word_1_202' title='bbox 1851 2313 1905 2355; x_wconf 87' lang='lat' dir='ltr'><strong>ut</strong></span> <span class='ocrx_word' id='word_1_203' title='bbox 1955 2305 2100 2357; x_wconf 85' lang='lat' dir='ltr'><strong>nulla</strong></span> 
     </span>
    </p>
   </div>
   <div class='ocr_carea' id='block_1_32' title="bbox 525 2374 2095 2447">
    <p class='ocr_par' dir='ltr' id='par_1_32' title="bbox 525 2374 2095 2447">
     <span class='ocr_line' id='line_1_32' title="bbox 525 2374 2095 2447; baseline -0.003 -18"><span class='ocrx_word' id='word_1_204' title='bbox 525 2379 790 2431; x_wconf 64' lang='lat' dir='ltr'><strong>uerborum</strong></span> <span class='ocrx_word' id='word_1_205' title='bbox 820 2394 1028 2430; x_wconf 86' lang='lat' dir='ltr'><strong>suorum</strong></span> <span class='ocrx_word' id='word_1_206' title='bbox 1056 2376 1342 2447; x_wconf 79' lang='lat' dir='ltr'><strong>atljectione</strong></span> <span class='ocrx_word' id='word_1_207' title='bbox 1363 2375 1630 2447; x_wconf 73' lang='lat' dir='ltr'><strong>permixta,</strong></span> <span class='ocrx_word' id='word_1_208' title='bbox 1658 2374 1960 2447; x_wconf 75' lang='lat' dir='ltr'><strong>desiderium</strong></span> <span class='ocrx_word' id='word_1_209' title='bbox 1980 2392 2095 2447; x_wconf 78' lang='lat' dir='ltr'><strong>cor—</strong></span> 
     </span>
    </p>
   </div>
   <div class='ocr_carea' id='block_1_33' title="bbox 525 2442 2098 2518">
    <p class='ocr_par' dir='ltr' id='par_1_33' title="bbox 525 2442 2098 2518">
     <span class='ocr_line' id='line_1_33' title="bbox 525 2442 2098 2518; baseline -0.001 -20"><span class='ocrx_word' id='word_1_210' title='bbox 525 2448 604 2499; x_wconf 82' lang='lat' dir='ltr'><strong>dis</strong></span> <span class='ocrx_word' id='word_1_211' title='bbox 637 2449 830 2516; x_wconf 84' lang='lat' dir='ltr'><strong>proprii</strong></span> <span class='ocrx_word' id='word_1_212' title='bbox 877 2442 1150 2518; x_wconf 72' lang='lat' dir='ltr'><strong>complesse</strong></span> <span class='ocrx_word' id='word_1_213' title='bbox 1175 2446 1444 2518; x_wconf 72' lang='lat' dir='ltr'><strong>videatur:</strong></span> <span class='ocrx_word' id='word_1_214' title='bbox 1491 2443 1576 2512; x_wconf 88' lang='lat' dir='ltr'><strong>qui</strong></span> <span class='ocrx_word' id='word_1_215' title='bbox 1625 2444 1766 2518; x_wconf 57' lang='lat' dir='ltr'><strong>peltis:</strong></span> <span class='ocrx_word' id='word_1_216' title='bbox 1795 2444 1924 2518; x_wconf 77' lang='lat' dir='ltr'><strong>inter</strong></span> <span class='ocrx_word' id='word_1_217' title='bbox 1966 2442 2098 2498; x_wconf 83' lang='lat' dir='ltr'><strong>alios</strong></span> 
     </span>
    </p>
   </div>
   <div class='ocr_carea' id='block_1_34' title="bbox 525 2513 2100 2588">
    <p class='ocr_par' dir='ltr' id='par_1_34' title="bbox 525 2513 2100 2588">
     <span class='ocr_line' id='line_1_34' title="bbox 525 2513 2100 2588; baseline -0.001 -19"><span class='ocrx_word' id='word_1_218' title='bbox 525 2513 743 2585; x_wconf 72' lang='lat' dir='ltr'><strong>codices,</strong></span> <span class='ocrx_word' id='word_1_219' title='bbox 792 2520 961 2572; x_wconf 82' lang='lat' dir='ltr'><strong>divina</strong></span> <span class='ocrx_word' id='word_1_220' title='bbox 988 2513 1153 2588; x_wconf 53' lang='lat' dir='ltr'><strong>&#39;gratia</strong></span> <span class='ocrx_word' id='word_1_221' title='bbox 1205 2514 1545 2584; x_wconf 79' lang='lat' dir='ltr'><strong>suﬂ&#39;ragante,</strong></span> <span class='ocrx_word' id='word_1_222' title='bbox 1600 2513 1663 2566; x_wconf 88' lang='lat' dir='ltr'><strong>de</strong></span> <span class='ocrx_word' id='word_1_223' title='bbox 1692 2513 1937 2582; x_wconf 76' lang='lat' dir='ltr'><strong>Africana</strong></span> <span class='ocrx_word' id='word_1_224' title='bbox 1959 2525 2100 2584; x_wconf 80' lang='lat' dir='ltr'><strong>parte</strong></span> 
     </span>
    </p>
   </div>
   <div class='ocr_carea' id='block_1_35' title="bbox 527 2589 930 2642">
    <p class='ocr_par' dir='ltr' id='par_1_35' title="bbox 527 2589 930 2642">
     <span class='ocr_line' id='line_1_35' title="bbox 527 2589 930 2642; baseline 0.005 -4"><span class='ocrx_word' id='word_1_225' title='bbox 527 2589 806 2642; x_wconf 82' lang='lat' dir='ltr'><strong>mittendus</strong></span> <span class='ocrx_word' id='word_1_226' title='bbox 836 2599 930 2642; x_wconf 87' lang='lat' dir='ltr'><strong>est.</strong></span> 
     </span>
    </p>
   </div>
   <div class='ocr_carea' id='block_1_36' title="bbox 603 2652 2094 2724">
    <p class='ocr_par' dir='ltr' id='par_1_36' title="bbox 603 2652 2094 2724">
     <span class='ocr_line' id='line_1_36' title="bbox 603 2652 2094 2724; baseline -0.003 -14"><span class='ocrx_word' id='word_1_227' title='bbox 603 2661 876 2712; x_wconf 81' lang='lat' dir='ltr'><strong>lteclamat</strong></span> <span class='ocrx_word' id='word_1_228' title='bbox 896 2657 1108 2724; x_wconf 81' lang='lat' dir='ltr'><strong>quidem</strong></span> <span class='ocrx_word' id='word_1_229' title='bbox 1129 2655 1480 2710; x_wconf 74' lang='lat' dir='ltr'><strong>Bellarminus</strong></span> <span class='ocrx_word' id='word_1_230' title='bbox 1504 2655 1760 2709; x_wconf 88' lang='lat' dir='ltr'><strong>adversus</strong></span> <span class='ocrx_word' id='word_1_231' title='bbox 1787 2652 2094 2719; x_wconf 85' lang='lat' dir='ltr'><strong>Baronium;</strong></span> 
     </span>
    </p>
   </div>
   <div class='ocr_carea' id='block_1_37' title="bbox 526 2724 2098 2798">
    <p class='ocr_par' dir='ltr' id='par_1_37' title="bbox 526 2724 2098 2798">
     <span class='ocr_line' id='line_1_37' title="bbox 526 2724 2098 2798; baseline -0.001 -19"><span class='ocrx_word' id='word_1_232' title='bbox 526 2729 619 2780; x_wconf 88' lang='lat' dir='ltr'><strong>sed</strong></span> <span class='ocrx_word' id='word_1_233' title='bbox 649 2746 766 2798; x_wconf 71' lang='lat' dir='ltr'><strong>qua:</strong></span> <span class='ocrx_word' id='word_1_234' title='bbox 791 2729 843 2781; x_wconf 91' lang='lat' dir='ltr'><strong>in</strong></span> <span class='ocrx_word' id='word_1_235' title='bbox 890 2729 1214 2786; x_wconf 82' lang='lat' dir='ltr'><strong>contrarium</strong></span> <span class='ocrx_word' id='word_1_236' title='bbox 1270 2727 1503 2798; x_wconf 90' lang='lat' dir='ltr'><strong>adducit,</strong></span> <span class='ocrx_word' id='word_1_237' title='bbox 1535 2741 1638 2778; x_wconf 89' lang='lat' dir='ltr'><strong>non</strong></span> <span class='ocrx_word' id='word_1_238' title='bbox 1691 2724 1817 2798; x_wconf 86' lang='lat' dir='ltr'><strong>mihi</strong></span> <span class='ocrx_word' id='word_1_239' title='bbox 1851 2724 2098 2798; x_wconf 84' lang='lat' dir='ltr'><strong>videntur</strong></span> 
     </span>
    </p>
   </div>
   <div class='ocr_carea' id='block_1_38' title="bbox 529 2795 2095 2866">
    <p class='ocr_par' dir='ltr' id='par_1_38' title="bbox 529 2795 2095 2866">
     <span class='ocr_line' id='line_1_38' title="bbox 529 2795 2095 2866; baseline -0.001 -17"><span class='ocrx_word' id='word_1_240' title='bbox 529 2797 580 2849; x_wconf 88' lang='lat' dir='ltr'><strong>id</strong></span> <span class='ocrx_word' id='word_1_241' title='bbox 615 2795 744 2851; x_wconf 83' lang='lat' dir='ltr'><strong>satis</strong></span> <span class='ocrx_word' id='word_1_242' title='bbox 785 2798 998 2852; x_wconf 83' lang='lat' dir='ltr'><strong>efﬁcere</strong></span> <span class='ocrx_word' id='word_1_243' title='bbox 1025 2799 1164 2866; x_wconf 89' lang='lat' dir='ltr'><strong>quod</strong></span> <span class='ocrx_word' id='word_1_244' title='bbox 1190 2797 1446 2858; x_wconf 80' lang='lat' dir='ltr'><strong>intendit;</strong></span> <span class='ocrx_word' id='word_1_245' title='bbox 1477 2798 1672 2866; x_wconf 76' lang='lat' dir='ltr'><strong>profert</strong></span> <span class='ocrx_word' id='word_1_246' title='bbox 1699 2795 2095 2866; x_wconf 12' lang='lat' dir='ltr'><strong>cnimicxlndi-</strong></span> 
     </span>
    </p>
   </div>
   <div class='ocr_carea' id='block_1_39' title="bbox 527 2864 2094 2936">
    <p class='ocr_par' dir='ltr' id='par_1_39' title="bbox 527 2864 2094 2936">
     <span class='ocr_line' id='line_1_39' title="bbox 527 2864 2094 2936; baseline 0.001 -19"><span class='ocrx_word' id='word_1_247' title='bbox 527 2869 651 2920; x_wconf 68' lang='lat' dir='ltr'><strong>(-qu</strong></span> <span class='ocrx_word' id='word_1_248' title='bbox 676 2868 906 2936; x_wconf 84' lang='lat' dir='ltr'><strong>Operuin</strong></span> <span class='ocrx_word' id='word_1_249' title='bbox 941 2864 1095 2921; x_wconf 74' lang='lat' dir='ltr'><strong>Beda:</strong></span> <span class='ocrx_word' id='word_1_250' title='bbox 1125 2867 1191 2919; x_wconf 88' lang='lat' dir='ltr'><strong>ab</strong></span> <span class='ocrx_word' id='word_1_251' title='bbox 1219 2868 1443 2934; x_wconf 84' lang='lat' dir='ltr'><strong>ipsumet</strong></span> <span class='ocrx_word' id='word_1_252' title='bbox 1475 2865 1721 2936; x_wconf 76' lang='lat' dir='ltr'><strong>conlecto</strong></span> <span class='ocrx_word' id='word_1_253' title='bbox 1749 2864 1908 2917; x_wconf 84' lang='lat' dir='ltr'><strong>verba</strong></span> <span class='ocrx_word' id='word_1_254' title='bbox 1942 2865 2055 2918; x_wconf 74' lang='lat' dir='ltr'><strong>lucc</strong></span> <span class='ocrx_word' id='word_1_255' title='bbox 2081 2881 2094 2919; x_wconf 92' lang='lat'>:</span> 
     </span>
    </p>
   </div>
   <div class='ocr_carea' id='block_1_40' title="bbox 527 2935 2101 3006">
    <p class='ocr_par' dir='ltr' id='par_1_40' title="bbox 527 2935 2101 3006">
     <span class='ocr_line' id='line_1_40' title="bbox 527 2935 2101 3006; baseline -0.002 -17"><span class='ocrx_word' id='word_1_256' title='bbox 527 2937 593 2989; x_wconf 82' lang='lat' dir='ltr'><strong>In</strong></span> <span class='ocrx_word' id='word_1_257' title='bbox 626 2935 924 3006; x_wconf 78' lang='lat' dir='ltr'><strong>Apostolum</strong></span> <span class='ocrx_word' id='word_1_258' title='bbox 951 2953 1274 3004; x_wconf 66' lang='lat' dir='ltr'><strong>quacumque</strong></span> <span class='ocrx_word' id='word_1_259' title='bbox 1303 2939 1352 2989; x_wconf 90' lang='lat' dir='ltr'><strong>in</strong></span> <span class='ocrx_word' id='word_1_260' title='bbox 1383 2935 1640 3006; x_wconf 81' lang='lat' dir='ltr'><strong>opusculis</strong></span> <span class='ocrx_word' id='word_1_261' title='bbox 1673 2937 1833 2986; x_wconf 86' lang='lat' dir='ltr'><strong>sancti</strong></span> <span class='ocrx_word' id='word_1_262' title='bbox 1859 2937 2101 3002; x_wconf 81' lang='lat' dir='ltr'><strong>Augusti-</strong></span> 
     </span>
    </p>
   </div>
   <div class='ocr_carea' id='block_1_41' title="bbox 528 3006 2098 3078">
    <p class='ocr_par' dir='ltr' id='par_1_41' title="bbox 528 3006 2098 3078">
     <span class='ocr_line' id='line_1_41' title="bbox 528 3006 2098 3078; baseline 0 -20"><span class='ocrx_word' id='word_1_263' title='bbox 528 3009 581 3058; x_wconf 87' lang='lat' dir='ltr'><strong>ni</strong></span> <span class='ocrx_word' id='word_1_264' title='bbox 629 3009 857 3077; x_wconf 67' lang='lat' dir='ltr'><strong>exposita</strong></span> <span class='ocrx_word' id='word_1_265' title='bbox 909 3008 1105 3072; x_wconf 69' lang='lat' dir='ltr'><strong>inveni,</strong></span> <span class='ocrx_word' id='word_1_266' title='bbox 1161 3017 1341 3078; x_wconf 84' lang='lat' dir='ltr'><strong>cuncta</strong></span> <span class='ocrx_word' id='word_1_267' title='bbox 1370 3022 1460 3078; x_wconf 87' lang='lat' dir='ltr'><strong>per</strong></span> <span class='ocrx_word' id='word_1_268' title='bbox 1487 3008 1715 3058; x_wconf 69' lang='lat' dir='ltr'><strong>ordinem</strong></span> <span class='ocrx_word' id='word_1_269' title='bbox 1766 3006 2098 3078; x_wconf 72' lang='lat' dir='ltr'><strong>transcribere</strong></span> 
     </span>
    </p>
   </div>
   <div class='ocr_carea' id='block_1_42' title="bbox 526 3076 2095 3147">
    <p class='ocr_par' dir='ltr' id='par_1_42' title="bbox 526 3076 2095 3147">
     <span class='ocr_line' id='line_1_42' title="bbox 526 3076 2095 3147; baseline -0.001 -20"><span class='ocrx_word' id='word_1_270' title='bbox 526 3080 724 3142; x_wconf 78' lang='lat' dir='ltr'><strong>curavi,</strong></span> <span class='ocrx_word' id='word_1_271' title='bbox 769 3078 959 3147; x_wconf 83' lang='lat' dir='ltr'><strong>quibus</strong></span> <span class='ocrx_word' id='word_1_272' title='bbox 1002 3093 1060 3132; x_wconf 89' lang='lat' dir='ltr'><strong>se</strong></span> <span class='ocrx_word' id='word_1_273' title='bbox 1113 3076 1422 3131; x_wconf 81' lang='lat' dir='ltr'><strong>mendacem</strong></span> <span class='ocrx_word' id='word_1_274' title='bbox 1473 3079 1554 3130; x_wconf 81' lang='lat' dir='ltr'><strong>vir</strong></span> <span class='ocrx_word' id='word_1_275' title='bbox 1603 3085 1842 3141; x_wconf 76' lang='lat' dir='ltr'><strong>sanctus,</strong></span> <span class='ocrx_word' id='word_1_276' title='bbox 1896 3076 2095 3143; x_wconf 63' lang='lat' dir='ltr'><strong>plagia-</strong></span> 
     </span>
    </p>
   </div>
   <div class='ocr_carea' id='block_1_43' title="bbox 527 3147 2096 3216">
    <p class='ocr_par' dir='ltr' id='par_1_43' title="bbox 527 3147 2096 3216">
     <span class='ocr_line' id='line_1_43' title="bbox 527 3147 2096 3216; baseline 0.001 -19"><span class='ocrx_word' id='word_1_277' title='bbox 527 3148 774 3216; x_wconf 81' lang='lat' dir='ltr'><strong>i&#39;iumque</strong></span> <span class='ocrx_word' id='word_1_278' title='bbox 804 3149 1149 3208; x_wconf 87' lang='lat' dir='ltr'><strong>ostendisset,</strong></span> <span class='ocrx_word' id='word_1_279' title='bbox 1173 3148 1253 3199; x_wconf 92' lang='lat' dir='ltr'><strong>sin</strong></span> <span class='ocrx_word' id='word_1_280' title='bbox 1295 3149 1470 3201; x_wconf 86' lang='lat' dir='ltr'><strong>minus</strong></span> <span class='ocrx_word' id='word_1_281' title='bbox 1515 3160 1700 3199; x_wconf 75' lang='lat' dir='ltr'><strong>auc:or</strong></span> <span class='ocrx_word' id='word_1_282' title='bbox 1733 3155 1877 3199; x_wconf 87' lang='lat' dir='ltr'><strong>esset</strong></span> <span class='ocrx_word' id='word_1_283' title='bbox 1906 3147 2096 3211; x_wconf 76' lang='lat' dir='ltr'><strong>Operis</strong></span> 
     </span>
    </p>
   </div>
   <div class='ocr_carea' id='block_1_44' title="bbox 527 3217 2097 3288">
    <p class='ocr_par' dir='ltr' id='par_1_44' title="bbox 527 3217 2097 3288">
     <span class='ocr_line' id='line_1_44' title="bbox 527 3217 2097 3288; baseline 0.001 -21"><span class='ocrx_word' id='word_1_284' title='bbox 527 3233 633 3283; x_wconf 90' lang='lat' dir='ltr'><strong>quo</strong></span> <span class='ocrx_word' id='word_1_285' title='bbox 658 3219 724 3272; x_wconf 88' lang='lat' dir='ltr'><strong>de</strong></span> <span class='ocrx_word' id='word_1_286' title='bbox 749 3221 943 3288; x_wconf 85' lang='lat' dir='ltr'><strong>agitur.</strong></span> <span class='ocrx_word' id='word_1_287' title='bbox 974 3217 1137 3272; x_wconf 83' lang='lat' dir='ltr'><strong>Addit</strong></span> <span class='ocrx_word' id='word_1_288' title='bbox 1163 3218 1380 3288; x_wconf 84' lang='lat' dir='ltr'><strong>deinde.</strong></span> <span class='ocrx_word' id='word_1_289' title='bbox 1404 3217 1682 3288; x_wconf 79' lang='lat' dir='ltr'><strong>credibile</strong></span> <span class='ocrx_word' id='word_1_290' title='bbox 1719 3230 1821 3268; x_wconf 87' lang='lat' dir='ltr'><strong>non</strong></span> <span class='ocrx_word' id='word_1_291' title='bbox 1848 3229 1967 3269; x_wconf 85' lang='lat' dir='ltr'><strong>esse</strong></span> <span class='ocrx_word' id='word_1_292' title='bbox 2001 3217 2097 3269; x_wconf 81' lang='lat' dir='ltr'><strong>Be—</strong></span> 
     </span>
    </p>
   </div>
   <div class='ocr_carea' id='block_1_45' title="bbox 525 3287 2094 3357">
    <p class='ocr_par' dir='ltr' id='par_1_45' title="bbox 525 3287 2094 3357">
     <span class='ocr_line' id='line_1_45' title="bbox 525 3287 2094 3357; baseline 0.001 -19"><span class='ocrx_word' id='word_1_293' title='bbox 525 3289 646 3357; x_wconf 87' lang='lat' dir='ltr'><strong>dam</strong></span> <span class='ocrx_word' id='word_1_294' title='bbox 677 3288 731 3342; x_wconf 90' lang='lat' dir='ltr'><strong>in</strong></span> <span class='ocrx_word' id='word_1_295' title='bbox 775 3287 1040 3357; x_wconf 82' lang='lat' dir='ltr'><strong>Epistolas</strong></span> <span class='ocrx_word' id='word_1_296' title='bbox 1088 3287 1236 3340; x_wconf 82' lang='lat' dir='ltr'><strong>Pauli</strong></span> <span class='ocrx_word' id='word_1_297' title='bbox 1285 3287 1415 3340; x_wconf 88' lang='lat' dir='ltr'><strong>nihil</strong></span> <span class='ocrx_word' id='word_1_298' title='bbox 1442 3287 1740 3353; x_wconf 84' lang='lat' dir='ltr'><strong>scripsisse,</strong></span> <span class='ocrx_word' id='word_1_299' title='bbox 1771 3294 2094 3357; x_wconf 79' lang='lat' dir='ltr'><strong>cum_to_tam</strong></span> 
     </span>
    </p>
   </div>
   <div class='ocr_carea' id='block_1_46' title="bbox 525 3353 2098 3425">
    <p class='ocr_par' dir='ltr' id='par_1_46' title="bbox 525 3353 2098 3425">
     <span class='ocr_line' id='line_1_46' title="bbox 525 3353 2098 3425; baseline -0.001 -15"><span class='ocrx_word' id='word_1_300' title='bbox 525 3353 882 3424; x_wconf 81' lang='lat' dir='ltr'><strong>Scripturam,</strong></span> <span class='ocrx_word' id='word_1_301' title='bbox 917 3357 1067 3424; x_wconf 89' lang='lat' dir='ltr'><strong>cujus</strong></span> <span class='ocrx_word' id='word_1_302' title='bbox 1093 3371 1214 3424; x_wconf 88' lang='lat' dir='ltr'><strong>pars</strong></span> <span class='ocrx_word' id='word_1_303' title='bbox 1234 3357 1474 3425; x_wconf 68' lang='lat' dir='ltr'><strong>quaedam</strong></span> <span class='ocrx_word' id='word_1_304' title='bbox 1499 3357 1692 3410; x_wconf 80' lang='lat' dir='ltr'><strong>eximia</strong></span> <span class='ocrx_word' id='word_1_305' title='bbox 1733 3364 1855 3408; x_wconf 74' lang='lat' dir='ltr'><strong>sunt</strong></span> <span class='ocrx_word' id='word_1_306' title='bbox 1885 3353 2098 3423; x_wconf 81' lang='lat' dir='ltr'><strong>Episto-</strong></span> 
     </span>
    </p>
   </div>
   <div class='ocr_carea' id='block_1_47' title="bbox 527 3425 2098 3495">
    <p class='ocr_par' dir='ltr' id='par_1_47' title="bbox 527 3425 2098 3495">
     <span class='ocr_line' id='line_1_47' title="bbox 527 3425 2098 3495; baseline 0.002 -19"><span class='ocrx_word' id='word_1_307' title='bbox 527 3425 592 3477; x_wconf 76' lang='lat' dir='ltr'><strong>lze</strong></span> <span class='ocrx_word' id='word_1_308' title='bbox 624 3429 884 3495; x_wconf 87' lang='lat' dir='ltr'><strong>Apostoli,</strong></span> <span class='ocrx_word' id='word_1_309' title='bbox 936 3427 1251 3495; x_wconf 62' lang='lat' dir='ltr'><strong>exposuisse</strong></span> <span class='ocrx_word' id='word_1_310' title='bbox 1292 3441 1351 3478; x_wconf 86' lang='lat' dir='ltr'><strong>se</strong></span> <span class='ocrx_word' id='word_1_311' title='bbox 1391 3436 1640 3480; x_wconf 89' lang='lat' dir='ltr'><strong>testatum</strong></span> <span class='ocrx_word' id='word_1_312' title='bbox 1668 3425 1930 3479; x_wconf 87' lang='lat' dir='ltr'><strong>voluerit:</strong></span> <span class='ocrx_word' id='word_1_313' title='bbox 1970 3440 2098 3480; x_wconf 80' lang='lat' dir='ltr'><strong>con—</strong></span> 
     </span>
    </p>
   </div>
   <div class='ocr_carea' id='block_1_48' title="bbox 525 3495 2098 3558">
    <p class='ocr_par' dir='ltr' id='par_1_48' title="bbox 525 3495 2098 3558">
     <span class='ocr_line' id='line_1_48' title="bbox 525 3495 2098 3558; baseline 0.002 -10"><span class='ocrx_word' id='word_1_314' title='bbox 525 3497 697 3550; x_wconf 84' lang='lat' dir='ltr'><strong>cludit</strong></span> <span class='ocrx_word' id='word_1_315' title='bbox 724 3499 958 3558; x_wconf 88' lang='lat' dir='ltr'><strong>taudem.</strong></span> <span class='ocrx_word' id='word_1_316' title='bbox 1004 3497 1133 3550; x_wconf 89' lang='lat' dir='ltr'><strong>nihil</strong></span> <span class='ocrx_word' id='word_1_317' title='bbox 1155 3495 1438 3549; x_wconf 89' lang='lat' dir='ltr'><strong>admodum</strong></span> <span class='ocrx_word' id='word_1_318' title='bbox 1482 3510 1602 3550; x_wconf 89' lang='lat' dir='ltr'><strong>esse</strong></span> <span class='ocrx_word' id='word_1_319' title='bbox 1627 3511 1721 3548; x_wconf 92' lang='lat' dir='ltr'><strong>cur</strong></span> <span class='ocrx_word' id='word_1_320' title='bbox 1749 3511 1852 3549; x_wconf 89' lang='lat' dir='ltr'><strong>non</strong></span> <span class='ocrx_word' id='word_1_321' title='bbox 1875 3495 2098 3551; x_wconf 81' lang='lat' dir='ltr'><strong>diversis</strong></span> 
     </span>
    </p>
   </div>
   <div class='ocr_carea' id='block_1_49' title="bbox 525 3565 2096 3635">
    <p class='ocr_par' dir='ltr' id='par_1_49' title="bbox 525 3565 2096 3635">
     <span class='ocr_line' id='line_1_49' title="bbox 525 3565 2096 3635; baseline 0.001 -17"><span class='ocrx_word' id='word_1_322' title='bbox 525 3567 874 3634; x_wconf 86' lang='lat' dir='ltr'><strong>temporibus,</strong></span> <span class='ocrx_word' id='word_1_323' title='bbox 907 3567 1238 3635; x_wconf 81' lang='lat' dir='ltr'><strong>diversisque</strong></span> <span class='ocrx_word' id='word_1_324' title='bbox 1288 3566 1337 3618; x_wconf 92' lang='lat' dir='ltr'><strong>in</strong></span> <span class='ocrx_word' id='word_1_325' title='bbox 1388 3566 1542 3632; x_wconf 83' lang='lat' dir='ltr'><strong>locis,</strong></span> <span class='ocrx_word' id='word_1_326' title='bbox 1575 3565 1674 3617; x_wconf 87' lang='lat' dir='ltr'><strong>viri</strong></span> <span class='ocrx_word' id='word_1_327' title='bbox 1726 3565 1854 3628; x_wconf 90' lang='lat' dir='ltr'><strong>duo,</strong></span> <span class='ocrx_word' id='word_1_328' title='bbox 1905 3567 2096 3620; x_wconf 88' lang='lat' dir='ltr'><strong>eodem</strong></span> 
     </span>
    </p>
   </div>
   <div class='ocr_carea' id='block_1_50' title="bbox 523 3635 2096 3705">
    <p class='ocr_par' dir='ltr' id='par_1_50' title="bbox 523 3635 2096 3705">
     <span class='ocr_line' id='line_1_50' title="bbox 523 3635 2096 3705; baseline 0.002 -17"><span class='ocrx_word' id='word_1_329' title='bbox 523 3638 724 3702; x_wconf 86' lang='lat' dir='ltr'><strong>studio,</strong></span> <span class='ocrx_word' id='word_1_330' title='bbox 769 3640 819 3691; x_wconf 92' lang='lat' dir='ltr'><strong>in</strong></span> <span class='ocrx_word' id='word_1_331' title='bbox 847 3639 1010 3691; x_wconf 75' lang='lat' dir='ltr'><strong>l’aulo</strong></span> <span class='ocrx_word' id='word_1_332' title='bbox 1057 3652 1124 3691; x_wconf 80' lang='lat' dir='ltr'><strong>ex</strong></span> <span class='ocrx_word' id='word_1_333' title='bbox 1175 3635 1460 3705; x_wconf 80' lang='lat' dir='ltr'><strong>Augustini</strong></span> <span class='ocrx_word' id='word_1_334' title='bbox 1513 3635 1727 3704; x_wconf 90' lang='lat' dir='ltr'><strong>scriptis</strong></span> <span class='ocrx_word' id='word_1_335' title='bbox 1775 3636 2096 3705; x_wconf 80' lang='lat' dir='ltr'><strong>explicando</strong></span> 
     </span>
    </p>
   </div>
   <div class='ocr_carea' id='block_1_51' title="bbox 526 3706 927 3762">
    <p class='ocr_par' dir='ltr' id='par_1_51' title="bbox 526 3706 927 3762">
     <span class='ocr_line' id='line_1_51' title="bbox 526 3706 927 3762; baseline 0.01 -4"><span class='ocrx_word' id='word_1_336' title='bbox 526 3706 927 3762; x_wconf 84' lang='lat' dir='ltr'><strong>desudaverint.</strong></span> 
     </span>
    </p>
   </div>
   <div class='ocr_carea' id='block_1_52' title="bbox 602 3775 2093 3845">
    <p class='ocr_par' dir='ltr' id='par_1_52' title="bbox 602 3775 2093 3845">
     <span class='ocr_line' id='line_1_52' title="bbox 602 3775 2093 3845; baseline 0.003 -18"><span class='ocrx_word' id='word_1_337' title='bbox 602 3778 816 3838; x_wconf 76' lang='lat' dir='ltr'><strong>Verum.</strong></span> <span class='ocrx_word' id='word_1_338' title='bbox 865 3793 983 3832; x_wconf 91' lang='lat' dir='ltr'><strong>cum</strong></span> <span class='ocrx_word' id='word_1_339' title='bbox 1013 3776 1305 3832; x_wconf 86' lang='lat' dir='ltr'><strong>lndiculum</strong></span> <span class='ocrx_word' id='word_1_340' title='bbox 1331 3775 1474 3830; x_wconf 92' lang='lat' dir='ltr'><strong>hunc</strong></span> <span class='ocrx_word' id='word_1_341' title='bbox 1499 3776 1763 3845; x_wconf 87' lang='lat' dir='ltr'><strong>producit,</strong></span> <span class='ocrx_word' id='word_1_342' title='bbox 1796 3791 1910 3831; x_wconf 88' lang='lat' dir='ltr'><strong>rem</strong></span> <span class='ocrx_word' id='word_1_343' title='bbox 1945 3792 2093 3832; x_wconf 92' lang='lat' dir='ltr'><strong>suam</strong></span> 
     </span>
    </p>
   </div>
   <div class='ocr_carea' id='block_1_53' title="bbox 524 3847 2090 3917">
    <p class='ocr_par' dir='ltr' id='par_1_53' title="bbox 524 3847 2090 3917">
     <span class='ocr_line' id='line_1_53' title="bbox 524 3847 2090 3917; baseline 0.001 -18"><span class='ocrx_word' id='word_1_344' title='bbox 524 3862 627 3899; x_wconf 85' lang='lat' dir='ltr'><strong>non</strong></span> <span class='ocrx_word' id='word_1_345' title='bbox 659 3847 1114 3917; x_wconf 80' lang='lat' dir='ltr'><strong>admodumjuvat</strong></span> <span class='ocrx_word' id='word_1_346' title='bbox 1137 3865 1149 3900; x_wconf 89' lang='lat'>:</span> <span class='ocrx_word' id='word_1_347' title='bbox 1175 3850 1226 3902; x_wconf 92' lang='lat' dir='ltr'><strong>in</strong></span> <span class='ocrx_word' id='word_1_348' title='bbox 1257 3863 1320 3902; x_wconf 88' lang='lat' dir='ltr'><strong>eo</strong></span> <span class='ocrx_word' id='word_1_349' title='bbox 1347 3849 1542 3916; x_wconf 87' lang='lat' dir='ltr'><strong>quippe</strong></span> <span class='ocrx_word' id='word_1_350' title='bbox 1565 3847 1704 3901; x_wconf 83' lang='lat' dir='ltr'><strong>Beda</strong></span> <span class='ocrx_word' id='word_1_351' title='bbox 1739 3863 1842 3900; x_wconf 92' lang='lat' dir='ltr'><strong>non</strong></span> <span class='ocrx_word' id='word_1_352' title='bbox 1863 3849 2090 3902; x_wconf 87' lang='lat' dir='ltr'><strong>aliorum</strong></span> 
     </span>
    </p>
   </div>
   <div class='ocr_carea' id='block_1_54' title="bbox 529 3919 2094 3987">
    <p class='ocr_par' dir='ltr' id='par_1_54' title="bbox 529 3919 2094 3987">
     <span class='ocr_line' id='line_1_54' title="bbox 529 3919 2094 3987; baseline 0.003 -20"><span class='ocrx_word' id='word_1_353' title='bbox 529 3920 772 3971; x_wconf 84' lang='lat' dir='ltr'><strong>meminit</strong></span> <span class='ocrx_word' id='word_1_354' title='bbox 797 3921 1025 3985; x_wconf 86' lang='lat' dir='ltr'><strong>Operum</strong></span> <span class='ocrx_word' id='word_1_355' title='bbox 1057 3934 1214 3987; x_wconf 88' lang='lat' dir='ltr'><strong>quam</strong></span> <span class='ocrx_word' id='word_1_356' title='bbox 1259 3933 1375 3987; x_wconf 64' lang='lat' dir='ltr'><strong>quae</strong></span> <span class='ocrx_word' id='word_1_357' title='bbox 1405 3927 1526 3971; x_wconf 86' lang='lat' dir='ltr'><strong>aute</strong></span> <span class='ocrx_word' id='word_1_358' title='bbox 1555 3933 1748 3970; x_wconf 88' lang='lat' dir='ltr'><strong>annum</strong></span> <span class='ocrx_word' id='word_1_359' title='bbox 1784 3919 1955 3972; x_wconf 76' lang='lat' dir='ltr'><strong>aetatis</strong></span> <span class='ocrx_word' id='word_1_360' title='bbox 1984 3933 2094 3971; x_wconf 74' lang='lat' dir='ltr'><strong>sua:</strong></span> 
     </span>
    </p>
   </div>
   <div class='ocr_carea' id='block_1_55' title="bbox 523 3987 2096 4058">
    <p class='ocr_par' dir='ltr' id='par_1_55' title="bbox 523 3987 2096 4058">
     <span class='ocr_line' id='line_1_55' title="bbox 523 3987 2096 4058; baseline 0.002 -19"><span class='ocrx_word' id='word_1_361' title='bbox 523 3989 1023 4058; x_wconf 81' lang='lat' dir='ltr'><strong>quinquagesimum</strong></span> <span class='ocrx_word' id='word_1_362' title='bbox 1055 4003 1251 4042; x_wconf 88' lang='lat' dir='ltr'><strong>nouum</strong></span> <span class='ocrx_word' id='word_1_363' title='bbox 1281 3988 1556 4042; x_wconf 87' lang='lat' dir='ltr'><strong>edidisset.</strong></span> <span class='ocrx_word' id='word_1_364' title='bbox 1598 3987 1814 4041; x_wconf 89' lang='lat' dir='ltr'><strong>Certum</strong></span> <span class='ocrx_word' id='word_1_365' title='bbox 1854 4002 1984 4042; x_wconf 83' lang='lat' dir='ltr'><strong>vero</strong></span> <span class='ocrx_word' id='word_1_366' title='bbox 2012 3997 2096 4042; x_wconf 87' lang='lat' dir='ltr'><strong>est</strong></span> 
     </span>
    </p>
   </div>
   <div class='ocr_carea' id='block_1_56' title="bbox 523 4058 2096 4128">
    <p class='ocr_par' dir='ltr' id='par_1_56' title="bbox 523 4058 2096 4128">
     <span class='ocr_line' id='line_1_56' title="bbox 523 4058 2096 4128; baseline 0.003 -20"><span class='ocrx_word' id='word_1_367' title='bbox 523 4060 754 4128; x_wconf 74' lang='lat' dir='ltr'><strong>aliquem</strong></span> <span class='ocrx_word' id='word_1_368' title='bbox 778 4075 894 4126; x_wconf 67' lang='lat' dir='ltr'><strong>qua:</strong></span> <span class='ocrx_word' id='word_1_369' title='bbox 925 4070 1106 4128; x_wconf 72' lang='lat' dir='ltr'><strong>posma</strong></span> <span class='ocrx_word' id='word_1_370' title='bbox 1139 4060 1336 4126; x_wconf 89' lang='lat' dir='ltr'><strong>scripta</strong></span> <span class='ocrx_word' id='word_1_371' title='bbox 1367 4067 1492 4110; x_wconf 91' lang='lat' dir='ltr'><strong>sunt</strong></span> <span class='ocrx_word' id='word_1_372' title='bbox 1512 4058 1883 4125; x_wconf 86' lang='lat' dir='ltr'><strong>supplevisse:</strong></span> <span class='ocrx_word' id='word_1_373' title='bbox 1929 4073 2096 4126; x_wconf 85' lang='lat' dir='ltr'><strong>quare</strong></span> 
     </span>
    </p>
   </div>
   <div class='ocr_carea' id='block_1_57' title="bbox 523 4127 2091 4198">
    <p class='ocr_par' dir='ltr' id='par_1_57' title="bbox 523 4127 2091 4198">
     <span class='ocr_line' id='line_1_57' title="bbox 523 4127 2091 4198; baseline 0.003 -19"><span class='ocrx_word' id='word_1_374' title='bbox 523 4127 663 4180; x_wconf 82' lang='lat' dir='ltr'><strong>Beda</strong></span> <span class='ocrx_word' id='word_1_375' title='bbox 708 4143 879 4198; x_wconf 90' lang='lat' dir='ltr'><strong>neque</strong></span> <span class='ocrx_word' id='word_1_376' title='bbox 909 4131 1160 4182; x_wconf 79' lang='lat' dir='ltr'><strong>mentitus</strong></span> <span class='ocrx_word' id='word_1_377' title='bbox 1186 4128 1288 4183; x_wconf 90' lang='lat' dir='ltr'><strong>dici</strong></span> <span class='ocrx_word' id='word_1_378' title='bbox 1332 4136 1525 4195; x_wconf 86' lang='lat' dir='ltr'><strong>potest,</strong></span> <span class='ocrx_word' id='word_1_379' title='bbox 1582 4141 1754 4195; x_wconf 88' lang='lat' dir='ltr'><strong>neque</strong></span> <span class='ocrx_word' id='word_1_380' title='bbox 1783 4127 2091 4197; x_wconf 86' lang='lat' dir='ltr'><strong>plagiarius,</strong></span> 
     </span>
    </p>
   </div>
   <div class='ocr_carea' id='block_1_58' title="bbox 522 4198 2094 4254">
    <p class='ocr_par' dir='ltr' id='par_1_58' title="bbox 522 4198 2094 4254">
     <span class='ocr_line' id='line_1_58' title="bbox 522 4198 2094 4254; baseline 0.001 -4"><span class='ocrx_word' id='word_1_381' title='bbox 522 4199 621 4251; x_wconf 84' lang='lat' dir='ltr'><strong>etsi</strong></span> <span class='ocrx_word' id='word_1_382' title='bbox 651 4211 839 4253; x_wconf 89' lang='lat' dir='ltr'><strong>auctor</strong></span> <span class='ocrx_word' id='word_1_383' title='bbox 868 4199 1331 4254; x_wconf 82' lang='lat' dir='ltr'><strong>Colleetaneorum</strong></span> <span class='ocrx_word' id='word_1_384' title='bbox 1375 4212 1480 4250; x_wconf 92' lang='lat' dir='ltr'><strong>non</strong></span> <span class='ocrx_word' id='word_1_385' title='bbox 1509 4198 1600 4251; x_wconf 87' lang='lat' dir='ltr'><strong>sit.</strong></span> <span class='ocrx_word' id='word_1_386' title='bbox 1643 4198 1760 4251; x_wconf 85' lang='lat' dir='ltr'><strong>Jam</strong></span> <span class='ocrx_word' id='word_1_387' title='bbox 1802 4213 1931 4252; x_wconf 89' lang='lat' dir='ltr'><strong>vero</strong></span> <span class='ocrx_word' id='word_1_388' title='bbox 1959 4199 2094 4252; x_wconf 87' lang='lat' dir='ltr'><strong>duos</strong></span> 
     </span>
    </p>
   </div>
   <div class='ocr_carea' id='block_1_59' title="bbox 523 4267 2095 4340">
    <p class='ocr_par' dir='ltr' id='par_1_59' title="bbox 523 4267 2095 4340">
     <span class='ocr_line' id='line_1_59' title="bbox 523 4267 2095 4340; baseline 0.001 -19"><span class='ocrx_word' id='word_1_389' title='bbox 523 4268 710 4340; x_wconf 82' lang='lat' dir='ltr'><strong>eodem</strong></span> <span class='ocrx_word' id='word_1_390' title='bbox 739 4269 917 4340; x_wconf 89' lang='lat' dir='ltr'><strong>studio</strong></span> <span class='ocrx_word' id='word_1_391' title='bbox 951 4272 1248 4340; x_wconf 87' lang='lat' dir='ltr'><strong>eodemque</strong></span> <span class='ocrx_word' id='word_1_392' title='bbox 1293 4267 1452 4340; x_wconf 86' lang='lat' dir='ltr'><strong>modo</strong></span> <span class='ocrx_word' id='word_1_393' title='bbox 1475 4277 1721 4340; x_wconf 80' lang='lat' dir='ltr'><strong>versatos</strong></span> <span class='ocrx_word' id='word_1_394' title='bbox 1749 4281 1867 4321; x_wconf 91' lang='lat' dir='ltr'><strong>esse</strong></span> <span class='ocrx_word' id='word_1_395' title='bbox 1889 4269 1941 4321; x_wconf 93' lang='lat' dir='ltr'><strong>in</strong></span> <span class='ocrx_word' id='word_1_396' title='bbox 1972 4267 2095 4322; x_wconf 91' lang='lat' dir='ltr'><strong>Col-</strong></span> 
     </span>
    </p>
   </div>
   <div class='ocr_carea' id='block_1_60' title="bbox 524 4337 2094 4407">
    <p class='ocr_par' dir='ltr' id='par_1_60' title="bbox 524 4337 2094 4407">
     <span class='ocr_line' id='line_1_60' title="bbox 524 4337 2094 4407; baseline 0.003 -17"><span class='ocrx_word' id='word_1_397' title='bbox 524 4337 781 4392; x_wconf 82' lang='lat' dir='ltr'><strong>lectaneis</strong></span> <span class='ocrx_word' id='word_1_398' title='bbox 823 4339 1066 4407; x_wconf 88' lang='lat' dir='ltr'><strong>ejusdem</strong></span> <span class='ocrx_word' id='word_1_399' title='bbox 1093 4337 1236 4394; x_wconf 82' lang='lat' dir='ltr'><strong>modi</strong></span> <span class='ocrx_word' id='word_1_400' title='bbox 1265 4338 1627 4402; x_wconf 88' lang='lat' dir='ltr'><strong>elaborandis,</strong></span> <span class='ocrx_word' id='word_1_401' title='bbox 1656 4339 1830 4391; x_wconf 87' lang='lat' dir='ltr'><strong>minus</strong></span> <span class='ocrx_word' id='word_1_402' title='bbox 1857 4340 2094 4407; x_wconf 81' lang='lat' dir='ltr'><strong>profecto</strong></span> 
     </span>
    </p>
   </div>
   <div class='ocr_carea' id='block_1_61' title="bbox 527 4408 2088 4478">
    <p class='ocr_par' dir='ltr' id='par_1_61' title="bbox 527 4408 2088 4478">
     <span class='ocr_line' id='line_1_61' title="bbox 527 4408 2088 4478; baseline 0.004 -20"><span class='ocrx_word' id='word_1_403' title='bbox 527 4408 784 4461; x_wconf 83' lang='lat' dir='ltr'><strong>credibile</strong></span> <span class='ocrx_word' id='word_1_404' title='bbox 814 4411 1091 4476; x_wconf 48' lang='lat' dir='ltr'><strong>apparebit</strong></span> <span class='ocrx_word' id='word_1_405' title='bbox 1115 4409 1346 4464; x_wconf 84' lang='lat' dir='ltr'><strong>audienti</strong></span> <span class='ocrx_word' id='word_1_406' title='bbox 1372 4410 1676 4463; x_wconf 76' lang='lat' dir='ltr'><strong>Cassiodori</strong></span> <span class='ocrx_word' id='word_1_407' title='bbox 1706 4409 2088 4478; x_wconf 83' lang='lat' dir='ltr'><strong>testimonium,</strong></span> 
     </span>
    </p>
   </div>
   <div class='ocr_carea' id='block_1_62' title="bbox 524 4479 2091 4548">
    <p class='ocr_par' dir='ltr' id='par_1_62' title="bbox 524 4479 2091 4548">
     <span class='ocr_line' id='line_1_62' title="bbox 524 4479 2091 4548; baseline 0.005 -21"><span class='ocrx_word' id='word_1_408' title='bbox 524 4490 681 4548; x_wconf 75' lang='lat' dir='ltr'><strong>quam</strong></span> <span class='ocrx_word' id='word_1_409' title='bbox 710 4480 857 4548; x_wconf 11' lang='lat' dir='ltr'><strong>quod,</strong></span> <span class='ocrx_word' id='word_1_410' title='bbox 885 4480 1020 4532; x_wconf 82' lang='lat' dir='ltr'><strong>l’etri</strong></span> <span class='ocrx_word' id='word_1_411' title='bbox 1058 4480 1202 4548; x_wconf 84' lang='lat' dir='ltr'><strong>Opus</strong></span> <span class='ocrx_word' id='word_1_412' title='bbox 1249 4491 1519 4547; x_wconf 89' lang='lat' dir='ltr'><strong>repertum</strong></span> <span class='ocrx_word' id='word_1_413' title='bbox 1565 4479 1708 4533; x_wconf 80' lang='lat' dir='ltr'><strong>forte</strong></span> <span class='ocrx_word' id='word_1_414' title='bbox 1755 4480 1896 4532; x_wconf 89' lang='lat' dir='ltr'><strong>inter</strong></span> <span class='ocrx_word' id='word_1_415' title='bbox 1933 4480 2091 4535; x_wconf 68' lang='lat' dir='ltr'><strong>Beda:</strong></span> 
     </span>
    </p>
   </div>
   <div class='ocr_carea' id='block_1_63' title="bbox 523 4543 3624 4628">
    <p class='ocr_par' dir='ltr' id='par_1_63' title="bbox 523 4543 3624 4628">
     <span class='ocr_line' id='line_1_63' title="bbox 523 4543 3624 4628; baseline 0.002 -33"><span class='ocrx_word' id='word_1_416' title='bbox 523 4543 692 4628; x_wconf 71' lang='lat' dir='ltr'><strong>libros</strong></span> <span class='ocrx_word' id='word_1_417' title='bbox 729 4543 976 4615; x_wconf 78' lang='lat' dir='ltr'><strong>discipuli</strong></span> <span class='ocrx_word' id='word_1_418' title='bbox 1014 4543 1295 4602; x_wconf 75' lang='lat' dir='ltr'><strong>tribuerint</strong></span> <span class='ocrx_word' id='word_1_419' title='bbox 1315 4543 1594 4628; x_wconf 64' lang='lat' dir='ltr'><strong>magistro,</strong></span> <span class='ocrx_word' id='word_1_420' title='bbox 1630 4557 1688 4603; x_wconf 88' lang='lat' dir='ltr'><strong>ut</strong></span> <span class='ocrx_word' id='word_1_421' title='bbox 1725 4555 1887 4628; x_wconf 73' lang='lat' dir='ltr'><strong>totam</strong></span> <span class='ocrx_word' id='word_1_422' title='bbox 1920 4549 2088 4618; x_wconf 84' lang='lat' dir='ltr'><strong>ipsam</strong></span> <span class='ocrx_word' id='word_1_423' title='bbox 2115 4567 2170 4628; x_wconf 81' lang='lat' dir='ltr'><strong>D</strong></span> <span class='ocrx_word' id='word_1_424' title='bbox 2196 4552 2372 4628; x_wconf 78' lang='lat' dir='ltr'><strong>Gestis</strong></span> <span class='ocrx_word' id='word_1_425' title='bbox 2418 4543 2720 4628; x_wconf 52' lang='lat' dir='ltr'><strong>Palaestinis</strong></span> <span class='ocrx_word' id='word_1_426' title='bbox 2765 4543 2919 4628; x_wconf 74' lang='lat' dir='ltr'><strong>(Cap.</strong></span> <span class='ocrx_word' id='word_1_427' title='bbox 2943 4549 3032 4628; x_wconf 52' lang='lat' dir='ltr'><strong>b2)</strong></span> <span class='ocrx_word' id='word_1_428' title='bbox 3083 4543 3565 4628; x_wconf 39' lang='lat' dir='ltr'><strong>spntlhafc‘verba</strong></span> <span class='ocrx_word' id='word_1_429' title='bbox 3609 4564 3624 4600; x_wconf 91' lang='lat'><strong>:</strong></span> 
     </span>
    </p>
   </div>
   <div class='ocr_carea' id='block_1_64' title="bbox 522 4616 2085 4688">
    <p class='ocr_par' dir='ltr' id='par_1_64' title="bbox 522 4616 2085 4688">
     <span class='ocr_line' id='line_1_64' title="bbox 522 4616 2085 4688; baseline 0.006 -21"><span class='ocrx_word' id='word_1_430' title='bbox 522 4616 852 4688; x_wconf 64' lang='lat' dir='ltr'><strong>Scripturan</strong></span> <span class='ocrx_word' id='word_1_431' title='bbox 879 4632 1084 4670; x_wconf 81' lang='lat' dir='ltr'><strong>sacram</strong></span> <span class='ocrx_word' id='word_1_432' title='bbox 1111 4616 1427 4686; x_wconf 76' lang='lat' dir='ltr'><strong>exposuisse</strong></span> <span class='ocrx_word' id='word_1_433' title='bbox 1442 4620 1724 4686; x_wconf 87' lang='lat' dir='ltr'><strong>jactarent.</strong></span> <span class='ocrx_word' id='word_1_434' title='bbox 1757 4616 2085 4688; x_wconf 84' lang='lat' dir='ltr'><strong>Quamquam</strong></span> 
     </span>
    </p>
   </div>
   <div class='ocr_carea' id='block_1_65' title="bbox 525 4686 2090 4757">
    <p class='ocr_par' dir='ltr' id='par_1_65' title="bbox 525 4686 2090 4757">
     <span class='ocr_line' id='line_1_65' title="bbox 525 4686 2090 4757; baseline 0.005 -19"><span class='ocrx_word' id='word_1_435' title='bbox 525 4686 611 4738; x_wconf 82' lang='lat' dir='ltr'><strong>vix</strong></span> <span class='ocrx_word' id='word_1_436' title='bbox 641 4687 878 4757; x_wconf 81' lang='lat' dir='ltr'><strong>intel;igo</strong></span> <span class='ocrx_word' id='word_1_437' title='bbox 904 4690 1173 4757; x_wconf 89' lang='lat' dir='ltr'><strong>quomodo</strong></span> <span class='ocrx_word' id='word_1_438' title='bbox 1209 4688 1560 4742; x_wconf 80' lang='lat' dir='ltr'><strong>Bellarminus</strong></span> <span class='ocrx_word' id='word_1_439' title='bbox 1599 4704 1662 4744; x_wconf 82' lang='lat' dir='ltr'><strong>ex</strong></span> <span class='ocrx_word' id='word_1_440' title='bbox 1694 4686 1956 4752; x_wconf 73' lang='lat' dir='ltr'><strong>ludiculo.</strong></span> <span class='ocrx_word' id='word_1_441' title='bbox 1980 4692 2090 4746; x_wconf 89' lang='lat' dir='ltr'><strong>An-</strong></span> 
     </span>
    </p>
   </div>
   <div class='ocr_carea' id='block_1_66' title="bbox 527 4758 2087 4828">
    <p class='ocr_par' dir='ltr' id='par_1_66' title="bbox 527 4758 2087 4828">
     <span class='ocr_line' id='line_1_66' title="bbox 527 4758 2087 4828; baseline 0.005 -19"><span class='ocrx_word' id='word_1_442' title='bbox 527 4758 738 4813; x_wconf 89' lang='lat' dir='ltr'><strong>nalibus</strong></span> <span class='ocrx_word' id='word_1_443' title='bbox 758 4759 1134 4813; x_wconf 89' lang='lat' dir='ltr'><strong>ecclesiasticis</strong></span> <span class='ocrx_word' id='word_1_444' title='bbox 1163 4759 1384 4823; x_wconf 86' lang='lat' dir='ltr'><strong>inserto,</strong></span> <span class='ocrx_word' id='word_1_445' title='bbox 1413 4760 1686 4828; x_wconf 83' lang='lat' dir='ltr'><strong>collegerit</strong></span> <span class='ocrx_word' id='word_1_446' title='bbox 1710 4770 1874 4814; x_wconf 82' lang='lat' dir='ltr'><strong>tutam</strong></span> <span class='ocrx_word' id='word_1_447' title='bbox 1896 4775 1922 4811; x_wconf 89' lang='lat' dir='ltr'><strong>a</strong></span> <span class='ocrx_word' id='word_1_448' title='bbox 1947 4761 2087 4817; x_wconf 79' lang='lat' dir='ltr'><strong>Beda</strong></span> 
     </span>
    </p>
   </div>
   <div class='ocr_carea' id='block_1_67' title="bbox 523 4828 2085 4898">
    <p class='ocr_par' dir='ltr' id='par_1_67' title="bbox 523 4828 2085 4898">
     <span class='ocr_line' id='line_1_67' title="bbox 523 4828 2085 4898; baseline 0.004 -20"><span class='ocrx_word' id='word_1_449' title='bbox 523 4830 818 4890; x_wconf 65' lang='lat' dir='ltr'><strong>exiiositam</strong></span> <span class='ocrx_word' id='word_1_450' title='bbox 843 4843 962 4883; x_wconf 89' lang='lat' dir='ltr'><strong>esse</strong></span> <span class='ocrx_word' id='word_1_451' title='bbox 983 4828 1332 4898; x_wconf 89' lang='lat' dir='ltr'><strong>Scripturam,</strong></span> <span class='ocrx_word' id='word_1_452' title='bbox 1354 4831 1780 4898; x_wconf 85' lang='lat' dir='ltr'><strong>quandoquidem</strong></span> <span class='ocrx_word' id='word_1_453' title='bbox 1814 4831 1864 4883; x_wconf 91' lang='lat' dir='ltr'><strong>in</strong></span> <span class='ocrx_word' id='word_1_454' title='bbox 1891 4845 1955 4884; x_wconf 91' lang='lat' dir='ltr'><strong>eo</strong></span> <span class='ocrx_word' id='word_1_455' title='bbox 1983 4848 2085 4886; x_wconf 91' lang='lat' dir='ltr'><strong>non</strong></span> 
     </span>
    </p>
   </div>
   <div class='ocr_carea' id='block_1_68' title="bbox 525 4898 2089 4967">
    <p class='ocr_par' dir='ltr' id='par_1_68' title="bbox 525 4898 2089 4967">
     <span class='ocr_line' id='line_1_68' title="bbox 525 4898 2089 4967; baseline 0.005 -19"><span class='ocrx_word' id='word_1_456' title='bbox 525 4898 582 4949; x_wconf 88' lang='lat' dir='ltr'><strong>lit</strong></span> <span class='ocrx_word' id='word_1_457' title='bbox 599 4899 796 4952; x_wconf 89' lang='lat' dir='ltr'><strong>mentio</strong></span> <span class='ocrx_word' id='word_1_458' title='bbox 815 4899 1377 4967; x_wconf 82' lang='lat' dir='ltr'><strong>expositionis,siveiu</strong></span> <span class='ocrx_word' id='word_1_459' title='bbox 1396 4900 1720 4965; x_wconf 72' lang='lat' dir='ltr'><strong>Matthmum,</strong></span> <span class='ocrx_word' id='word_1_460' title='bbox 1735 4902 1846 4953; x_wconf 79' lang='lat' dir='ltr'><strong>sive</strong></span> <span class='ocrx_word' id='word_1_461' title='bbox 1873 4902 1920 4952; x_wconf 91' lang='lat' dir='ltr'><strong>in</strong></span> <span class='ocrx_word' id='word_1_462' title='bbox 1935 4901 2089 4956; x_wconf 67' lang='lat' dir='ltr'><strong>Joan-</strong></span> 
     </span>
    </p>
   </div>
   <div class='ocr_carea' id='block_1_69' title="bbox 524 4968 2086 5038">
    <p class='ocr_par' dir='ltr' id='par_1_69' title="bbox 524 4968 2086 5038">
     <span class='ocr_line' id='line_1_69' title="bbox 524 4968 2086 5038; baseline 0.004 -18"><span class='ocrx_word' id='word_1_463' title='bbox 524 4982 676 5033; x_wconf 85' lang='lat' dir='ltr'><strong>nem;</strong></span> <span class='ocrx_word' id='word_1_464' title='bbox 706 4984 823 5036; x_wconf 78' lang='lat' dir='ltr'><strong>quzn</strong></span> <span class='ocrx_word' id='word_1_465' title='bbox 841 4982 1011 5022; x_wconf 83' lang='lat' dir='ltr'><strong>tamen</strong></span> <span class='ocrx_word' id='word_1_466' title='bbox 1028 4980 1267 5038; x_wconf 89' lang='lat' dir='ltr'><strong>utraque,</strong></span> <span class='ocrx_word' id='word_1_467' title='bbox 1285 4984 1402 5022; x_wconf 91' lang='lat' dir='ltr'><strong>cum</strong></span> <span class='ocrx_word' id='word_1_468' title='bbox 1419 4968 1468 5022; x_wconf 91' lang='lat' dir='ltr'><strong>in</strong></span> <span class='ocrx_word' id='word_1_469' title='bbox 1484 4969 1638 5022; x_wconf 87' lang='lat' dir='ltr'><strong>editis</strong></span> <span class='ocrx_word' id='word_1_470' title='bbox 1650 4971 1806 5024; x_wconf 76' lang='lat' dir='ltr'><strong>Bede</strong></span> <span class='ocrx_word' id='word_1_471' title='bbox 1826 4969 2086 5038; x_wconf 87' lang='lat' dir='ltr'><strong>Operibus</strong></span> 
     </span>
    </p>
   </div>
   <div class='ocr_carea' id='block_1_70' title="bbox 528 5039 2078 5105">
    <p class='ocr_par' dir='ltr' id='par_1_70' title="bbox 528 5039 2078 5105">
     <span class='ocr_line' id='line_1_70' title="bbox 528 5039 2078 5105; baseline 0.005 -17"><span class='ocrx_word' id='word_1_472' title='bbox 528 5041 849 5105; x_wconf 81' lang='lat' dir='ltr'><strong>reperiatur,</strong></span> <span class='ocrx_word' id='word_1_473' title='bbox 874 5056 902 5092; x_wconf 94' lang='lat' dir='ltr'><strong>a</strong></span> <span class='ocrx_word' id='word_1_474' title='bbox 933 5040 1319 5093; x_wconf 73' lang='lat' dir='ltr'><strong>recentioribus</strong></span> <span class='ocrx_word' id='word_1_475' title='bbox 1368 5039 1668 5092; x_wconf 84' lang='lat' dir='ltr'><strong>hominibus</strong></span> <span class='ocrx_word' id='word_1_476' title='bbox 1714 5041 1890 5093; x_wconf 87' lang='lat' dir='ltr'><strong>addita</strong></span> <span class='ocrx_word' id='word_1_477' title='bbox 1914 5041 2078 5096; x_wconf 82' lang='lat' dir='ltr'><strong>videri</strong></span> 
     </span>
    </p>
   </div>
   <div class='ocr_carea' id='block_1_71' title="bbox 524 5109 2080 5177">
    <p class='ocr_par' dir='ltr' id='par_1_71' title="bbox 524 5109 2080 5177">
     <span class='ocr_line' id='line_1_71' title="bbox 524 5109 2080 5177; baseline 0.007 -23"><span class='ocrx_word' id='word_1_478' title='bbox 524 5117 718 5177; x_wconf 68' lang='lat' dir='ltr'><strong>pola&#39;Sl.</strong></span> <span class='ocrx_word' id='word_1_479' title='bbox 766 5109 830 5161; x_wconf 88' lang='lat' dir='ltr'><strong>Et</strong></span> <span class='ocrx_word' id='word_1_480' title='bbox 863 5125 987 5162; x_wconf 89' lang='lat' dir='ltr'><strong>vero</strong></span> <span class='ocrx_word' id='word_1_481' title='bbox 1015 5110 1212 5162; x_wconf 90' lang='lat' dir='ltr'><strong>nullum</strong></span> <span class='ocrx_word' id='word_1_482' title='bbox 1258 5109 1394 5162; x_wconf 81' lang='lat' dir='ltr'><strong>forte</strong></span> <span class='ocrx_word' id='word_1_483' title='bbox 1419 5119 1499 5162; x_wconf 89' lang='lat' dir='ltr'><strong>est</strong></span> <span class='ocrx_word' id='word_1_484' title='bbox 1532 5109 1796 5163; x_wconf 80' lang='lat' dir='ltr'><strong>difﬁcilius</strong></span> <span class='ocrx_word' id='word_1_485' title='bbox 1824 5110 2080 5177; x_wconf 87' lang='lat' dir='ltr'><strong>judicium</strong></span> 
     </span>
    </p>
   </div>
   <div class='ocr_carea' id='block_1_72' title="bbox 523 5174 2078 5247">
    <p class='ocr_par' dir='ltr' id='par_1_72' title="bbox 523 5174 2078 5247">
     <span class='ocr_line' id='line_1_72' title="bbox 523 5174 2078 5247; baseline 0.005 -21"><span class='ocrx_word' id='word_1_486' title='bbox 523 5174 590 5247; x_wconf 77' lang='lat' dir='ltr'><strong>de</strong></span> <span class='ocrx_word' id='word_1_487' title='bbox 617 5181 994 5247; x_wconf 90' lang='lat' dir='ltr'><strong>cujuscumque</strong></span> <span class='ocrx_word' id='word_1_488' title='bbox 1011 5180 1241 5233; x_wconf 86' lang='lat' dir='ltr'><strong>auctoris</strong></span> <span class='ocrx_word' id='word_1_489' title='bbox 1262 5179 1548 5245; x_wconf 87' lang='lat' dir='ltr'><strong>Operibus,</strong></span> <span class='ocrx_word' id='word_1_490' title='bbox 1571 5194 1726 5246; x_wconf 87' lang='lat' dir='ltr'><strong>quam</strong></span> <span class='ocrx_word' id='word_1_491' title='bbox 1763 5174 1939 5247; x_wconf 62' lang='lat' dir='ltr'><strong>Beda),</strong></span> <span class='ocrx_word' id='word_1_492' title='bbox 1959 5196 2078 5234; x_wconf 89' lang='lat' dir='ltr'><strong>cum</strong></span> 
     </span>
    </p>
   </div>
   <div class='ocr_carea' id='block_1_73' title="bbox 524 5243 2083 5319">
    <p class='ocr_par' dir='ltr' id='par_1_73' title="bbox 524 5243 2083 5319">
     <span class='ocr_line' id='line_1_73' title="bbox 524 5243 2083 5319; baseline 0.003 -22"><span class='ocrx_word' id='word_1_493' title='bbox 524 5243 702 5311; x_wconf 81' lang='lat' dir='ltr'><strong>plures</strong></span> <span class='ocrx_word' id='word_1_494' title='bbox 728 5249 796 5301; x_wconf 90' lang='lat' dir='ltr'><strong>ob</strong></span> <span class='ocrx_word' id='word_1_495' title='bbox 809 5243 1015 5314; x_wconf 77' lang='lat' dir='ltr'><strong>causas,</strong></span> <span class='ocrx_word' id='word_1_496' title='bbox 1041 5259 1147 5303; x_wconf 90' lang='lat' dir='ltr'><strong>tum</strong></span> <span class='ocrx_word' id='word_1_497' title='bbox 1175 5243 1404 5302; x_wconf 78' lang='lat' dir='ltr'><strong>maxime</strong></span> <span class='ocrx_word' id='word_1_498' title='bbox 1430 5250 1496 5319; x_wconf 88' lang='lat' dir='ltr'><strong>ob</strong></span> <span class='ocrx_word' id='word_1_499' title='bbox 1525 5243 1675 5312; x_wconf 71' lang='lat' dir='ltr'><strong>duas,</strong></span> <span class='ocrx_word' id='word_1_500' title='bbox 1710 5245 1831 5319; x_wconf 86' lang='lat' dir='ltr'><strong>styli</strong></span> <span class='ocrx_word' id='word_1_501' title='bbox 1858 5252 2083 5304; x_wconf 84' lang='lat' dir='ltr'><strong>varieta-</strong></span> 
     </span>
    </p>
   </div>
   <div class='ocr_carea' id='block_1_74' title="bbox 523 5318 2080 5385">
    <p class='ocr_par' dir='ltr' id='par_1_74' title="bbox 523 5318 2080 5385">
     <span class='ocr_line' id='line_1_74' title="bbox 523 5318 2080 5385; baseline 0.004 -18"><span class='ocrx_word' id='word_1_502' title='bbox 523 5325 655 5385; x_wconf 79' lang='lat' dir='ltr'><strong>tem,</strong></span> <span class='ocrx_word' id='word_1_503' title='bbox 687 5325 742 5370; x_wconf 89' lang='lat' dir='ltr'><strong>et</strong></span> <span class='ocrx_word' id='word_1_504' title='bbox 770 5320 978 5382; x_wconf 84' lang='lat' dir='ltr'><strong>genium</strong></span> <span class='ocrx_word' id='word_1_505' title='bbox 1012 5319 1190 5374; x_wconf 73' lang='lat' dir='ltr'><strong>Stcculi</strong></span> <span class='ocrx_word' id='word_1_506' title='bbox 1219 5329 1428 5372; x_wconf 59' lang='lat' dir='ltr'><strong>aetatem</strong></span> <span class='ocrx_word' id='word_1_507' title='bbox 1456 5318 1608 5374; x_wconf 74' lang='lat' dir='ltr'><strong>Beda:</strong></span> <span class='ocrx_word' id='word_1_508' title='bbox 1631 5318 2080 5385; x_wconf 47' lang='lat' dir='ltr'><strong>mox&#39;cousccuti;</strong></span> 
     </span>
    </p>
   </div>
   <div class='ocr_carea' id='block_1_75' title="bbox 530 5382 2083 5458">
    <p class='ocr_par' dir='ltr' id='par_1_75' title="bbox 530 5382 2083 5458">
     <span class='ocr_line' id='line_1_75' title="bbox 530 5382 2083 5458; baseline 0.004 -20"><span class='ocrx_word' id='word_1_509' title='bbox 530 5382 685 5453; x_wconf 80' lang='lat' dir='ltr'><strong>hujus</strong></span> <span class='ocrx_word' id='word_1_510' title='bbox 728 5389 869 5441; x_wconf 88' lang='lat' dir='ltr'><strong>enim</strong></span> <span class='ocrx_word' id='word_1_511' title='bbox 921 5387 1163 5444; x_wconf 83' lang='lat' dir='ltr'><strong>homines</strong></span> <span class='ocrx_word' id='word_1_512' title='bbox 1193 5404 1312 5442; x_wconf 92' lang='lat' dir='ltr'><strong>cum</strong></span> <span class='ocrx_word' id='word_1_513' title='bbox 1347 5404 1510 5458; x_wconf 82' lang='lat' dir='ltr'><strong>pauca</strong></span> <span class='ocrx_word' id='word_1_514' title='bbox 1555 5399 1774 5446; x_wconf 86' lang='lat' dir='ltr'><strong>nossent</strong></span> <span class='ocrx_word' id='word_1_515' title='bbox 1803 5382 2083 5444; x_wconf 82' lang='lat' dir='ltr'><strong>illustrium</strong></span> 
     </span>
    </p>
   </div>
   <div class='ocr_carea' id='block_1_76' title="bbox 523 5459 2088 5526">
    <p class='ocr_par' dir='ltr' id='par_1_76' title="bbox 523 5459 2088 5526">
     <span class='ocr_line' id='line_1_76' title="bbox 523 5459 2088 5526; baseline 0.005 -19"><span class='ocrx_word' id='word_1_516' title='bbox 523 5459 845 5523; x_wconf 87' lang='lat' dir='ltr'><strong>scriptorum</strong></span> <span class='ocrx_word' id='word_1_517' title='bbox 899 5461 1148 5525; x_wconf 88' lang='lat' dir='ltr'><strong>nomina,</strong></span> <span class='ocrx_word' id='word_1_518' title='bbox 1202 5472 1394 5512; x_wconf 87' lang='lat' dir='ltr'><strong>cuncta</strong></span> <span class='ocrx_word' id='word_1_519' title='bbox 1441 5475 1558 5526; x_wconf 65' lang='lat' dir='ltr'><strong>quae</strong></span> <span class='ocrx_word' id='word_1_520' title='bbox 1612 5468 1924 5524; x_wconf 82' lang='lat' dir='ltr'><strong>repererunt</strong></span> <span class='ocrx_word' id='word_1_521' title='bbox 1972 5460 2088 5515; x_wconf 86' lang='lat' dir='ltr'><strong>sine</strong></span> 
     </span>
    </p>
   </div>
   <div class='ocr_carea' id='block_1_77' title="bbox 524 5527 2089 5594">
    <p class='ocr_par' dir='ltr' id='par_1_77' title="bbox 524 5527 2089 5594">
     <span class='ocr_line' id='line_1_77' title="bbox 524 5527 2089 5594; baseline 0.002 -14"><span class='ocrx_word' id='word_1_522' title='bbox 524 5527 811 5582; x_wconf 78' lang='lat' dir='ltr'><strong>manifesto</strong></span> <span class='ocrx_word' id='word_1_523' title='bbox 857 5542 1110 5594; x_wconf 81' lang='lat' dir='ltr'><strong>auctore,</strong></span> <span class='ocrx_word' id='word_1_524' title='bbox 1158 5529 1298 5583; x_wconf 90' lang='lat' dir='ltr'><strong>soliti</strong></span> <span class='ocrx_word' id='word_1_525' title='bbox 1353 5539 1477 5581; x_wconf 90' lang='lat' dir='ltr'><strong>sunt</strong></span> <span class='ocrx_word' id='word_1_526' title='bbox 1521 5528 1787 5582; x_wconf 80' lang='lat' dir='ltr'><strong>nobilibus</strong></span> <span class='ocrx_word' id='word_1_527' title='bbox 1836 5531 1942 5583; x_wconf 91' lang='lat' dir='ltr'><strong>illis</strong></span> <span class='ocrx_word' id='word_1_528' title='bbox 1987 5531 2089 5585; x_wconf 90' lang='lat' dir='ltr'><strong>sibi</strong></span> 
     </span>
    </p>
   </div>
   <div class='ocr_carea' id='block_1_78' title="bbox 526 5599 2090 5668">
    <p class='ocr_par' dir='ltr' id='par_1_78' title="bbox 526 5599 2090 5668">
     <span class='ocr_line' id='line_1_78' title="bbox 526 5599 2090 5668; baseline 0.003 -18"><span class='ocrx_word' id='word_1_529' title='bbox 526 5600 692 5660; x_wconf 83' lang='lat' dir='ltr'><strong>netis,</strong></span> <span class='ocrx_word' id='word_1_530' title='bbox 723 5600 837 5651; x_wconf 87' lang='lat' dir='ltr'><strong>sine</strong></span> <span class='ocrx_word' id='word_1_531' title='bbox 868 5599 1074 5654; x_wconf 87' lang='lat' dir='ltr'><strong>delectu</strong></span> <span class='ocrx_word' id='word_1_532' title='bbox 1104 5611 1158 5654; x_wconf 90' lang='lat' dir='ltr'><strong>et</strong></span> <span class='ocrx_word' id='word_1_533' title='bbox 1187 5600 1303 5653; x_wconf 89' lang='lat' dir='ltr'><strong>sine</strong></span> <span class='ocrx_word' id='word_1_534' title='bbox 1333 5611 1506 5668; x_wconf 88' lang='lat' dir='ltr'><strong>gustu,</strong></span> <span class='ocrx_word' id='word_1_535' title='bbox 1540 5599 1791 5652; x_wconf 84' lang='lat' dir='ltr'><strong>tribuere.</strong></span> <span class='ocrx_word' id='word_1_536' title='bbox 1817 5599 2090 5654; x_wconf 83' lang='lat' dir='ltr'><strong>Assentic-</strong></span> 
     </span>
    </p>
   </div>
   <div class='ocr_carea' id='block_1_79' title="bbox 522 5668 2085 5737">
    <p class='ocr_par' dir='ltr' id='par_1_79' title="bbox 522 5668 2085 5737">
     <span class='ocr_line' id='line_1_79' title="bbox 522 5668 2085 5737; baseline 0.001 -15"><span class='ocrx_word' id='word_1_537' title='bbox 522 5677 608 5722; x_wconf 87' lang='lat' dir='ltr'><strong>tur</strong></span> <span class='ocrx_word' id='word_1_538' title='bbox 634 5668 761 5721; x_wconf 85' lang='lat' dir='ltr'><strong>mihi</strong></span> <span class='ocrx_word' id='word_1_539' title='bbox 795 5671 971 5735; x_wconf 82' lang='lat' dir='ltr'><strong>procul</strong></span> <span class='ocrx_word' id='word_1_540' title='bbox 995 5670 1184 5733; x_wconf 85' lang='lat' dir='ltr'><strong>dubio,</strong></span> <span class='ocrx_word' id='word_1_541' title='bbox 1218 5669 1283 5723; x_wconf 87' lang='lat' dir='ltr'><strong>de</strong></span> <span class='ocrx_word' id='word_1_542' title='bbox 1313 5669 1568 5722; x_wconf 82' lang='lat' dir='ltr'><strong>varietate</strong></span> <span class='ocrx_word' id='word_1_543' title='bbox 1593 5668 1719 5735; x_wconf 84' lang='lat' dir='ltr'><strong>styli</strong></span> <span class='ocrx_word' id='word_1_544' title='bbox 1750 5684 1910 5737; x_wconf 89' lang='lat' dir='ltr'><strong>quam</strong></span> <span class='ocrx_word' id='word_1_545' title='bbox 1953 5671 2085 5736; x_wconf 81' lang='lat' dir='ltr'><strong>dixi,</strong></span> 
     </span>
    </p>
   </div>
   <div class='ocr_carea' id='block_1_80' title="bbox 522 5737 2086 5808">
    <p class='ocr_par' dir='ltr' id='par_1_80' title="bbox 522 5737 2086 5808">
     <span class='ocr_line' id='line_1_80' title="bbox 522 5737 2086 5808; baseline 0.005 -21"><span class='ocrx_word' id='word_1_546' title='bbox 522 5738 762 5808; x_wconf 78' lang='lat' dir='ltr'><strong>quisquis</strong></span> <span class='ocrx_word' id='word_1_547' title='bbox 796 5738 962 5792; x_wconf 85' lang='lat' dir='ltr'><strong>libros</strong></span> <span class='ocrx_word' id='word_1_548' title='bbox 985 5740 1034 5794; x_wconf 87' lang='lat' dir='ltr'><strong>ili</strong></span> <span class='ocrx_word' id='word_1_549' title='bbox 1069 5737 1422 5804; x_wconf 80' lang='lat' dir='ltr'><strong>Cautica,sed</strong></span> <span class='ocrx_word' id='word_1_550' title='bbox 1448 5738 1808 5808; x_wconf 64' lang='lat' dir='ltr'><strong>pratl‘ationeni</strong></span> <span class='ocrx_word' id='word_1_551' title='bbox 1840 5741 2086 5804; x_wconf 76' lang='lat' dir='ltr'><strong>maxime,</strong></span> 
     </span>
    </p>
   </div>
   <div class='ocr_carea' id='block_1_81' title="bbox 522 5807 2086 5877">
    <p class='ocr_par' dir='ltr' id='par_1_81' title="bbox 522 5807 2086 5877">
     <span class='ocr_line' id='line_1_81' title="bbox 522 5807 2086 5877; baseline 0 -12"><span class='ocrx_word' id='word_1_552' title='bbox 522 5811 807 5865; x_wconf 78' lang='lat' dir='ltr'><strong>contulerit</strong></span> <span class='ocrx_word' id='word_1_553' title='bbox 838 5824 959 5865; x_wconf 89' lang='lat' dir='ltr'><strong>cum</strong></span> <span class='ocrx_word' id='word_1_554' title='bbox 993 5809 1142 5866; x_wconf 88' lang='lat' dir='ltr'><strong>libris</strong></span> <span class='ocrx_word' id='word_1_555' title='bbox 1193 5809 1310 5865; x_wconf 79' lang='lat' dir='ltr'><strong>aliis</strong></span> <span class='ocrx_word' id='word_1_556' title='bbox 1360 5809 1446 5876; x_wconf 86' lang='lat' dir='ltr'><strong>qui</strong></span> <span class='ocrx_word' id='word_1_557' title='bbox 1479 5807 1720 5863; x_wconf 77' lang='lat' dir='ltr'><strong>revocari</strong></span> <span class='ocrx_word' id='word_1_558' title='bbox 1766 5823 1986 5877; x_wconf 76' lang='lat' dir='ltr'><strong>possunt</strong></span> <span class='ocrx_word' id='word_1_559' title='bbox 2036 5811 2086 5865; x_wconf 91' lang='lat' dir='ltr'><strong>iu</strong></span> 
     </span>
    </p>
   </div>
   <div class='ocr_carea' id='block_1_82' title="bbox 2195 555 3774 632">
    <p class='ocr_par' dir='ltr' id='par_1_82' title="bbox 2195 555 3774 632">
     <span class='ocr_line' id='line_1_82' title="bbox 2195 555 3774 632; baseline 0.006 -25"><span class='ocrx_word' id='word_1_560' title='bbox 2195 555 2350 632; x_wconf 77' lang='lat' dir='ltr'><strong>verit,</strong></span> <span class='ocrx_word' id='word_1_561' title='bbox 2376 557 2457 609; x_wconf 92' lang='lat' dir='ltr'><strong>sin</strong></span> <span class='ocrx_word' id='word_1_562' title='bbox 2491 557 2881 632; x_wconf 73' lang='lat' dir='ltr'><strong>ininusipsum</strong></span> <span class='ocrx_word' id='word_1_563' title='bbox 2901 558 3026 611; x_wconf 88' lang='lat' dir='ltr'><strong>velit</strong></span> <span class='ocrx_word' id='word_1_564' title='bbox 3050 559 3118 613; x_wconf 90' lang='lat' dir='ltr'><strong>de</strong></span> <span class='ocrx_word' id='word_1_565' title='bbox 3148 559 3407 632; x_wconf 80' lang='lat' dir='ltr'><strong>industria</strong></span> <span class='ocrx_word' id='word_1_566' title='bbox 3434 555 3632 632; x_wconf 69' lang='lat' dir='ltr'><strong>stylum</strong></span> <span class='ocrx_word' id='word_1_567' title='bbox 3660 564 3774 617; x_wconf 85' lang='lat' dir='ltr'><strong>dis-</strong></span> 
     </span>
    </p>
   </div>
   <div class='ocr_carea' id='block_1_83' title="bbox 2193 625 3773 696">
    <p class='ocr_par' dir='ltr' id='par_1_83' title="bbox 2193 625 3773 696">
     <span class='ocr_line' id='line_1_83' title="bbox 2193 625 3773 696; baseline 0.008 -20"><span class='ocrx_word' id='word_1_568' title='bbox 2193 625 2498 696; x_wconf 79' lang='lat' dir='ltr'><strong>simulasse,</strong></span> <span class='ocrx_word' id='word_1_569' title='bbox 2531 642 2634 692; x_wconf 91' lang='lat' dir='ltr'><strong>quo</strong></span> <span class='ocrx_word' id='word_1_570' title='bbox 2676 625 2968 681; x_wconf 82' lang='lat' dir='ltr'><strong>lectoribus</strong></span> <span class='ocrx_word' id='word_1_571' title='bbox 3001 629 3269 696; x_wconf 78' lang='lat' dir='ltr'><strong>negotium</strong></span> <span class='ocrx_word' id='word_1_572' title='bbox 3318 625 3594 686; x_wconf 78' lang='lat' dir='ltr'><strong>illudeiido</strong></span> <span class='ocrx_word' id='word_1_573' title='bbox 3624 632 3773 688; x_wconf 83' lang='lat' dir='ltr'><strong>lace-</strong></span> 
     </span>
    </p>
   </div>
   <div class='ocr_carea' id='block_1_84' title="bbox 2196 695 3774 769">
    <p class='ocr_par' dir='ltr' id='par_1_84' title="bbox 2196 695 3774 769">
     <span class='ocr_line' id='line_1_84' title="bbox 2196 695 3774 769; baseline 0.007 -23"><span class='ocrx_word' id='word_1_574' title='bbox 2196 702 2293 747; x_wconf 91' lang='lat' dir='ltr'><strong>ret.</strong></span> <span class='ocrx_word' id='word_1_575' title='bbox 2323 695 2475 769; x_wconf 84' lang='lat' dir='ltr'><strong>_t\_dde</strong></span> <span class='ocrx_word' id='word_1_576' title='bbox 2516 697 2655 769; x_wconf 88' lang='lat' dir='ltr'><strong>quod</strong></span> <span class='ocrx_word' id='word_1_577' title='bbox 2684 695 3146 769; x_wconf 63' lang='lat' dir='ltr'><strong>Collectaneorum</strong></span> <span class='ocrx_word' id='word_1_578' title='bbox 3195 707 3468 754; x_wconf 90' lang='lat' dir='ltr'><strong>auctorem</strong></span> <span class='ocrx_word' id='word_1_579' title='bbox 3516 713 3774 769; x_wconf 88' lang='lat' dir='ltr'><strong>oportet,</strong></span> 
     </span>
    </p>
   </div>
   <div class='ocr_carea' id='block_1_85' title="bbox 2194 764 3779 838">
    <p class='ocr_par' dir='ltr' id='par_1_85' title="bbox 2194 764 3779 838">
     <span class='ocr_line' id='line_1_85' title="bbox 2194 764 3779 838; baseline 0.008 -24"><span class='ocrx_word' id='word_1_580' title='bbox 2194 764 2336 838; x_wconf 76' lang='lat' dir='ltr'><strong>quod</strong></span> <span class='ocrx_word' id='word_1_581' title='bbox 2357 766 2517 838; x_wconf 82' lang='lat' dir='ltr'><strong>labor</strong></span> <span class='ocrx_word' id='word_1_582' title='bbox 2546 768 2660 838; x_wconf 90' lang='lat' dir='ltr'><strong>ipse</strong></span> <span class='ocrx_word' id='word_1_583' title='bbox 2684 767 2939 838; x_wconf 90' lang='lat' dir='ltr'><strong>loquitur,</strong></span> <span class='ocrx_word' id='word_1_584' title='bbox 2963 768 3016 820; x_wconf 92' lang='lat' dir='ltr'><strong>in</strong></span> <span class='ocrx_word' id='word_1_585' title='bbox 3045 767 3310 836; x_wconf 87' lang='lat' dir='ltr'><strong>Operibus</strong></span> <span class='ocrx_word' id='word_1_586' title='bbox 3338 764 3620 838; x_wconf 80' lang='lat' dir='ltr'><strong>Augustini</strong></span> <span class='ocrx_word' id='word_1_587' title='bbox 3653 764 3779 828; x_wconf 48' lang='lat' dir='ltr'><strong>ver;-</strong></span> 
     </span>
    </p>
   </div>
   <div class='ocr_carea' id='block_1_86' title="bbox 2195 834 3780 910">
    <p class='ocr_par' dir='ltr' id='par_1_86' title="bbox 2195 834 3780 910">
     <span class='ocr_line' id='line_1_86' title="bbox 2195 834 3780 910; baseline 0.008 -26"><span class='ocrx_word' id='word_1_588' title='bbox 2195 834 2520 910; x_wconf 33' lang='lat' dir='ltr'><strong>sat-issimuni</strong></span> <span class='ocrx_word' id='word_1_589' title='bbox 2564 834 2999 910; x_wconf 30' lang='lat' dir='ltr'><strong>fuisse,’_Bedam</strong></span> <span class='ocrx_word' id='word_1_590' title='bbox 3038 834 3318 910; x_wconf 11' lang='lat' dir='ltr'><strong>vero‘non</strong></span> <span class='ocrx_word' id='word_1_591' title='bbox 3369 834 3685 910; x_wconf 74' lang='lat' dir='ltr'><strong>admodum,</strong></span> <span class='ocrx_word' id='word_1_592' title='bbox 3722 853 3780 898; x_wconf 89' lang='lat' dir='ltr'><strong>ut</strong></span> 
     </span>
    </p>
   </div>
   <div class='ocr_carea' id='block_1_87' title="bbox 2194 904 3769 981">
    <p class='ocr_par' dir='ltr' id='par_1_87' title="bbox 2194 904 3769 981">
     <span class='ocr_line' id='line_1_87' title="bbox 2194 904 3769 981; baseline 0.006 -27"><span class='ocrx_word' id='word_1_593' title='bbox 2194 904 2284 981; x_wconf 80' lang='lat' dir='ltr'><strong>qui</strong></span> <span class='ocrx_word' id='word_1_594' title='bbox 2326 905 2393 957; x_wconf 90' lang='lat' dir='ltr'><strong>de</strong></span> <span class='ocrx_word' id='word_1_595' title='bbox 2420 905 2630 959; x_wconf 77' lang='lat' dir='ltr'><strong>Juliano</strong></span> <span class='ocrx_word' id='word_1_596' title='bbox 2678 906 2976 981; x_wconf 61' lang='lat' dir='ltr'><strong>scripserit</strong></span> <span class='ocrx_word' id='word_1_597' title='bbox 2999 908 3462 981; x_wconf 70' lang='lat' dir='ltr'><strong>qua:_A_ugustino</strong></span> <span class='ocrx_word' id='word_1_598' title='bbox 3493 904 3769 981; x_wconf 78' lang='lat' dir='ltr'><strong>pugnent,</strong></span> 
     </span>
    </p>
   </div>
   <div class='ocr_carea' id='block_1_88' title="bbox 2196 973 3777 1044">
    <p class='ocr_par' dir='ltr' id='par_1_88' title="bbox 2196 973 3777 1044">
     <span class='ocr_line' id='line_1_88' title="bbox 2196 973 3777 1044; baseline 0.009 -20"><span class='ocrx_word' id='word_1_599' title='bbox 2196 973 2337 1026; x_wconf 88' lang='lat' dir='ltr'><strong>hunc</strong></span> <span class='ocrx_word' id='word_1_600' title='bbox 2387 989 2616 1044; x_wconf 87' lang='lat' dir='ltr'><strong>nempe,</strong></span> <span class='ocrx_word' id='word_1_601' title='bbox 2669 985 2721 1028; x_wconf 92' lang='lat' dir='ltr'><strong>et</strong></span> <span class='ocrx_word' id='word_1_602' title='bbox 2787 973 3030 1040; x_wconf 73' lang='lat' dir='ltr'><strong>epistolte</strong></span> <span class='ocrx_word' id='word_1_603' title='bbox 3084 977 3150 1030; x_wconf 81' lang='lat' dir='ltr'><strong>ad</strong></span> <span class='ocrx_word' id='word_1_604' title='bbox 3202 973 3610 1036; x_wconf 54' lang='lat' dir='ltr'><strong>Demetriadem&#39;</strong></span> <span class='ocrx_word' id='word_1_605' title='bbox 3652 973 3777 1038; x_wconf 79' lang='lat' dir='ltr'><strong>esse</strong></span> 
     </span>
    </p>
   </div>
   <div class='ocr_carea' id='block_1_89' title="bbox 2195 1045 3776 1117">
    <p class='ocr_par' dir='ltr' id='par_1_89' title="bbox 2195 1045 3776 1117">
     <span class='ocr_line' id='line_1_89' title="bbox 2195 1045 3776 1117; baseline 0.007 -23"><span class='ocrx_word' id='word_1_606' title='bbox 2195 1052 2488 1117; x_wconf 70' lang='lat' dir='ltr'><strong>auctorem.</strong></span> <span class='ocrx_word' id='word_1_607' title='bbox 2537 1055 2591 1098; x_wconf 90' lang='lat' dir='ltr'><strong>et</strong></span> <span class='ocrx_word' id='word_1_608' title='bbox 2629 1061 2676 1117; x_wconf 10' lang='lat' dir='ltr'><strong>a7</strong></span> <span class='ocrx_word' id='word_1_609' title='bbox 2705 1045 2918 1112; x_wconf 86' lang='lat' dir='ltr'><strong>Pelagio</strong></span> <span class='ocrx_word' id='word_1_610' title='bbox 2963 1047 3245 1114; x_wconf 81' lang='lat' dir='ltr'><strong>puerulum</strong></span> <span class='ocrx_word' id='word_1_611' title='bbox 3293 1052 3610 1117; x_wconf 89' lang='lat' dir='ltr'><strong>enutritum,</strong></span> <span class='ocrx_word' id='word_1_612' title='bbox 3649 1065 3776 1106; x_wconf 90' lang='lat' dir='ltr'><strong>tunc</strong></span> 
     </span>
    </p>
   </div>
   <div class='ocr_carea' id='block_1_90' title="bbox 2195 1115 3776 1191">
    <p class='ocr_par' dir='ltr' id='par_1_90' title="bbox 2195 1115 3776 1191">
     <span class='ocr_line' id='line_1_90' title="bbox 2195 1115 3776 1191; baseline 0.007 -26"><span class='ocrx_word' id='word_1_613' title='bbox 2195 1127 2312 1191; x_wconf 83' lang='lat' dir='ltr'><strong>cum</strong></span> <span class='ocrx_word' id='word_1_614' title='bbox 2347 1115 2593 1191; x_wconf 74' lang='lat' dir='ltr'><strong>Dialogus</strong></span> <span class='ocrx_word' id='word_1_615' title='bbox 2623 1116 2976 1191; x_wconf 78' lang='lat' dir='ltr'><strong>llierouytnus</strong></span> <span class='ocrx_word' id='word_1_616' title='bbox 3008 1118 3290 1191; x_wconf 82' lang='lat' dir='ltr'><strong>scriberet.</strong></span> <span class='ocrx_word' id='word_1_617' title='bbox 3317 1119 3384 1173; x_wconf 86' lang='lat' dir='ltr'><strong>At</strong></span> <span class='ocrx_word' id='word_1_618' title='bbox 3410 1115 3629 1191; x_wconf 81' lang='lat' dir='ltr'><strong>Pelagio</strong></span> <span class='ocrx_word' id='word_1_619' title='bbox 3655 1125 3776 1191; x_wconf 88' lang='lat' dir='ltr'><strong>cpi-</strong></span> 
     </span>
    </p>
   </div>
   <div class='ocr_carea' id='block_1_91' title="bbox 2195 1185 3773 1259">
    <p class='ocr_par' dir='ltr' id='par_1_91' title="bbox 2195 1185 3773 1259">
     <span class='ocr_line' id='line_1_91' title="bbox 2195 1185 3773 1259; baseline 0.006 -23"><span class='ocrx_word' id='word_1_620' title='bbox 2195 1185 2387 1236; x_wconf 87' lang='lat' dir='ltr'><strong>stolam</strong></span> <span class='ocrx_word' id='word_1_621' title='bbox 2418 1185 2660 1259; x_wconf 78' lang='lat' dir='ltr'><strong>pluribus</strong></span> <span class='ocrx_word' id='word_1_622' title='bbox 2687 1185 2737 1237; x_wconf 91' lang='lat' dir='ltr'><strong>in</strong></span> <span class='ocrx_word' id='word_1_623' title='bbox 2764 1186 2894 1259; x_wconf 69' lang='lat' dir='ltr'><strong>locis</strong></span> <span class='ocrx_word' id='word_1_624' title='bbox 2925 1187 3250 1254; x_wconf 82' lang='lat' dir='ltr'><strong>Augustinus</strong></span> <span class='ocrx_word' id='word_1_625' title='bbox 3276 1190 3478 1257; x_wconf 86' lang='lat' dir='ltr'><strong>tribuit,</strong></span> <span class='ocrx_word' id='word_1_626' title='bbox 3503 1185 3773 1259; x_wconf 72' lang='lat' dir='ltr'><strong>docetque</strong></span> 
     </span>
    </p>
   </div>
   <div class='ocr_carea' id='block_1_92' title="bbox 2197 1255 3772 1326">
    <p class='ocr_par' dir='ltr' id='par_1_92' title="bbox 2197 1255 3772 1326">
     <span class='ocr_line' id='line_1_92' title="bbox 2197 1255 3772 1326; baseline 0.008 -23"><span class='ocrx_word' id='word_1_627' title='bbox 2197 1260 2322 1306; x_wconf 90' lang='lat' dir='ltr'><strong>tunc</strong></span> <span class='ocrx_word' id='word_1_628' title='bbox 2349 1269 2466 1307; x_wconf 89' lang='lat' dir='ltr'><strong>eum</strong></span> <span class='ocrx_word' id='word_1_629' title='bbox 2494 1256 2755 1326; x_wconf 69' lang='lat' dir='ltr'><strong>scriberet</strong></span> <span class='ocrx_word' id='word_1_630' title='bbox 2778 1255 3154 1326; x_wconf 75' lang='lat' dir='ltr'><strong>Hieronymus.</strong></span> <span class='ocrx_word' id='word_1_631' title='bbox 3179 1259 3448 1326; x_wconf 80' lang='lat' dir='ltr'><strong>Pelagium</strong></span> <span class='ocrx_word' id='word_1_632' title='bbox 3467 1255 3527 1313; x_wconf 86' lang='lat' dir='ltr'><strong>in</strong></span> <span class='ocrx_word' id='word_1_633' title='bbox 3548 1255 3772 1316; x_wconf 83' lang='lat' dir='ltr'><strong>Oriente</strong></span> 
     </span>
    </p>
   </div>
   <div class='ocr_carea' id='block_1_93' title="bbox 2201 1323 3768 1400">
    <p class='ocr_par' dir='ltr' id='par_1_93' title="bbox 2201 1323 3768 1400">
     <span class='ocr_line' id='line_1_93' title="bbox 2201 1323 3768 1400; baseline 0.006 -26"><span class='ocrx_word' id='word_1_634' title='bbox 2201 1335 2463 1400; x_wconf 69' lang='lat' dir='ltr'><strong>versatum</strong></span> <span class='ocrx_word' id='word_1_635' title='bbox 2497 1323 2682 1400; x_wconf 79' lang='lat' dir='ltr'><strong>fuisse,</strong></span> <span class='ocrx_word' id='word_1_636' title='bbox 2713 1323 2994 1379; x_wconf 66' lang='lat' dir='ltr'><strong>Julianuni</strong></span> <span class='ocrx_word' id='word_1_637' title='bbox 3015 1327 3174 1400; x_wconf 81' lang='lat' dir='ltr'><strong>longe</strong></span> <span class='ocrx_word' id='word_1_638' title='bbox 3202 1323 3332 1382; x_wconf 77' lang='lat' dir='ltr'><strong>ante</strong></span> <span class='ocrx_word' id='word_1_639' title='bbox 3372 1330 3484 1384; x_wconf 62' lang='lat' dir='ltr'><strong>hate</strong></span> <span class='ocrx_word' id='word_1_640' title='bbox 3525 1341 3768 1400; x_wconf 88' lang='lat' dir='ltr'><strong>tempora</strong></span> 
     </span>
    </p>
   </div>
   <div class='ocr_carea' id='block_1_94' title="bbox 2196 1392 3765 1464">
    <p class='ocr_par' dir='ltr' id='par_1_94' title="bbox 2196 1392 3765 1464">
     <span class='ocr_line' id='line_1_94' title="bbox 2196 1392 3765 1464; baseline 0.007 -19"><span class='ocrx_word' id='word_1_641' title='bbox 2196 1392 2476 1446; x_wconf 85' lang='lat' dir='ltr'><strong>diaconum</strong></span> <span class='ocrx_word' id='word_1_642' title='bbox 2508 1397 2701 1448; x_wconf 83' lang='lat' dir='ltr'><strong>laetum</strong></span> <span class='ocrx_word' id='word_1_643' title='bbox 2733 1410 2874 1458; x_wconf 85' lang='lat' dir='ltr'><strong>esse,</strong></span> <span class='ocrx_word' id='word_1_644' title='bbox 2905 1406 3064 1464; x_wconf 91' lang='lat' dir='ltr'><strong>atque</strong></span> <span class='ocrx_word' id='word_1_645' title='bbox 3104 1392 3154 1450; x_wconf 70' lang='lat' dir='ltr'><strong>iii</strong></span> <span class='ocrx_word' id='word_1_646' title='bbox 3186 1400 3347 1451; x_wconf 89' lang='lat' dir='ltr'><strong>domo</strong></span> <span class='ocrx_word' id='word_1_647' title='bbox 3376 1400 3617 1455; x_wconf 80' lang='lat' dir='ltr'><strong>Memorii</strong></span> <span class='ocrx_word' id='word_1_648' title='bbox 3641 1392 3765 1456; x_wconf 56' lang='lat' dir='ltr'><strong>&#39;viri</strong></span> 
     </span>
    </p>
   </div>
   <div class='ocr_carea' id='block_1_95' title="bbox 2196 1464 3495 1524">
    <p class='ocr_par' dir='ltr' id='par_1_95' title="bbox 2196 1464 3495 1524">
     <span class='ocr_line' id='line_1_95' title="bbox 2196 1464 3495 1524; baseline 0.004 -9"><span class='ocrx_word' id='word_1_649' title='bbox 2196 1464 2514 1517; x_wconf 88' lang='lat' dir='ltr'><strong>sanctissimi</strong></span> <span class='ocrx_word' id='word_1_650' title='bbox 2549 1464 2840 1519; x_wconf 82' lang='lat' dir='ltr'><strong>habitasse.</strong></span> <span class='ocrx_word' id='word_1_651' title='bbox 2873 1464 2977 1519; x_wconf 88' lang='lat' dir='ltr'><strong>Sed</strong></span> <span class='ocrx_word' id='word_1_652' title='bbox 3008 1468 3074 1520; x_wconf 90' lang='lat' dir='ltr'><strong>de</strong></span> <span class='ocrx_word' id='word_1_653' title='bbox 3102 1468 3184 1519; x_wconf 88' lang='lat' dir='ltr'><strong>his</strong></span> <span class='ocrx_word' id='word_1_654' title='bbox 3217 1467 3495 1524; x_wconf 89' lang='lat' dir='ltr'><strong>hactenus.</strong></span> 
     </span>
    </p>
   </div>
   <div class='ocr_carea' id='block_1_96' title="bbox 2269 1534 3765 1605">
    <p class='ocr_par' dir='ltr' id='par_1_96' title="bbox 2269 1534 3765 1605">
     <span class='ocr_line' id='line_1_96' title="bbox 2269 1534 3765 1605; baseline 0.006 -20"><span class='ocrx_word' id='word_1_655' title='bbox 2269 1534 2323 1585; x_wconf 86' lang='lat' dir='ltr'><strong>In</strong></span> <span class='ocrx_word' id='word_1_656' title='bbox 2354 1534 2495 1587; x_wconf 85' lang='lat' dir='ltr'><strong>libro</strong></span> <span class='ocrx_word' id='word_1_657' title='bbox 2536 1535 2603 1588; x_wconf 89' lang='lat' dir='ltr'><strong>de</strong></span> <span class='ocrx_word' id='word_1_658' title='bbox 2635 1535 2970 1590; x_wconf 83' lang='lat' dir='ltr'><strong>institutione</strong></span> <span class='ocrx_word' id='word_1_659' title='bbox 2997 1536 3231 1604; x_wconf 80' lang='lat' dir='ltr'><strong>Virginis</strong></span> <span class='ocrx_word' id='word_1_660' title='bbox 3263 1538 3504 1605; x_wconf 68' lang='lat' dir='ltr'><strong>Pelagius</strong></span> <span class='ocrx_word' id='word_1_661' title='bbox 3532 1541 3628 1594; x_wconf 85' lang='lat' dir='ltr'><strong>sub</strong></span> <span class='ocrx_word' id='word_1_662' title='bbox 3657 1559 3765 1594; x_wconf 89' lang='lat' dir='ltr'><strong>am-</strong></span> 
     </span>
    </p>
   </div>
   <div class='ocr_carea' id='block_1_97' title="bbox 2199 1604 3767 1676">
    <p class='ocr_par' dir='ltr' id='par_1_97' title="bbox 2199 1604 3767 1676">
     <span class='ocr_line' id='line_1_97' title="bbox 2199 1604 3767 1676; baseline 0.006 -20"><span class='ocrx_word' id='word_1_663' title='bbox 2199 1604 2348 1671; x_wconf 78' lang='lat' dir='ltr'><strong>bigua</strong></span> <span class='ocrx_word' id='word_1_664' title='bbox 2366 1605 2589 1671; x_wconf 79' lang='lat' dir='ltr'><strong>quadam</strong></span> <span class='ocrx_word' id='word_1_665' title='bbox 2613 1606 2936 1674; x_wconf 82' lang='lat' dir='ltr'><strong>qeneralitate</strong></span> <span class='ocrx_word' id='word_1_666' title='bbox 2957 1622 3154 1668; x_wconf 83' lang='lat' dir='ltr'><strong>vocum,</strong></span> <span class='ocrx_word' id='word_1_667' title='bbox 3173 1608 3244 1660; x_wconf 88' lang='lat' dir='ltr'><strong>ita</strong></span> <span class='ocrx_word' id='word_1_668' title='bbox 3261 1604 3448 1664; x_wconf 85' lang='lat' dir='ltr'><strong>callide</strong></span> <span class='ocrx_word' id='word_1_669' title='bbox 3469 1613 3594 1676; x_wconf 88' lang='lat' dir='ltr'><strong>quid</strong></span> <span class='ocrx_word' id='word_1_670' title='bbox 3615 1615 3742 1664; x_wconf 79' lang='lat' dir='ltr'><strong>senti</strong></span> <span class='ocrx_word' id='word_1_671' title='bbox 3751 1643 3767 1652; x_wconf 88' lang='lat'><strong>-</strong></span> 
     </span>
    </p>
   </div>
   <div class='ocr_carea' id='block_1_98' title="bbox 2196 1676 3764 1748">
    <p class='ocr_par' dir='ltr' id='par_1_98' title="bbox 2196 1676 3764 1748">
     <span class='ocr_line' id='line_1_98' title="bbox 2196 1676 3764 1748; baseline 0.004 -22"><span class='ocrx_word' id='word_1_672' title='bbox 2196 1687 2277 1748; x_wconf 64' lang='lat' dir='ltr'><strong>ret</strong></span> <span class='ocrx_word' id='word_1_673' title='bbox 2309 1676 2590 1748; x_wconf 76' lang='lat' dir='ltr'><strong>abscondit,</strong></span> <span class='ocrx_word' id='word_1_674' title='bbox 2637 1683 2691 1748; x_wconf 77' lang='lat' dir='ltr'><strong>ut</strong></span> <span class='ocrx_word' id='word_1_675' title='bbox 2736 1677 2915 1748; x_wconf 68' lang='lat' dir='ltr'><strong>gratia:</strong></span> <span class='ocrx_word' id='word_1_676' title='bbox 2941 1679 3184 1748; x_wconf 75' lang='lat' dir='ltr'><strong>vocabulo</strong></span> <span class='ocrx_word' id='word_1_677' title='bbox 3213 1678 3449 1748; x_wconf 79' lang='lat' dir='ltr'><strong>frangens</strong></span> <span class='ocrx_word' id='word_1_678' title='bbox 3495 1682 3764 1743; x_wconf 77' lang='lat' dir='ltr'><strong>invidiam,</strong></span> 
     </span>
    </p>
   </div>
   <div class='ocr_carea' id='block_1_99' title="bbox 2199 1744 3770 1821">
    <p class='ocr_par' dir='ltr' id='par_1_99' title="bbox 2199 1744 3770 1821">
     <span class='ocr_line' id='line_1_99' title="bbox 2199 1744 3770 1821; baseline 0.004 -24"><span class='ocrx_word' id='word_1_679' title='bbox 2199 1744 2629 1821; x_wconf 78' lang='lat' dir='ltr'><strong>o/fcnsionemque</strong></span> <span class='ocrx_word' id='word_1_680' title='bbox 2655 1744 2938 1821; x_wconf 78' lang='lat' dir='ltr'><strong>deelinans,</strong></span> <span class='ocrx_word' id='word_1_681' title='bbox 2977 1763 3089 1798; x_wconf 89' lang='lat' dir='ltr'><strong>eam</strong></span> <span class='ocrx_word' id='word_1_682' title='bbox 3127 1744 3554 1821; x_wconf 54' lang='lat' dir='ltr'><strong>ipsaiiipratii&#39;ittt,</strong></span> <span class='ocrx_word' id='word_1_683' title='bbox 3586 1756 3652 1804; x_wconf 84' lang='lat' dir='ltr'><strong>de</strong></span> <span class='ocrx_word' id='word_1_684' title='bbox 3673 1771 3770 1821; x_wconf 81' lang='lat' dir='ltr'><strong>qua</strong></span> 
     </span>
    </p>
   </div>
   <div class='ocr_carea' id='block_1_100' title="bbox 2200 1816 3765 1887">
    <p class='ocr_par' dir='ltr' id='par_1_100' title="bbox 2200 1816 3765 1887">
     <span class='ocr_line' id='line_1_100' title="bbox 2200 1816 3765 1887; baseline 0.006 -24"><span class='ocrx_word' id='word_1_685' title='bbox 2200 1816 2566 1887; x_wconf 77' lang='lat' dir='ltr'><strong>qurestioerat,</strong></span> <span class='ocrx_word' id='word_1_686' title='bbox 2599 1833 2793 1885; x_wconf 82' lang='lat' dir='ltr'><strong>quaque</strong></span> <span class='ocrx_word' id='word_1_687' title='bbox 2817 1817 3123 1887; x_wconf 68' lang='lat' dir='ltr'><strong>adjuvantur</strong></span> <span class='ocrx_word' id='word_1_688' title='bbox 3161 1819 3228 1870; x_wconf 89' lang='lat' dir='ltr'><strong>ad</strong></span> <span class='ocrx_word' id='word_1_689' title='bbox 3252 1820 3450 1887; x_wconf 87' lang='lat' dir='ltr'><strong>aliquid</strong></span> <span class='ocrx_word' id='word_1_690' title='bbox 3491 1816 3765 1887; x_wconf 75' lang='lat' dir='ltr'><strong>agendum,</strong></span> 
     </span>
    </p>
   </div>
   <div class='ocr_carea' id='block_1_101' title="bbox 2204 1879 3766 1959">
    <p class='ocr_par' dir='ltr' id='par_1_101' title="bbox 2204 1879 3766 1959">
     <span class='ocr_line' id='line_1_101' title="bbox 2204 1879 3766 1959; baseline 0.008 -24"><span class='ocrx_word' id='word_1_691' title='bbox 2204 1879 2338 1959; x_wconf 76' lang='lat' dir='ltr'><strong>pene</strong></span> <span class='ocrx_word' id='word_1_692' title='bbox 2382 1886 2524 1938; x_wconf 83' lang='lat' dir='ltr'><strong>visus</strong></span> <span class='ocrx_word' id='word_1_693' title='bbox 2555 1879 2987 1959; x_wconf 43' lang='lat' dir='ltr'><strong>&#39;sitl&#39;tugusiiuo</strong></span> <span class='ocrx_word' id='word_1_694' title='bbox 3038 1888 3281 1941; x_wconf 88' lang='lat' dir='ltr'><strong>conﬁteri</strong></span> <span class='ocrx_word' id='word_1_695' title='bbox 3327 1879 3474 1959; x_wconf 75' lang='lat' dir='ltr'><strong>(Lib.</strong></span> <span class='ocrx_word' id='word_1_696' title='bbox 3507 1879 3570 1943; x_wconf 72' lang='lat' dir='ltr'><strong>de</strong></span> <span class='ocrx_word' id='word_1_697' title='bbox 3617 1879 3766 1947; x_wconf 38' lang='lat' dir='ltr'><strong>Grati</strong></span> 
     </span>
    </p>
   </div>
   <div class='ocr_carea' id='block_1_102' title="bbox 2201 1953 3770 2028">
    <p class='ocr_par' dir='ltr' id='par_1_102' title="bbox 2201 1953 3770 2028">
     <span class='ocr_line' id='line_1_102' title="bbox 2201 1953 3770 2028; baseline 0.006 -22"><span class='ocrx_word' id='word_1_698' title='bbox 2201 1953 2389 2008; x_wconf 77' lang='lat' dir='ltr'><strong>Christ.</strong></span> <span class='ocrx_word' id='word_1_699' title='bbox 2417 1972 2536 2022; x_wconf 87' lang='lat' dir='ltr'><strong>cap.</strong></span> <span class='ocrx_word' id='word_1_700' title='bbox 2576 1955 2674 2026; x_wconf 79' lang='lat'><strong>59)</strong></span> <span class='ocrx_word' id='word_1_701' title='bbox 2701 1953 3023 2028; x_wconf 71' lang='lat' dir='ltr'><strong>:neclraus</strong></span> <span class='ocrx_word' id='word_1_702' title='bbox 3060 1953 3500 2028; x_wconf 56' lang='lat' dir='ltr'><strong>patuiSset&#39;viro.</strong></span> <span class='ocrx_word' id='word_1_703' title='bbox 3537 1962 3770 2028; x_wconf 78' lang='lat' dir='ltr'><strong>alioquin</strong></span> 
     </span>
    </p>
   </div>
   <div class='ocr_carea' id='block_1_103' title="bbox 2201 2025 3770 2101">
    <p class='ocr_par' dir='ltr' id='par_1_103' title="bbox 2201 2025 3770 2101">
     <span class='ocr_line' id='line_1_103' title="bbox 2201 2025 3770 2101; baseline 0.005 -23"><span class='ocrx_word' id='word_1_704' title='bbox 2201 2025 2662 2101; x_wconf 69' lang='lat' dir='ltr'><strong>iamperspicaci,</strong></span> <span class='ocrx_word' id='word_1_705' title='bbox 2693 2027 2792 2081; x_wconf 88' lang='lat' dir='ltr'><strong>nisi</strong></span> <span class='ocrx_word' id='word_1_706' title='bbox 2832 2026 2949 2080; x_wconf 87' lang='lat' dir='ltr'><strong>aliis</strong></span> <span class='ocrx_word' id='word_1_707' title='bbox 2992 2041 3058 2081; x_wconf 79' lang='lat' dir='ltr'><strong>ex</strong></span> <span class='ocrx_word' id='word_1_708' title='bbox 3095 2025 3244 2081; x_wconf 84' lang='lat' dir='ltr'><strong>libris</strong></span> <span class='ocrx_word' id='word_1_709' title='bbox 3284 2044 3432 2083; x_wconf 90' lang='lat' dir='ltr'><strong>mens</strong></span> <span class='ocrx_word' id='word_1_710' title='bbox 3461 2025 3676 2101; x_wconf 76' lang='lat' dir='ltr'><strong>Pelagii</strong></span> <span class='ocrx_word' id='word_1_711' title='bbox 3713 2048 3770 2086; x_wconf 85' lang='lat' dir='ltr'><strong>se</strong></span> 
     </span>
    </p>
   </div>
   <div class='ocr_carea' id='block_1_104' title="bbox 2200 2097 2546 2164">
    <p class='ocr_par' dir='ltr' id='par_1_104' title="bbox 2200 2097 2546 2164">
     <span class='ocr_line' id='line_1_104' title="bbox 2200 2097 2546 2164; baseline 0.014 -18"><span class='ocrx_word' id='word_1_712' title='bbox 2200 2097 2546 2164; x_wconf 57' lang='lat' dir='ltr'><strong>prodidisset.</strong></span> 
     </span>
    </p>
   </div>
   <div class='ocr_carea' id='block_1_105' title="bbox 2269 2165 3760 2238">
    <p class='ocr_par' dir='ltr' id='par_1_105' title="bbox 2269 2165 3760 2238">
     <span class='ocr_line' id='line_1_105' title="bbox 2269 2165 3760 2238; baseline 0.005 -22"><span class='ocrx_word' id='word_1_713' title='bbox 2269 2165 2447 2231; x_wconf 79' lang='lat' dir='ltr'><strong>Quare</strong></span> <span class='ocrx_word' id='word_1_714' title='bbox 2477 2167 2802 2235; x_wconf 82' lang='lat' dir='ltr'><strong>Augustinus</strong></span> <span class='ocrx_word' id='word_1_715' title='bbox 2827 2165 2952 2238; x_wconf 76' lang='lat' dir='ltr'><strong>duo</strong></span> <span class='ocrx_word' id='word_1_716' title='bbox 2984 2178 3188 2222; x_wconf 91' lang='lat' dir='ltr'><strong>tantum</strong></span> <span class='ocrx_word' id='word_1_717' title='bbox 3231 2169 3512 2223; x_wconf 74' lang='lat' dir='ltr'><strong>manifesta</strong></span> <span class='ocrx_word' id='word_1_718' title='bbox 3565 2169 3760 2238; x_wconf 77' lang='lat' dir='ltr'><strong>ﬂagitia</strong></span> 
     </span>
    </p>
   </div>
   <div class='ocr_carea' id='block_1_106' title="bbox 2200 2234 3768 2308">
    <p class='ocr_par' dir='ltr' id='par_1_106' title="bbox 2200 2234 3768 2308">
     <span class='ocr_line' id='line_1_106' title="bbox 2200 2234 3768 2308; baseline 0.004 -21"><span class='ocrx_word' id='word_1_719' title='bbox 2200 2234 2507 2308; x_wconf 85' lang='lat' dir='ltr'><strong>dogmatum</strong></span> <span class='ocrx_word' id='word_1_720' title='bbox 2539 2234 2902 2304; x_wconf 84' lang='lat' dir='ltr'><strong>reprehendit.</strong></span> <span class='ocrx_word' id='word_1_721' title='bbox 2936 2239 3201 2304; x_wconf 83' lang='lat' dir='ltr'><strong>Alterum,</strong></span> <span class='ocrx_word' id='word_1_722' title='bbox 3234 2240 3372 2308; x_wconf 89' lang='lat' dir='ltr'><strong>quod</strong></span> <span class='ocrx_word' id='word_1_723' title='bbox 3417 2239 3508 2291; x_wconf 84' lang='lat' dir='ltr'><strong>Dei</strong></span> <span class='ocrx_word' id='word_1_724' title='bbox 3536 2234 3768 2307; x_wconf 70' lang='lat' dir='ltr'><strong>faciEndo</strong></span> 
     </span>
    </p>
   </div>
   <div class='ocr_carea' id='block_1_107' title="bbox 2201 2307 3768 2379">
    <p class='ocr_par' dir='ltr' id='par_1_107' title="bbox 2201 2307 3768 2379">
     <span class='ocr_line' id='line_1_107' title="bbox 2201 2307 3768 2379; baseline 0.004 -20"><span class='ocrx_word' id='word_1_725' title='bbox 2201 2307 2528 2379; x_wconf 78' lang='lat' dir='ltr'><strong>voluntatem,</strong></span> <span class='ocrx_word' id='word_1_726' title='bbox 2554 2308 2775 2379; x_wconf 70' lang='lat' dir='ltr'><strong>divinant</strong></span> <span class='ocrx_word' id='word_1_727' title='bbox 2793 2322 3072 2379; x_wconf 82' lang='lat' dir='ltr'><strong>mereamur</strong></span> <span class='ocrx_word' id='word_1_728' title='bbox 3093 2312 3333 2379; x_wconf 85' lang='lat' dir='ltr'><strong>gratiam.</strong></span> <span class='ocrx_word' id='word_1_729' title='bbox 3356 2311 3618 2372; x_wconf 85' lang='lat' dir='ltr'><strong>Alterum,</strong></span> <span class='ocrx_word' id='word_1_730' title='bbox 3639 2315 3768 2377; x_wconf 85' lang='lat' dir='ltr'><strong>quod</strong></span> 
     </span>
    </p>
   </div>
   <div class='ocr_carea' id='block_1_108' title="bbox 2199 2376 3765 2447">
    <p class='ocr_par' dir='ltr' id='par_1_108' title="bbox 2199 2376 3765 2447">
     <span class='ocr_line' id='line_1_108' title="bbox 2199 2376 3765 2447; baseline 0.004 -20"><span class='ocrx_word' id='word_1_731' title='bbox 2199 2376 2503 2447; x_wconf 86' lang='lat' dir='ltr'><strong>adjuvemur</strong></span> <span class='ocrx_word' id='word_1_732' title='bbox 2545 2379 2711 2446; x_wconf 86' lang='lat' dir='ltr'><strong>gratia</strong></span> <span class='ocrx_word' id='word_1_733' title='bbox 2739 2378 2966 2446; x_wconf 82' lang='lat' dir='ltr'><strong>Spiritus</strong></span> <span class='ocrx_word' id='word_1_734' title='bbox 3007 2376 3188 2441; x_wconf 70' lang='lat' dir='ltr'><strong>sancti,</strong></span> <span class='ocrx_word' id='word_1_735' title='bbox 3223 2397 3321 2433; x_wconf 88' lang='lat' dir='ltr'><strong>non</strong></span> <span class='ocrx_word' id='word_1_736' title='bbox 3360 2381 3476 2447; x_wconf 86' lang='lat' dir='ltr'><strong>quia</strong></span> <span class='ocrx_word' id='word_1_737' title='bbox 3520 2376 3765 2446; x_wconf 82' lang='lat' dir='ltr'><strong>siuei/lo,</strong></span> 
     </span>
    </p>
   </div>
   <div class='ocr_carea' id='block_1_109' title="bbox 2199 2446 3765 2518">
    <p class='ocr_par' dir='ltr' id='par_1_109' title="bbox 2199 2446 3765 2518">
     <span class='ocr_line' id='line_1_109' title="bbox 2199 2446 3765 2518; baseline 0.004 -20"><span class='ocrx_word' id='word_1_738' title='bbox 2199 2446 2349 2498; x_wconf 87' lang='lat' dir='ltr'><strong>etiam</strong></span> <span class='ocrx_word' id='word_1_739' title='bbox 2377 2463 2465 2517; x_wconf 86' lang='lat' dir='ltr'><strong>per</strong></span> <span class='ocrx_word' id='word_1_740' title='bbox 2502 2449 2665 2500; x_wconf 73' lang='lat' dir='ltr'><strong>solam</strong></span> <span class='ocrx_word' id='word_1_741' title='bbox 2690 2459 2884 2500; x_wconf 70' lang='lat' dir='ltr'><strong>natura:</strong></span> <span class='ocrx_word' id='word_1_742' title='bbox 2911 2450 3314 2516; x_wconf 81' lang='lat' dir='ltr'><strong>possibilitatem,</strong></span> <span class='ocrx_word' id='word_1_743' title='bbox 3358 2446 3459 2502; x_wconf 85' lang='lat' dir='ltr'><strong>non</strong></span> <span class='ocrx_word' id='word_1_744' title='bbox 3502 2467 3765 2518; x_wconf 82' lang='lat' dir='ltr'><strong>possumus</strong></span> 
     </span>
    </p>
   </div>
   <div class='ocr_carea' id='block_1_110' title="bbox 2200 2518 3766 2588">
    <p class='ocr_par' dir='ltr' id='par_1_110' title="bbox 2200 2518 3766 2588">
     <span class='ocr_line' id='line_1_110' title="bbox 2200 2518 3766 2588; baseline 0.005 -21"><span class='ocrx_word' id='word_1_745' title='bbox 2200 2518 2428 2570; x_wconf 76' lang='lat' dir='ltr'><strong>resistere</strong></span> <span class='ocrx_word' id='word_1_746' title='bbox 2453 2518 2713 2584; x_wconf 84' lang='lat' dir='ltr'><strong>tentatori,</strong></span> <span class='ocrx_word' id='word_1_747' title='bbox 2738 2519 2826 2570; x_wconf 85' lang='lat' dir='ltr'><strong>sed</strong></span> <span class='ocrx_word' id='word_1_748' title='bbox 2851 2526 2904 2568; x_wconf 91' lang='lat' dir='ltr'><strong>ut</strong></span> <span class='ocrx_word' id='word_1_749' title='bbox 2934 2519 3142 2586; x_wconf 79' lang='lat' dir='ltr'><strong>facilius</strong></span> <span class='ocrx_word' id='word_1_750' title='bbox 3173 2521 3478 2573; x_wconf 83' lang='lat' dir='ltr'><strong>resistamus.</strong></span> <span class='ocrx_word' id='word_1_751' title='bbox 3512 2521 3766 2588; x_wconf 83' lang='lat' dir='ltr'><strong>Dogmata</strong></span> 
     </span>
    </p>
   </div>
   <div class='ocr_carea' id='block_1_111' title="bbox 2200 2588 3766 2660">
    <p class='ocr_par' dir='ltr' id='par_1_111' title="bbox 2200 2588 3766 2660">
     <span class='ocr_line' id='line_1_111' title="bbox 2200 2588 3766 2660; baseline 0.002 -22"><span class='ocrx_word' id='word_1_752' title='bbox 2200 2595 2391 2660; x_wconf 46' lang='lat' dir='ltr'><strong>cetera</strong></span> <span class='ocrx_word' id='word_1_753' title='bbox 2411 2603 2515 2640; x_wconf 90' lang='lat' dir='ltr'><strong>non</strong></span> <span class='ocrx_word' id='word_1_754' title='bbox 2534 2591 2708 2657; x_wconf 81' lang='lat' dir='ltr'><strong>arguit</strong></span> <span class='ocrx_word' id='word_1_755' title='bbox 2728 2588 2962 2660; x_wconf 87' lang='lat' dir='ltr'><strong>quidem.</strong></span> <span class='ocrx_word' id='word_1_756' title='bbox 2983 2590 3076 2643; x_wconf 90' lang='lat' dir='ltr'><strong>sed</strong></span> <span class='ocrx_word' id='word_1_757' title='bbox 3101 2600 3272 2643; x_wconf 84' lang='lat' dir='ltr'><strong>tamen</strong></span> <span class='ocrx_word' id='word_1_758' title='bbox 3295 2589 3475 2643; x_wconf 89' lang='lat' dir='ltr'><strong>habuit</strong></span> <span class='ocrx_word' id='word_1_759' title='bbox 3497 2602 3766 2660; x_wconf 83' lang='lat' dir='ltr'><strong>suspecta,</strong></span> 
     </span>
    </p>
   </div>
   <div class='ocr_carea' id='block_1_112' title="bbox 2199 2657 3765 2730">
    <p class='ocr_par' dir='ltr' id='par_1_112' title="bbox 2199 2657 3765 2730">
     <span class='ocr_line' id='line_1_112' title="bbox 2199 2657 3765 2730; baseline 0.004 -22"><span class='ocrx_word' id='word_1_760' title='bbox 2199 2657 2395 2730; x_wconf 84' lang='lat' dir='ltr'><strong>quippe</strong></span> <span class='ocrx_word' id='word_1_761' title='bbox 2425 2673 2544 2730; x_wconf 68' lang='lat' dir='ltr'><strong>qum</strong></span> <span class='ocrx_word' id='word_1_762' title='bbox 2570 2662 2638 2711; x_wconf 91' lang='lat' dir='ltr'><strong>de</strong></span> <span class='ocrx_word' id='word_1_763' title='bbox 2664 2659 2831 2726; x_wconf 86' lang='lat' dir='ltr'><strong>gratia</strong></span> <span class='ocrx_word' id='word_1_764' title='bbox 2856 2657 2939 2730; x_wconf 74' lang='lat' dir='ltr'><strong>_sic</strong></span> <span class='ocrx_word' id='word_1_765' title='bbox 2969 2660 3272 2729; x_wconf 81' lang='lat' dir='ltr'><strong>loquantur,</strong></span> <span class='ocrx_word' id='word_1_766' title='bbox 3303 2669 3358 2711; x_wconf 93' lang='lat' dir='ltr'><strong>ut</strong></span> <span class='ocrx_word' id='word_1_767' title='bbox 3390 2657 3611 2728; x_wconf 77' lang='lat' dir='ltr'><strong>intelligi</strong></span> <span class='ocrx_word' id='word_1_768' title='bbox 3646 2657 3765 2730; x_wconf 51' lang='lat' dir='ltr'><strong>pos;</strong></span> 
     </span>
    </p>
   </div>
   <div class='ocr_carea' id='block_1_113' title="bbox 2200 2728 3768 2798">
    <p class='ocr_par' dir='ltr' id='par_1_113' title="bbox 2200 2728 3768 2798">
     <span class='ocr_line' id='line_1_113' title="bbox 2200 2728 3768 2798; baseline 0.003 -20"><span class='ocrx_word' id='word_1_769' title='bbox 2200 2729 2326 2790; x_wconf 81' lang='lat' dir='ltr'><strong>sint,</strong></span> <span class='ocrx_word' id='word_1_770' title='bbox 2357 2728 2434 2780; x_wconf 82' lang='lat' dir='ltr'><strong>vel</strong></span> <span class='ocrx_word' id='word_1_771' title='bbox 2461 2729 2522 2780; x_wconf 90' lang='lat' dir='ltr'><strong>de</strong></span> <span class='ocrx_word' id='word_1_772' title='bbox 2549 2738 2755 2790; x_wconf 79' lang='lat' dir='ltr'><strong>natura,</strong></span> <span class='ocrx_word' id='word_1_773' title='bbox 2786 2728 2864 2780; x_wconf 71' lang='lat' dir='ltr'><strong>vel</strong></span> <span class='ocrx_word' id='word_1_774' title='bbox 2893 2729 2957 2780; x_wconf 83' lang='lat' dir='ltr'><strong>de</strong></span> <span class='ocrx_word' id='word_1_775' title='bbox 2995 2728 3292 2783; x_wconf 84' lang='lat' dir='ltr'><strong>remissione</strong></span> <span class='ocrx_word' id='word_1_776' title='bbox 3321 2728 3664 2798; x_wconf 67' lang='lat' dir='ltr'><strong>peccatorum,</strong></span> <span class='ocrx_word' id='word_1_777' title='bbox 3696 2731 3768 2782; x_wconf 74' lang='lat' dir='ltr'><strong>vel</strong></span> 
     </span>
    </p>
   </div>
   <div class='ocr_carea' id='block_1_114' title="bbox 2200 2798 3764 2868">
    <p class='ocr_par' dir='ltr' id='par_1_114' title="bbox 2200 2798 3764 2868">
     <span class='ocr_line' id='line_1_114' title="bbox 2200 2798 3764 2868; baseline 0.004 -21"><span class='ocrx_word' id='word_1_778' title='bbox 2200 2799 2263 2848; x_wconf 87' lang='lat' dir='ltr'><strong>de</strong></span> <span class='ocrx_word' id='word_1_779' title='bbox 2284 2798 2590 2851; x_wconf 76' lang='lat' dir='ltr'><strong>reuelatione</strong></span> <span class='ocrx_word' id='word_1_780' title='bbox 2609 2799 2858 2852; x_wconf 69' lang='lat' dir='ltr'><strong>doctrinm</strong></span> <span class='ocrx_word' id='word_1_781' title='bbox 2879 2798 3078 2867; x_wconf 79' lang='lat' dir='ltr'><strong>(Epist.</strong></span> <span class='ocrx_word' id='word_1_782' title='bbox 3096 2800 3240 2868; x_wconf 69' lang='lat'><strong>187).</strong></span> <span class='ocrx_word' id='word_1_783' title='bbox 3265 2800 3495 2868; x_wconf 77' lang='lat' dir='ltr'><strong>Castigat</strong></span> <span class='ocrx_word' id='word_1_784' title='bbox 3523 2800 3764 2854; x_wconf 89' lang='lat' dir='ltr'><strong>nonnihil</strong></span> 
     </span>
    </p>
   </div>
   <div class='ocr_carea' id='block_1_115' title="bbox 2199 2867 3767 2938">
    <p class='ocr_par' dir='ltr' id='par_1_115' title="bbox 2199 2867 3767 2938">
     <span class='ocr_line' id='line_1_115' title="bbox 2199 2867 3767 2938; baseline 0.003 -19"><span class='ocrx_word' id='word_1_785' title='bbox 2199 2869 2428 2938; x_wconf 86' lang='lat' dir='ltr'><strong>superbe</strong></span> <span class='ocrx_word' id='word_1_786' title='bbox 2455 2868 2676 2934; x_wconf 90' lang='lat' dir='ltr'><strong>dictum,</strong></span> <span class='ocrx_word' id='word_1_787' title='bbox 2715 2878 2848 2924; x_wconf 89' lang='lat' dir='ltr'><strong>utet</strong></span> <span class='ocrx_word' id='word_1_788' title='bbox 2889 2870 3142 2938; x_wconf 74' lang='lat' dir='ltr'><strong>quiddam</strong></span> <span class='ocrx_word' id='word_1_789' title='bbox 3172 2867 3596 2924; x_wconf 87' lang='lat' dir='ltr'><strong>inverecundum</strong></span> <span class='ocrx_word' id='word_1_790' title='bbox 3634 2870 3767 2924; x_wconf 85' lang='lat' dir='ltr'><strong>Oro-</strong></span> 
     </span>
    </p>
   </div>
   <div class='ocr_carea' id='block_1_116' title="bbox 2199 2936 3767 3008">
    <p class='ocr_par' dir='ltr' id='par_1_116' title="bbox 2199 2936 3767 3008">
     <span class='ocr_line' id='line_1_116' title="bbox 2199 2936 3767 3008; baseline 0.003 -20"><span class='ocrx_word' id='word_1_791' title='bbox 2199 2936 2312 3008; x_wconf 85' lang='lat' dir='ltr'><strong>sius</strong></span> <span class='ocrx_word' id='word_1_792' title='bbox 2344 2955 2354 2988; x_wconf 92' lang='lat'>:</span> <span class='ocrx_word' id='word_1_793' title='bbox 2390 2939 2503 3008; x_wconf 13' lang='lat' dir='ltr'><strong>sed,</strong></span> <span class='ocrx_word' id='word_1_794' title='bbox 2535 2939 2670 2991; x_wconf 86' lang='lat' dir='ltr'><strong>Beda</strong></span> <span class='ocrx_word' id='word_1_795' title='bbox 2723 2936 3005 2994; x_wconf 85' lang='lat' dir='ltr'><strong>duodecim</strong></span> <span class='ocrx_word' id='word_1_796' title='bbox 3056 2941 3241 2994; x_wconf 89' lang='lat' dir='ltr'><strong>statuit</strong></span> <span class='ocrx_word' id='word_1_797' title='bbox 3272 2940 3629 3008; x_wconf 84' lang='lat' dir='ltr'><strong>accusationis</strong></span> <span class='ocrx_word' id='word_1_798' title='bbox 3660 2955 3767 2993; x_wconf 73' lang='lat' dir='ltr'><strong>sum</strong></span> 
     </span>
    </p>
   </div>
   <div class='ocr_carea' id='block_1_117' title="bbox 2199 3007 3767 3080">
    <p class='ocr_par' dir='ltr' id='par_1_117' title="bbox 2199 3007 3767 3080">
     <span class='ocr_line' id='line_1_117' title="bbox 2199 3007 3767 3080; baseline 0.004 -21"><span class='ocrx_word' id='word_1_799' title='bbox 2199 3007 2458 3080; x_wconf 72' lang='lat' dir='ltr'><strong>adversus</strong></span> <span class='ocrx_word' id='word_1_800' title='bbox 2484 3007 2748 3080; x_wconf 81' lang='lat' dir='ltr'><strong>Julianuin</strong></span> <span class='ocrx_word' id='word_1_801' title='bbox 2775 3013 2969 3080; x_wconf 84' lang='lat' dir='ltr'><strong>capita,</strong></span> <span class='ocrx_word' id='word_1_802' title='bbox 3010 3025 3128 3080; x_wconf 68' lang='lat' dir='ltr'><strong>qua:</strong></span> <span class='ocrx_word' id='word_1_803' title='bbox 3173 3019 3225 3063; x_wconf 90' lang='lat' dir='ltr'><strong>tu</strong></span> <span class='ocrx_word' id='word_1_804' title='bbox 3265 3011 3402 3078; x_wconf 82' lang='lat' dir='ltr'><strong>apud</strong></span> <span class='ocrx_word' id='word_1_805' title='bbox 3430 3007 3608 3080; x_wconf 83' lang='lat' dir='ltr'><strong>ipsum</strong></span> <span class='ocrx_word' id='word_1_806' title='bbox 3650 3011 3767 3066; x_wconf 67' lang='lat' dir='ltr'><strong>vide</strong></span> 
     </span>
    </p>
   </div>
   <div class='ocr_carea' id='block_1_118' title="bbox 2199 3075 2744 3148">
    <p class='ocr_par' dir='ltr' id='par_1_118' title="bbox 2199 3075 2744 3148">
     <span class='ocr_line' id='line_1_118' title="bbox 2199 3075 2744 3148; baseline 0.009 -21"><span class='ocrx_word' id='word_1_807' title='bbox 2199 3075 2371 3148; x_wconf 65' lang='lat' dir='ltr'><strong>(Loco</strong></span> <span class='ocrx_word' id='word_1_808' title='bbox 2397 3095 2516 3132; x_wconf 75' lang='lat' dir='ltr'><strong>mox</strong></span> <span class='ocrx_word' id='word_1_809' title='bbox 2537 3080 2687 3133; x_wconf 83' lang='lat' dir='ltr'><strong>citato</strong></span> <span class='ocrx_word' id='word_1_810' title='bbox 2703 3079 2744 3148; x_wconf 92' lang='lat'><strong>).</strong></span> 
     </span>
    </p>
   </div>
   <div class='ocr_carea' id='block_1_119' title="bbox 2269 3146 3764 3220">
    <p class='ocr_par' dir='ltr' id='par_1_119' title="bbox 2269 3146 3764 3220">
     <span class='ocr_line' id='line_1_119' title="bbox 2269 3146 3764 3220; baseline 0.004 -21"><span class='ocrx_word' id='word_1_811' title='bbox 2269 3146 2419 3220; x_wconf 67' lang='lat' dir='ltr'><strong>Fecit</strong></span> <span class='ocrx_word' id='word_1_812' title='bbox 2463 3153 2576 3220; x_wconf 84' lang='lat' dir='ltr'><strong>haec</strong></span> <span class='ocrx_word' id='word_1_813' title='bbox 2619 3146 2747 3220; x_wconf 76' lang='lat' dir='ltr'><strong>vero</strong></span> <span class='ocrx_word' id='word_1_814' title='bbox 2793 3151 3039 3220; x_wconf 84' lang='lat' dir='ltr'><strong>ambigua</strong></span> <span class='ocrx_word' id='word_1_815' title='bbox 3069 3150 3336 3205; x_wconf 88' lang='lat' dir='ltr'><strong>scribendi</strong></span> <span class='ocrx_word' id='word_1_816' title='bbox 3386 3151 3578 3217; x_wconf 79' lang='lat' dir='ltr'><strong>forma,</strong></span> <span class='ocrx_word' id='word_1_817' title='bbox 3611 3165 3764 3220; x_wconf 83' lang='lat' dir='ltr'><strong>quam</strong></span> 
     </span>
    </p>
   </div>
   <div class='ocr_carea' id='block_1_120' title="bbox 2121 3207 3764 3288">
    <p class='ocr_par' dir='ltr' id='par_1_120' title="bbox 2121 3207 3764 3288">
     <span class='ocr_line' id='line_1_120' title="bbox 2121 3207 3764 3288; baseline 0.002 -19"><span class='ocrx_word' id='word_1_818' title='bbox 2121 3207 2167 3269; x_wconf 89' lang='lat' dir='ltr'>C</span> <span class='ocrx_word' id='word_1_819' title='bbox 2200 3216 2450 3287; x_wconf 83' lang='lat' dir='ltr'><strong>Pelagius</strong></span> <span class='ocrx_word' id='word_1_820' title='bbox 2478 3219 2532 3273; x_wconf 93' lang='lat' dir='ltr'><strong>in</strong></span> <span class='ocrx_word' id='word_1_821' title='bbox 2563 3219 2786 3288; x_wconf 87' lang='lat' dir='ltr'><strong>epistola</strong></span> <span class='ocrx_word' id='word_1_822' title='bbox 2819 3207 3093 3286; x_wconf 67' lang='lat' dir='ltr'><strong>adhibuit,</strong></span> <span class='ocrx_word' id='word_1_823' title='bbox 3127 3236 3232 3274; x_wconf 91' lang='lat' dir='ltr'><strong>non</strong></span> <span class='ocrx_word' id='word_1_824' title='bbox 3265 3231 3467 3275; x_wconf 91' lang='lat' dir='ltr'><strong>tantum</strong></span> <span class='ocrx_word' id='word_1_825' title='bbox 3498 3207 3764 3275; x_wconf 51' lang='lat' dir='ltr'><strong>ut&#39;lliero-</strong></span> 
     </span>
    </p>
   </div>
   <div class='ocr_carea' id='block_1_121' title="bbox 2203 3290 3765 3360">
    <p class='ocr_par' dir='ltr' id='par_1_121' title="bbox 2203 3290 3765 3360">
     <span class='ocr_line' id='line_1_121' title="bbox 2203 3290 3765 3360; baseline 0.004 -22"><span class='ocrx_word' id='word_1_826' title='bbox 2203 3302 2394 3360; x_wconf 79' lang='lat' dir='ltr'><strong>nymus</strong></span> <span class='ocrx_word' id='word_1_827' title='bbox 2426 3291 2555 3344; x_wconf 91' lang='lat' dir='ltr'><strong>nihil</strong></span> <span class='ocrx_word' id='word_1_828' title='bbox 2602 3290 2725 3344; x_wconf 86' lang='lat' dir='ltr'><strong>inde</strong></span> <span class='ocrx_word' id='word_1_829' title='bbox 2755 3293 2971 3360; x_wconf 82' lang='lat' dir='ltr'><strong>cxcerpi</strong></span> <span class='ocrx_word' id='word_1_830' title='bbox 3000 3292 3269 3355; x_wconf 88' lang='lat' dir='ltr'><strong>voluerit,</strong></span> <span class='ocrx_word' id='word_1_831' title='bbox 3299 3291 3438 3360; x_wconf 87' lang='lat' dir='ltr'><strong>quod</strong></span> <span class='ocrx_word' id='word_1_832' title='bbox 3471 3290 3686 3359; x_wconf 82' lang='lat' dir='ltr'><strong>Pelagio</strong></span> <span class='ocrx_word' id='word_1_833' title='bbox 3715 3293 3765 3344; x_wconf 92' lang='lat' dir='ltr'><strong>in</strong></span> 
     </span>
    </p>
   </div>
   <div class='ocr_carea' id='block_1_122' title="bbox 2195 3356 3768 3430">
    <p class='ocr_par' dir='ltr' id='par_1_122' title="bbox 2195 3356 3768 3430">
     <span class='ocr_line' id='line_1_122' title="bbox 2195 3356 3768 3430; baseline 0.003 -21"><span class='ocrx_word' id='word_1_834' title='bbox 2195 3356 2402 3430; x_wconf 86' lang='lat' dir='ltr'><strong>judicio</strong></span> <span class='ocrx_word' id='word_1_835' title='bbox 2443 3361 2732 3427; x_wconf 81' lang='lat' dir='ltr'><strong>episcopali</strong></span> <span class='ocrx_word' id='word_1_836' title='bbox 2776 3356 3102 3430; x_wconf 79' lang='lat' dir='ltr'><strong>objiceretur</strong></span> <span class='ocrx_word' id='word_1_837' title='bbox 3139 3379 3150 3414; x_wconf 93' lang='lat'><strong>:</strong></span> <span class='ocrx_word' id='word_1_838' title='bbox 3193 3363 3284 3414; x_wconf 87' lang='lat' dir='ltr'><strong>sed</strong></span> <span class='ocrx_word' id='word_1_839' title='bbox 3317 3356 3481 3414; x_wconf 78' lang='lat' dir='ltr'><strong>etiam</strong></span> <span class='ocrx_word' id='word_1_840' title='bbox 3513 3370 3569 3414; x_wconf 85' lang='lat' dir='ltr'><strong>ut</strong></span> <span class='ocrx_word' id='word_1_841' title='bbox 3597 3356 3768 3415; x_wconf 75' lang='lat' dir='ltr'><strong>conﬁ-</strong></span> 
     </span>
    </p>
   </div>
   <div class='ocr_carea' id='block_1_123' title="bbox 2199 3428 3766 3498">
    <p class='ocr_par' dir='ltr' id='par_1_123' title="bbox 2199 3428 3766 3498">
     <span class='ocr_line' id='line_1_123' title="bbox 2199 3428 3766 3498; baseline 0.003 -18"><span class='ocrx_word' id='word_1_842' title='bbox 2199 3428 2390 3483; x_wconf 90' lang='lat' dir='ltr'><strong>denter</strong></span> <span class='ocrx_word' id='word_1_843' title='bbox 2434 3431 2681 3498; x_wconf 71' lang='lat' dir='ltr'><strong>Pelagius</strong></span> <span class='ocrx_word' id='word_1_844' title='bbox 2710 3428 2901 3486; x_wconf 86' lang='lat' dir='ltr'><strong>librum</strong></span> <span class='ocrx_word' id='word_1_845' title='bbox 2933 3432 3073 3486; x_wconf 91' lang='lat' dir='ltr'><strong>hunc</strong></span> <span class='ocrx_word' id='word_1_846' title='bbox 3108 3431 3390 3484; x_wconf 79' lang='lat' dir='ltr'><strong>adduxerit</strong></span> <span class='ocrx_word' id='word_1_847' title='bbox 3426 3432 3477 3484; x_wconf 91' lang='lat' dir='ltr'><strong>iu</strong></span> <span class='ocrx_word' id='word_1_848' title='bbox 3507 3446 3620 3484; x_wconf 68' lang='lat' dir='ltr'><strong>sua:</strong></span> <span class='ocrx_word' id='word_1_849' title='bbox 3647 3431 3766 3486; x_wconf 89' lang='lat' dir='ltr'><strong>ﬁdei</strong></span> 
     </span>
    </p>
   </div>
   <div class='ocr_carea' id='block_1_124' title="bbox 2201 3501 3765 3569">
    <p class='ocr_par' dir='ltr' id='par_1_124' title="bbox 2201 3501 3765 3569">
     <span class='ocr_line' id='line_1_124' title="bbox 2201 3501 3765 3569; baseline 0.003 -19"><span class='ocrx_word' id='word_1_850' title='bbox 2201 3506 2411 3552; x_wconf 90' lang='lat' dir='ltr'><strong>testem.</strong></span> <span class='ocrx_word' id='word_1_851' title='bbox 2462 3501 2594 3555; x_wconf 91' lang='lat' dir='ltr'><strong>Cum</strong></span> <span class='ocrx_word' id='word_1_852' title='bbox 2625 3502 2765 3554; x_wconf 89' lang='lat' dir='ltr'><strong>enim</strong></span> <span class='ocrx_word' id='word_1_853' title='bbox 2816 3502 2993 3554; x_wconf 86' lang='lat' dir='ltr'><strong>omnia</strong></span> <span class='ocrx_word' id='word_1_854' title='bbox 3035 3502 3317 3554; x_wconf 87' lang='lat' dir='ltr'><strong>commode</strong></span> <span class='ocrx_word' id='word_1_855' title='bbox 3360 3502 3612 3567; x_wconf 74' lang='lat' dir='ltr'><strong>explicari</strong></span> <span class='ocrx_word' id='word_1_856' title='bbox 3646 3515 3765 3569; x_wconf 89' lang='lat' dir='ltr'><strong>pos-</strong></span> 
     </span>
    </p>
   </div>
   <div class='ocr_carea' id='block_1_125' title="bbox 2199 3571 3765 3640">
    <p class='ocr_par' dir='ltr' id='par_1_125' title="bbox 2199 3571 3765 3640">
     <span class='ocr_line' id='line_1_125' title="bbox 2199 3571 3765 3640; baseline 0.003 -20"><span class='ocrx_word' id='word_1_857' title='bbox 2199 3579 2350 3640; x_wconf 84' lang='lat' dir='ltr'><strong>sent,</strong></span> <span class='ocrx_word' id='word_1_858' title='bbox 2379 3580 2594 3639; x_wconf 70' lang='lat' dir='ltr'><strong>promer</strong></span> <span class='ocrx_word' id='word_1_859' title='bbox 2627 3571 2914 3640; x_wconf 85' lang='lat' dir='ltr'><strong>ancipitem</strong></span> <span class='ocrx_word' id='word_1_860' title='bbox 2958 3585 3145 3624; x_wconf 87' lang='lat' dir='ltr'><strong>vocum</strong></span> <span class='ocrx_word' id='word_1_861' title='bbox 3176 3571 3579 3637; x_wconf 82' lang='lat' dir='ltr'><strong>intelligentiam</strong></span> <span class='ocrx_word' id='word_1_862' title='bbox 3600 3613 3614 3633; x_wconf 92' lang='lat'><strong>,</strong></span> <span class='ocrx_word' id='word_1_863' title='bbox 3645 3587 3765 3637; x_wconf 88' lang='lat' dir='ltr'><strong>pru-</strong></span> 
     </span>
    </p>
   </div>
   <div class='ocr_carea' id='block_1_126' title="bbox 2198 3637 3762 3708">
    <p class='ocr_par' dir='ltr' id='par_1_126' title="bbox 2198 3637 3762 3708">
     <span class='ocr_line' id='line_1_126' title="bbox 2198 3637 3762 3708; baseline 0.003 -18"><span class='ocrx_word' id='word_1_864' title='bbox 2198 3637 2386 3693; x_wconf 91' lang='lat' dir='ltr'><strong>denter</strong></span> <span class='ocrx_word' id='word_1_865' title='bbox 2414 3637 2520 3694; x_wconf 77' lang='lat' dir='ltr'><strong>non</strong></span> <span class='ocrx_word' id='word_1_866' title='bbox 2564 3637 2784 3703; x_wconf 58' lang='lat' dir='ltr'><strong>debuit,</strong></span> <span class='ocrx_word' id='word_1_867' title='bbox 2824 3641 2907 3693; x_wconf 89' lang='lat' dir='ltr'><strong>vir</strong></span> <span class='ocrx_word' id='word_1_868' title='bbox 2953 3641 3149 3708; x_wconf 85' lang='lat' dir='ltr'><strong>alioqui</strong></span> <span class='ocrx_word' id='word_1_869' title='bbox 3197 3654 3295 3707; x_wconf 89' lang='lat' dir='ltr'><strong>pro</strong></span> <span class='ocrx_word' id='word_1_870' title='bbox 3343 3642 3483 3694; x_wconf 88' lang='lat' dir='ltr'><strong>bono</strong></span> <span class='ocrx_word' id='word_1_871' title='bbox 3532 3641 3762 3703; x_wconf 87' lang='lat' dir='ltr'><strong>habitus.</strong></span> 
     </span>
    </p>
   </div>
   <div class='ocr_carea' id='block_1_127' title="bbox 2197 3709 3765 3780">
    <p class='ocr_par' dir='ltr' id='par_1_127' title="bbox 2197 3709 3765 3780">
     <span class='ocr_line' id='line_1_127' title="bbox 2197 3709 3765 3780; baseline 0.003 -20"><span class='ocrx_word' id='word_1_872' title='bbox 2197 3709 2341 3780; x_wconf 81' lang='lat' dir='ltr'><strong>dubii</strong></span> <span class='ocrx_word' id='word_1_873' title='bbox 2373 3711 2617 3766; x_wconf 85' lang='lat' dir='ltr'><strong>criminis</strong></span> <span class='ocrx_word' id='word_1_874' title='bbox 2649 3727 2771 3766; x_wconf 90' lang='lat' dir='ltr'><strong>reus</strong></span> <span class='ocrx_word' id='word_1_875' title='bbox 2801 3711 2980 3780; x_wconf 84' lang='lat' dir='ltr'><strong>peragi</strong></span> <span class='ocrx_word' id='word_1_876' title='bbox 3015 3729 3027 3762; x_wconf 89' lang='lat'><strong>:</strong></span> <span class='ocrx_word' id='word_1_877' title='bbox 3071 3725 3241 3779; x_wconf 85' lang='lat' dir='ltr'><strong>neque</strong></span> <span class='ocrx_word' id='word_1_878' title='bbox 3273 3711 3443 3777; x_wconf 86' lang='lat' dir='ltr'><strong>potuit</strong></span> <span class='ocrx_word' id='word_1_879' title='bbox 3474 3712 3649 3778; x_wconf 79' lang='lat' dir='ltr'><strong>urgeri</strong></span> <span class='ocrx_word' id='word_1_880' title='bbox 3677 3726 3765 3764; x_wconf 75' lang='lat' dir='ltr'><strong>vc-</strong></span> 
     </span>
    </p>
   </div>
   <div class='ocr_carea' id='block_1_128' title="bbox 2198 3778 3766 3850">
    <p class='ocr_par' dir='ltr' id='par_1_128' title="bbox 2198 3778 3766 3850">
     <span class='ocr_line' id='line_1_128' title="bbox 2198 3778 3766 3850; baseline 0.001 -18"><span class='ocrx_word' id='word_1_881' title='bbox 2198 3778 2475 3850; x_wconf 85' lang='lat' dir='ltr'><strong>hementer</strong></span> <span class='ocrx_word' id='word_1_882' title='bbox 2505 3797 2572 3837; x_wconf 92' lang='lat' dir='ltr'><strong>eo</strong></span> <span class='ocrx_word' id='word_1_883' title='bbox 2605 3792 2740 3836; x_wconf 88' lang='lat' dir='ltr'><strong>teste</strong></span> <span class='ocrx_word' id='word_1_884' title='bbox 2766 3783 2920 3849; x_wconf 88' lang='lat' dir='ltr'><strong>cujus</strong></span> <span class='ocrx_word' id='word_1_885' title='bbox 2940 3778 3001 3840; x_wconf 32' lang='lat' dir='ltr'><strong>iet</strong></span> <span class='ocrx_word' id='word_1_886' title='bbox 3030 3778 3193 3834; x_wconf 83' lang='lat' dir='ltr'><strong>verba</strong></span> <span class='ocrx_word' id='word_1_887' title='bbox 3236 3781 3536 3850; x_wconf 87' lang='lat' dir='ltr'><strong>benignitas</strong></span> <span class='ocrx_word' id='word_1_888' title='bbox 3573 3781 3766 3846; x_wconf 89' lang='lat' dir='ltr'><strong>judicis</strong></span> 
     </span>
    </p>
   </div>
   <div class='ocr_carea' id='block_1_129' title="bbox 2197 3849 3764 3918">
    <p class='ocr_par' dir='ltr' id='par_1_129' title="bbox 2197 3849 3764 3918">
     <span class='ocr_line' id='line_1_129' title="bbox 2197 3849 3764 3918; baseline 0.001 -16"><span class='ocrx_word' id='word_1_889' title='bbox 2197 3850 2250 3902; x_wconf 91' lang='lat' dir='ltr'><strong>iu</strong></span> <span class='ocrx_word' id='word_1_890' title='bbox 2276 3849 2474 3904; x_wconf 83' lang='lat' dir='ltr'><strong>b0num</strong></span> <span class='ocrx_word' id='word_1_891' title='bbox 2504 3867 2719 3908; x_wconf 90' lang='lat' dir='ltr'><strong>sensum</strong></span> <span class='ocrx_word' id='word_1_892' title='bbox 2750 3861 3005 3918; x_wconf 88' lang='lat' dir='ltr'><strong>sumeret,</strong></span> <span class='ocrx_word' id='word_1_893' title='bbox 3030 3860 3083 3905; x_wconf 88' lang='lat' dir='ltr'><strong>et</strong></span> <span class='ocrx_word' id='word_1_894' title='bbox 3107 3851 3262 3904; x_wconf 85' lang='lat' dir='ltr'><strong>ﬁdem</strong></span> <span class='ocrx_word' id='word_1_895' title='bbox 3292 3849 3644 3905; x_wconf 87' lang='lat' dir='ltr'><strong>Demetriadis</strong></span> <span class='ocrx_word' id='word_1_896' title='bbox 3675 3868 3764 3904; x_wconf 82' lang='lat' dir='ltr'><strong>uo-</strong></span> 
     </span>
    </p>
   </div>
   <div class='ocr_carea' id='block_1_130' title="bbox 2197 3930 2587 3988">
    <p class='ocr_par' dir='ltr' id='par_1_130' title="bbox 2197 3930 2587 3988">
     <span class='ocr_line' id='line_1_130' title="bbox 2197 3930 2587 3988; baseline 0.003 -15"><span class='ocrx_word' id='word_1_897' title='bbox 2197 3935 2318 3974; x_wconf 86' lang='lat' dir='ltr'><strong>tuen</strong></span> <span class='ocrx_word' id='word_1_898' title='bbox 2346 3930 2587 3988; x_wconf 83' lang='lat' dir='ltr'><strong>augeret.</strong></span> 
     </span>
    </p>
   </div>
   <div class='ocr_carea' id='block_1_131' title="bbox 2265 3989 3763 4059">
    <p class='ocr_par' dir='ltr' id='par_1_131' title="bbox 2265 3989 3763 4059">
     <span class='ocr_line' id='line_1_131' title="bbox 2265 3989 3763 4059; baseline 0.001 -16"><span class='ocrx_word' id='word_1_899' title='bbox 2265 3989 2407 4045; x_wconf 87' lang='lat' dir='ltr'><strong>Nihil</strong></span> <span class='ocrx_word' id='word_1_900' title='bbox 2434 3993 2590 4046; x_wconf 77' lang='lat' dir='ltr'><strong>iStius</strong></span> <span class='ocrx_word' id='word_1_901' title='bbox 2613 3991 2736 4046; x_wconf 91' lang='lat' dir='ltr'><strong>libri</strong></span> <span class='ocrx_word' id='word_1_902' title='bbox 2769 4005 2910 4046; x_wconf 89' lang='lat' dir='ltr'><strong>nunc</strong></span> <span class='ocrx_word' id='word_1_903' title='bbox 2945 3990 3260 4054; x_wconf 73' lang='lat' dir='ltr'><strong>exhibetur,</strong></span> <span class='ocrx_word' id='word_1_904' title='bbox 3289 3990 3410 4058; x_wconf 89' lang='lat' dir='ltr'><strong>quia</strong></span> <span class='ocrx_word' id='word_1_905' title='bbox 3439 3990 3649 4059; x_wconf 81' lang='lat' dir='ltr'><strong>integer</strong></span> <span class='ocrx_word' id='word_1_906' title='bbox 3677 4005 3763 4044; x_wconf 86' lang='lat' dir='ltr'><strong>re-</strong></span> 
     </span>
    </p>
   </div>
   <div class='ocr_carea' id='block_1_132' title="bbox 2197 4061 3758 4132">
    <p class='ocr_par' dir='ltr' id='par_1_132' title="bbox 2197 4061 3758 4132">
     <span class='ocr_line' id='line_1_132' title="bbox 2197 4061 3758 4132; baseline 0.001 -19"><span class='ocrx_word' id='word_1_907' title='bbox 2197 4062 2398 4129; x_wconf 87' lang='lat' dir='ltr'><strong>peritur</strong></span> <span class='ocrx_word' id='word_1_908' title='bbox 2427 4070 2546 4127; x_wconf 86' lang='lat' dir='ltr'><strong>post</strong></span> <span class='ocrx_word' id='word_1_909' title='bbox 2583 4062 2836 4132; x_wconf 89' lang='lat' dir='ltr'><strong>epistolas</strong></span> <span class='ocrx_word' id='word_1_910' title='bbox 2857 4102 2873 4130; x_wconf 88' lang='lat'><strong>,</strong></span> <span class='ocrx_word' id='word_1_911' title='bbox 2903 4061 3016 4117; x_wconf 87' lang='lat' dir='ltr'><strong>sive</strong></span> <span class='ocrx_word' id='word_1_912' title='bbox 3058 4061 3365 4132; x_wconf 79' lang='lat' dir='ltr'><strong>Hieronymi</strong></span> <span class='ocrx_word' id='word_1_913' title='bbox 3390 4101 3408 4127; x_wconf 95' lang='lat'><strong>,</strong></span> <span class='ocrx_word' id='word_1_914' title='bbox 3436 4063 3549 4115; x_wconf 89' lang='lat' dir='ltr'><strong>sive</strong></span> <span class='ocrx_word' id='word_1_915' title='bbox 3577 4062 3758 4131; x_wconf 82' lang='lat' dir='ltr'><strong>Augu-</strong></span> 
     </span>
    </p>
   </div>
   <div class='ocr_carea' id='block_1_133' title="bbox 2191 4131 2860 4202">
    <p class='ocr_par' dir='ltr' id='par_1_133' title="bbox 2191 4131 2860 4202">
     <span class='ocr_line' id='line_1_133' title="bbox 2191 4131 2860 4202; baseline 0.001 -17"><span class='ocrx_word' id='word_1_916' title='bbox 2191 4131 2342 4196; x_wconf 90' lang='lat' dir='ltr'><strong>stini,</strong></span> <span class='ocrx_word' id='word_1_917' title='bbox 2374 4132 2512 4187; x_wconf 91' lang='lat' dir='ltr'><strong>inter</strong></span> <span class='ocrx_word' id='word_1_918' title='bbox 2537 4131 2860 4202; x_wconf 86' lang='lat' dir='ltr'><strong>rejectanea.</strong></span> 
     </span>
    </p>
   </div>
   <div class='ocr_carea' id='block_1_134' title="bbox 2195 4243 3760 4317">
    <p class='ocr_par' dir='ltr' id='par_1_134' title="bbox 2195 4243 3760 4317">
     <span class='ocr_line' id='line_1_134' title="bbox 2195 4243 3760 4317; baseline 0.001 -19"><span class='ocrx_word' id='word_1_919' title='bbox 2195 4243 2436 4317; x_wconf 85' lang='lat' dir='ltr'><strong>Secunda</strong></span> <span class='ocrx_word' id='word_1_920' title='bbox 2462 4243 2662 4317; x_wconf 87' lang='lat' dir='ltr'><strong>Pelagii</strong></span> <span class='ocrx_word' id='word_1_921' title='bbox 2687 4245 2755 4299; x_wconf 88' lang='lat' dir='ltr'><strong>ad</strong></span> <span class='ocrx_word' id='word_1_922' title='bbox 2781 4245 2844 4300; x_wconf 88' lang='lat' dir='ltr'><strong>S.</strong></span> <span class='ocrx_word' id='word_1_923' title='bbox 2876 4244 3211 4317; x_wconf 73' lang='lat' dir='ltr'><strong>Augustinum</strong></span> <span class='ocrx_word' id='word_1_924' title='bbox 3237 4244 3475 4317; x_wconf 84' lang='lat' dir='ltr'><strong>epistola,</strong></span> <span class='ocrx_word' id='word_1_925' title='bbox 3503 4260 3590 4298; x_wconf 79' lang='lat' dir='ltr'><strong>seu</strong></span> <span class='ocrx_word' id='word_1_926' title='bbox 3611 4245 3760 4299; x_wconf 83' lang='lat' dir='ltr'><strong>chat-</strong></span> 
     </span>
    </p>
   </div>
   <div class='ocr_carea' id='block_1_135' title="bbox 2333 4313 3622 4388">
    <p class='ocr_par' dir='ltr' id='par_1_135' title="bbox 2333 4313 3622 4388">
     <span class='ocr_line' id='line_1_135' title="bbox 2333 4313 3622 4388; baseline -0.002 -20"><span class='ocrx_word' id='word_1_927' title='bbox 2333 4315 2443 4369; x_wconf 90' lang='lat' dir='ltr'><strong>tula</strong></span> <span class='ocrx_word' id='word_1_928' title='bbox 2471 4313 2794 4388; x_wconf 67' lang='lat' dir='ltr'><strong>purgationis</strong></span> <span class='ocrx_word' id='word_1_929' title='bbox 2819 4313 2973 4368; x_wconf 78' lang='lat' dir='ltr'><strong>missa</strong></span> <span class='ocrx_word' id='word_1_930' title='bbox 2997 4331 3086 4385; x_wconf 88' lang='lat' dir='ltr'><strong>per</strong></span> <span class='ocrx_word' id='word_1_931' title='bbox 3112 4313 3300 4368; x_wconf 83' lang='lat' dir='ltr'><strong>Carum</strong></span> <span class='ocrx_word' id='word_1_932' title='bbox 3327 4315 3622 4367; x_wconf 81' lang='lat' dir='ltr'><strong>diaconum.</strong></span> 
     </span>
    </p>
   </div>
   <div class='ocr_carea' id='block_1_136' title="bbox 2263 4406 3761 4477">
    <p class='ocr_par' dir='ltr' id='par_1_136' title="bbox 2263 4406 3761 4477">
     <span class='ocr_line' id='line_1_136' title="bbox 2263 4406 3761 4477; baseline -0.002 -14"><span class='ocrx_word' id='word_1_933' title='bbox 2263 4409 2432 4464; x_wconf 83' lang='lat' dir='ltr'><strong>Nemo</strong></span> <span class='ocrx_word' id='word_1_934' title='bbox 2479 4421 2763 4474; x_wconf 88' lang='lat' dir='ltr'><strong>veterum,</strong></span> <span class='ocrx_word' id='word_1_935' title='bbox 2809 4408 2950 4477; x_wconf 90' lang='lat' dir='ltr'><strong>quod</strong></span> <span class='ocrx_word' id='word_1_936' title='bbox 2997 4409 3161 4462; x_wconf 88' lang='lat' dir='ltr'><strong>sciam</strong></span> <span class='ocrx_word' id='word_1_937' title='bbox 3189 4448 3204 4476; x_wconf 91' lang='lat'><strong>,</strong></span> <span class='ocrx_word' id='word_1_938' title='bbox 3253 4408 3499 4462; x_wconf 90' lang='lat' dir='ltr'><strong>meminit</strong></span> <span class='ocrx_word' id='word_1_939' title='bbox 3547 4406 3761 4476; x_wconf 82' lang='lat' dir='ltr'><strong>hujusce</strong></span> 
     </span>
    </p>
   </div>
   <div class='ocr_carea' id='block_1_137' title="bbox 2195 4477 3760 4599">
    <p class='ocr_par' dir='ltr' id='par_1_137' title="bbox 2195 4477 3760 4599">
     <span class='ocr_line' id='line_1_137' title="bbox 2195 4477 3760 4549; baseline -0.001 -17"><span class='ocrx_word' id='word_1_940' title='bbox 2195 4481 2482 4543; x_wconf 74' lang='lat' dir='ltr'><strong>chartulm,</strong></span> <span class='ocrx_word' id='word_1_941' title='bbox 2535 4492 2733 4549; x_wconf 68' lang='lat' dir='ltr'><strong>praeter</strong></span> <span class='ocrx_word' id='word_1_942' title='bbox 2783 4479 3179 4548; x_wconf 80' lang='lat' dir='ltr'><strong>Augustinum,</strong></span> <span class='ocrx_word' id='word_1_943' title='bbox 3227 4477 3380 4545; x_wconf 89' lang='lat' dir='ltr'><strong>cujus</strong></span> <span class='ocrx_word' id='word_1_944' title='bbox 3425 4479 3478 4532; x_wconf 89' lang='lat' dir='ltr'><strong>in</strong></span> <span class='ocrx_word' id='word_1_945' title='bbox 3528 4478 3668 4531; x_wconf 90' lang='lat' dir='ltr'><strong>libro</strong></span> <span class='ocrx_word' id='word_1_946' title='bbox 3697 4477 3760 4530; x_wconf 89' lang='lat' dir='ltr'><strong>de</strong></span> 
     </span>
     <span class='ocr_line' id='line_1_138' title="bbox 2196 4545 3758 4599; baseline -0.001 0"><span class='ocrx_word' id='word_1_947' title='bbox 2196 4552 2372 4599; x_wconf 69' lang='lat' dir='ltr'><strong>(lastis</strong></span> <span class='ocrx_word' id='word_1_948' title='bbox 2421 4551 2720 4599; x_wconf 68' lang='lat' dir='ltr'><strong>Palmstinis</strong></span> <span class='ocrx_word' id='word_1_949' title='bbox 2765 4549 3032 4599; x_wconf 64' lang='lat' dir='ltr'><strong>tamam</strong></span> <span class='ocrx_word' id='word_1_950' title='bbox 3083 4558 3207 4599; x_wconf 89' lang='lat' dir='ltr'><strong>sunt</strong></span> <span class='ocrx_word' id='word_1_951' title='bbox 3251 4550 3364 4599; x_wconf 81' lang='lat' dir='ltr'><strong>lia-c</strong></span> <span class='ocrx_word' id='word_1_952' title='bbox 3403 4548 3565 4599; x_wconf 86' lang='lat' dir='ltr'><strong>verba</strong></span> <span class='ocrx_word' id='word_1_953' title='bbox 3609 4564 3624 4599; x_wconf 91' lang='lat'><strong>:</strong></span> <span class='ocrx_word' id='word_1_954' title='bbox 3672 4545 3758 4599; x_wconf 81' lang='lat' dir='ltr'><strong>Est</strong></span> 
     </span>
    </p>
   </div>
   <div class='ocr_carea' id='block_1_138' title="bbox 3697 4557 3758 4599">
    <p class='ocr_par' dir='ltr' id='par_1_138' title="bbox 3697 4557 3758 4599">
     <span class='ocr_line' id='line_1_139' title="bbox 3697 4557 3758 4599; baseline -0.033 0"><span class='ocrx_word' id='word_1_955' title='bbox 3697 4557 3758 4599; x_wconf 64' lang='lat'><strong>58!</strong></span> 
     </span>
    </p>
   </div>
   <div class='ocr_carea' id='block_1_139' title="bbox 2194 4616 3759 4688">
    <p class='ocr_par' dir='ltr' id='par_1_139' title="bbox 2194 4616 3759 4688">
     <span class='ocr_line' id='line_1_140' title="bbox 2194 4616 3759 4688; baseline -0.004 -14"><span class='ocrx_word' id='word_1_956' title='bbox 2194 4621 2338 4674; x_wconf 83' lang='lat' dir='ltr'><strong>aliud</strong></span> <span class='ocrx_word' id='word_1_957' title='bbox 2359 4661 2373 4686; x_wconf 93' lang='lat'><strong>,</strong></span> <span class='ocrx_word' id='word_1_958' title='bbox 2403 4622 2536 4688; x_wconf 88' lang='lat' dir='ltr'><strong>quod</strong></span> <span class='ocrx_word' id='word_1_959' title='bbox 2572 4621 2721 4674; x_wconf 81' lang='lat' dir='ltr'><strong>silere</strong></span> <span class='ocrx_word' id='word_1_960' title='bbox 2748 4616 2850 4672; x_wconf 81' lang='lat' dir='ltr'><strong>non</strong></span> <span class='ocrx_word' id='word_1_961' title='bbox 2868 4616 3054 4673; x_wconf 78' lang='lat' dir='ltr'><strong>debeo.</strong></span> <span class='ocrx_word' id='word_1_962' title='bbox 3098 4617 3162 4688; x_wconf 73' lang='lat' dir='ltr'><strong>In</strong></span> <span class='ocrx_word' id='word_1_963' title='bbox 3188 4616 3422 4670; x_wconf 85' lang='lat' dir='ltr'><strong>chartula</strong></span> <span class='ocrx_word' id='word_1_964' title='bbox 3458 4618 3759 4688; x_wconf 74' lang='lat' dir='ltr'><strong>defensionis</strong></span> 
     </span>
    </p>
   </div>
   <div class='ocr_carea' id='block_1_140' title="bbox 2191 4685 3758 4760">
    <p class='ocr_par' dir='ltr' id='par_1_140' title="bbox 2191 4685 3758 4760">
     <span class='ocr_line' id='line_1_141' title="bbox 2191 4685 3758 4760; baseline -0.006 -14"><span class='ocrx_word' id='word_1_965' title='bbox 2191 4708 2298 4746; x_wconf 72' lang='lat' dir='ltr'><strong>sua:</strong></span> <span class='ocrx_word' id='word_1_966' title='bbox 2321 4733 2334 4756; x_wconf 96' lang='lat'><strong>,</strong></span> <span class='ocrx_word' id='word_1_967' title='bbox 2361 4685 2518 4760; x_wconf 83' lang='lat' dir='ltr'><strong>quam</strong></span> <span class='ocrx_word' id='word_1_968' title='bbox 2546 4691 2673 4742; x_wconf 83' lang='lat' dir='ltr'><strong>mihi</strong></span> <span class='ocrx_word' id='word_1_969' title='bbox 2702 4707 2791 4760; x_wconf 85' lang='lat' dir='ltr'><strong>per</strong></span> <span class='ocrx_word' id='word_1_970' title='bbox 2819 4690 3088 4758; x_wconf 87' lang='lat' dir='ltr'><strong>quemdam</strong></span> <span class='ocrx_word' id='word_1_971' title='bbox 3116 4685 3302 4760; x_wconf 78' lang='lat' dir='ltr'><strong>Carum</strong></span> <span class='ocrx_word' id='word_1_972' title='bbox 3319 4728 3333 4749; x_wconf 89' lang='lat'><strong>,</strong></span> <span class='ocrx_word' id='word_1_973' title='bbox 3372 4685 3601 4740; x_wconf 82' lang='lat' dir='ltr'><strong>nostrum</strong></span> <span class='ocrx_word' id='word_1_974' title='bbox 3634 4687 3758 4760; x_wconf 56' lang='lat' dir='ltr'><strong>Ilipa</strong></span> 
     </span>
    </p>
   </div>
   <div class='ocr_carea' id='block_1_141' title="bbox 2191 4757 3754 4831">
    <p class='ocr_par' dir='ltr' id='par_1_141' title="bbox 2191 4757 3754 4831">
     <span class='ocr_line' id='line_1_142' title="bbox 2191 4757 3754 4831; baseline -0.004 -17"><span class='ocrx_word' id='word_1_975' title='bbox 2191 4757 2463 4831; x_wconf 31' lang='lat' dir='ltr'><strong>ponens-em</strong></span> <span class='ocrx_word' id='word_1_976' title='bbox 2488 4761 2671 4824; x_wconf 85' lang='lat' dir='ltr'><strong>civem,</strong></span> <span class='ocrx_word' id='word_1_977' title='bbox 2704 4757 3019 4831; x_wconf 77' lang='lat' dir='ltr'><strong>Orientalem</strong></span> <span class='ocrx_word' id='word_1_978' title='bbox 3055 4768 3221 4831; x_wconf 81' lang='lat' dir='ltr'><strong>autem</strong></span> <span class='ocrx_word' id='word_1_979' title='bbox 3251 4757 3564 4831; x_wconf 77' lang='lat' dir='ltr'><strong>diaconum,</strong></span> <span class='ocrx_word' id='word_1_980' title='bbox 3607 4757 3754 4831; x_wconf 77' lang='lat' dir='ltr'><strong>misit,</strong></span> 
     </span>
    </p>
   </div>
   <div class='ocr_carea' id='block_1_142' title="bbox 2191 4827 3759 4901">
    <p class='ocr_par' dir='ltr' id='par_1_142' title="bbox 2191 4827 3759 4901">
     <span class='ocr_line' id='line_1_143' title="bbox 2191 4827 3759 4901; baseline -0.004 -17"><span class='ocrx_word' id='word_1_981' title='bbox 2191 4827 2308 4901; x_wconf 67' lang='lat' dir='ltr'><strong>fecit</strong></span> <span class='ocrx_word' id='word_1_982' title='bbox 2334 4831 2529 4901; x_wconf 87' lang='lat' dir='ltr'><strong>aliquid</strong></span> <span class='ocrx_word' id='word_1_983' title='bbox 2556 4832 2692 4896; x_wconf 90' lang='lat' dir='ltr'><strong>quod</strong></span> <span class='ocrx_word' id='word_1_984' title='bbox 2734 4829 2960 4901; x_wconf 75' lang='lat' dir='ltr'><strong>aliterse</strong></span> <span class='ocrx_word' id='word_1_985' title='bbox 2998 4829 3176 4901; x_wconf 79' lang='lat' dir='ltr'><strong>habeat</strong></span> <span class='ocrx_word' id='word_1_986' title='bbox 3195 4843 3358 4901; x_wconf 71' lang='lat' dir='ltr'><strong>quam</strong></span> <span class='ocrx_word' id='word_1_987' title='bbox 3387 4828 3544 4901; x_wconf 77' lang='lat' dir='ltr'><strong>gestis</strong></span> <span class='ocrx_word' id='word_1_988' title='bbox 3574 4827 3759 4893; x_wconf 83' lang='lat' dir='ltr'><strong>cpisco-</strong></span> 
     </span>
    </p>
   </div>
   <div class='ocr_carea' id='block_1_143' title="bbox 2192 4896 3759 4969">
    <p class='ocr_par' dir='ltr' id='par_1_143' title="bbox 2192 4896 3759 4969">
     <span class='ocr_line' id='line_1_144' title="bbox 2192 4896 3759 4969; baseline -0.006 -14"><span class='ocrx_word' id='word_1_989' title='bbox 2192 4896 2390 4969; x_wconf 78' lang='lat' dir='ltr'><strong>palibus</strong></span> <span class='ocrx_word' id='word_1_990' title='bbox 2411 4896 2716 4954; x_wconf 77' lang='lat' dir='ltr'><strong>continetur.</strong></span> <span class='ocrx_word' id='word_1_991' title='bbox 2745 4899 2894 4964; x_wconf 81' lang='lat' dir='ltr'><strong>Quod</strong></span> <span class='ocrx_word' id='word_1_992' title='bbox 2919 4909 3090 4952; x_wconf 86' lang='lat' dir='ltr'><strong>autem</strong></span> <span class='ocrx_word' id='word_1_993' title='bbox 3117 4897 3300 4969; x_wconf 77' lang='lat' dir='ltr'><strong>habent</strong></span> <span class='ocrx_word' id='word_1_994' title='bbox 3320 4896 3458 4966; x_wconf 81' lang='lat' dir='ltr'><strong>gesta</strong></span> <span class='ocrx_word' id='word_1_995' title='bbox 3488 4896 3640 4969; x_wconf 81' lang='lat' dir='ltr'><strong>longe</strong></span> <span class='ocrx_word' id='word_1_996' title='bbox 3667 4911 3759 4969; x_wconf 76' lang='lat' dir='ltr'><strong>rne-</strong></span> 
     </span>
    </p>
   </div>
   <div class='ocr_carea' id='block_1_144' title="bbox 2190 4965 3758 5038">
    <p class='ocr_par' dir='ltr' id='par_1_144' title="bbox 2190 4965 3758 5038">
     <span class='ocr_line' id='line_1_145' title="bbox 2190 4965 3758 5038; baseline -0.006 -13"><span class='ocrx_word' id='word_1_997' title='bbox 2190 4965 2291 5024; x_wconf 82' lang='lat' dir='ltr'><strong>lius</strong></span> <span class='ocrx_word' id='word_1_998' title='bbox 2319 4981 2389 5024; x_wconf 85' lang='lat' dir='ltr'><strong>est</strong></span> <span class='ocrx_word' id='word_1_999' title='bbox 2418 4988 2479 5023; x_wconf 90' lang='lat' dir='ltr'><strong>ac</strong></span> <span class='ocrx_word' id='word_1_1000' title='bbox 2516 4971 2746 5038; x_wconf 75' lang='lat' dir='ltr'><strong>firmius,</strong></span> <span class='ocrx_word' id='word_1_1001' title='bbox 2777 4978 2821 5022; x_wconf 89' lang='lat' dir='ltr'><strong>et</strong></span> <span class='ocrx_word' id='word_1_1002' title='bbox 2852 4971 3053 5022; x_wconf 85' lang='lat' dir='ltr'><strong>omnino</strong></span> <span class='ocrx_word' id='word_1_1003' title='bbox 3089 4965 3354 5020; x_wconf 82' lang='lat' dir='ltr'><strong>enodatius</strong></span> <span class='ocrx_word' id='word_1_1004' title='bbox 3390 4981 3480 5033; x_wconf 88' lang='lat' dir='ltr'><strong>pro</strong></span> <span class='ocrx_word' id='word_1_1005' title='bbox 3515 4965 3758 5038; x_wconf 82' lang='lat' dir='ltr'><strong>catholica</strong></span> 
     </span>
    </p>
   </div>
   <div class='ocr_carea' id='block_1_145' title="bbox 2155 5037 3757 5108">
    <p class='ocr_par' dir='ltr' id='par_1_145' title="bbox 2155 5037 3757 5108">
     <span class='ocr_line' id='line_1_146' title="bbox 2155 5037 3757 5108; baseline -0.007 -12"><span class='ocrx_word' id='word_1_1006' title='bbox 2155 5093 2166 5096; x_wconf 86' lang='lat'><strong>-</strong></span> <span class='ocrx_word' id='word_1_1007' title='bbox 2183 5043 2394 5095; x_wconf 81' lang='lat' dir='ltr'><strong>veritate</strong></span> <span class='ocrx_word' id='word_1_1008' title='bbox 2413 5037 2586 5093; x_wconf 90' lang='lat' dir='ltr'><strong>contra</strong></span> <span class='ocrx_word' id='word_1_1009' title='bbox 2615 5041 2751 5093; x_wconf 81' lang='lat' dir='ltr'><strong>illius</strong></span> <span class='ocrx_word' id='word_1_1010' title='bbox 2771 5037 2980 5092; x_wconf 74' lang='lat' dir='ltr'><strong>Itarresis</strong></span> <span class='ocrx_word' id='word_1_1011' title='bbox 3005 5049 3194 5108; x_wconf 78' lang='lat' dir='ltr'><strong>pestem</strong></span> <span class='ocrx_word' id='word_1_1012' title='bbox 3216 5051 3234 5090; x_wconf 91' lang='lat'><strong><em>:</em></strong></span> <span class='ocrx_word' id='word_1_1013' title='bbox 3257 5053 3372 5088; x_wconf 89' lang='lat' dir='ltr'><strong>nam</strong></span> <span class='ocrx_word' id='word_1_1014' title='bbox 3399 5051 3512 5088; x_wconf 88' lang='lat' dir='ltr'><strong>cum</strong></span> <span class='ocrx_word' id='word_1_1015' title='bbox 3534 5037 3757 5108; x_wconf 75' lang='lat' dir='ltr'><strong>eamdem</strong></span> 
     </span>
    </p>
   </div>
   <div class='ocr_carea' id='block_1_146' title="bbox 2182 5106 3757 5181">
    <p class='ocr_par' dir='ltr' id='par_1_146' title="bbox 2182 5106 3757 5181">
     <span class='ocr_line' id='line_1_147' title="bbox 2182 5106 3757 5181; baseline -0.007 -14"><span class='ocrx_word' id='word_1_1016' title='bbox 2182 5111 2472 5167; x_wconf 79' lang='lat' dir='ltr'><strong>chartulam</strong></span> <span class='ocrx_word' id='word_1_1017' title='bbox 2493 5109 2705 5181; x_wconf 82' lang='lat' dir='ltr'><strong>legerem</strong></span> <span class='ocrx_word' id='word_1_1018' title='bbox 2724 5150 2738 5172; x_wconf 95' lang='lat'><strong>,</strong></span> <span class='ocrx_word' id='word_1_1019' title='bbox 2774 5106 3067 5181; x_wconf 79' lang='lat' dir='ltr'><strong>priusquam</strong></span> <span class='ocrx_word' id='word_1_1020' title='bbox 3096 5108 3161 5160; x_wconf 83' lang='lat' dir='ltr'><strong>ad</strong></span> <span class='ocrx_word' id='word_1_1021' title='bbox 3201 5123 3290 5181; x_wconf 76' lang='lat' dir='ltr'><strong>nos</strong></span> <span class='ocrx_word' id='word_1_1022' title='bbox 3317 5115 3458 5175; x_wconf 84' lang='lat' dir='ltr'><strong>gesta</strong></span> <span class='ocrx_word' id='word_1_1023' title='bbox 3486 5106 3757 5181; x_wconf 66' lang='lat' dir='ltr'><strong>venissent,</strong></span> 
     </span>
    </p>
   </div>
   <div class='ocr_carea' id='block_1_147' title="bbox 2184 5173 3760 5248">
    <p class='ocr_par' dir='ltr' id='par_1_147' title="bbox 2184 5173 3760 5248">
     <span class='ocr_line' id='line_1_148' title="bbox 2184 5173 3760 5248; baseline -0.007 -12"><span class='ocrx_word' id='word_1_1024' title='bbox 2184 5182 2466 5236; x_wconf 82' lang='lat' dir='ltr'><strong>nesciebam</strong></span> <span class='ocrx_word' id='word_1_1025' title='bbox 2490 5173 2687 5246; x_wconf 55' lang='lat' dir='ltr'><strong>ea&#39;ipsa</strong></span> <span class='ocrx_word' id='word_1_1026' title='bbox 2713 5173 2860 5231; x_wconf 85' lang='lat' dir='ltr'><strong>verba</strong></span> <span class='ocrx_word' id='word_1_1027' title='bbox 2885 5173 3130 5248; x_wconf 66' lang='lat' dir='ltr'><strong>posuisse,</strong></span> <span class='ocrx_word' id='word_1_1028' title='bbox 3152 5173 3356 5248; x_wconf 74' lang='lat' dir='ltr'><strong>quibus,</strong></span> <span class='ocrx_word' id='word_1_1029' title='bbox 3379 5191 3491 5228; x_wconf 85' lang='lat' dir='ltr'><strong>cum</strong></span> <span class='ocrx_word' id='word_1_1030' title='bbox 3521 5175 3589 5228; x_wconf 88' lang='lat' dir='ltr'><strong>ibi</strong></span> <span class='ocrx_word' id='word_1_1031' title='bbox 3615 5173 3760 5248; x_wconf 79' lang='lat' dir='ltr'><strong>ades-</strong></span> 
     </span>
    </p>
   </div>
   <div class='ocr_carea' id='block_1_148' title="bbox 2185 5246 3761 5320">
    <p class='ocr_par' dir='ltr' id='par_1_148' title="bbox 2185 5246 3761 5320">
     <span class='ocr_line' id='line_1_149' title="bbox 2185 5246 3761 5320; baseline -0.006 -16"><span class='ocrx_word' id='word_1_1032' title='bbox 2185 5262 2288 5313; x_wconf 86' lang='lat' dir='ltr'><strong>set,</strong></span> <span class='ocrx_word' id='word_1_1033' title='bbox 2317 5267 2440 5304; x_wconf 86' lang='lat' dir='ltr'><strong>usus</strong></span> <span class='ocrx_word' id='word_1_1034' title='bbox 2467 5259 2539 5303; x_wconf 87' lang='lat' dir='ltr'><strong>est</strong></span> <span class='ocrx_word' id='word_1_1035' title='bbox 2575 5251 2625 5300; x_wconf 89' lang='lat' dir='ltr'><strong>in</strong></span> <span class='ocrx_word' id='word_1_1036' title='bbox 2648 5246 2895 5320; x_wconf 29' lang='lat' dir='ltr'><strong>judicio;</strong></span> <span class='ocrx_word' id='word_1_1037' title='bbox 2922 5246 3096 5300; x_wconf 85' lang='lat' dir='ltr'><strong>Pauca</strong></span> <span class='ocrx_word' id='word_1_1038' title='bbox 3131 5247 3275 5320; x_wconf 74' lang='lat' dir='ltr'><strong>enim</strong></span> <span class='ocrx_word' id='word_1_1039' title='bbox 3317 5254 3363 5298; x_wconf 76' lang='lat' dir='ltr'><strong>et</strong></span> <span class='ocrx_word' id='word_1_1040' title='bbox 3400 5262 3501 5298; x_wconf 87' lang='lat' dir='ltr'><strong>non</strong></span> <span class='ocrx_word' id='word_1_1041' title='bbox 3550 5247 3761 5297; x_wconf 84' lang='lat' dir='ltr'><strong>multum</strong></span> 
     </span>
    </p>
   </div>
   <div class='ocr_carea' id='block_1_149' title="bbox 2186 5317 3409 5387">
    <p class='ocr_par' dir='ltr' id='par_1_149' title="bbox 2186 5317 3409 5387">
     <span class='ocr_line' id='line_1_150' title="bbox 2186 5317 3409 5387; baseline -0.007 -12"><span class='ocrx_word' id='word_1_1042' title='bbox 2186 5323 2335 5376; x_wconf 84' lang='lat' dir='ltr'><strong>aliter</strong></span> <span class='ocrx_word' id='word_1_1043' title='bbox 2360 5336 2410 5372; x_wconf 87' lang='lat' dir='ltr'><strong>se</strong></span> <span class='ocrx_word' id='word_1_1044' title='bbox 2435 5317 2735 5385; x_wconf 54' lang='lat' dir='ltr'><strong>habent,&#39;de</strong></span> <span class='ocrx_word' id='word_1_1045' title='bbox 2755 5318 2937 5387; x_wconf 85' lang='lat' dir='ltr'><strong>quibus</strong></span> <span class='ocrx_word' id='word_1_1046' title='bbox 2961 5333 3059 5370; x_wconf 86' lang='lat' dir='ltr'><strong>non</strong></span> <span class='ocrx_word' id='word_1_1047' title='bbox 3081 5317 3240 5387; x_wconf 85' lang='lat' dir='ltr'><strong>nimis</strong></span> <span class='ocrx_word' id='word_1_1048' title='bbox 3267 5331 3409 5367; x_wconf 88' lang='lat' dir='ltr'><strong>cura.</strong></span> 
     </span>
    </p>
   </div>
   <div class='ocr_carea' id='block_1_150' title="bbox 2259 5384 3762 5459">
    <p class='ocr_par' dir='ltr' id='par_1_150' title="bbox 2259 5384 3762 5459">
     <span class='ocr_line' id='line_1_151' title="bbox 2259 5384 3762 5459; baseline -0.006 -14"><span class='ocrx_word' id='word_1_1049' title='bbox 2259 5391 2514 5459; x_wconf 90' lang='lat' dir='ltr'><strong>Sequenti</strong></span> <span class='ocrx_word' id='word_1_1050' title='bbox 2543 5384 2670 5442; x_wconf 86' lang='lat' dir='ltr'><strong>vero</strong></span> <span class='ocrx_word' id='word_1_1051' title='bbox 2699 5384 2876 5456; x_wconf 82' lang='lat' dir='ltr'><strong>capite</strong></span> <span class='ocrx_word' id='word_1_1052' title='bbox 2905 5386 3160 5459; x_wconf 8' lang='lat' dir='ltr'><strong>ostendit,</strong></span> <span class='ocrx_word' id='word_1_1053' title='bbox 3187 5401 3346 5452; x_wconf 89' lang='lat' dir='ltr'><strong>quam</strong></span> <span class='ocrx_word' id='word_1_1054' title='bbox 3393 5384 3608 5459; x_wconf 78' lang='lat' dir='ltr'><strong>callide</strong></span> <span class='ocrx_word' id='word_1_1055' title='bbox 3633 5396 3762 5459; x_wconf 83' lang='lat' dir='ltr'><strong>con-</strong></span> 
     </span>
    </p>
   </div>
   <div class='ocr_carea' id='block_1_151' title="bbox 2193 5455 3762 5528">
    <p class='ocr_par' dir='ltr' id='par_1_151' title="bbox 2193 5455 3762 5528">
     <span class='ocr_line' id='line_1_152' title="bbox 2193 5455 3762 5528; baseline -0.006 -15"><span class='ocrx_word' id='word_1_1056' title='bbox 2193 5460 2315 5515; x_wconf 89' lang='lat' dir='ltr'><strong>ﬁcta</strong></span> <span class='ocrx_word' id='word_1_1057' title='bbox 2349 5455 2429 5512; x_wconf 59' lang='lat' dir='ltr'><strong>&#39;sit</strong></span> <span class='ocrx_word' id='word_1_1058' title='bbox 2471 5467 2749 5528; x_wconf 88' lang='lat' dir='ltr'><strong>gestorum</strong></span> <span class='ocrx_word' id='word_1_1059' title='bbox 2798 5458 2897 5528; x_wconf 80' lang='lat' dir='ltr'><strong>ista</strong></span> <span class='ocrx_word' id='word_1_1060' title='bbox 2929 5456 3414 5528; x_wconf 76' lang='lat' dir='ltr'><strong>Diospolitanorum</strong></span> <span class='ocrx_word' id='word_1_1061' title='bbox 3456 5455 3762 5528; x_wconf 58' lang='lat' dir='ltr'><strong>breviatur;</strong></span> 
     </span>
    </p>
   </div>
   <div class='ocr_carea' id='block_1_152' title="bbox 2191 5522 3762 5597">
    <p class='ocr_par' dir='ltr' id='par_1_152' title="bbox 2191 5522 3762 5597">
     <span class='ocr_line' id='line_1_153' title="bbox 2191 5522 3762 5597; baseline -0.004 -13"><span class='ocrx_word' id='word_1_1062' title='bbox 2191 5531 2406 5597; x_wconf 90' lang='lat' dir='ltr'><strong>duoque</strong></span> <span class='ocrx_word' id='word_1_1063' title='bbox 2437 5522 2640 5597; x_wconf 58' lang='lat' dir='ltr'><strong>piolert</strong></span> <span class='ocrx_word' id='word_1_1064' title='bbox 2667 5526 2934 5597; x_wconf 79' lang='lat' dir='ltr'><strong>exempla,</strong></span> <span class='ocrx_word' id='word_1_1065' title='bbox 2960 5522 3154 5594; x_wconf 79' lang='lat' dir='ltr'><strong>quibus</strong></span> <span class='ocrx_word' id='word_1_1066' title='bbox 3185 5525 3460 5597; x_wconf 73' lang='lat' dir='ltr'><strong>Pelagius,</strong></span> <span class='ocrx_word' id='word_1_1067' title='bbox 3480 5524 3642 5578; x_wconf 91' lang='lat' dir='ltr'><strong>modo</strong></span> <span class='ocrx_word' id='word_1_1068' title='bbox 3671 5522 3762 5577; x_wconf 85' lang='lat' dir='ltr'><strong>de-</strong></span> 
     </span>
    </p>
   </div>
   <div class='ocr_carea' id='block_1_153' title="bbox 2192 5594 3760 5664">
    <p class='ocr_par' dir='ltr' id='par_1_153' title="bbox 2192 5594 3760 5664">
     <span class='ocr_line' id='line_1_154' title="bbox 2192 5594 3760 5664; baseline -0.007 -10"><span class='ocrx_word' id='word_1_1069' title='bbox 2192 5594 2380 5654; x_wconf 77' lang='lat' dir='ltr'><strong>tractis</strong></span> <span class='ocrx_word' id='word_1_1070' title='bbox 2401 5639 2415 5664; x_wconf 95' lang='lat'><strong>,</strong></span> <span class='ocrx_word' id='word_1_1071' title='bbox 2438 5594 2606 5652; x_wconf 81' lang='lat' dir='ltr'><strong>modo</strong></span> <span class='ocrx_word' id='word_1_1072' title='bbox 2635 5597 2830 5650; x_wconf 88' lang='lat' dir='ltr'><strong>additis</strong></span> <span class='ocrx_word' id='word_1_1073' title='bbox 2860 5596 2925 5648; x_wconf 89' lang='lat' dir='ltr'><strong>ad</strong></span> <span class='ocrx_word' id='word_1_1074' title='bbox 2955 5605 3101 5664; x_wconf 84' lang='lat' dir='ltr'><strong>gesta</strong></span> <span class='ocrx_word' id='word_1_1075' title='bbox 3127 5595 3336 5658; x_wconf 81' lang='lat' dir='ltr'><strong>verbis,</strong></span> <span class='ocrx_word' id='word_1_1076' title='bbox 3364 5594 3641 5664; x_wconf 83' lang='lat' dir='ltr'><strong>insinuare</strong></span> <span class='ocrx_word' id='word_1_1077' title='bbox 3671 5606 3760 5664; x_wconf 51' lang='lat' dir='ltr'><strong>vo:</strong></span> 
     </span>
    </p>
   </div>
   <div class='ocr_carea' id='block_1_154' title="bbox 2191 5661 3762 5731">
    <p class='ocr_par' dir='ltr' id='par_1_154' title="bbox 2191 5661 3762 5731">
     <span class='ocr_line' id='line_1_155' title="bbox 2191 5661 3762 5731; baseline -0.007 -6"><span class='ocrx_word' id='word_1_1078' title='bbox 2191 5670 2288 5725; x_wconf 92' lang='lat' dir='ltr'><strong>luit</strong></span> <span class='ocrx_word' id='word_1_1079' title='bbox 2312 5661 2604 5722; x_wconf 82' lang='lat' dir='ltr'><strong>lectoribus</strong></span> <span class='ocrx_word' id='word_1_1080' title='bbox 2624 5667 2852 5719; x_wconf 88' lang='lat' dir='ltr'><strong>credulis</strong></span> <span class='ocrx_word' id='word_1_1081' title='bbox 2882 5661 3006 5719; x_wconf 76' lang='lat' dir='ltr'><strong>suas</strong></span> <span class='ocrx_word' id='word_1_1082' title='bbox 3037 5665 3206 5731; x_wconf 84' lang='lat' dir='ltr'><strong>ipsius</strong></span> <span class='ocrx_word' id='word_1_1083' title='bbox 3232 5665 3525 5718; x_wconf 86' lang='lat' dir='ltr'><strong>sententias</strong></span> <span class='ocrx_word' id='word_1_1084' title='bbox 3551 5661 3762 5716; x_wconf 84' lang='lat' dir='ltr'><strong>delendi</strong></span> 
     </span>
    </p>
   </div>
   <div class='ocr_carea' id='block_1_155' title="bbox 2194 5731 3760 5811">
    <p class='ocr_par' dir='ltr' id='par_1_155' title="bbox 2194 5731 3760 5811">
     <span class='ocr_line' id='line_1_156' title="bbox 2194 5731 3760 5811; baseline -0.006 -18"><span class='ocrx_word' id='word_1_1085' title='bbox 2194 5741 2255 5793; x_wconf 86' lang='lat' dir='ltr'><strong>ad</strong></span> <span class='ocrx_word' id='word_1_1086' title='bbox 2266 5740 2367 5792; x_wconf 90' lang='lat' dir='ltr'><strong>huc</strong></span> <span class='ocrx_word' id='word_1_1087' title='bbox 2390 5752 2567 5811; x_wconf 75' lang='lat' dir='ltr'><strong>posse,</strong></span> <span class='ocrx_word' id='word_1_1088' title='bbox 2586 5735 3432 5811; x_wconf 60' lang='lat' dir='ltr'><strong>quantumcumqueCtelestiante</strong></span> <span class='ocrx_word' id='word_1_1089' title='bbox 3453 5731 3760 5811; x_wconf 65' lang='lat' dir='ltr'><strong>proscripta:</strong></span> 
     </span>
    </p>
   </div>
   <div class='ocr_carea' id='block_1_156' title="bbox 2195 5805 3760 5876">
    <p class='ocr_par' dir='ltr' id='par_1_156' title="bbox 2195 5805 3760 5876">
     <span class='ocr_line' id='line_1_157' title="bbox 2195 5805 3760 5876; baseline -0.007 -10"><span class='ocrx_word' id='word_1_1090' title='bbox 2195 5805 2402 5866; x_wconf 51' lang='lat' dir='ltr'><strong>essent;</strong></span> <span class='ocrx_word' id='word_1_1091' title='bbox 2446 5805 2622 5862; x_wconf 84' lang='lat' dir='ltr'><strong>Locus</strong></span> <span class='ocrx_word' id='word_1_1092' title='bbox 2662 5807 2850 5876; x_wconf 80' lang='lat' dir='ltr'><strong>dignus</strong></span> <span class='ocrx_word' id='word_1_1093' title='bbox 2887 5815 2966 5860; x_wconf 89' lang='lat' dir='ltr'><strong>est</strong></span> <span class='ocrx_word' id='word_1_1094' title='bbox 3006 5807 3094 5874; x_wconf 90' lang='lat' dir='ltr'><strong>qui</strong></span> <span class='ocrx_word' id='word_1_1095' title='bbox 3127 5807 3358 5874; x_wconf 81' lang='lat' dir='ltr'><strong>legatur;</strong></span> <span class='ocrx_word' id='word_1_1096' title='bbox 3409 5805 3592 5872; x_wconf 80' lang='lat' dir='ltr'><strong>prodit</strong></span> <span class='ocrx_word' id='word_1_1097' title='bbox 3623 5805 3760 5856; x_wconf 85' lang='lat' dir='ltr'><strong>cuiut</strong></span> 
     </span>
    </p>
   </div>
  </div>
