3962 6180
155 290 256 347 609

505 287 820 344 DISSEBT.
855 287 942 342 Vl.
976 287 1064 340 DE
1098 285 1406 342 SCRIPTIS
1437 283 1569 338 PRO
1601 277 1878 336 HERESI
1911 277 2186 343 PELAG.,
2221 275 2522 332 VIVENTE
2551 276 2607 332 S.
2643 273 3067 330 AUGUST‘INO.

3320 273 3424 328 6H)

155 411 531 466 hzereticorum
559 450 573 470 ,
629 420 909 476 postquam
953 405 1191 460 damnati
1237 411 1398 476 sunt,
1449 402 1739 476 mendaces
1769 403 1816 459 Α
1844 405 2049 476 sanctus
2078 410 2132 448 se
2153 393 2367 476 infudit.
2400 392 2490 473 Sic
2511 392 2654 446 enim
2686 392 2994 476 legendum".
3027 407 3132 474 non
3163 406 3222 445 ut
3250 400 3332 476 est

155 482 353 550 patiler
400 495 462 534 ac
506 474 783 548 superbas
815 486 961 532 artes
987 518 1002 542 ,
1047 476 1245 546 quibus
1287 474 1738 543 imprudentiores

154 553 306 606 facile
339 551 663 605 illuduatttr.

155 642 389 710 Epistola
420 643 486 694 ad
519 642 739 693 anticum
766 639 1036 710 quemdam
1076 637 1421 707 presbyterum
1449 645 1562 706 post
1583 651 1737 704 syno-

650 712 773 763 dunt
802 709 1233 779 Diospolttanam.

216 824 384 878 Solus
429 824 628 892 pariter
663 822 991 892 Augustinus
1020 819 1264 892 epistolte
1310 818 1463 892 istius
1494 817 1737 892 meminit

150 899 199 947 in
228 897 350 949 hmc
375 888 540 948 verba
573 893 710 966 (Lib.
737 897 800 946 de
836 890 977 966 Gest.
1013 891 1225 966 l’altest.
1255 905 1301 941 c.
1332 889 1470 966 3_0)_:
1506 888 1736 966 Peroenit

149 968 198 1018 iu
224 982 416 1019 manus
445 956 648 1017 nostras
679 964 926 1016 nonnulla
952 961 1188 1031 epistola,
1216 973 1328 1027 qua:
1348 960 1507 1031 ipsius
1532 956 1736 1028 Pelagii

147 1037 407 1090 diceretur
425 1036 693 1088 scribentis
725 1034 790 1085 ad
813 1029 1032 1084 amicum
1057 1047 1207 1082 suum
1235 1029 1503 1096 quemdam
1529 1030 1737 1097 preat-y-

150 1115 332 1168 terum,
357 1107 446 1170 qui
468 1122 578 1157 eum
601 1106 802 1166 litteris,
826 1103 953 1154 sicut
980 1101 1154 1154 eadem
1180 1097 1397 1162 epistola
1428 1098 1731 1170 continetur,

151 1168 750 1244 benigneadmonuerat,
784 1189 845 1225 ne
872 1188 962 1241 per
984 1173 1103 1244 ejus
1127 1170 1440 1244 occasionem
1466 1183 1519 1220 se
1547 1168 1733 1244 aliquis

151 1263 180 1299 a
208 1239 428 1312 corpore
453 1244 699 1298 Ecclesia
719 1239 1104 1314 separaretflbi
1126 1241 1257 1292 inter
1285 1248 1486 1314 uetera,
1512 1252 1628 1314 quo:
1656 1239 1735 1289 in-

149 1306 312 1370 serere
366 1315 576 1385 longum
627 1306 792 1378 esset,
844 1329 934 1365 nec
978 1328 1104 1374 opus
1143 1320 1253 1385 est,
1304 1309 1401 1385 oit_
1433 1306 1674 1385 l’elagius
1715 1324 1736 1362 :

155 1405 173 1437 ι
212 1377 618 1449 Quatuordecim
649 1377 1001 1451 episcOporum
1025 1381 1270 1451 sententia
1300 1377 1533 1451 deﬁnitio
1560 1387 1735 1430 nostra

152 1447 480 1526 comprobata
504 1465 599 1518 est,
623 1472 723 1523 qtta
757 1447 995 1526 discimus
1018 1466 1162 1522 posse
1193 1448 1448 1526 hominem
1487 1447 1594 1526 sine
1619 1463 1737 1517 pec-

149 1517 414 1587 cato'esse.
438 1537 484 1579 et
511 1525 606 1579 Dei
629 1517 869 1577 mandata
897 1517 1048 1593 facile
1072 1519 1348 1593 custodire,
1376 1520 1418 1593 si
1436 1517 1554 1593 uelit
1584 1533 1602 1570 :
1623 1534 1738 1585 qua:

150 1598 399 1650 sententia
422 1595 837 1650 contradictionis
869 1588 924 1647 os
954 1592 1249 1661 confusione
1276 1588 1524 1661 perfudit,
1550 1599 1596 1638 et
1629 1604 1736 1640 om-

153 1684 262 1719 nem
292 1669 348 1719 in
390 1669 580 1720 malum
613 1666 988 1735 conspirantem
1018 1659 1303 1735 societatem
1332 1659 1392 1735 ab
1421 1659 1634 1735 invicem
1659 1675 1736 1710 se-

153 1741 366 1807 paravit.
419 1757 437 1788 ι
504 1737 623 1792 Sive
665 1727 790 1803 ergo
827 1737 978 1807 istam
1027 1730 1294 1802 epistolam
1343 1727 1584 1807 Pelagius
1627 1744 1738 1807 vere

154 1799 434 1870 scripserit,
456 1809 557 1860 sire
571 1810 661 1860 sub
679 1799 790 1878 ej'us
812 1805 1011 1878 nomine
1031 1799 1394 1878 aquocumque
1413 1799 1630 1878 con/icta
1647 1801 1734 1878 sit,

157 1879 262 1941 quis
290 1895 393 1930 non
419 1879 587 1930 videat
612 1870 1038 1947 que'madmodum
1060 1870 1143 1926 ltic
1173 1887 1334 1934 error,
1361 1879 1406 1922 et
1434 1871 1495 1947 de
1506 1870 1733 1947 judicio,

157 1939 237 2000 tibi
259 1950 520 2001 convictus
545 1939 695 2016 atque
724 1948 997 2016 damnatus
1024 1953 1116 2008 est,
1150 1955 1405 2016 tamquam
1438 1939 1739 2016 deotvictoria

156 2019 436 2087 glorietur?
478 2020 564 2072 Sic
605 2011 734 2071 enim
768 2015 1071 2088 posuit/tice
1101 2015 1274 2088 rerba,
1312 2011 1738 2080 quemadmodum

159 2084 398 2159 leguntur
428 2091 479 2141 in
521 2088 651 2142 libro
683 2084 792 2156 ejus
818 2128 831 2149 ,
863 2087 948 2155 qui
985 2084 1341 2159 Capitulorum
1378 2091 1603 2159 t‘_0€ttlttr,
1637 2099 1741 2159 non.

159 2152 584 2223 quemadmodum
622 2152 962 2231 objectasunt
1001 2152 1411 2231 i_t_t"‘jttdi_cio,_t'el
1446 2154 1556 2218 ejus
1585 2152 1737 2231 etiam

161 2232 488 2292 responsione
512 2223 743 2299 repeiia.
777 2228 911 2281 Nam
937 2238 980 2279 et
1006 2223 1105 2292 illi,
1131 2227 1215 2295 qui
1236 2225 1547 2299 objecerunt,
1573 2223 1738 2276 nescio

159 2316 256 2368 qua
283 2302 507 2364 incuria,
534 2297 702 2353 minus
733 2306 1002 2369 posuerunt
1024 2299 1226 2369 verbum
1253 2297 1433 2369 dequo
1460 2309 1559 2346 non
1582 2309 1738 2361 parva

157 2364 225 2423 est
252 2373 618 2425 controversia.
663 2364 948 2423 Posuerunt
978 2368 1110 2420 enim
1141 2383 1256 2420 eum
1294 2364 1500 2422 dixisse,
1537 2381 1554 2414 t
1593 2379 1741 2430 posse

155 2440 434 2502 hominem,
465 2443 509 2495 si
547 2441 686 2506 velit,
714 2456 819 2494 esse
842 2441 947 2492 sine
967 2446 1207 2508 peccato;
1243 2453 1263 2488 ι
1296 2437 1357 2486 de
1381 2434 1631 2508 facilitate
1656 2438 1738 2486 ni-

155 2509 228 2563 hil
249 2521 325 2564 est
349 2513 566 2565 dictum.
607 2505 678 2565 Et
701 2511 856 2578 paulo
892 2505 1011 2575 post
1040 2526 1051 2560 :
1086 2508 1166 2560 Ea
1196 2517 1361 2560 tamen
1379 2505 1605 2578 epistola
1629 2521 1742 2558 car-

154 2584 291 2635 nalis
319 2585 631 2635 ventositatis
653 2577 960 2636 etelationis
982 2579 1278 2648 plenissima
1306 2577 1461 2640 volat,
1497 2586 1544 2648 et
1574 2587 1740 2648 gesto-

153 2669 273 2704 rum
317 2655 612 2706 tarditatem
653 2645 991 2723 procuratum
1024 2650 1276 2702 celeritate
1319 2645 1641 2723 prcecedens,
1688 2647 1740 2723 in

153 2740 342 2776 manus
374 2723 634 2776 hominum
653 2718 936 2792 'prtevolat,
983 2729 1039 2773 ut
1074 2719 1454 2792 quatuordecim
1496 2718 1744 2785 episcOpis

158 2794 519 2848 Orientalibus
560 2788 807 2861 placuisse
851 2788 1093 2861 dicotur,
1119 2807 1221 2842 non
1259 2788 1423 2841 solum
1459 2803 1605 2861 posse
1639 2803 1744 2840 esse

154 2863 420 2918 hominem
452 2859 567 2918 sine
587 2874 823 2932 peccato,
856 2873 902 2916 et
937 2860 1026 2914 Dei
1066 2861 1308 2912 mandata
1340 2859 1620 2932 custodire,
1641 2874 1746 2932 nec

157 2937 431 2989 nominato
455 2935 564 2989 Deo
587 2926 820 3002 'juvante,
847 2933 934 2985 sed
967 2941 1181 2994 tantum,
1213 2933 1256 3002 si
1278 2930 1410 2990 velit,
1443 2938 1497 3002 ut
1519 2926 1747 3002 uidelicet

157 3007 340 3068 tacita.
370 3023 465 3075 pro
486 2999 1037 3073 qttarreltementissime
1057 3001 1400 3075 pugnabatur,
1431 2999 1603 3075 divina
1629 3015 1749 3068 gra-

159 3077 253 3137 tia,
283 3070 441 3130 restet
463 3070 516 3130 ut
535 3079 644 3131 sola
672 3077 725 3130 in
747 3075 959 3142 epistola
991 3070 1188 3145 legatur
1209 3072 1490 3145 infelixLet
1511 3086 1564 3123 se
1584 3070 1748 3145 ipsam

1847 466 2076 534 vulgatis
2117 461 2392 534 eotlicilnts
2428 464 2544 516 sine
2585 463 2768 516 vocula
2811 479 2904 526 se;
2957 462 3014 514 ﬁt
3045 464 3185 534 enim
3233 461 3426 514 allusio

1841 537 1906 588 ad
1930 532 2113 588 vocem
2137 535 2307 602 angeli
2331 551 2344 587 :
2366 533 2591 603 Spiritus
2612 540 2818 603 sanctus
2834 533 3142 602 superveniet
3161 532 3212 583 in
3235 542 3301 591 te,
3317 545 3422 583 etc.
3490 535 3504 548 ‘

1840 606 2113 662 Obstare.
2164 604 2374 665 fateor,
2423 603 2708 668 quominus
2749 602 3095 654 Ambrosium
3149 613 3424 667 spectasse

1839 677 2050 729 dicatur
2093 674 2339 742 Pelagius
2368 712 2382 734 ,
2414 672 2663 742 videntur
2691 671 2967 742 immensa:
3013 671 3197 724 laudes
3222 669 3422 742 quibus

1839 762 1966 800 eum
1990 745 2201 798 ornavit
2225 740 2241 796 Ξ
2261 743 2356 796 sed
2381 757 2444 795 ea
2470 752 2614 794 certe
2639 741 2737 794 fuit
2756 741 3158 806 Pelagianorum
3192 740 3422 802 indoles,

1843 826 1902 868 ιιι
1951 815 2150 867 nemini
2180 828 2338 880 quem
2387 811 2713 864 contrarium
2761 819 3069 876 paterentur
3117 810 3420 864 convicium

1840 901 1948 939 non
1993 883 2257 945 fecerint,
2288 881 2594 935 nominibus
2641 889 2818 934 tamen
2858 881 3017 932 modo
3055 883 3264 942 tacitis,
3299 893 3421 932 cum

1838 963 2138 1008 metuerent
2167 952 2456 1015 invidiam;
2509 950 2669 1005 modo
2697 952 2969 1018 expressis
2991 989 3008 1016 ,
3038 965 3158 1003 cum
3199 951 3421 1018 impune

1840 1025 1890 1080 id
1917 1041 1978 1080 se
2008 1039 2162 1092 posse
2192 1023 2562 1091 opinarentur.

1928 1126 2164 1202 Epistola
2186 1135 2254 1189 ad
2277 1133 2631 1187 Innocentium
2663 1133 2713 1199 l,
2737 1149 2988 1187 summum
3009 1133 3321 1203 pontiﬁcem.

1905 1271 2114 1341 integra
2163 1284 2266 1322 non
2317 1269 2546 1341 habetur
2565 1268 2711 1341 _,V_sed
2745 1275 2961 1341 par_tem_
2991 1281 3096 1341 non
3138 1266 3420 1341 ntinintatn

1837 1335 2080 1394 servavit
2121 1341 2450 1408 AttguSIintts
2479 1338 2529 1390 itt
2564 1337 2699 1390 libro
2725 1338 2790 1390 de
2819 1335 2996 1390 Gratia
3024 1336 3245 1408 Christi,
3278 1336 3421 1388 unde

1836 1421 2086 1480 excerpta
2119 1406 2241 1474 est,
2281 1409 2479 1462 additis
2529 1419 2740 1480 tamen,
2796 1407 3146 1480 ttt__epi_stol:e
3196 1406 3423 1480 furtttattt

1838 1476 2117 1549 praeferret
2147 1523 2162 1548 ,
2207 1480 2521 1549 quibusdam
2567 1479 2787 1532 vocibus
2813 1476 2920 1531 alio
2950 1476 3264 1532 charactere
3312 1477 3424 1530 dis-

1840 1553 2041 1606 tinctis.

1911 1688 2030 1742 Duo
2057 1696 2204 1753 sunt,
2238 1703 2372 1758 papa
2399 1686 2703 1752 beatissime,
2739 1684 2808 1740 de
2837 1684 3027 1754 quibus
3057 1683 3298 1738 homines
3327 1699 3426 1737 nos

1769 1768 1813 1827 Β
1843 1779 2104 1834 infamare
2149 1789 2414 1834 conantur
2447 1795 2461 1834 :
2496 1795 2690 1840 unum.
2721 1777 2864 1846 quod
2909 1792 3163 1848 negemus
3189 1778 3424 1846 parvulis

1839 1873 2089 1941 baptismi
2111 1881 2528 1938 sacramentum,
2551 1881 2605 1926 et
2621 1871 2822 1940 absque
2839 1870 3206 1939 redemptione
3223 1868 3424 1924 Christi

1841 1966 2116 2035 aliquibus
2147 1980 2313 2036 regna
2338 1965 2597 2020 caelorum
2625 1963 3000 2033 promittamus
3031 1981 3043 2015 ε
3077 1963 3216 2018 aliud
3238 2006 3252 2030 ,
3284 1964 3424 2030 quod

1839 2059 1911 2112 ita
1937 2058 2203 2120 dicamus,
2235 2072 2397 2126 posse
2420 2053 2694 2111 hominem
2721 2057 2889 2110 vitare
2921 2065 3214 2126 peccatum,
3245 2065 3302 2109 ut
3328 2051 3424 2108 Dei

1837 2148 2182 2205 excludamus
2221 2150 2508 2213 auxilium;
2551 2158 2607 2203 et
2645 2148 2697 2201 itt
2741 2157 2943 2202 tantum
2984 2149 3152 2203 libero
3182 2148 3423 2204 conﬁda-

1837 2255 1957 2295 mus
1985 2240 2240 2304 arbitrio,
2271 2248 2328 2294 ιιι
2349 2240 2535 2309 gratia:
2561 2239 2904 2307 repudiemus
2933 2237 3279 2306 adiutorium.

1911 2332 2039 2386 Iltec
2058 2329 2778 2401 presbyterllieronymus,qui
2794 2329 2923 2383 mihi
2943 2337 3208 2398 tamquam
3228 2329 3422 2383 remulo

1841 2425 2073 2490 invidet,
2111 2425 2221 2479 Iure
2251 2426 2381 2478 alter
2410 2425 2615 2494 juvenis
2643 2439 2703 2477 ex
2732 2422 2908 2492 Africa
2933 2420 3208 2475 submissus
3231 2421 3294 2473 ab
3324 2421 3425 2472 ini-

1843 2514 2022 2580 micis;
2053 2516 2159 2570 Itrec
2183 2515 2408 2585 episcopi
2435 2514 2536 2568 duo
2563 2513 2626 2566 de
2651 2514 2756 2566 suis
2782 2512 2985 2566 sedibus
3013 2512 3194 2565 merito
3219 2512 3270 2564 in
3299 2509 3428 2564 Gal-

1845 2610 1925 2662 liis
1955 2609 2122 2680 ejecti,
2151 2608 2369 2678 objicere
2394 2623 2493 2661 non
2526 2615 2722 2660 cessant
2747 2647 2762 2672 ,
2791 2607 3021 2671 quamvis
3061 2604 3112 2657 in
3151 2601 3428 2674 episcopali

1837 2703 2040 2773 judicio
2086 2699 2236 2754 silere
2268 2699 2406 2769 jussi
2433 2699 2535 2752 sint
2555 2739 2568 2762 ,
2596 2707 2650 2752 et
2682 2705 2864 2751 sancta
2897 2695 3136 2767 synodus
3163 2710 3259 2749 nos
3285 2710 3436 2749 comt.

1847 2794 2120 2849 munionis
2143 2792 2424 2847 catholica:
2448 2805 2570 2846 esse
2600 2789 2851 2843 confessa
2879 2789 2968 2844 sit.

1923 2887 1988 2940 Et
2015 2900 2144 2940 vero
2172 2898 2463 2954 numquam
2504 2897 2604 2952 ego
2632 2882 2716 2936 vel
2747 2880 2965 2950 impium
2995 2880 3230 2947 aliquem
3261 2878 3432 2932 haere-

1849 2981 2013 3035 ticum
2045 2979 2222 3034 audivi
2254 2979 2342 3047 qui
2389 2977 2490 3031 hoc
2517 2974 2658 3045 quod
2691 2973 2944 3043 proposui
2977 2973 3042 3026 de
3079 2973 3316 3041 parvulis
3355 2972 3434 3025 tli-

1854 3079 2021 3126 ceret.
2044 3071 2176 3139 Quis
2199 3069 2342 3124 enim
2367 3070 2438 3122 ita
2465 3066 2792 3136 evangelica:
2817 3065 3065 3119 lectionis
3093 3065 3307 3133 ignarus
3327 3073 3430 3128 est,

159 3146 607 3233 ᾷεῖδίΡίίῗέηκυθίία
632 3149 830 3229 “Qui?”
859 3131 1748 3233 I'lfmf'ij‘f,f"_p.e"£ifiiXE‘iiqﬂfgg
1778 3131 1822 3192 Ο
1854 3165 1946 3233 qui
1976 3131 2089 3218 hoe
2117 3161 2390 3217 afﬁrmare
2421 3131 2646 3215 conetur
2666 3198 2682 3222 ,
2713 3157 2879 3212 immo
2907 3157 2994 3224 qui
3024 3131 3329 3210 vel—leviter
3356 3155 3436 3209 di-

157 3211 410 3283 epistolis
458 3219 862 3286 in‘prnvincias
907 3231 936 3269 a
982 3211 1213 3269 factione
1252 3213 1531 3281 Pelagiana
1566 3211 1747 3286 missis

162 3287 460 3343 observata
511 3283 634 3342 sunt
679 3287 1056 3342 dissertatione
1082 3290 1298 3352 quarta,
1335 3287 1424 3338 ubi
1462 3291 1638 3336 actum
1681 3283 1749 3335 de

159 3360 346 3413 causis
390 3374 490 3413 cur
536 3359 966 3428 Pelagianismus
1011 3351 1182 3428 usque
1214 3357 1356 3428 adeo
1397 3351 1750 3428 pertinaciter

157 3430 559 3485 ecclesiastica:
603 3426 868 3498 regiaeque
900 3427 1144 3494 potestati
1175 3426 1464 3480 obstiterit.

237 3499 358 3553 Jam
392 3515 524 3569 vero
551 3494 838 3570 epistulam
869 3499 934 3551 ad
974 3500 1225 3570 atttionm,
1248 3505 1307 3570 ct
1333 3494 1630 3570 chartulam
1655 3494 1751 3550 de-

159 3566 433 3624 lensionis
481 3571 548 3626 ad
588 3566 951 3639 'Augttstinum
977 3609 991 3630 ,
1025 3585 1050 3619 a
1085 3567 1298 3639 Pelagio
1347 3566 1565 3639 missam
1606 3580 1750 3639 esse,

159 3641 247 3695 vel
281 3649 414 3696 ante
445 3641 618 3696 Orosii
648 3636 1032 3710 profectionem
1065 3653 1133 3692 ex
1163 3638 1412 3710 Oriente,
1447 3636 1531 3710 vol
1559 3637 1750 3690 saltem

162 3723 293 3766 tunc
325 3727 451 3764 eum
485 3715 538 3768 ιιι
571 3705 800 3767 Africam
831 3728 860 3765 c
892 3709 1175 3763 Palmstiua
1208 3708 1427 3769 rediret,
1461 3705 1750 3760 obscurum

159 3785 250 3836 vix
304 3797 430 3836 esse
479 3791 658 3852 potest
688 3800 702 3836 :
737 3797 858 3836 naut
891 3781 977 3835 ubi
1015 3781 1245 3852 primum
1271 3823 1287 3845 ,
1311 3787 1444 3852 post
1487 3776 1750 3852 synodum

165 3848 597 3921 Diospolitanam
630 3854 883 3914 habitam,
922 3854 1173 3919 navigare
1200 3849 1366 3914 licuit,
1397 3858 1622 3915 utraque
1653 3848 1750 3900 de-

162 3926 287 3978 buit
335 3926 596 3978 continuo
640 3922 820 3986 mitti,
859 3923 1047 3991 partim
1088 3933 1143 3974 ut
1171 3929 1442 3990 gestorum
1473 3931 1752 3991 qtta:_con-

159 3997 312 4049 salto
342 3996 756 4049 retardabantur
785 3989 950 4048 instar
979 4001 1124 4047 esset
1151 3989 1438 4053 breviatio;
1476 3989 1665 4054 partim
1699 3997 1769 4044 ut.

161 4066 442 4120 haberent
484 4067 727 4122 factionis
772 4064 1016 4119 homines
1061 4062 1206 4116 unde
1234 4061 1424 4116 Oresio
1455 4059 1756 4128 litterisque

161 4137 576 4192 Gallicanorum
602 4138 973 4206 episcoporum
1001 4135 1155 4206 Iidem
1177 4130 1756 4206 idctrahcrent,simul-

161 4223 272 4274 que
306 4209 520 4262 animos
551 4203 752 4262 timidis
780 4203 1058 4275 augerent,
1099 4203 1447 4275 0rienta_l_ium
1477 4205 1756 4275 episcopo-

162 4272 290 4331 rum
350 4281 708 4335 consensione
761 4272 918 4331 totzcs
965 4277 1247 4343 promissa.
1301 4273 1540 4342 Utraque
1595 4272 1758 4339 igitur

164 4349 415 4417 pertinet
438 4349 503 4402 ad
529 4352 651 4403 anni
681 4348 789 4404 416
818 4363 1034 4402 vernam
1067 4353 1470 4417 tempestatem,
1501 4358 1629 4417 cum
1651 4343 1758 4411 pri.

164 4413 324 4474 mum
353 4435 504 4473 mare
531 4429 770 4489 apertum
810 4428 925 4484 est;
958 4420 1035 4471 sic
1064 4419 1208 4472 enittt
1237 4414 1412 4489 Orosii
1443 4416 1493 4467 in
1524 4413 1756 4489 Africam

167 4492 471 4544 adventum
504 4532 518 4555 ,
561 4486 651 4544 aut
681 4492 952 4559 praevertit
975 4530 989 4553 ,
1034 4495 1126 4541 aut
1154 4488 1404 4559 comitata
1435 4496 1535 4538 cst.
1585 4486 1758 4559 Atque

168 4562 304 4614 hinc
329 4561 591 4628 colligere
619 4555 778 4623 licet,
809 4560 948 4628 quod
983 4559 1145 4612 tradit
1173 4556 1526 4628 Augustinus,
1560 4555 1762 4628 episto-

168 4634 282 4686 lam
331 4632 402 4686 ad
447 4625 703 4690 amicum.
752 4625 1124 4698 et'prolixam
1173 4627 1359 4689 fuisse,
1405 4636 1465 4698 ut
1505 4625 1762 4698 factiosos

168 4701 423 4757 erudiret
461 4703 528 4757 de
562 4718 623 4756 re
660 4711 765 4756 tota
797 4717 812 4766 ;
855 4695 916 4755 et
945 4710 1186 4754 ventosa:
1232 4697 1483 4751 vanitatis
1516 4695 1762 4764 plenissi-

170 4788 344 4831 mam.
369 4781 432 4826 ut
451 4781 595 4829 esset
617 4773 886 4827 laureatas
909 4771 1126 4840 quidam
1156 4768 1400 4823 victoria'
1428 4767 1679 4840 nuntius;
1709 4775 1766 4820 et

171 4844 417 4898 victricis
445 4845 714 4910 snperbiae
743 4837 1088 4913 impotentem
1109 4841 1442 4913 jactantiam,
1469 4848 1523 4913 ut
1546 4837 1765 4913 hahoret

174 4913 426 5037 insolleus
457 4907 616 4969 factio
666 4907 906 4968 unde'in
954 4907 1292 4966 adversarios
1335 4910 1487 4976 quasi
1534 4907 1764 4960 dotnios

174 5003 302 5037 msu
333 4992 493 5037 taret.
807 5007 837 5026 η

173 4987 493 5039 insultaret.
807 5007 814 5012 ·

173 5079 414 5136 Libellus
434 5075 586 5132 Fidei
612 5094 643 5131 a
671 5075 887 5148 Pelagio
916 5076 983 5128 ad
1009 5075 1176 5128 sedem
1196 5071 1530 5141 apostolicam
1557 5069 1759 5122 missus.

254 5199 471 5252 Dictum
501 5204 584 5249 est
629 5192 698 5248 de
745 5193 862 5261 ipso
893 5189 1102 5244 abunde
1146 5187 1526 5261 dissertatiOnc
1557 5197 1762 5251 prmce-

175 5270 346 5326 dente
375 5283 392 5321 :
422 5268 525 5320 hoc
552 5280 712 5319 unum
745 5258 869 5318 addi
897 5269 1103 5331 potest,
1139 5258 1281 5328 quod
1309 5271 1591 5331 operarum
1617 5269 1762 5331 pra}:

181 5323 318 5409 ceps
348 5336 618 5409 festinatio
647 5336 864 5397 omisit,
893 5323 1026 5409 post
1070 5323 1228 5409 tinem
1271 5325 1660 5409 observationis
1698 5323 1764 5377 ad

184 5397 305 5466 huic
335 5408 498 5465 verba
523 5424 538 5459 :
565 5407 671 5460 Nec
691 5446 706 5470 ,
737 5417 790 5459 ut
815 5403 1023 5471 quidam
1055 5399 1441 5454 sceleratissime
1472 5397 1766 5468 Opinantur,

188 5483 450 5550 Spiritum
476 5488 706 5532 sanctum
736 5476 904 5550 fuisse
916 5487 1012 5550 pro
1039 5471 1245 5525 semine.
1501 5536 1514 5548 .

263 5551 630 5626 [Quamquam
661 5535 929 5626 ambrosii
955 5558 1040 5626 eo
1062 5552 1245 5626 posset
1277 5536 1516 5626 torqueri
1547 5553 1574 5588 a
1607 5535 1773 5626 male:

190 5604 639 5688 voio‘interprete
664 5619 863 5673 dictum
902 5613 1042 5688 istud
1245 5611 1342 5688 tiu
1365 5604 1494 5672 Luc,
1526 5623 1645 5678 cap.
1668 5609 1726 5669 2)
1750 5604 1770 5675 ]

194 5694 321 5747 Non
346 5681 678 5748 enim'uirilis
706 5689 864 5742 coitus
888 5686 1047 5739 vulvas
1067 5681 1340 5754 virginalis
1357 5689 1773 5754 secretajesc‘ra-

193 5767 304 5827 vit,
334 5747 420 5820 sed
460 5762 840 5816 immaculatum
866 5772 1032 5812 semen
1062 5747 1341 5810 inviolabili
1374 5759 1516 5807 utero
1547 5747 1774 5817 Spiritus

1851 3268 1974 3308 cere
2007 3261 2099 3307 aut
2137 3252 2338 3307 sentire
2371 3251 2530 3306 etiam
2559 3248 2762 3320 possit?
2806 3247 3011 3304 Deinde
3048 3247 3168 3316 quis
3198 3255 3303 3300 tam
3338 3247 3435 3300 im-

1852 3345 1992 3414 pius.
2016 3346 2104 3413 qui
2130 3345 2383 3414 parvulos
2409 3350 2655 3398 exsortes
2679 3340 2826 3410 regni
2853 3341 3113 3395 caelorum
3138 3353 3258 3393 esse
3282 3339 3432 3402 velit,

1853 3448 1906 3493 ct
1953 3452 2056 3492 non
2097 3453 2190 3493 eos
2234 3437 2530 3506 baptizari,
2580 3443 2636 3490 et
2680 3435 2731 3489 in
2777 3429 2993 3488 Christo
3023 3433 3231 3486 renasci
3265 3441 3432 3500 putet,

1851 3545 1973 3586 cum
2002 3537 2187 3600 aperte
2209 3528 2354 3584 dicat
2378 3527 2622 3583 Christus
2649 3542 2664 3580 :
2697 3524 2815 3578 Nisi
2838 3525 2950 3592 quis
2975 3533 3180 3577 renatus
3202 3523 3354 3591 [urrit
3374 3537 3437 3575 ea:

1853 3640 1988 3692 aqua
2018 3633 2064 3677 et
2094 3623 2295 3692 Spiritu
2326 3631 2502 3689 sancto
2525 3660 2542 3685 ,
2583 3635 2683 3672 non
2713 3628 2879 3688 potest
2907 3618 3118 3670 introire
3147 3616 3199 3668 in
3226 3631 3436 3684 regnum

1853 3716 1950 3769 Dei
1979 3715 2161 3784 (Joan.
2194 3729 2274 3776 ιιι,
2303 3711 2402 3782 5)?
2449 3710 2578 3778 Quis
2610 3710 2699 3764 ille
2724 3717 2830 3762 tam
2869 3708 3062 3776 impius
3087 3715 3199 3768 est,
3227 3708 3314 3772 qui
3346 3721 3438 3758 ctt-

1851 3805 2075 3876 juslibct
2101 3803 2275 3858 astatis
2306 3800 2528 3870 parvulo
2559 3797 2848 3853 interdicat
2877 3811 3217 3850 communem
3252 3794 3437 3848 huma-

1857 3897 1910 3952 ni
1939 3895 2152 3967 generis
2182 3891 2605 3960 redemptionem
2631 3929 2646 3954 ,
2680 3895 2737 3942 et
2780 3887 2831 3941 in
2861 3893 3172 3956 perpetuam
3203 3893 3438 3939 certam-

1857 4007 1960 4061 que
1983 3989 2143 4043 vitam
2169 3984 2376 4041 renasci
2403 3983 2537 4036 nolit
2554 3997 2672 4036 eum
2688 3981 2774 4049 qui
2802 3987 2954 4034 natus
2972 3978 3041 4032 sit
3059 3977 3122 4031 ad
3147 3975 3440 4030 incertam?

1929 4082 2070 4137 Ecce
2103 4078 2264 4149 igitur
2289 4075 2354 4130 ad
2381 4073 2763 4130 beatitudinem
2795 4079 2938 4124 tuam
2969 4067 3193 4134 epistola
3226 4066 3323 4120 ista
3355 4080 3441 4116 tne

1859 4181 2068 4244 purget,
2097 4171 2148 4225 itt
2177 4184 2282 4240 qua
2317 4182 2451 4237 pure
2483 4175 2640 4234 atque
2667 4160 2982 4230 simpliciter
3011 4158 3078 4213 ad
3111 4155 3440 4226 peccandum

1859 4279 1914 4324 et
1956 4268 2022 4321 ad
2053 4282 2158 4321 non
2203 4261 2532 4333 peccandum
2568 4260 2834 4326 integrum
2885 4252 3111 4306 liberum
3159 4247 3440 4302 arbitrium

1862 4361 2062 4416 habere
2092 4373 2191 4412 nos
2216 4356 2470 4418 dicimus,
2495 4349 2640 4420 quod
2668 4350 2721 4402 in
2746 4345 2992 4402 omnibus
3014 4343 3168 4398 bonis
3191 4340 3442 4410 operibus

1863 4451 2046 4507 divino
2077 4461 2292 4516 semper
2319 4444 2604 4512 adjuvatur
2627 4438 2847 4491 auxilio.

1934 4540 2207 4597 Conditum
2236 4552 2269 4591 a
2307 4535 2416 4589 Deo
2447 4533 2663 4586 dicimus
2705 4529 2960 4582 hominem
2996 4525 3062 4578 ad
3092 4523 3361 4594 imaginem
3398 4530 3444 4573 et

1865 4631 2253 4690 similitudinem
2281 4643 2458 4691 suam,
2506 4625 2646 4692 eique
2677 4637 2792 4674 cum
2821 4635 2853 4670 a
2885 4617 2992 4670 Deo
3021 4615 3321 4668 conderetur
3343 4653 3356 4671 ,
3390 4619 3444 4663 ut

1867 4725 2191 4782 laudabiliter
2211 4722 2370 4774 vivere
2404 4725 2592 4787 posset,
2619 4714 2799 4766 datam
2826 4708 2973 4762 liberi
3001 4705 3196 4758 arbitrii
3220 4713 3443 4770 potesta-

1869 4830 1988 4883 tem,
2014 4819 2068 4870 id
2090 4825 2184 4878 est,
2209 4811 2455 4885 peccandi
2480 4818 2628 4877 atque
2648 4822 2748 4859 non
2777 4801 3020 4873 peccandi
3043 4796 3443 4868 possibilitatem,

1870 4927 2026 4984 quam
2059 4909 2214 4964 liberi
2244 4905 2451 4961 arbitrii
2482 4908 2801 4971 potestatem
2837 4894 3064 4949 dicimus
3103 4889 3156 4943 in
3198 4887 3446 4943 omnibus

1873 5021 1994 5063 csse
2022 5001 2374 5073 generaliter,
2415 4997 2468 5049 in
2499 4991 2845 5050 Christianis,
2877 4985 3099 5046 Judaeis,
3132 4990 3290 5051 atque
3318 4995 3448 5048 gen-

1873 5071 2081 5155 tilibus.
2130 5093 2186 5148 In
2229 5088 2481 5146 omnibus
2525 5094 2608 5140 est
2648 5081 2852 5150 quidem
2893 5077 3122 5133 liberum
3169 5071 3446 5126 arbitrium

1873 5189 2151 5261 aequaliter
2177 5199 2272 5255 per
2301 5189 2566 5242 naturam,
2596 5175 2690 5229 sed
2720 5173 2774 5227 in
2801 5169 2932 5226 solis
2955 5165 3270 5223 Christianis
3289 5165 3448 5232 juva-

1875 5255 1959 5338 tur
1982 5297 2012 5334 a
2033 5276 2226 5350 gratia.
2281 5273 2335 5326 ltt
2361 5271 2469 5326 illis
2496 5271 2697 5323 nudum
2719 5275 2772 5319 et
2796 5264 3000 5317 inerme
3024 5265 3107 5314 est
3124 5255 3452 5312 conditionis

1877 5347 2103 5434 bonum;
2154 5369 2204 5420 itt
2256 5365 2338 5418 his
2379 5375 2541 5426 vero,
2589 5356 2679 5426 qui
2729 5354 2794 5408 ad
2837 5351 3110 5406 Christum
3159 5347 3448 5418 pertinent,

1867 5459 2075 5519 Christi
2127 5457 2363 5512 mttnitur
2410 5451 2630 5507 auxilio.
2681 5446 2761 5501 llli
2808 5445 2930 5498 ideo
2965 5439 3240 5510 judicandi
3296 5448 3454 5506 atque

1873 5553 2162 5611 damnandi
2185 5547 2332 5612 sunt,
2352 5547 2473 5616 quia
2497 5559 2616 5598 cum
2640 5538 2871 5594 habeant
2895 5534 3123 5588 liberum
3147 5528 3450 5592 arbitrium,

1872 5665 1974 5721 per
2003 5645 2143 5718 quod
2176 5644 2242 5698 ad
2293 5641 2450 5695 fidem
2493 5636 2682 5690 venire
2729 5635 2957 5699 possent
2981 5667 2996 5691 ,
3026 5632 3080 5678 ct
3111 5622 3203 5675 Dei
3231 5619 3459 5690 gratiam

1878 5713 2195 5815 promereri,
2230 5738 2369 5793 male
2401 5739 2622 5789 utuntur
2651 5725 2901 5781 libertate
2925 5729 3214 5778 concessa;
3264 5713 3299 5766 ii
3327 5722 3454 5764 vero
