3962 6180
522 276 622 334 σει

999 273 1091 329 ΑΙ)
1121 268 1400 328 PARTEM
1430 267 1695 325 PRIMAM
1724 264 2009 323 OPERUM
2041 262 2105 319 Μ.

2213 263 2587 322 ΞΒΕᾹΤΟΒΙΞ
2616 265 2963 322 APPENDIX
2990 266 3330 324 SECUNDA.

3686 269 3785 325 6i!

523 390 901 448 remunerandi
931 396 1078 454 sunt,
1103 385 1226 456 quia
1255 385 1397 440 bene
1424 384 1594 438 libero
1620 392 1833 437 utentes
1860 380 2107 441 arbitrio,
2139 380 2186 436 Α
2215 380 2355 433 stolo
2387 382 2555 449 possit
2583 380 2763 437 dicere
2792 399 2807 434 :
2846 381 2975 436 Viro
3003 392 3209 449 autem,
3232 390 3347 453 jam
3376 399 3480 437 non
3509 401 3636 456 ego,
3668 386 3787 440 υὶοει

525 494 799 540 merentur
844 479 1053 535 Domini
1098 478 1366 547 gratiam,
1407 486 1461 532 et
1505 476 1620 545 ejus
1652 474 1901 529 mandata
1930 482 2108 527 custo-

528 578 706 630 diunt.

601 664 728 716 Hac
758 661 856 729 fuit
882 667 1066 739 [nostra
1105 647 1393 712 constanter
1427 658 1676 710 sententia
1700 697 1715 721 ,
1749 657 1901 710 etiam
1939 656 2110 725 prius-

523 768 671 822 quant
702 750 1099 820 persecutionem
1130 761 1443 817 pateremur.
1488 746 1636 801 Hanc
1665 747 1709 801 si
1738 746 1984 801 voluerint
2016 748 2109 798 ha-

524 847 637 897 bere
665 852 978 914 perspectam
1005 841 1082 895 uel
1115 842 1213 910 ipsi
1248 841 1409 894 nostri
1426 840 1644 906 inimici,
1664 840 1841 909 legant
1867 838 2105 893 libellum

526 933 674 990 Fidei
704 945 905 988 nostrte
927 974 942 998 ,
971 949 1129 1003 qttem
1166 933 1233 986 ad
1265 942 1495 987 vestram
1529 932 1910 987 beatitudinem
1942 930 2110 983 mitti-

527 1040 649 1080 mus
676 1067 690 1090 ,
723 1025 777 1078 in
806 1041 912 1093 quo
943 1036 997 1078 et
1026 1024 1290 1093 baptisma
1330 1038 1492 1077 unum
1531 1030 1776 1077 tenemus
1800 1062 1815 1087 ,
1846 1021 1989 1091 quod
2021 1019 2109 1073 iis-

526 1117 647 1171 dem
680 1115 1004 1170 sacramenti
1033 1114 1210 1169 verbis
1237 1113 1289 1167 in
1324 1113 1617 1167 infantibus
1646 1110 1839 1181 quibus
1865 1112 2024 1166 etiam
2053 1110 2107 1162 in

529 1205 826 1274 majoribus
853 1205 1080 1260 dicimus
1105 1219 1225 1259 esse
1254 1204 1631 1259 celebrandum
1658 1220 1672 1256 :
1700 1213 1753 1257 et
1779 1204 2007 1258 liberum
2030 1202 2109 1257 sic

530 1300 853 1355 confitemur
890 1298 1171 1353 arbitrium
1196 1339 1212 1365 ,
1254 1306 1314 1352 ut
1353 1297 1596 1351 dicamus
1639 1311 1736 1350 nos
1773 1310 1983 1364 semper
2015 1295 2107 1348 Dei

525 1391 769 1461 indigere
795 1390 1018 1445 auxilio.

597 1485 800 1554 Legant
827 1485 1031 1555 pariter
1056 1485 1341 1553 epistolam
1371 1496 1531 1552 quam
1566 1482 1631 1536 ad
1661 1490 1901 1535 sanctum
1932 1480 2104 1533 virum

524 1578 806 1633 Paulinum
855 1578 1209 1648 episcopum,
1262 1587 1388 1631 ante
1431 1574 1713 1629 duodecim
1757 1575 1869 1628 fere
1912 1587 2103 1637 annos,

524 1669 841 1737 scripsimus
863 1709 876 1732 ,
905 1683 1023 1739 qua:
1054 1668 1311 1722 trecentis
1350 1666 1489 1720 forte
1530 1666 1775 1719 versibus
1805 1664 1933 1717 nihil
1961 1664 2103 1717 aliud

2211 480 2380 523 autem
2429 472 2482 524 in
2526 488 2607 526 me
2649 470 2886 527 Christus
2922 471 3083 543 (Gal.
3115 489 3184 540 ιι,
3218 473 3365 543 9.0);
3400 478 3659 545 ponitque
3698 492 3787 531 cor

2210 578 2362 617 suum
2397 565 2448 617 in
2477 579 2635 618 manu
2667 564 2799 629 Dei,
2832 577 2889 619 ut
2919 565 3048 619 illud
3078 580 3185 635 quo
3220 566 3451 620 voluerit
3489 566 3636 621 Deus
3676 569 3787 638 ipse

2209 653 2448 710 declinet
2475 653 2661 726 (Prov.
2695 670 2817 722 xxi,
2854 656 2929 726 1).

2286 744 2409 816 (De
2448 746 2594 799 Grat.
2638 756 2684 800 et
2726 746 2878 801 Pecc.
2923 748 3013 801 lib.
3046 764 3081 802 ιι
3112 764 3160 802 c.
3197 746 3326 817 15.)
3368 746 3541 803 Omne
3584 748 3784 803 bonum

2210 846 2303 890 aut
2338 837 2575 903 malum,
2612 852 2719 908 quo
2761 839 2844 893 vel
2893 838 3221 905 laudabiles,
3266 840 3351 894 vel
3396 840 3788 910 vituperabiles

2209 943 2433 993 smnus,
2464 944 2569 984 non
2602 930 2882 984 nobiscum
2926 931 3120 996 oritur,
3164 931 3258 986 sed
3300 931 3477 1000 agitur
3516 947 3546 984 a
3590 932 3786 995 nobis;

2209 1035 2436 1090 capaces
2465 1024 2606 1076 enim
2639 1024 2919 1092 utriusque
2950 1024 3064 1090 rei,
3100 1038 3205 1078 non
3239 1023 3378 1093 pleni
3407 1027 3704 1087 nascimur.
3736 1036 3790 1080 et

2212 1122 2267 1165 ut
2299 1112 2415 1167 sine
2443 1113 2643 1169 virtute
2664 1156 2679 1180 ,
2713 1114 2786 1169 ita
2818 1122 2873 1169 et
2903 1116 3019 1169 sine
3051 1115 3180 1169 vitio
3209 1130 3593 1185 procreamur:
3627 1129 3790 1187 atque

2208 1216 2334 1259 ante
2363 1205 2629 1261 actionem
2664 1208 2897 1276 propriae
2936 1209 3262 1273 voluntatis,
3304 1207 3357 1262 id
3396 1208 3570 1263 solum
3604 1211 3658 1264 in
3691 1212 3791 1265 ho-

2210 1296 2356 1349 mine
2386 1307 2469 1351 est
2495 1299 2637 1366 quod
2674 1299 2812 1353 Deus
2841 1298 3101 1354 condidit.

2283 1396 2301 1460 (
2336 1388 2409 1443 De
2443 1389 2587 1445 Crat.
2617 1401 2662 1445 et
2691 1392 2840 1446 Pecc.
2881 1391 2970 1445 lib.
3010 1407 3026 1446 ι
3060 1410 3105 1445 c.
3134 1392 3224 1448 ‘28.
3254 1391 3275 1464 )
3304 1393 3433 1447 Cum
3465 1403 3644 1448 autem
3676 1402 3789 1448 tam

2210 1482 2351 1538 forte
2381 1494 2596 1553 tamque
2626 1486 2839 1539 firmum
2869 1485 2935 1539 ad
2965 1501 3068 1541 non
3101 1486 3429 1555 peccandum
3462 1487 3693 1540 liberum
3733 1488 3790 1540 in

2210 1574 2366 1627 nobis
2398 1574 2689 1628 habeamus
2716 1575 2994 1640 arbitrium
3015 1617 3029 1640 ,
3060 1577 3199 1645 quod
3228 1576 3552 1645 generaliter
3578 1587 3791 1631 natura:

2212 1663 2455 1719 humana:
2477 1664 2698 1719 Creator
2726 1665 2986 1732 inseruit,
3017 1680 3201 1721 rursus
3229 1681 3325 1736 pro
3347 1667 3464 1736 ejus
3489 1666 3785 1721 inaestima-

523 1775 681 1830 quam
727 1760 815 1814 Dei
847 1760 1073 1828 gratiam
1124 1767 1178 1813 et
1223 1757 1480 1812 auxilium
1530 1756 1813 1811 cantitetur
1835 1795 1850 1820 ,
1902 1771 2107 1825 nosque
2139 1747 2182 1807 Β
2214 1758 2303 1813 bili
2332 1757 2663 1827 benignitate
2691 1758 3004 1829 quotidiano
3036 1759 3202 1827 ipsius
3247 1761 3516 1813 munitnnr
3544 1759 3783 1823 auxilio,

524 1850 656 1905 nihil
698 1851 918 1904 omnino
960 1849 1088 1903 boni
1139 1848 1318 1902 facere
1365 1861 1524 1917 posse
1561 1847 1680 1901 sine
1728 1845 1861 1901 Deo.
1905 1845 2107 1914 chant

523 1943 684 1997 aliam
714 1943 780 1997 ad
810 1950 1054 1996 sanctum
1081 1940 1459 2003 Constantium
1489 1940 1797 2008 episcopum
1823 1979 1837 2003 ,
1867 1937 1955 1992 ubi
1988 1937 2105 1991 bre-

523 2035 665 2090 viter
691 2032 932 2104 quidem,
973 2033 1067 2088 sed
1097 2033 1277 2102 plane,
1310 2032 1481 2087 libero
1508 2031 1739 2086 hominis
1759 2031 1984 2085 arbitrio
2014 2030 2106 2085 Dei

522 2125 747 2196 gratiam
772 2123 1132 2194 auxiliumque
1154 2123 1555 2192 conjunximns.

596 2218 799 2286 Legam
825 2216 985 2269 etiam
1015 2256 1031 2282 ,
1073 2230 1231 2285 quam
1264 2213 1331 2268 ad
1362 2228 1567 2268 sacram
1615 2211 1811 2267 Christi
1843 2211 2105 2280 virginem

526 2311 919 2367 Demetriadem
950 2310 1002 2364 in
1031 2308 1253 2365 Oriente
1279 2306 1721 2377 conscripsimus,
1752 2317 1804 2361 et
1833 2306 2108 2361 invenient

526 2416 625 2457 nos
655 2402 725 2456 ita
753 2400 987 2455 hominis
1017 2398 1234 2454 laudare
1261 2408 1528 2465 naturam,
1552 2406 1612 2451 ut
1637 2396 1732 2451 Dei
1755 2411 1967 2465 semper
1988 2409 2108 2466 gra-

527 2496 614 2550 tia
641 2494 900 2549 addamus
928 2492 1211 2548 auxilium.

596 2586 806 2657 Legant
832 2586 997 2641 etiam
1024 2598 1215 2639 recens
1242 2597 1420 2637 meum
1450 2582 1765 2649 opusculum
1786 2621 1802 2646 ,
1840 2579 1981 2650 quod
2010 2594 2107 2649 pro

526 2678 697 2733 libero
718 2692 888 2745 nuper
909 2675 1133 2731 arbitrio
1154 2673 1316 2729 edere
1342 2673 1605 2742 compulsi
1628 2686 1843 2736 sumus;
1870 2681 1923 2724 et
1943 2684 2108 2741 agno-

526 2778 679 2824 scent
706 2783 863 2837 quam
910 2766 1093 2835 inique
1138 2779 1238 2819 nos
1286 2763 1571 2833 negatione
1618 2762 1801 2831 gratiae
1846 2761 2107 2816 infamare

525 2861 822 2932 gestierint,
854 2860 943 2927 qui
970 2874 1065 2928 per
1091 2867 1262 2913 totum
1294 2872 1434 2927 pene
1462 2856 1628 2923 ipsius
1657 2864 1865 2911 textum
1892 2855 2103 2925 Operis,

528 2952 768 3022 perfecte
797 2960 956 3021 atque
999 2951 1202 3020 integre
1228 2990 1242 3016 ,
1278 2961 1333 3006 et
1371 2948 1601 3005 liberum
1629 2948 1908 3003 arbitrium
1937 2948 2107 3004 confl-

531 3055 705 3100 temur
730 3050 787 3107 et
809 3042 1058 3113 gratiam.

844 3153 924 3210 De
948 3154 1131 3209 Libero
1154 3153 1375 3208 Arbitrio
1400 3152 1520 3207 libri
1540 3162 1777 3223 quatuor,

596 3248 785 3316 Operis
813 3264 843 3303 a
879 3247 1096 3315 Pelagio
1122 3244 1406 3315 compositi
1434 3245 1500 3298 de
1525 3244 1718 3299 Libero
1734 3245 1974 3299 Arbitrio
1993 3260 2106 3300 me-

526 3322 797 3375 minerunt
847 3316 1187 3387 apertissime
1226 3334 1239 3368 :
1277 3316 1519 3384 Pelagius
1560 3316 1675 3383 ipse
1718 3317 1739 3386 (
1773 3316 1835 3369 In
1857 3317 2006 3386 epist.
2036 3318 2104 3370 ad

528 3390 589 3445 S.
625 3388 841 3457 Innoc.)
875 3386 893 3442 ἑ
932 3387 1126 3458 Legant
1162 3386 1315 3439 etiam
1352 3401 1530 3458 recens
1569 3402 1733 3439 meum
1778 3390 2100 3457 opusculum,

525 3461 662 3530 quod
688 3475 779 3529 pro
821 3454 977 3512 libero
1004 3454 1165 3530 nuper
1189 3457 1398 3530 arbitrio
1427 3454 1575 3530 edere
1602 3454 1850 3530 compulsi
1880 3474 2103 3530 _sumus;

526 3524 582 3584 et
624 3524 955 3651 Augustinus
998 3524 1141 3606 (Lib.
1176 3524 1413 3608 de_Grut.
1443 3525 1633 3580 Christ.
1663 3524 1837 3609 c.'3).:
1871 3526 1937 3581 In
1963 3529 2104 3609 libris

526 3616 650 3651 auos
675 3616 700 3651 ε
740 3599 831 3651 tdtt
855 3614 948 3651 pro
972 3598 1128 3651 libero
1156 3597 1390 3651 arbitrio.
1413 3612 1629 3651 auorum
1658 3610 1957 3651 mentionem
1985 3603 2104 3651 facit

675 3616 700 3653 ε

524 3616 650 3670 quos
675 3597 831 3670 edidit
855 3614 948 3670 pro
972 3598 1128 3670 libero
1156 3597 1390 3659 arbitrio,
1413 3612 1629 3670 quorum
1658 3597 1957 3652 mentionem
1984 3600 2106 3666 facit

420 3724 433 3743 κ
526 3665 579 3725 in
619 3669 828 3741 epistola
856 3665 1027 3743 quant
1056 3665 1303 3743 Romanu
1322 3668 1461 3743 misit
1477 3678 1626 3743 ,‘etc.
1646 3682 1673 3743 ;Δ
1698 3670 1888 3743 minus
1920 3665 2104 3738 aperte

527 3734 881 3811 Hieronymus
907 3738 1154 3811 scribens
1178 3737 1372 3811 (Epist.
1408 3734 1529 3811 [43)
1557 3740 1622 3791 ad
1649 3738 1882 3808 Alipium
1912 3734 1975 3811 et
1997 3744 2102 3792 Au-

526 3807 829 3882 gustinum;
863 3817 1026 3879 atque
1054 3807 1295 3882 Julianus
1323 3807 1582 3882 in_0pere
1603 3807 1885 3882 postremo
1912 3808 2102 3864 adver-

524 3876 617 3937 sus
644 3876 997 3952 Augustinum
1050 3879 1180 3952 gap.
1206 3877 1346 3947 Imp.
1378 3876 1417 3931 l.
1444 3876 1496 3932 iv
1522 3894 1568 3952 ε.
1602 3877 1717 3952 72.)

597 3949 770 4007 Libris
794 3962 1020 4021 quatuor
1041 3949 1185 4018 Opus
1211 3960 1377 4021 totum
1403 3950 1709 4021 constitisse
1738 3949 1897 4021 tradit
1917 3950 2103 4021 Augu-

525 4025 717 4078 stinus.
752 4018 984 4088 Quatuor
1012 4031 1127 4073 sunt
1160 4021 1275 4073 libri
1307 4018 1485 4089 Operis
1513 4018 1689 4090 hujus,
1717 4029 1767 4073 et
1794 4020 1882 4071 hos
1906 4018 2029 4090 legi,
2057 4030 2105 4072 et

522 4111 586 4148 ea;
610 4094 714 4147 illis
743 4094 936 4160 sumpsi
967 4106 1079 4160 qua:
1108 4090 1375 4144 tractanda
1403 4100 1450 4143 et
1488 4089 1805 4142 discutienda
1834 4089 2100 4160 proposui,

523 4178 570 4219 et
593 4176 647 4217 ut
673 4164 812 4235 potui
855 4159 1156 4235 pertractaui
1194 4170 1469 4235 antequam
1501 4159 1577 4235 ad
1614 4163 1725 4235 ejus
1755 4159 1847 4235 has
1890 4159 2100 4225 litteras,

521 4252 650 4306 quas
673 4230 892 4287 Romani
912 4232 1071 4302 misit,
1094 4232 1396 4299 veniremus,
1422 4230 1510 4283 sed
1531 4230 1586 4283 in
1611 4232 1691 4285 his
1712 4231 1864 4285 etiam
1886 4244 2104 4300 quatuor

527 4306 692 4372 libris,
724 4316 830 4359 etc.

1081 4390 1166 4447 Ea:
1198 4393 1325 4447 libro
1356 4393 1544 4462 primo.

593 4500 712 4571 (De
738 4498 886 4554 Grut.
919 4510 969 4554 et
1001 4500 1154 4555 Pecc.
1187 4502 1333 4573 Orig.
1379 4502 1467 4555 lib.
1520 4517 1537 4555 ι
1582 4518 1628 4554 c.
1665 4500 1796 4568 i8.)
1831 4502 2105 4559 Habemus
2130 4490 2182 4551 D

523 4603 701 4647 autem
737 4591 1153 4661 possibilitatem
1183 4594 1463 4661 utriusque
1493 4592 1696 4661 partis,
1741 4609 1771 4647 a
1812 4593 1926 4649 Deo
1967 4595 2100 4649 insi-

524 4694 666 4751 tam,
700 4685 847 4740 velut
875 4684 1159 4755 quamdam
1181 4727 1197 4752 ,
1232 4692 1290 4738 ut
1319 4684 1392 4739 ita
1436 4686 1612 4740 dicam
1642 4726 1658 4753 ,
1702 4688 1939 4743 radicem
1986 4690 2102 4742 fru-

521 4779 764 4833 ctiferam
811 4788 973 4848 atque
1022 4776 1310 4833 fecundam
1332 4818 1347 4842 ,
1381 4794 1502 4848 quae
1530 4794 1595 4834 ex
1627 4781 1907 4836 voluntate
1931 4783 2105 4837 homi-

518 4871 605 4925 nis
654 4870 867 4925 diversa
915 4869 1135 4941 gignat,
1181 4879 1236 4924 et
1277 4870 1484 4940 pariat,
1527 4882 1583 4927 et
1624 4888 1743 4942 quae
1787 4875 1991 4944 possit,
2034 4875 2103 4930 ad

518 4963 722 5033 proprii
766 4962 996 5017 cultoris
1038 4962 1356 5030 arbitrium,
1404 4963 1489 5017 vel
1532 4963 1706 5020 nitere
1744 4965 1878 5022 flore
1920 4968 2096 5022 virtu-

518 5064 665 5119 tum,
698 5054 782 5110 vel
815 5055 1059 5109 sentibus
1089 5054 1312 5109 horrere
1340 5053 1615 5110 vitiorum.

590 5146 610 5215 (
637 5144 803 5209 lbid.,
836 5161 951 5212 cap.
986 5144 1088 5210 22,
1117 5145 1188 5199 ‘23
1212 5146 1257 5215 .)
1286 5145 1385 5213 Qui
1416 5150 1588 5201 currit
1615 5148 1679 5202 ad
1722 5148 1890 5202 Deum
1910 5190 1925 5216 ,
1971 5159 2024 5204 et
2069 5166 2099 5205 a

518 5232 632 5289 Deo
660 5249 717 5289 se
748 5236 858 5303 regi
888 5236 1070 5302 cupit,
1102 5236 1155 5290 id
1182 5247 1299 5302 est,
1331 5237 1669 5292 voluntatem
1701 5253 1853 5293 suam
1887 5257 1952 5293 ex
1981 5242 2099 5309 ejus

520 5327 799 5383 voluntate
819 5328 1129 5397 suspendit,
1155 5330 1244 5401 qui
1275 5331 1325 5390 ei
1348 5331 1680 5387 adltmrendo
1701 5333 1919 5403 jugiter,
1946 5350 2095 5400 unus,

518 5407 817 5476 secundum
860 5421 1175 5491 Apostolum
1207 5423 1225 5492 ί
1252 5423 1269 5475 l
1300 5420 1421 5476 Cor.
1454 5439 1507 5477 vr
1531 5464 1545 5489 ,
1576 5424 1641 5477 17
1666 5421 1685 5493 )
1712 5465 1727 5490 ,
1777 5440 1894 5478 cum
1936 5441 1999 5479 ea
2040 5426 2100 5495 ﬁt

516 5514 766 5581 spiritus,
797 5529 905 5570 non
938 5515 1074 5582 hoc,
1106 5514 1209 5569 nisi
1242 5515 1311 5569 de
1355 5514 1569 5569 arbitrii
1614 5514 1781 5570 efﬁcit
1824 5516 2098 5572 libertate.

517 5610 632 5676 Qua
661 5608 751 5678 qui
780 5607 918 5663 bene
949 5610 1139 5673 utitur,
1168 5606 1241 5661 ita
1272 5621 1333 5662 se
1376 5615 1549 5661 totum
1592 5606 1755 5662 tradit
1799 5609 1909 5664 Deo
1929 5650 1942 5676 ,
1985 5627 2103 5666 om-

514 5714 752 5773 nemque
780 5714 932 5756 suam
962 5699 1252 5755 mortiflcat
1282 5698 1614 5754 voluntatem
1636 5740 1650 5765 ,
1696 5710 1751 5755 ut
1793 5716 1914 5756 cum
1958 5706 2102 5769 Apo-

2209 1849 2431 1920 utquod
2466 1866 2559 1919 per
2589 1849 2817 1905 liberum
2850 1850 3093 1906 homines
3132 1850 3312 1905 facere
3354 1851 3609 1919 iubentur
3637 1851 3788 1904 arbi-

2210 1940 2369 1995 trium
2392 1981 2408 2006 ,
2443 1938 2657 1994 facilius
2684 1940 2890 2010 possint
2917 1940 3141 2008 implere
3170 1954 3264 2008 per
3291 1940 3541 2011 gratiam.

2778 2031 2859 2085 Ea:
2883 2031 3015 2085 libro
3046 2033 3214 2086 tertio.

2280 2121 2403 2196 (De
2432 2123 2582 2180 Grat.
2625 2132 2673 2177 et
2712 2121 2864 2177 Pecs.
2900 2122 2993 2177 lib.
3028 2139 3043 2177 ι
3083 2139 3130 2176 c.
3166 2120 3261 2194 ι.)
3302 2122 3410 2177 Nos
3441 2124 3518 2177 sic
3551 2123 3650 2177 tria
3683 2122 3786 2177 ista

2207 2214 2616 2285 distinguimus,
2660 2222 2715 2270 et.
2751 2222 2958 2270 certum
3002 2214 3145 2268 velut
3186 2215 3239 2268 in
3285 2214 3532 2269 ordinem
3573 2213 3785 2282 digesta

2207 2309 2494 2379 partimur.
2544 2307 2726 2362 Primo
2774 2308 2895 2362 loco
2946 2322 3105 2377 posse
3156 2308 3484 2371 statuimus,
3540 2305 3786 2361 secundo

2208 2401 2381 2467 velle,
2430 2400 2590 2456 tertio
2626 2414 2767 2455 esse.
2816 2398 2986 2455 Posse
3022 2400 3074 2452 in
3121 2409 3307 2453 natura
3332 2438 3347 2464 ,
3380 2399 3520 2452 velle
3551 2396 3601 2450 in
3632 2396 3786 2449 arbi—

2208 2491 2336 2559 trio,
2367 2506 2488 2547 esse
2518 2491 2571 2546 in
2600 2490 2792 2546 affectu
2825 2492 3087 2545 locamus.
3121 2490 3355 2545 Primum
3388 2490 3513 2543 illud
3534 2530 3549 2555 ,
3581 2490 3633 2543 id
3665 2498 3784 2554 est,

2208 2598 2369 2655 posse
2396 2586 2460 2639 ad
2490 2586 2658 2640 Deum
2687 2585 2907 2655 preprie
2939 2584 3201 2653 pertinet,
3230 2586 3318 2652 qui
3352 2583 3479 2637 illud
3513 2592 3788 2636 creaturas

2207 2693 2318 2733 suae
2348 2676 2609 2743 contulit;
2654 2677 2760 2731 duo
2805 2691 2934 2730 vero
2975 2676 3217 2745 reliqua,
3263 2675 3362 2729 hoc
3388 2682 3503 2736 est,
3550 2673 3690 2726 velle
3723 2680 3783 2727 et

2208 2782 2331 2825 esse
2351 2811 2366 2836 ,
2396 2767 2465 2822 ad
2495 2768 2765 2822 hominem
2794 2766 3079 2822 referenda
3106 2776 3265 2833 sunt,
3301 2767 3423 2833 quia
3462 2763 3530 2818 de
3571 2762 3786 2817 arbitrii

2208 2858 2356 2913 fonte
2382 2857 2736 2913 descendunt.
2771 2857 2913 2927 Ergo
2941 2857 2995 2911 in
3025 2857 3300 2910 voluntate
3339 2867 3393 2910 et
3423 2868 3590 2924 apere
3632 2854 3783 2907 beno

2207 2950 2325 3005 laus
2372 2949 2606 3004 hominis
2649 2956 2775 3014 est,
2823 2951 2989 3003 immo
3034 2957 3088 3003 et
3131 2946 3365 3002 hominis
3410 2956 3466 3002 et
3516 2946 3642 3013 Dei,
3691 2945 3785 3015 qui

2209 3040 2378 3111 ipsius
2405 3040 2692 3095 voluntatis
2722 3049 2777 3095 et
2804 3040 2985 3109 operis
3013 3039 3420 3109 possibilitatem
3448 3037 3595 3092 dedit
3615 3080 3630 3101 ,
3662 3038 3786 3107 qui-

2207 3149 2309 3203 que
2339 3134 2507 3204 ipsam
2540 3132 2953 3203 possibilitatem
2978 3131 3164 3201 gratite
3189 3146 3301 3186 suae
3323 3130 3542 3199 adjuvat
3565 3144 3785 3199 semper

2206 3224 2425 3278 auxilio.
2459 3224 2615 3291 Quod
2648 3239 2776 3279 vero
2806 3223 2968 3277 homo
3000 3233 3178 3293 potest
3208 3224 3345 3277 velle
3383 3222 3581 3276 bonum
3619 3230 3785 3290 atque

2207 3314 2505 3386 perficere,
2536 3315 2704 3371 solius
2733 3315 2825 3370 Dei
2857 3324 2975 3370 est:
3010 3321 3188 3385 potest
3223 3314 3401 3383 itaque
3442 3312 3572 3366 illud
3614 3329 3783 3367 unum

2207 3421 2359 3472 esse,
2411 3407 2621 3462 etiamsi
2664 3407 2772 3462 duo
2814 3408 2914 3461 ista
2953 3422 3060 3461 non
3100 3405 3330 3470 fuerint,
3361 3403 3463 3457 ista
3494 3418 3624 3458 vero
3667 3404 3787 3458 sine

2208 3498 2301 3554 illo
2327 3512 2449 3555 esse
2476 3515 2582 3554 non
2616 3507 2860 3569 possunt.
2897 3500 3078 3569 Itaque
3109 3500 3334 3553 liberum
3369 3498 3500 3552 mihi
3531 3508 3612 3553 est
3635 3540 3651 3563 ,
3684 3512 3784 3553 nec

2206 3591 2542 3648 voluntatem
2571 3592 2768 3648 bonam
2796 3592 3029 3655 habere,
3056 3606 3158 3647 nec
3187 3592 3486 3658 actionem,
3517 3592 3666 3646 nullo
3695 3608 3786 3645 au-

2209 3693 2318 3739 tem
2350 3684 2513 3739 modo
2544 3697 2763 3755 possum
2795 3699 2901 3739 non
2935 3684 3137 3739 habere
3166 3683 3583 3753 possibilitatem
3614 3683 3741 3737 boni
3768 3701 3783 3747 ;

2206 3775 2349 3830 inest
2375 3776 2533 3841 mihi,
2558 3776 2777 3832 etiamsi
2803 3776 3042 3841 noluero,
3069 3791 3170 3831 nec
3194 3778 3360 3830 otium
3390 3774 3475 3829 sui
3497 3775 3787 3844 aliquando

2206 3868 2259 3924 in
2291 3870 2392 3925 hoc
2422 3877 2610 3924 natura
2640 3871 2847 3941 recipit.
2878 3869 3046 3938 Quem
3087 3870 3238 3925 vobis
3278 3885 3493 3925 sensum
3536 3872 3785 3940 exempla

2206 3961 2382 4030 aliqua
2439 3960 2637 4016 faciant
2688 3962 2995 4015 clariorem.
3054 3961 3208 4028 Quod
3261 3976 3547 4031 possumus
3600 3962 3785 4016 videre

2205 4053 2406 4119 oculis,
2438 4063 2677 4107 nostrum
2710 4070 2818 4108 non
2847 4064 2966 4119 est;
2998 4054 3143 4125 quod
3177 4069 3306 4110 vero
3333 4054 3471 4110 bene
3508 4061 3604 4108 aut
3647 4055 3783 4107 male

2205 4146 2480 4212 videmus,
2512 4145 2616 4200 hoc
2654 4156 2898 4201 nostrum
2939 4156 3042 4202 est.
3087 4146 3155 4200 Et
3198 4157 3255 4200 ut
3297 4147 3627 4217 generaliter
3673 4145 3786 4199 nni-

2205 4251 2359 4291 versa
2390 4238 2721 4306 complectar
2747 4255 2761 4290 :
2794 4238 2934 4307 quod
2967 4252 3255 4307 possumus
3283 4252 3443 4291 omne
3470 4237 3677 4291 bonum
3708 4236 3784 4289 fa-

2204 4343 2362 4393 cere,
2392 4328 2604 4395 dicere,
2637 4331 2905 4398 cogitare,
2943 4328 3086 4383 illius
3112 4340 3193 4383 est
3221 4329 3311 4398 qui
3340 4327 3444 4382 hoc
3485 4342 3650 4397 posse
3692 4328 3785 4381 do-

2206 4420 2377 4484 navit,
2410 4418 2504 4488 qui
2537 4419 2637 4472 boc
2669 4434 2829 4488 posse
2857 4418 3115 4487 adjuvat;
3147 4418 3291 4487 quod
3320 4432 3451 4471 vero
3492 4416 3670 4481 bene,
3704 4417 3783 4471 vel

2208 4514 2443 4581 agimus,
2475 4514 2561 4567 vel
2595 4512 2883 4581 loquimur,
2918 4513 3001 4566 vel
3030 4514 3361 4582 cogitamus,
3393 4518 3639 4564 nostrum
3673 4524 3779 4575 est,

2206 4606 2327 4673 quia
2358 4604 2473 4658 ltzec
2499 4605 2678 4658 omnia
2710 4612 2923 4659 vertere
2952 4605 3111 4658 etiam
3145 4604 3197 4657 in
3228 4603 3428 4656 tnalum
3463 4617 3778 4671 possumus:

2206 4696 2374 4761 unde,
2419 4696 2563 4766 quod
2608 4705 2830 4765 propter
2872 4695 3194 4751 calumniam
3238 4703 3469 4748 vestram
3512 4707 3661 4762 saepe
3708 4706 3783 4745 re-

2205 4793 2495 4860 petendum
2539 4797 2650 4856 est,
2702 4804 2824 4843 cum
2874 4790 3103 4843 dicimus
3152 4787 3426 4842 hominem
3476 4801 3640 4855 posse
3669 4799 3782 4840 esse

2205 4882 2324 4936 sine
2360 4889 2612 4948 peccato,
2656 4887 2711 4934 et
2748 4879 3095 4935 confessione
3134 4877 3506 4948 possibilitatis
3550 4886 3782 4945 accepta:

2206 4970 2494 5026 laudamus
2527 4971 2727 5039 Deum,
2766 4971 2857 5040 qui
2896 4970 3051 5025 nobis
3082 4970 3181 5023 hoc
3223 4984 3379 5036 posse
3411 4967 3638 5036 largitus
3671 4977 3782 5029 est,

2208 5080 2309 5120 nec
2336 5075 2418 5119 est
2444 5063 2517 5119 ibi
2547 5064 2651 5117 ulla
2682 5062 2933 5117 laudandi
2965 5062 3195 5117 hominis
3222 5061 3467 5125 occasio,
3497 5060 3587 5113 ubi
3619 5060 3785 5112 solius

2208 5158 2301 5212 Dei
2328 5172 2488 5211 causa
2521 5164 2800 5211 tractatur.
2830 5156 2944 5209 Non
2973 5155 3114 5210 enim
3139 5154 3207 5209 de
3235 5155 3390 5221 velle,
3423 5168 3523 5206 nec
3547 5152 3614 5206 de
3642 5168 3782 5216 εδει»,

2203 5249 2297 5304 sed
2330 5247 2698 5303 tantummodo
2727 5247 2794 5301 de
2824 5261 2889 5302 eo
2917 5248 3062 5316 quod
3104 5255 3279 5316 potest
3314 5260 3435 5300 esse
3471 5244 3783 5299 disseritur.

2278 5338 2479 5411 (Ibid.,
2512 5356 2558 5391 c.
2590 5337 2683 5409 7.)
2718 5340 2813 5393 llic
2843 5353 2940 5392 nos
2967 5338 3351 5408 imperitissimi
3384 5338 3664 5391 hominum
3698 5352 3788 5404 pu-

2207 5440 2323 5486 tant
2366 5429 2616 5498 injuriam
2666 5429 2865 5484 divinae.
2901 5429 3088 5499 gratiae
3125 5428 3305 5484 facere
3336 5470 3351 5492 ,
3392 5429 3518 5497 quia
3556 5428 3790 5481 dicimus

2206 5536 2323 5575 eam
2353 5521 2471 5575 sine
2498 5521 2777 5575 voluntate
2807 5531 2993 5574 nostra
3024 5535 3361 5591 nequaquam
3393 5520 3446 5574 in
3479 5519 3635 5574 nobis
3670 5534 3789 5586 per-

2208 5615 2370 5666 ficere
2411 5611 2751 5666 sanctitatem
2783 5627 2797 5665 :
2828 5610 2979 5679 quasi
3019 5611 3161 5666 Deus
3200 5612 3386 5681 gratia:
3425 5626 3541 5666 suze
3585 5606 3789 5679 aliquid

2206 5703 2574 5771 imperaverit,
2603 5712 2658 5760 et
2688 5717 2795 5758 non
2824 5703 2930 5759 illis
2953 5703 3147 5771 quibus
3174 5704 3457 5771 imperavit
3478 5703 3641 5759 etiam
3672 5720 3781 5768 grav
