3962 6180
281 310 379 364 bt'l

646 288 970 366 DiSSERT.
995 310 1084 366 Vl-
1119 309 1206 368 DE
1233 314 1540 372 SCRIPTIS
1573 315 1706 370 PRO
1737 315 2014 375 llASltleiSl
2047 319 2293 377 PELAG.
2330 322 2624 380 VIVENTE
2657 327 2714 382 S.
2750 327 3164 388 AUGI.‘STlNO.

3441 339 3548 393 διε

277 427 426 518 giuIm
459 423 714 518 .timidiuAs
753 433 913 518 atque
952 427 1254 510 obscurius,
1286 431 1535 514 apertius
1550 430 1861 518 (‘Itnlctttiutn
1894 432 1940 491 Α
1971 433 2085 489 rale
2109 479 2123 503 ,
2153 449 2221 489 an
2259 437 2545 493 accidens?
2580 439 2635 493 Si
2681 446 2956 506 naturale,
2990 461 3266 513 peceatum
3300 465 3405 504 non
3437 462 3547 518 est;

277 497 648 570 audaciusque
671 497 854 570 desua
883 497 1072 551 Incresi
1107 501 1422 570 scripsisse;
1447 502 1574 570 quid
1598 501 1738 556 enim
1767 501 1862 555 Iri-

276 567 409 642 bus;
428 565 665 642 praelatis
713 568 883 632 libris,
921 577 1032 642 aut
1061 565 1417 642 manifestius,
1445 565 1536 625 aut
1581 571 1863 642 impuden-

277 637 411 690 tius?
425 640 618 696 Sexto.
643 644 931 705 antequam
964 640 1126 692 ullum
1154 637 1582 696 ecclesiasticum
1611 637 1864 696 institue-

275 720 429 762 rctur
452 708 737 780 judicium,
769 709 1011 780 autiip‘so
1050 711 1212 763 etiam
1243 713 1416 775 quinti
1446 713 1631 767 steculi
1683 712 1857 780 initio,

277 787 484 832 statum
519 777 660 831 hunc
692 777 915 832 haeresis
939 778 1239 843 Pelagiana:
1267 780 1455 846 fuisse,
1481 793 1538 836 ut
1559 785 1624 836 att
1650 783 1751 838 tria
1774 777 1862 836 ca-

279 851 391 915 pita
421 859 998 920 revocaretur;_utque
1029 865 1155 904 vera
1178 854 1347 916 gratia
1379 850 1578 906 Christi
1602 869 1859 920 agnosce-

279 927 436 989 retur
464 917 684 988 quidem
717 921 786 989 ab
813 918 1105 983 haereticis,
1134 923 1229 974 sed
1260 937 1380 989 qua:
1409 917 1717 977 daretur—ex
1749 941 1861 977 me-

277 988 434 1050 ritis,
490 1002 719 1056 quaeque
765 988 967 1043 homini
1015 1003 1120 1044 non
1170 988 1315 1046 esset
1356 1006 1518 1062 opus,
1572 994 1667 1049 sed
1716 993 1862 1049 utilis

278 1068 514 1111 tantum.

345 1127 596 1204 Septimo
641 1127 1230 1204 denique,__Pclagium
1252 1173 1266 1194 ,
1300 1147 1420 1186 cum
1457 1133 1557 1204 ipsi
1589 1134 1859 1202 ohj-ectum

276 1207 428 1272 esset
459 1199 678 1272 tertium
710 1197 960 1272 Ctel‘estii
977 1204 1269 1272 capitulum
1293 1243 1308 1264 .
1343 1197 1693 1270 respondisse
1720 1205 1857 1272 (Lib.

275 1269 340 1320 de
367 1267 515 1340 σου.
551 1267 760 1322 Palwst.
799 1284 844 1322 ε.
880 1267 978 1340 14)
1019 1267 1055 1320 τ’
1079 1270 1208 1325 ιιωο
1249 1267 1679 1328 υινιιηιέοειεδιὲἱ
1724 1267 1857 1340 sint,

277 1339 380 1416 ipsi
399 1339 621 1416 viderint
638 1341 728 1416 _qui
743 1340 922 1416 dicunt
945 1339 1164 1416 leestii
1183 1357 1316 1416 esse;
1339 1361 1432 1416 ego
1453 1360 1570 1398 vero
1583 1361 1861 1414 numquam

274 1411 350 1462 sic
373 1410 534 1484 tenui,
558 1412 646 1461 sed
668 1409 1046 1484 anathematizo
1073 1413 1158 1476 qui
1181 1414 1255 1467 sic
1277 1409 1430 1468 tenét.
1453 1416 1531 1469 Ad
1555 1431 1625 1484 qu
1645 1435 1672 1468 υ
1698 1409 1858 1470 verba

278 1482 614 1548 Augustinus
647 1497 660 1509 ·
695 1478 824 1532 Ecce
852 1497 940 1532 nec
969 1492 1209 1534 naturam
1241 1484 1383 1536 liberi
1417 1478 1644 1549 arbitrii,
1674 1503 1763 1539 nec
1789 1489 1861 1541 le-

275 1565 392 1618 gem
435 1559 590 1624 atque
625 1550 915 1624 doctrinam
948 1553 1051 1602 vult
1088 1553 1304 1624 intelligi
1347 1557 1598 1621 gratiam,
1638 1575 1735 1624 qua
1773 1575 1860 1620 per

275 1633 421 1672 actus
459 1618 694 1695 singulos
731 1621 1044 1695 adjuvantur
1075 1618 1398 1695 :rquid'erQO
1437 1618 1624 1688 restat,
1649 1618 1780 1677 'm‘si
1805 1637 1859 1680 ut

273 1705 389 1742 eum
423 1691 681 1758 intelligat
715 1706 871 1759 quant
908 1693 1030 1744 dicit
1073 1691 1351 1757 Apostolus
1391 1696 1860 1751 subministratione

274 1759 509 1827 Spiritus
548 1761 745 1828 sancti,
785 1775 891 1815 etc.
937 1762 1141 1828 Quibus
1177 1765 1354 1818 verbis
1397 1769 1629 1820 ostendit
1679 1784 1854 1820 veram

1964 528 2010 580 si
2049 535 2230 584 autem
2270 531 2526 585 accidens
2563 543 2675 598 est,
2705 543 2758 587 et
2785 536 3042 592 recedere
3071 549 3285 607 potest;
3310 553 3366 597 et
3402 546 3550 612 quod

1964 618 2220 673 recedere
2243 629 2444 689 potest,
2475 623 2632 678 vitari
2661 633 2837 692 potest
2862 642 2878 684 :
2904 639 2957 682 et
2987 633 3128 698 quod
3159 633 3315 687 vitari
3348 645 3548 703 potest,

1965 715 2146 776 potest
2173 708 2335 763 homo
2365 711 2484 766 sine
2507 725 2573 767 eo
2601 727 2746 769 esse.
3129 787 3132 790 ι

2035 800 2232 856 lterum
2256 803 2606 873 querendum
2628 815 2741 862 est:
2760 805 2898 872 Quid
2917 819 2998 864 est
3020 815 3334 880 peccatum?
3355 819 3548 885 Actus,

1964 906 2030 945 au
2056 895 2186 949 res?
2209 894 2265 949 Si
2297 909 2387 950 res
2415 903 2528 958 est,
2554 911 2784 952 necesse
2819 909 2903 952 est
2932 908 2989 953 ut
3014 913 3291 959 auctorem
3323 905 3548 974 habeat;

1963 994 2016 1039 et
2042 983 2088 1038 si
2109 994 2384 1041 auctorem
2413 988 2614 1042 habere
2632 988 2851 1052 dicitur,
2871 990 2980 1058 jam
3004 993 3143 1047 alter
3166 1007 3360 1063 praster
3381 999 3546 1052 Deum

1963 1075 2039 1130 rei
2065 1077 2293 1146 alicujus
2321 1090 2515 1133 auctor
2553 1079 2734 1134 induci
2777 1081 3069 1138 videbitur.
3109 1090 3178 1140 At
3215 1088 3260 1142 si
3301 1088 3403 1144 hoc
3441 1093 3548 1146 dici

1965 1168 2186 1238 impium
2219 1180 2323 1236 est,
2355 1185 2580 1226 necesse
2607 1181 2993 1243 est-peceatum
3016 1193 3176 1233 omne
3195 1191 3377 1235 actum
3403 1200 3546 1249 esse,

1965 1273 2069 1313 non
2100 1275 2236 1315 rem.
2264 1260 2323 1317 Si
2355 1261 2519 1332 igitur
2547 1274 2701 1319 actus
2730 1273 2818 1319 est
2839 1307 2854 1329 ,
2889 1266 3054 1322 immo
3082 1269 3208 1338 quia
3238 1285 3371 1328 vere
3399 1287 3551 1330 actus

1962 1356 2066 1414 est,
2096 1349 2252 1404 vitari
2281 1360 2479 1420 potest.

2032 1442 2232 1496 lterum
2259 1443 2611 1512 quaerendum
2635 1453 2721 1500 est
2741 1454 2992 1503 utrumne
3013 1449 3205 1506 debeat
3233 1451 3399 1508 homo
3431 1455 3551 1510 sine

1963 1543 2186 1602 peccato
2213 1550 2356 1593 esse.
2387 1537 2581 1592 Procul
2606 1539 2770 1594 dubio
2800 1542 2965 1596 debet
2994 1563 3006 1598 :
3036 1545 3079 1598 si
3115 1546 3298 1612 debet,
3330 1558 3505 1617 potest
3531 1568 3547 1618 ;

1961 1626 2006 1680 si
2033 1641 2138 1680 non
2169 1637 2385 1696 potest,
2417 1645 2548 1701 ergo
2572 1647 2672 1687 nec
2703 1634 2887 1688 debet.
2913 1635 2977 1689 Et
3000 1637 3043 1690 si
3068 1655 3172 1692 non
3197 1641 3357 1696 debet
3387 1641 3552 1697 homo

1962 1732 2084 1774 esse
2123 1719 2242 1774 sine
2279 1731 2534 1788 peccato,
2561 1723 2721 1779 debet
2750 1740 2880 1794 ergo
2907 1741 3025 1781 cum
3059 1741 3283 1798 peccato
3314 1747 3466 1799 esse,
3497 1749 3550 1789 (ιι

272 1805 527 1897 gaias,
549 1805 746 1898 1ιῖζὲιίὶὲ
778 1805 1014 1901 assa
1027 1805 1360 1894 “55.15.7212:
1388 1805 1629 1905 ἔέδῖῖέἐίἱξ
1654 1805 1854 1891 usus
1886 1805 1934 1864 Β
1958 1809 2066 1905 tam
2108 1822 2385 1905 eeeeeien
2426 1827 2532 1905 "ee
2569 1815 2706 1878 eiii.
2737 1817 2780 1869 ei
2823 1817 2951 1872 ίιιιιά
2991 1819 3180 1874 deberi
3215 1824 3545 1880 eeeeeieeeie-

272 1908 381 1966 κιο,
415 1901 752 1966 Quamquam
798 1909 847 1954 iu
883 1903 1020 1955 libro
1058 1903 1124 1954 de
1150 1904 1328 1959 Gratia
1357 1901 1551 1960 Christi
1593 1908 1854 1962 tut-mlacii

272 1969 549 2038 Pelagium
589 1980 682 2040 aut
707 1984 1018 2040 suspectum
1052 1975 1209 2034 fat-it.
1241 1980 1519 2029 autetiam
1556 1978 1852 2040 convincit;

271 2042 343 2115 ait
375 2043 518 2115 enim
551 2039 702 2111 (Cap.
732 2043 785 2108 5)
809 2039 830 2094 ⁷;
863 2042 989 2096 Cum
1021 2042 1260 2108 Pelagius
1291 2048 1662 2114 episcopalibus
1701 2039 1856 2115 gestis

272 2114 380 2182 sine
411 2111 523 2163 ulla
545 2115 864 2165 recusatione
893 2117 1206 2167 dantnavcrtt
1234 2111 1422 2182 cos-qui
1444 2120 1616 2170 dicunt
1641 2111 1855 2180 gratiam

273 2181 446 2255 Deiet
473 2184 791 2255 adjutorium
817 2195 1051 2237 nostrum
1081 2188 1148 2237 ad
1179 2181 1408 2255 singulos
1438 2203 1580 2238 uetus
1608 2189 1742 2253 dari,
1766 2189 1856 2242 sed

271 2253 322 2326 in
346 2252 511 2326 libero
535 2251 748 2326 arbitrio
774 2271 902 2319 esse,
930 2256 1007 2307 vel
1037 2257 1089 2308 in
1112 2257 1220 2326 lege
1247 2251 1395 2324 atque
1419 2265 1512 2310 doc
1537 2259 1670 2322 rimi,
1707 2251 1855 2321 puta-

273 2322 450 2374 bamus
481 2322 580 2374 hac
617 2325 680 2374 tle
715 2341 768 2397 re
807 2341 980 2378 omnes
1020 2322 1455 2397 tergiuersatioues
1484 2345 1572 2381 ess.
1611 2345 1852 2381 consum-

269 2404 382 2461 ptas
409 2407 428 2445 :
453 2394 774 2466 danntarerit
797 2397 949 2447 etiam
979 2413 1062 2449 cos
1095 2394 1181 2464 qui
1211 2402 1391 2450 docent
1419 2402 1634 2466 gratitth
1663 2397 1754 2452 Dei
1777 2417 1854 2452 se-

270 2464 495 2535 cundum
524 2465 704 2535 merita
737 2476 910 2517 nostra
941 2467 1092 2532 dari;
1115 2469 1290 2520 tamen
1319 2469 1370 2520 in
1402 2464 1546 2522 libris
1583 2487 1712 2535 quos
1739 2470 1853 2522 edi-

270 2534 339 2584 dit
377 2550 477 2602 pro
519 2534 680 2587 libero
712 2536 944 2601 arbitrio,
977 2539 1107 2590 nihil
1137 2538 1280 2591 aliud
1319 2541 1505 2594 sentire
1541 2534 1854 2594 manstratur

266 2621 418 2672 quam
442 2605 496 2655 id
523 2609 661 2674 quod
689 2607 963 2660 damnasse
990 2609 1276 2676 videbatur,
1307 2620 1393 2664 etc

780 2720 931 2775 Liber
960 2719 1351 2792 Deﬁnitionum.

339 2813 418 2865 Ad
450 2828 512 2865 ea
541 2830 659 2876 ιιιιςιι
693 2813 929 2868 diximus
965 2816 1016 2869 in
1051 2816 1520 2872 observationilms
1556 2819 1621 2874 ad
1654 2819 1846 2872 liln~nm

268 2882 557 2956 Augustini
587 2886 652 2934 tle
679 2884 1019 2940 l’erleetione
1041 2889 1282 2952 justitite,
1310 2890 1360 2943 id
1383 2890 1752 2956 adjungemns.
1777 2892 1850 2945 De

271 2955 372 3026 huc
397 2955 646 3026 Coalestii
677 2957 953 3026 70pllSC||iO
981 2959 1168 3010 scribit
1197 2958 1530 3026 Augustinus
1552 2955 1622 3013 ad
1659 2961 1850 3016 Eutro-

268 3024 412 3090 pium
459 3039 510 3078 et
561 3025 798 3098 Paulum
837 3026 1212 3098 Hispaniarum
1254 3024 1558 3098 episcopos.
1611 3029 1848 3086 Charitas

266 3104 434 3148 vestra
474 3095 650 3168 pelitil
679 3104 735 3147 ut
765 3095 1174 3166 deﬁnitionibus,
1208 3095 1323 3168 qua!
1356 3095 1599 3154 dicuntur
1631 3101 1848 3156 Ctei'estii

1959 1899 2068 1952 Aut
2095 1899 2138 1952 si
2164 1900 2264 1954 hoc
2289 1903 2450 1956 etiam
2479 1903 2584 1958 dici
2609 1906 2899 1960 absurdum
2925 1921 3026 1974 ρει,
3051 1913 3298 1967 conﬁteri
3324 1931 3548 1971 necesse

1959 2001 2042 2044 est
2078 1991 2277 2049 debere
2318 1995 2592 2052 hominem
2632 1999 2752 2055 sine
2795 2013 3013 2070 peccato
3054 2019 3212 2072 esse;
3244 2017 3300 2061 at
3334 2021 3549 2064 constat

1957 2097 2081 2138 eum
2116 2099 2222 2138 non
2253 2087 2396 2140 aliud
2425 2089 2626 2144 debere
2652 2107 2811 2160 quam
2841 2105 3039 2160 potest.

2032 2175 2230 2230 lterum
2271 2180 2618 2247 quaerendum
2661 2196 2736 2236 est
2785 2197 2963 2237 utrum
2997 2197 3324 2258 prmceptutn
3355 2193 3424 2246 sit
3453 2195 3548 2246 im-

1957 2266 2090 2320 mini
2135 2269 2252 2323 sine
2293 2279 2516 2338 pecteato
2555 2274 2718 2327 esse?
2759 2278 2860 2326 Aut
2903 2275 3048 2330 enim
3092 2293 3198 2331 non
3242 2291 3446 2348 potest,
3491 2299 3546 2338 et

1957 2368 2287 2427 praeceptum
2320 2376 2424 2415 non
2453 2371 2567 2429 cst;
2603 2375 2689 2417 aut
2716 2367 2836 2434 quia
2865 2381 3186 2436 praeceptum
3211 2382 3313 2436 est,
3342 2385 3542 2442 potest.

1955 2447 2086 2500 Nam
2112 2464 2207 2503 cur
2232 2451 2616 2520 praeciperetur
2641 2457 2780 2523 quod
2809 2457 2922 2510 fieri
2946 2460 3168 2513 outniuo
3194 2478 3296 2515 non
3324 2481 3498 2532 posset
3526 2472 3546 2521 Ρ

2026 2541 2218 2594 lterum
2269 2545 2616 2611 quaerendum
2659 2559 2740 2603 est
2769 2563 2835 2601 an
2890 2551 3019 2604 velit
3073 2553 3212 2607 Deus
3262 2557 3540 2612 hominem

1954 2637 2071 2690 sine
2105 2650 2322 2705 peccato
2353 2654 2492 2694 σεεμ.
2522 2641 2895 2698 Proculdubio
2919 2645 3052 2706 vult,
3078 2656 3134 2700 et
3162 2651 3348 2717 procul
3381 2652 3545 2705 dubio

1957 2736 2148 2794 potest.
2175 2728 2304 2794 Quis
2334 2730 2474 2784 enim
2497 2742 2601 2784 tam
2628 2732 2851 2788 demens
2879 2744 2964 2789 est
2992 2747 3048 2790 ut
3069 2740 3150 2793 vel
3180 2740 3387 2798 dubitet
3416 2746 3532 2798 lieri

1953 2834 2112 2889 posse
2142 2821 2283 2888 quod
2315 2820 2478 2875 Deum
2514 2823 2652 2877 velle
2683 2840 2787 2877 non
2818 2825 3061 2882 dubitat?
3569 2821 3571 2823 1

2027 2911 2224 2966 lterum
2249 2915 2594 2982 qateremlum
2625 2925 2709 2970 est
2748 2933 2760 2969 :
2795 2917 3077 2984 Quomodo
3107 2923 3221 2976 vult
3256 2923 3394 2979 Deus
3435 2927 3534 2979 Itu-

1951 3004 2148 3058 minem
2181 3019 2302 3058 esse
2331 3019 2450 3057 eum
2501 3017 2741 3072 peccato,
2775 3022 2842 3061 an
2889 3011 3007 3065 sine
3049 3015 3303 3079 peccato?
3352 3017 3541 3072 Procul

1951 3094 2114 3147 dubio
2147 3108 2250 3147 non
2285 3095 2395 3147 vult
2432 3111 2550 3148 esse
2573 3110 2694 3149 eum
2725 3108 2978 3166 .peccato.
3008 3101 3213 3168 Quanta
3243 3105 3384 3158 enim
3437 3109 3537 3160 im-

264 3181 394 3256 ατε.
422 3166 786 3256 τεδροιιάεᾳιη..
817 3167 906 3256 Sic
932 3170 1068 3219 enim
1094 3166 1376 3236 prtenotata
1395 3180 1472 3224 est
1499 3172 1844 3256 cadent‘cltar-

1966 3185 2124 3252 pietas
2153 3198 2216 3237 ac
2245 3184 2573 3253 blasphemia
2603 3189 2691 3250 sit,
2721 3166 3066 3256 cogitandum
3094 3202 3195 3256 est,
3235 3205 3295 3248 ut
3322 3197 3536 3252 dicatur

267 3235 374 3288 tuta
399 3252 557 3302 quant
586 3235 796 3288 dedistis
820 3252 837 3289 :
866 3235 1261 3302 Dertatrevss,
1289 3256 1357 3295 trr
1387 3257 1626 3306 otcrrun,
1650 3242 1847 3297 Came—

265 3319 388 3359 srtt.
429 3306 561 3378 Qua:
587 3307 889 3378 prcepotatio
917 3311 1066 3378 credo
1086 3312 1221 3378 quod
1243 3328 1342 3364 non
1364 3313 1528 3373 illius,
1552 3314 1641 3365 sed
1671 3330 1847 3367 eorum

263 3377 330 3427 sit
350 3381 443 3445 qui
467 3376 564 3426 hoc
583 3377 866 3428 attulerunt
892 3379 954 3430 de
977 3376 1182 3444 Sicilia,
1214 3382 1302 3434 ubi
1329 3383 1588 3436 Ctelestius
1615 3399 1715 3436 non
1738 3401 1849 3437 esse

262 3448 586 3520 perhibetur.
622 3445 704 3499 Ea:
720 3446 864 3500 illius
891 3449 998 3501 licet:
1019 3467 1126 3503 esse
1154 3454 1412 3510 doctrina.
1439 3455 1518 3506 cel
1538 3455 1690 3507 etiam
1717 3471 1844 3520 quo-

259 3517 506 3590 rumdam
548 3528 855 3590 sectatorum
893 3521 1036 3583 eius,
1071 3530 1118 3573 et
1154 3539 1245 3575 nos
1277 3539 1547 3590 possumus
1580 3517 1843 3583 arbitrari.

263 3585 407 3664 Nam
440 3603 602 3664 neque
631 3588 744 3664 istae
767 3587 936 3664 breues
961 3585 1306 3664 deﬁnitiones,
1335 3594 1412 3646 uel
1439 3595 1612 3664 poius
1638 3597 1844 3648 ratioci-

257 3658 522 3733 nationes,
549 3657 612 3733 ab
647 3659 792 3733 illius
830 3657 1102 3712 abhorrent
1137 3662 1365 3732 ingenio,
1401 3657 1540 3730 quod
1581 3666 1634 3718 in
1677 3665 1848 3733 Opere

258 3726 371 3780 alio
402 3729 640 3800 inspecti,
670 3732 822 3796 cujus
845 3745 958 3782 eum
995 3726 1499 3798 constat'auctorem,
1533 3745 1581 3787 et
1607 3753 1705 3787 non
1729 3726 1844 3800 γνη-

257 3812 368 3850 stra
395 3802 522 3852 istos
542 3798 728 3866 fratres
753 3800 840 3867 qui
869 3801 974 3853 haec
1006 3802 1287 3856 attulerunt
1316 3806 1367 3857 in
1400 3807 1580 3859 Sicilia
1611 3798 1845 3859 existimo

256 3871 473 3942 audisse
494 3869 630 3942 quod
658 3870 770 3942 ipse
796 3870 1020 3924 docuerit
1048 3876 1164 3938 ista,
1195 3877 1269 3927 vel
1298 3877 1576 3942 scripserit.

335 3940 468 3993 Inde
503 3939 791 4012 innotcSt-it
817 3957 980 4012 quam
1013 3945 1357 4012 epigraplwm
1387 3939 1524 3999 liber
1556 3947 1798 3999 habuerit
1829 3966 1839 3998 :

256 4011 410 4063 nntle
439 4009 647 4082 venerit
680 4011 730 4061 in
764 4009 1071 4078 Hispanias,
1105 4009 1133 4064 Ξι
1174 4009 1373 4082 quibus
1416 4019 1465 4069 in
1499 4017 1730 4070 AfriCam
1778 4019 1841 4070 ad

255 4079 626 4157 Augustinum
657 4096 875 4157 missus,
916 4099 1014 4157 una
1048 4079 1257 4139 ratione
1285 4086 1354 4139 ab
1378 4087 1566 4140 eodem
1596 4092 1846 4157 Augusti-

255 4167 331 4223 no
363 4152 586 4223 agnitus
613 4165 732 4203 esse
753 4153 1023 4223 tltnlestii,
1056 4166 1109 4208 et
1135 4171 1238 4223 qua
1274 4157 1529 4212 methodo
1559 4152 1842 4218 refuiatus.

255 4222 329 4273 all
353 4222 439 4272 -ti~'
473 4220 678 4274 scilicet
721 4221 949 4288 singulis
990 4235 1045 4275 ut
1087 4220 1245 4279 erant
1273 4227 1323 4279 in
1353 4228 1595 4281 chartula
1628 4231 1846 4283 ratioci-

258 4295 374 4343 nati
420 4292 598 4355 uibus,
625 4304 676 4343 et
704 4293 769 4344 ad
793 4294 1032 4359 singulas
1057 4297 1355 4363 snbjuuctis
1378 4301 1842 4364 responsionihus.

257 4369 658 4425 Argumentum
699 4364 1044 4418 manifestum
1079 4378 1193 4423 est.
1225 4384 1344 4421 eum
1379 4378 1523 4423 tutus
1553 4372 1624 4424 sit
1648 4373 1716 4424 de
1745 4372 1846 4425 im-

257 4433 564 4509 peecantia.
612 4432 875 4489 Dividitur
917 4447 1024 4488 tres
1063 4438 1114 4491 in
1159 4448 1372 4508 partes,
1417 4440 1622 4509 integer
1665 4445 1742 4496 sic
1782 4455 1845 4494 se

254 4503 448 4556 habet.

261 4615 602 4683 Deﬁnitiones
619 4617 855 4683 Ctelcstii,
871 4635 956 4672 seu
975 4620 1387 4677 ratiocinationes
1405 4623 1466 4678 de
1481 4625 1840 4693 impeccantia.

331 4731 476 4782 Ante
507 4731 684 4783 omnia
713 4730 1129 4797 interro,;andus
1159 4743 1240 4788 est
1267 4736 1355 4804 qui
1387 4749 1540 4806 negat
1571 4739 1841 4793 hominem

257 4820 378 4872 sint:
409 4832 632 4888 peccato
669 4837 791 4875 eSse
828 4837 1016 4888 posse,
1048 4825 1170 4892 quid
1205 4826 1274 4878 sit
1305 4829 1684 4898 quodcumque
1713 4848 1840 4897 pec-

257 4924 440 4962 ratntn
475 4928 487 4960 :
516 4911 656 4978 quod
697 4913 858 4965 vitari
904 4921 1112 4980 potest,
1142 4929 1207 4967 an
1236 4918 1376 4982 quod
1408 4919 1560 4972 vitari
1602 4935 1709 4974 non
1743 4939 1842 4992 p0-

258 5005 403 5056 Iest?
428 5004 482 5057 Si
515 5005 656 5072 quod
689 5007 842 5058 vitari
885 5022 992 5059 non
1035 5018 1242 5075 potest,
1276 5022 1548 5077 peccatum
1589 5030 1691 5068 non
1723 5026 1838 5081 est;

256 5098 302 5147 si
335 5096 481 5162 quod
509 5098 662 5149 vitari
691 5109 889 5164 p0'e3I,
922 5106 1098 5160 potest
1120 5101 1282 5154 homo
1305 5107 1420 5156 sine
1454 5116 1674 5170 peccato
1695 5121 1839 5174 esse,

257 5187 404 5252 quod
435 5188 592 5240 vitari
622 5198 816 5256 potest.
843 5187 993 5241 Nulla
1026 5190 1166 5243 enim
1201 5194 1360 5255 ratio,
1389 5195 1470 5247 vel
1495 5195 1704 5260 iustitia
1739 5199 1844 5252 sal-

257 5287 368 5331 tem
393 5319 408 5343 ,
434 5280 638 5347 patitur
665 5280 769 5333 dici
803 5290 1076 5349 precatum
1096 5323 1110 5348 ,
1144 5285 1284 5351 quod
1320 5285 1476 5339 vitari
1506 5288 1654 5340 nullo
1683 5292 1843 5345 tittith

258 5380 467 5442 potest.

337 5465 540 5518 lterum
565 5466 912 5534 qumrcndum
944 5477 1022 5521 est
1053 5484 1066 5518 :
1114 5468 1394 5523 Peccatum
1429 5473 1746 5537 voluntatis,
1777 5491 1842 5529 an

262 5556 608 5610 nece~silatis
641 5559 753 5611 est?
792 5558 847 5611 Si
889 5558 1232 5612 necessitatis
1264 5569 1340 5612 est
1365 5600 1378 5622 ,
1418 5576 1695 5628 peceatum
1739 5583 1844 5620 non

224 5667 235 5676 ο
268 5659 378 5711 est;
412 5651 456 5702 si
489 5649 786 5702 voluntatis
817 5660 916 5711 est.
955 5650 1110 5703 vitari
1149 5658 1348 5718 potest.

341 5740 538 5794 lterum
572 5743 919 5807 quaerendum
952 5752 1054 5805 est,
1088 5743 1214 5806 quid
1249 5743 1314 5794 sit
1347 5755 1645 5811 peceatum.
1677 5749 1841 5802 Natu-

557 5832 824 5890 PATROL.
877 5832 918 5890 Χ
939 5832 1153 5896 LVIII.

1955 3276 2224 3330 hominem
2283 3292 2440 3346 posse
2466 3292 2587 3332 esse
2616 3293 2735 3332 eum
2768 3289 3009 3349 peccato,
3060 3285 3204 3352 quod
3239 3285 3379 3340 Deus
3429 3304 3536 3342 non

1951 3371 2093 3435 vult;
2119 3378 2174 3422 et
2204 3381 2429 3438 negetur
2454 3385 2616 3439 posse
2642 3386 2764 3426 eSse
2794 3374 2910 3428 sine
2937 3386 3179 3445 peccato,
3205 3380 3346 3447 quod
3398 3380 3538 3436 Deus

1949 3462 2061 3516 vult
2093 3479 2104 3514 :
2133 3463 2286 3531 quasi
2313 3463 2546 3531 aliquem
2579 3463 2644 3516 ad
2679 3463 2780 3518 hoc
2811 3465 2951 3518 Deus
2983 3471 3252 3522 creaverit
3279 3480 3335 3522 nt
3367 3475 3537 3542 possit

1948 3567 2070 3606 esse
2101 3555 2240 3622 quod
2271 3553 2424 3618 nolit,
2449 3562 2503 3607 et
2550 3571 2653 3608 non
2685 3558 2856 3625 p055“.
2879 3573 3005 3612 esse
3031 3563 3172 3629 quod
3216 3564 3366 3630 velit,
3399 3576 3453 3619 et
3483 3579 3539 3621 ut

1948 3655 2133 3697 contra
2163 3659 2312 3698 suam
2343 3646 2512 3714 magis
2535 3661 2696 3714 quam
2725 3655 2786 3701 ut
2811 3652 3107 3706 secundum
3134 3667 3286 3708 suam
3339 3658 3534 3713 existe-

1949 3743 2032 3788 ret
2060 3736 2417 3790 voluntatem.

2020 3827 2214 3881 Iterutn
2240 3831 2586 3897 qtuerendum
2616 3841 2701 3886 est
2733 3849 2746 3884 :
2787 3834 2888 3888 Per
2912 3837 3037 3904 quid
3082 3839 3318 3895 efﬁcitur
3367 3846 3528 3898 homo

1946 3934 2066 3972 cum
2117 3932 2355 3985 peccato,
2389 3937 2484 3990 per
2515 3935 2717 3976 naturze
2751 3927 3150 3992 necessitatem,
3177 3947 3240 3983 au
3267 3948 3360 4000 per
3389 3936 3530 3987 arbi-

1949 4014 2031 4066 trii
2084 4014 2418 4067 libertatein?
2465 4015 2519 4069 Si
2573 4033 2666 4082 per
2694 4027 2898 4071 naturze
2943 4022 3341 4090 necessitatem,
3373 4026 3526 4088 eulpa

1947 4116 2122 4170 caret;
2151 4106 2195 4159 si
2227 4120 2322 4175 per
2351 4108 2556 4161 arbitrii
2604 4109 2926 4175 libertatem,
2979 4115 3322 4181 quairendum
3371 4128 3447 4170 em
3502 4137 3529 4169 ιι

1948 4211 2054 4265 quo
2082 4197 2250 4264 ipsam
2279 4199 2483 4252 arbitrii
2512 4200 2812 4252 libertatem
2837 4203 3336 4262 acceperit.Pt‘ocul
3363 4207 3529 4261 dubio

1947 4303 1976 4341 a
2011 4289 2138 4343 Deo.
2169 4291 2306 4343 Deus
2337 4300 2513 4344 autem
2549 4293 2690 4358 quod
2733 4294 2902 4353 dedit.
2951 4305 3098 4349 certe
3152 4298 3352 4353 bonum
3409 4317 3530 4356 esse

1949 4380 2130 4446 negari
2153 4381 2374 4433 omnino
2405 4395 2508 4433 non
2535 4391 2729 4449 pMCSt.
2763 4383 2876 4447 Qia
2911 4384 3070 4453 igitur
3093 4387 3302 4444 ratione
3331 4391 3528 4445 bonum

1948 4469 2225 4537 probatur,
2276 4471 2319 4523 si
2373 4471 2542 4540 magis
2568 4471 2633 4523 ad
2665 4473 2863 4525 malum
2893 4490 3049 4543 quam
3082 4477 3146 4531 ad
3178 4479 3373 4534 bonum
3408 4499 3533 4550 pro-

1875 4553 1928 4611 D
1956 4575 2078 4612 num
2103 4560 2223 4613 est?
2255 4561 2419 4630 Magis
2451 4568 2630 4614 autem
2663 4561 2727 4613 ad
2777 4565 2975 4617 malum
3016 4581 3174 4634 quam
3221 4571 3284 4623 ad
3337 4572 3532 4626 bomuu

1953 4665 2179 4719 pronum
2206 4661 2308 4715 est,
2332 4652 2374 4704 si
2407 4651 2567 4704 homo
2596 4667 2688 4720 per
2714 4653 2840 4706 illud
2878 4664 3054 4723 potest
3094 4673 3214 4714 esse
3255 4677 3374 4715 cum
3411 4681 3532 4731 pec.

1951 4751 2089 4800 cato,
2123 4751 2174 4792 et
2205 4756 2308 4794 non
2342 4748 2516 4809 potest
2541 4757 2663 4796 esse
2688 4744 2803 4795 sine
2832 4755 3067 4812 peccato.

2025 4831 2079 4887 Si
2113 4833 2248 4886 Deus
2274 4834 2468 4887 bonum
2514 4835 2783 4888 hominem
2820 4841 2962 4898 fecit.
2995 4851 3049 4894 et
3080 4843 3433 4914 prmlcrquatn
3467 4850 3528 4901 il-

1951 4923 2061 4977 lum
2094 4924 2286 4977 bonum
2320 4924 2461 4990 fecit,
2499 4927 2694 4980 bonunt
2724 4931 2772 4982 ei
2801 4931 3020 4998 insuper
3043 4941 3099 4986 ut
3127 4935 3323 4990 laceret
3365 4939 3530 5006 impc-

1952 5019 2296 5086 ravitzquam
2325 5018 2568 5088 impium,
2586 5031 2643 5074 ut
2663 5023 3011 5076 conliteamur
3041 5027 3308 5082 hominem
3334 5035 3530 5086 malum

1948 5124 2090 5174 esse,
2121 5110 2260 5172 quod
2295 5127 2391 5164 nec
2429 5114 2596 5166 lactus
2623 5123 2725 5179 est,
2751 5132 2851 5169 nec
2877 5119 2924 5168 ci
2962 5134 3288 5188 βιαιοοβοιιιιι
3322 5139 3396 5177 ρει
3432 5144 3446 5191 ;
3479 5142 3534 5180 ιιι

1949 5217 2204 5268 negemus
2236 5218 2357 5255 eum
2391 5204 2587 5258 bonum
2616 5221 2772 5275 posse
2816 5223 2935 5261 etse
2967 5211 3104 5278 quod
3151 5216 3318 5269 litt-tus
3347 5231 3449 5282 Cal,
3481 5233 3532 5272 et

1949 5294 2090 5362 quod
2119 5294 2167 5348 ei
2197 5305 2251 5347 ut
2276 5295 2475 5349 faceret
2501 5299 2816 5366 imperaturo
2849 5311 2952 5356 est.

2023 5384 2217 5437 lterum
2246 5387 2592 5452 quaerendum
2625 5399 2706 5442 est
2732 5410 2745 5443 :
2779 5393 2920 5457 Quot
2949 5394 3120 5447 modis
3145 5408 3532 5455 eoustatomne

1953 5477 2265 5544 peccaturo?
2298 5477 2534 5538 Duobus,
2588 5480 2689 5532 nisi
2743 5481 2914 5548 fallor,
2943 5484 2986 5535 si
3016 5497 3102 5537 aut
3143 5488 3229 5539 illa
3261 5490 3385 5542 [iant
3414 5507 3531 5559 qua:

1953 5567 2325 5634 prohibentur,
2359 5579 2449 5623 aut
2498 5571 2584 5623 illa
2635 5588 2741 5624 non
2777 5573 2904 5628 ﬂant
2929 5591 3049 5643 quae
3092 5577 3366 5645 iubentur.
3400 5584 3528 5635 Tam

1953 5668 2102 5713 certe
2141 5661 2318 5712 munia
2352 5661 2435 5712 illa
2477 5679 2592 5729 quae
2638 5664 2899 5732 prohibita
2932 5677 3055 5720 sunt
3099 5669 3251 5724 vitari
3284 5684 3529 5738 possunt,
3575 5659 3583 5664 ’

1953 5769 2110 5822 quam
2145 5772 2263 5824 quae
2295 5767 2559 5826 pt'uicepta
2603 5769 2718 5811 sunt
2769 5761 2970 5828 perlici.
3021 5762 3148 5816 Nam
3196 5766 3390 5820 frustra
3444 5783 3528 5819 aut

2976 5854 3053 5910 20
