3962 6180
436 300 544 357 619

906 298 999 353 Αι)
1026 294 1309 352 PARTEM
1344 293 1606 350 PRIMAM
1636 293 1920 349 OPERUM
1955 293 2023 348 Μ.
2058 293 2498 355 MERCATORIS
2528 298 2875 355 APPENDIX
2907 299 3248 357 SECUNDA.

3599 308 3709 364 690

435 413 836 485 prohiberetur,
868 420 956 463 aut
976 409 1277 479 jnberetur,
1310 405 1452 475 quod
1480 406 1561 463 vel
1589 405 1768 461 caveri
1798 404 1883 461 vel
1912 405 2006 460 imo
2046 407 2093 463 Α
2193 408 2324 463 ltcm
2347 409 2414 464 ad
2440 410 2794 467 Colossenses
2825 430 2837 465 :
2872 413 2937 467 Et
2961 430 3047 469 vos
3077 431 3191 468 cum
3219 417 3393 472 essetis
3422 420 3705 490 aliquando

438 506 574 576 pleri
600 520 704 559 non
739 502 926 570 possit.
952 500 1016 553 Et
1055 498 1329 568 quomodo
1370 496 1682 567 negabimus
1712 512 1867 567 posse
1897 511 2016 551 esse

435 596 708 650 hominem
734 592 850 645 sine
875 597 1251 658 peccato,cnm
1274 586 1519 642 conﬁteri
1547 601 1771 643 necesse
1798 587 1864 642 sit
1893 602 2014 642 eum

340 704 349 711 ·
434 695 543 740 tam
573 683 749 738 omnia
775 681 860 735 illa
884 696 1004 750 qua:
1031 688 1285 734 vetantur
1302 694 1463 750 posse
1488 693 1874 749 cavere,quam
1895 695 2016 750 qua:

434 778 767 842 imperantur
807 770 1061 826 efﬁcere?

502 866 701 922 Iterum
729 864 1075 935 quaerendum
1105 872 1189 919 est
1221 882 1235 918 :
1264 863 1547 929 Quomodo
1577 879 1682 919 non
1710 873 1889 934 potest
1908 864 2014 919 .ho-

430 975 520 1015 mo
541 960 659 1015 sine
688 968 910 1027 peccato
938 972 1081 1023 esse,
1118 957 1392 1013 voluntate
1420 973 1487 1012 an
1520 960 1744 1012 natura?
1776 959 1831 1015 Si
1858 970 2014 1014 natu-

432 1068 517 1115 ra,
547 1059 826 1120 peccatum
859 1065 964 1102 non
996 1060 1107 1113 est;
1165 1050 1207 1101 si
1241 1050 1533 1114 voluntate,
1562 1049 1816 1119 perfacile
1844 1060 2017 1119 potest

431 1144 681 1198 voluntas
708 1142 983 1198 voluntate
1002 1142 1222 1196 mutari.

501 1234 701 1289 Iterum
723 1242 901 1288 autem
933 1233 1281 1302 quaerendum
1307 1234 1492 1289 est:Si
1520 1248 1627 1288 non
1649 1242 1825 1303 potest
1855 1233 2015 1287 homo

431 1328 550 1383 sine
579 1337 800 1395 peccato
826 1340 968 1390 esse,
994 1324 1146 1395 cujus
1177 1327 1330 1393 culpa
1361 1335 1465 1394 est,
1492 1326 1731 1396 ipsinsne
1761 1327 2012 1391 hominis,

433 1435 498 1473 an
531 1418 820 1489 cujuslibet
846 1416 1103 1471 alterius?
1146 1417 1200 1471 Si
1253 1416 1420 1488 ipsius
1460 1418 1715 1483 hominis,
1745 1420 2015 1488 quomodo

432 1513 588 1581 culpa
639 1511 873 1566 hominis
900 1510 1021 1567 est?
1070 1509 1116 1564 si
1175 1512 1277 1566 hoe
1320 1524 1425 1565 non
1454 1520 1557 1574 est,
1585 1510 1727 1581 quod
1757 1526 1878 1567 esse
1906 1527 2013 1566 non

431 1614 629 1675 potest.
1104 1588 1111 1609 ²

503 1695 700 1751 lterum
726 1694 1076 1767 qumreodnm
1106 1704 1187 1750 cst
1218 1714 1231 1751 :
1267 1696 1323 1753 Si
1350 1704 1542 1751 natura
1595 1697 1828 1752 hominis
1875 1698 2013 1752 bona

2118 497 2327 551 alienati
2355 510 2403 553 et
2432 501 2628 554 inimici
2650 518 2800 557 sensu
2828 504 2882 558 in
2919 506 3156 573 aperibus
3180 508 3506 577 malis,nunc
3533 526 3702 569 autem

2118 592 2435 647 reconciliati
2464 595 2517 649 in
2546 611 2758 666 corpore
2786 599 2958 653 carnis
2986 602 3123 669 eius,
3173 623 3266 676 per
3306 620 3521 664 mortem
3565 615 3700 682 ejus.

2118 682 2339 737 exhibite
2362 700 2449 738 eos
2476 696 2677 740 sanctos
2703 698 2749 741 et
2774 688 3130 746 immaculatos
3158 705 3207 749 et
3231 698 3727 767 irreprehensibiles’

2119 771 2339 842 (Coloss.
2374 790 2411 842 ι,
2441 776 2533 839 21,
2564 777 2676 846 2:2).

2190 863 2320 919 Item
2354 865 2419 921 ad
2452 867 2715 937 Ephesios
2741 886 2753 923 :
2790 870 2857 927 Ut
2887 874 3138 929 exhiberet
3167 878 3274 944 ipse
3296 880 3392 933 sibi
3418 879 3702 951 gloriosam

2121 953 2424 1021 Ecclesium,
2454 975 2553 1013 non
2576 959 2838 1015 habentem
2868 966 3123 1019 maculam
3148 978 3238 1020 aut
3266 985 3469 1040 rugam,
3497 983 3590 1026 aut
3610 976 3705 1027 ali.-

2117 1047 2243 1115 quid
2266 1048 2584 1119 hujusmcdi,
2611 1060 2668 1104 ut
2697 1053 2763 1108 sit
2790 1064 2969 1108 sancta
2998 1066 3046 1109 et
3100 1057 3431 1114 immaculata
3478 1061 3697 1133 (Ep/tes.

2119 1152 2173 1200 v,
2203 1136 2315 1203 27).

2190 1226 2319 1283 Item
2353 1230 2417 1284 ad
2440 1232 2745 1289 Corinthios
2778 1236 2945 1305 prima
2977 1254 2991 1294 :
3027 1238 3201 1295 Sobrii
3220 1252 3377 1297 estote
3402 1253 3451 1298 et
3466 1246 3619 1314 justi,
3652 1260 3706 1302 es

2118 1320 2273 1374 nolite
2300 1338 2510 1393 peccare
2531 1324 2572 1392 (I
2623 1324 2742 1379 Cor.
2778 1342 2878 1389 xv,
2914 1329 3023 1398 11).

2192 1411 2256 1466 Ει
2278 1413 2327 1466 in
2355 1415 2587 1482 Epistola
2616 1421 2784 1471 sancti
2821 1419 2960 1475 I’etri
2996 1439 3009 1475 :
3044 1420 3267 1491 Propter
3290 1428 3426 1496 quod
3456 1430 3701 1483 succincti

2118 1502 2312 1556 lumbos
2342 1507 2522 1559 mentis
2552 1516 2747 1576 vestra,
2779 1508 2956 1575 sobrii,
2987 1514 3219 1582 perfecti,
3252 1529 3454 1586 sperate
3502 1519 3557 1572 in
3589 1537 3705 1574 eam

2116 1609 2231 1662 qua:
2256 1593 2470 1661 olertur
2499 1598 2636 1651 vobis
2667 1600 2905 1669 gratiam,
2937 1603 3085 1669 quasi
3112 1603 3211 1672 ﬁlii
3239 1606 3562 1670 obedientiar,
3596 1627 3701 1665 non

2117 1684 2425 1753 conﬁgurati
2454 1686 2712 1757 prioribus
2740 1689 3043 1759 ignorantia
3058 1702 3235 1748 vestra:
3252 1699 3699 1765 concupiscentiis,

432 1797 535 1851 est,
563 1788 705 1858 quod
735 1789 912 1842 nullus
937 1802 1133 1857 negare
1155 1788 1254 1841 nisi
1298 1788 1534 1842 Marcion
1567 1798 1655 1842 aut
1687 1788 2009 1843 Manichzen.‘

2127 1774 2202 1827 ted
2230 1776 2509 1829 secundum
2548 1794 2664 1831 eum
2700 1780 2787 1847 qui
2829 1783 3023 1836 vocavit
3052 1800 3159 1853 vos,
3208 1798 3459 1857 sanctum,
3492 1802 3545 1844 ut
3600 1793 3703 1861 ipsi

432 1878 670 1941 audebit,
694 1878 963 1946 quomodo
987 1878 1146 1946 igitur
1175 1878 1313 1930 bona
1343 1886 1445 1945 est,
1470 1879 1513 1931 si
1561 1879 1703 1933 malo
1743 1879 1794 1934 ei
1828 1894 2015 1935 carere

435 1984 538 2021 non
572 1978 654 2022 est
683 1967 969 2036 possibile?
998 1983 1157 2021 omne
1187 1969 1327 2022 enim
1364 1982 1637 2038 peccatum
1670 1970 1871 2026 malum
1892 1987 2013 2025 esse

434 2059 555 2127 quis
583 2058 827 2114 dubitet?
1522 2130 1523 2133 η

506 2151 570 2205 Ει
595 2153 695 2205 hoc
722 2150 1005 2206 dicendum
1036 2159 1119 2205 est
1151 2168 1163 2203 :
1194 2149 1349 2205 Certe
1386 2152 1560 2221 justus
1604 2163 1686 2206 est
1734 2155 1893 2213 Dens,
1922 2169 2014 2209 ne-

432 2240 546 2307 gari
576 2242 715 2294 enim
742 2236 848 2295 non
881 2251 1095 2311 potest;
1128 2241 1350 2309 imputat
1389 2252 1567 2297 autem
1615 2244 1755 2298 Deus
1811 2244 2011 2299 homini

433 2347 593 2387 omne
618 2342 918 2402 peccatum.
951 2332 1019 2387 Et
1061 2334 1160 2386 hoc
1190 2348 1401 2402 anque
1447 2336 1813 2390 conﬁtendum
1861 2347 2009 2405 puto,

434 2426 557 2493 quia
575 2440 751 2495 neque
780 2433 1060 2495 peccatum
1082 2434 1167 2480 est
1185 2426 1442 2496 quidquid
1458 2442 1561 2482 non
1586 2428 1938 2497 imputabitur
1960 2431 2011 2486 in

431 2524 705 2587 peccatum
724 2526 808 2583 ;et
835 2518 879 2572 si
906 2526 988 2572 est
1009 2517 1222 2587 aliquod
1246 2525 1524 2585 peccatum
1548 2519 1692 2588 quod
1714 2520 1872 2574 vitari
1906 2534 2012 2575 non

433 2609 906 2679 pessit,qnomodo
929 2609 1103 2678 justus
1138 2609 1277 2665 Deus
1297 2608 1515 2676 dicitur,
1533 2611 1577 2664 si
1606 2611 1871 2680 imputare
1902 2612 2013 2667 cui-

433 2717 592 2770 quam
621 2701 857 2756 creditur
886 2700 1026 2771 quod
1058 2700 1210 2755 vitari
1243 2716 1347 2755 non
1388 2701 1590 2768 possit?

501 2792 653 2861 Quod
677 2793 720 2846 si
746 2791 866 2861 quis
894 2791 1091 2845 dixerit
1123 2809 1137 2846 :
1176 2792 1246 2844 Da
1277 2791 1407 2845 mihi
1440 2791 1711 2848 hominem
1743 2792 1861 2848 sine
1890 2808 2013 2863 pec-

433 2896 571 2949 cato,
596 2882 1029 2955 respondendum
1067 2900 1079 2935 :
1113 2882 1192 2937 Do
1220 2883 1315 2937 tibi
1342 2884 1430 2953 qui
1458 2897 1583 2939 esse
1612 2885 1800 2954 possit.
1821 2885 1875 2942 Si
1894 2900 2014 2954 per-

433 2984 524 3046 gat
552 2976 884 3046 interrogare
917 2992 930 3028 :
958 2974 1089 3042 Quis
1118 2975 1207 3031 ille
1234 2976 1354 3031 est?
1381 2976 1815 3046 respondendum
1847 2993 1865 3031 :
1898 2979 2015 3048 Ipse

436 3076 513 3121 tu.
540 3066 691 3133 Quod
718 3068 762 3122 si
792 3066 987 3121 dixerit
1019 3082 1035 3120 :
1064 3067 1177 3137 Ego
1212 3082 1334 3133 esse
1365 3083 1469 3122 non
1516 3083 1755 3137 possum,
1788 3084 2011 3139 respon-

2115 1867 2283 1920 sancti
2328 1868 2379 1920 in
2425 1870 2563 1922 omni
2600 1874 2978 1928 conuersatione
3022 1876 3161 1937 sitis,
3188 1878 3306 1945 quia
3333 1881 3579 1947 scriptum
3624 1893 3702 1936 est

2117 1957 2299 2049 (Leuit.
2324 1976 2397 2021 XI.
2425 1962 2514 2031 46)
2540 1980 2555 2018 :
2582 1962 2762 2018 Sancti
2788 1966 2951 2033 eritis,
2983 1969 3105 2037 quia
3134 1986 3226 2041 ego
3258 1982 3469 2028 sanctus
3512 1993 3629 2030 sum
3655 1978 3697 2049 (I

2120 2048 2260 2104 Petr.
2294 2066 2332 2119 ι,
2366 2052 2479 2121 l5).

2188 2140 2340 2198 Unde
2367 2154 2420 2197 et
2444 2144 2629 2200 beatus
2659 2145 2823 2203 David
2844 2147 3012 2204 dicit:
3044 2148 3278 2217 Domine,
3311 2155 3426 2223 quis
3452 2155 3700 2213 hab'tabit

2112 2238 2167 2292 in
2198 2240 2525 2295 tabernaculo
2554 2249 2663 2309 tuo,
2687 2253 2775 2297 aut
2802 2246 2915 2314 quis
2944 2247 3215 2316 requiescit
3245 2250 3299 2302 in
3326 2261 3496 2306 monte
3521 2266 3702 2307 sancto

2115 2333 2243 2387 tuo?
2266 2334 2355 2404 qui
2382 2334 2674 2407 ingreditur
2701 2340 2813 2391 sine
2853 2339 3077 2404 macula,
3106 2348 3153 2394 et
3182 2352 3422 2413 aperatur
3440 2345 3698 2414 justitiam

2114 2421 2231 2493 (Ps.
2266 2424 2419 2489 xrv,|
2454 2434 2499 2479 et
2516 2423 2596 2495 2).
2620 2422 2689 2481 Et
2708 2426 2831 2483 alibi
2864 2443 2880 2486 :
2915 2427 2983 2482 Et
2998 2444 3087 2484 ero
3110 2416 3471 2488 immaculatus
3497 2451 3611 2489 eum
3635 2453 3697 2490 eo

2115 2513 2233 2586 (Ps.
2260 2531 2390 2581 xvu,
2418 2515 2538 2584 24).
2572 2517 2637 2577 Et
2661 2518 2788 2573 alibi
2819 2515 3005 2575 :Beati
3031 2522 3353 2577 immaculati
3378 2523 3434 2577 in
3474 2526 3575 2595 via,
3607 2528 3699 2597 qui

2113 2604 2381 2659 ambulant
2410 2607 2463 2660 in
2486 2607 2593 2678 lege
2624 2607 2830 2662 Domini
2860 2608 2977 2680 (Ps.
3009 2626 3194 2677 cxvnt,
3228 2614 3302 2680 1).

2184 2696 2315 2752 Item
2346 2698 2487 2768 apud
2516 2699 2856 2755 Salomonem
2913 2718 2928 2754 :
2987 2700 3167 2775 Diligit
3216 2704 3469 2760 Dominus
3517 2718 3696 2763 sancta

2113 2789 2305 2853 corda;
2325 2789 2523 2859 accepti
2541 2798 2662 2845 sunt
2681 2801 2849 2845 autem
2873 2791 2954 2847 illi
2977 2808 3153 2848 omnes
3176 2795 3487 2856 immaculati
3514 2796 3697 2873 (Prov.

2116 2882 2237 2952 xu).

2115 2990 2430 3067 Testimonia
2459 2993 2855 3067 scripturarum
2880 3014 2995 3066 qua:
3021 3014 3049 3051 e
3068 3000 3265 3054 diverso
3312 3003 3549 3067 ponenda
3580 3014 3695 3057 sunt

2187 3063 2256 3153 iis
2387 3064 2591 3153 arbitrii
2611 3063 2901 3153 libertatem
2920 3070 3014 3153 ‘vel
3035 3086 3137 3153 non
3159 3063 3410 3153 peccandi
3440 3075 3693 3153 possibili-

434 3159 669 3215 deudum
702 3167 783 3213 est
806 3176 821 3213 :
844 3157 1008 3229 Cujus
1039 3136 1195 3231 culpa
1227 3136 1527 3227 est‘lQuod
1545 3160 1591 3217 si
1616 3161 1813 3217 dixerit
1837 3180 1848 3215 :
1875 3136 2007 3227 blea,
2040 3137 2087 3201 ο
2187 3136 2933 3231 εξςξνξιξζιζρξζξξξξξίξιίυιαηε
2970 3155 3024 3193 ⁸⁸
3051 3136 3448 3210 δαίρίκνανυηέ
3471 3146 3695 3199 αυσίονί·

432 3250 719 3306 dicendum
744 3260 827 3306 est
853 3269 867 3307 :
894 3252 963 3306 Et
983 3251 1258 3321 quomodo
1289 3261 1379 3306 tua
1404 3261 1505 3318 est,
1535 3254 1579 3307 si
1609 3253 1723 3322 ipse
1751 3253 1867 3309 sine
1890 3268 2012 3322 pec-

433 3354 555 3399 cato
579 3358 697 3399 esse
722 3358 829 3398 non
853 3344 1043 3413 potes?
1068 3343 1217 3410 Quod
1248 3344 1291 3396 si
1326 3352 1512 3412 pergat
1538 3345 1719 3400 dicere
1750 3364 1764 3400 :
1790 3345 1871 3399 Tu
1901 3346 2013 3414 ipse

434 3435 552 3491 sine
578 3444 799 3505 peccato
825 3434 1007 3503 es,qui
1032 3434 1164 3488 dicis
1195 3433 1466 3490 hominem
1499 3435 1614 3491 sine
1647 3446 1865 3504 peccato
1894 3450 2013 3492 esse

435 3526 629 3596 posse?
658 3523 1121 3596 respondendum,
1155 3524 1308 3591 Quod
1342 3538 1446 3580 non
1492 3529 1593 3580 sim
1622 3528 1742 3583 sine
1772 3537 2011 3597 peccato,

433 3617 586 3689 cujus
606 3619 759 3688 culpa
789 3616 906 3683 est?
945 3615 1099 3682 Quod
1126 3616 1171 3670 si
1196 3615 1443 3672 dixerit:
1478 3618 1585 3672 Tua
1630 3630 1733 3683 est,
1791 3635 2011 3689 respon-

362 3768 373 3771 _
435 3714 666 3768 dendum
695 3721 777 3767 est
808 3729 821 3763 :
855 3709 1137 3779 Quomodo
1166 3711 1370 3779 mea,si
1396 3727 1517 3767 esse
1549 3728 1654 3767 non
1688 3716 1944 3783 possum?

437 3825 750 3881 Testimonia
778 3826 959 3893 quibus
984 3826 1233 3949 probatur
1264 3837 1569 3908 prteceptum
1615 3844 1720 3883 esse
1745 3830 1937 3884 homini
1959 3842 2013 3883 ut

949 3914 979 3948 a
1017 3912 1139 3949 strue
1162 3908 1368 3949 peccato
1394 3909 1479 3949 stl.

949 3908 1139 3963 absque
1161 3908 1368 3967 peccato
1394 3909 1479 3951 stt.

504 3986 558 4040 In
593 3987 1007 4040 Denteronomio
1036 4002 1050 4037 :
1086 3985 1163 4039 Tu
1210 3996 1380 4039 autem
1410 3988 1661 4058 perfectus
1700 3993 1800 4044 eris
1843 4008 2014 4045 coram

434 4076 655 4132 Domino
681 4078 787 4131 Deo
809 4087 896 4131 tuo
924 4076 1099 4147 (Deut.
1128 4092 1276 4141 xvm,
1326 4078 1435 4146 15).
1471 4077 1602 4133 Item
1632 4080 1739 4134 illic
1764 4097 1778 4134 :
1813 4080 1881 4134 Et
1912 4098 2015 4136 non

434 4170 528 4221 erit
548 4170 985 4223 inconsummatus
1012 4168 1063 4221 in
1093 4168 1217 4236 [iliis
1259 4167 1445 4222 Israel.
1747 4177 1759 4185 '

507 4263 636 4315 Item
660 4262 909 4317 Salvator
939 4262 989 4315 in
1020 4262 1310 4330 Evangelia
1346 4280 1357 4315 :
1391 4261 1567 4315 Estote
1617 4264 1844 4331 perfecti,
1891 4268 2013 4335 quia

441 4352 594 4406 Pater
617 4363 793 4421 uester,
817 4354 904 4421 qui
942 4354 995 4407 in
1043 4355 1180 4408 cmlis
1210 4365 1298 4417 est,
1325 4356 1579 4425 perfectus
1606 4364 1683 4409 est
1713 4355 1924 4427 (Matth.
1958 4376 2010 4421 v,

434 4444 551 4510 ιε).

2187 3212 2289 3257 tate
2312 3221 2458 3271 posse
2480 3205 2758 3261 destruere.

2185 3339 2435 3408 Objieere
2463 3340 2639 3396 solent
2682 3341 2827 3412 quod
2872 3353 3090 3399 sanctus
3137 3345 3241 3401 Job
3270 3346 3466 3401 dixerit
3500 3365 3513 3400 :
3569 3348 3695 3416 Quis

2116 3431 2339 3486 mundus
2366 3441 2440 3487 est
2464 3450 2498 3487 a
2521 3436 2767 3504 peccato?
2794 3435 2907 3491 Nec
2954 3438 3126 3507 infans
3156 3442 3304 3510 cujus
3329 3450 3399 3495 est
3422 3441 3576 3497 unius
3597 3444 3700 3497 diei

2115 3524 2216 3576 vita
2232 3539 2388 3593 super
2409 3524 2723 3594 terram(lob
2748 3527 3282 3600 xxvr,juata,LXX).
3300 3529 3695 3601 Opponendum

2115 3614 2255 3683 quod
2287 3613 2388 3670 Job
2418 3614 2617 3671 dixerit
2642 3630 2658 3673 :
2684 3615 2867 3671 Justus
2890 3618 3022 3671 enim
3052 3621 3128 3672 vir
3149 3630 3200 3673 et
3224 3621 3335 3675 sine
3352 3624 3579 3691 querela,
3609 3625 3691 3694 fa-

2117 3720 2228 3761 ctus
2247 3724 2360 3762 sum
2381 3708 2433 3761 in
2461 3708 2685 3762 derisum
2733 3708 2856 3781 (Job
2889 3725 2995 3773 stv,
3020 3712 3177 3780 juxta
3203 3712 3411 3783 LXX);
3442 3726 3535 3769 et:
3563 3714 3697 3768 Ecce

2118 3802 2223 3868 ipse
2250 3801 2509 3868 proximus
2538 3816 2648 3853 sum
2667 3801 2868 3869 judicio
2892 3818 3020 3866 meo,
3051 3814 3095 3857 et
3124 3802 3229 3857 scio
3264 3806 3385 3874 quia
3403 3806 3581 3876 justus
3608 3808 3687 3860 in-

2118 3892 2289 3943 veniar
2345 3889 2468 3961 (Job
2517 3907 2635 3954 xm,
2656 3896 2815 3965 juxta
2846 3892 3054 3965 LXX);
3094 3906 3148 3951 et
3180 3914 3196 3951 :
3234 3896 3357 3954 Vias
3404 3900 3541 3954 enim
3584 3904 3698 3972 ejus

2117 3982 2386 4048 custodivi,
2412 3991 2581 4037 etnon
2612 3983 2865 4037 declinavi
2889 4002 2921 4038 a
2948 3988 3203 4042 mandatis
3228 3990 3361 4059 ejus,
3402 4007 3564 4062 neque
3590 3994 3694 4045 dis-

2117 4073 2293 4125 cedam
2315 4072 2463 4139 (Ibid
2514 4090 2662 4132 xvttl,
2701 4075 2822 4143 ll);
2854 4087 2907 4129 et
2941 4093 2953 4129 :
2986 4075 3199 4131 Iustitia
3238 4082 3440 4134 vestitus
3462 4099 3623 4146 nam,
3650 4094 3699 4135 et

2116 4167 2429 4220 circumdedi
2454 4168 2576 4220 mihi
2597 4168 2857 4239 judicium
2878 4170 3010 4223 sicut
3031 4173 3337 4225 cltlamidem
3360 4170 3516 4241 (Cap.
3546 4190 3697 4236 xxix,

2122 4259 2245 4325 H);
2273 4268 2325 4313 et
2353 4276 2365 4311 ί
2401 4258 2521 4311 Non
2547 4261 2680 4311 enim
2709 4259 3033 4329 repreltendit
3086 4278 3164 4315 me
3185 4279 3274 4315 cor
3302 4280 3465 4317 meum
3488 4265 3539 4316 in
3560 4267 3695 4317 omni

2117 4350 2215 4403 vita
2240 4366 2369 4411 mea,
2397 4360 2440 4404 et
2470 4351 2599 4403 nihil
2626 4352 2852 4417 iniquum
2877 4362 2985 4405 erat
3033 4353 3085 4405 in
3139 4354 3375 4422 operibus
3418 4372 3563 4421 mets,
3605 4359 3694 4409 sed

2122 4444 2312 4497 munda
2345 4446 2508 4498 oratio
2532 4462 2643 4499 mea
2670 4444 2819 4515 (Cap.
2852 4461 3015 4509 xxvu,
3043 4446 3120 4512 6).

508 4536 635 4588 Item
666 4534 952 4601 Apostolus
982 4535 1050 4589 ad
1076 4535 1377 4591 Corinthios
1400 4504 1633 4595 secunda
1661 4558 1673 4594 :
1707 4541 1782 4596 De
1804 4553 2004 4610 ccetcro,
2044 4512 2096 4570 θ
2188 4538 2383 4591 Iterum
2435 4552 2735 4608 proponere
2782 4538 2961 4593 solent
2994 4554 3008 4591 :
3043 4537 3221 4592 Omnis
3275 4538 3427 4593 homo
3477 4540 3696 4593 mendax

433 4632 638 4697 fratres,
670 4630 909 4699 gaudete.
934 4628 1141 4699 perfecti
1166 4638 1324 4683 estote
1351 4631 1413 4699 (II
1446 4630 1566 4688 Cor.
1589 4633 1723 4702 'xm,
1754 4637 1865 4706 11).

504 4724 633 4779 Item
687 4722 752 4776 ad
803 4720 1152 4776 Colossenses
1182 4739 1196 4775 :
1229 4720 1569 4791 Corripientes
1619 4742 1816 4791 omnem
1847 4729 2010 4783 homi-

432 4832 567 4882 nem,
622 4825 669 4869 et
722 4815 956 4868 docentes
1004 4814 1057 4866 in
1104 4813 1243 4865 omni
1270 4815 1541 4882 sapientia,
1573 4826 1629 4869 ut
1683 4818 2009 4875 exhibeamus

429 4926 628 4964 omnem
659 4910 912 4964 hominem
943 4912 1220 4977 perfectum
1260 4908 1313 4961 in
1344 4906 1548 4963 Christo
1577 4907 1800 4979 (Coloss.
1824 4928 1864 4976 ι,
1884 4913 2004 4980 28).

501 5002 631 5056 Item
657 5002 723 5056 ad
751 5002 1127 5071 Philippenses
1155 5016 1168 5053 :
1205 4998 1392 5053 Omnia
1430 5001 1585 5069 facite
1636 5004 1747 5057 sine
1773 5021 2008 5060 murmu-

429 5094 625 5147 ratione
654 5104 700 5146 et
728 5093 1069 5157 lursilatione,
1104 5100 1157 5145 ut
1175 5092 1288 5145 sitis
1319 5092 1786 5161 irrepreltensibiles
1809 5107 1856 5150 et
1886 5100 2009 5152 sint-

428 5187 608 5255 plices,
629 5186 758 5239 sicut
780 5186 877 5253 ﬁlii
907 5183 1002 5238 Dei
1032 5185 1347 5239 immaculati
1376 5184 1603 5257 (Philip.
1639 5202 1698 5250 It,
1721 5190 1785 5243 14
1810 5198 1858 5243 et
1892 5188 2007 5261 I5).

500 5278 630 5333 Item
661 5278 726 5331 ad
761 5277 1055 5346 Ephesios:
1091 5275 1395 5331 Benedictus
1429 5277 1565 5331 Deus
1615 5288 1663 5331 et
1698 5278 1853 5332 Pater
1905 5278 2009 5334 Do;

424 5370 552 5424 mini
580 5369 741 5423 nostri
768 5370 896 5423 Jesu
936 5367 1149 5434 Christi,
1182 5369 1272 5437 qui
1316 5368 1571 5423 benedixit
1614 5387 1704 5423 nos
1761 5372 1813 5424 in
1866 5375 2005 5425 omni

424 5460 767 5515 benedictione
794 5458 1016 5527 spiritali
1044 5459 1094 5513 in
1116 5459 1396 5514 caelestibus
1423 5460 1478 5513 in
1507 5459 1711 5515 Christo
1738 5458 1889 5526 Iesu,
1906 5463 2002 5517 sic-

427 5563 481 5605 ut
526 5553 677 5623 elegit
706 5566 795 5607 nos
843 5555 897 5607 in
952 5553 1062 5624 ipso
1090 5562 1211 5607 ante
1239 5552 1417 5605 mundi
1458 5554 1889 5616 constitutionem,
1949 5566 2003 5608 ut

416 5651 641 5699 'rssemus
666 5645 828 5699 sancti
853 5656 898 5699 et
928 5645 1244 5699 inmaculati
1270 5645 1321 5697 in
1342 5654 1606 5714 conspectu
1638 5648 1749 5717 ejus
1780 5646 1995 5717 (Ephes.

422 5740 476 5805 -1,
496 5736 527 5791 3
552 5750 596 5792 ct
626 5741 707 5807 4).

2120 4628 2238 4699 (Ps.
2266 4644 2385 4694 cxv,
2409 4629 2488 4699 2).
2526 4630 2732 4697 Quibus
2760 4629 3192 4699 respondendum
3221 4641 3300 4688 est
3332 4631 3476 4701 quod
3505 4632 3557 4687 in
3589 4632 3694 4685 Nu-

2118 4722 2248 4775 meri
2280 4722 2412 4777 libro
2438 4724 2693 4793 scriptum
2720 4732 2828 4777 est:
2849 4721 3017 4776 Homo
3046 4722 3400 4793 reraxUVum.
3425 4739 3549 4787 xxv,
3565 4726 3690 4794 jus:-

2116 4825 2165 4867 ta
2189 4814 2337 4869 LXX
2343 4815 2386 4885 ).
2422 4815 2489 4869 Et
2511 4814 2577 4869 de
2616 4824 2804 4869 sancto
2840 4814 2941 4870 Job
2973 4815 3165 4884 legitur
3204 4817 3272 4869 ita
3304 4835 3317 4870 :
3354 4814 3477 4869 Erat
3500 4817 3575 4869 vir
3602 4818 3694 4869 Ita-

2115 4908 2279 4961 bitans
2326 4909 2380 4961 in
2422 4908 2627 4978 regione
2667 4907 2919 4971 Ausitide,
2952 4908 3151 4961 nomine
3194 4906 3313 4971 Job,
3358 4924 3532 4969 uerax.
3585 4910 3691 4961 sine

2115 5001 2343 5062 crimine,
2366 5002 2563 5071 justus,
2598 5000 2688 5051 Dei
2730 4998 2913 5057 cultor.
2958 5001 3215 5053 abstinens
3260 5017 3314 5054 se
3359 5002 3423 5052 ab
3470 5002 3609 5053 omni
3638 5017 3691 5053 re

2114 5094 2251 5146 ntala
2272 5091 2393 5163 (Job
2451 5108 2489 5158 ι,
2522 5092 2598 5162 1).
2632 5091 2763 5147 Item
2807 5092 2947 5159 apud
2983 5092 3154 5160 ipsum
3187 5091 3290 5145 Job
3325 5110 3335 5143 :
3371 5090 3437 5143 Et
3466 5093 3688 5145 miracu-

2112 5184 2219 5238 lum
2242 5185 2401 5238 tenuit
2422 5185 2611 5239 veracis
2642 5184 2878 5237 hominis.
2913 5182 3042 5237 Item
3070 5182 3210 5252 apud
3246 5182 3591 5237 Salomonem
3620 5183 3686 5237 de

2109 5276 2381 5345 Sapientia
2415 5295 2427 5330 :
2471 5275 2581 5331 Viri
2610 5278 2877 5331 mendaces
2904 5294 3005 5330 non
3034 5286 3182 5329 erunt
3222 5277 3364 5330 illius
3406 5293 3683 5335 memores:

2110 5369 2205 5421 viri
2254 5378 2425 5421 autent
2478 5384 2680 5422 veraces
2708 5368 3027 5421 invenientur
3056 5368 3107 5421 in
3146 5385 3208 5421 ea
3259 5366 3449 5437 (Eccli.
3482 5383 3575 5429 xv,
3605 5367 3680 5435 8).

2112 5460 2243 5514 Item
2274 5461 2326 5514 in
2357 5461 2716 5531 Apocalypsi:
2741 5460 2804 5513 Et
2832 5462 2883 5513 in
2917 5476 3005 5513 ore
3032 5460 3257 5526 ipsorum
3292 5475 3392 5511 non
3416 5469 3490 5511 est
3519 5459 3681 5511 iure».

2111 5563 2217 5605 tum
2244 5551 2586 5627 mendacium,
2608 5554 2717 5606 sine
2739 5553 2938 5607 macula
2959 5553 3091 5605 enim
3111 5562 3228 5605 sunt
3252 5552 3434 5623 (Apoc.
3460 5566 3572 5617 xrv,
3601 5550 3677 5617 5).

2181 5646 2376 5700 lterum
2400 5645 2540 5700 istud
2566 5656 2875 5715 proponunt
2899 5663 2912 5699 :
2934 5643 3057 5700 Non
3077 5645 3265 5716 estqui
3292 5645 3449 5713 faciat
3472 5645 3681 5702 bonum,

2111 5755 2209 5793 non
2236 5749 2310 5794 est
2331 5754 2485 5809 usque
2511 5739 2579 5791 ad
2618 5755 2777 5793 unum
2806 5738 2922 5809 (Ps.
2958 5753 3075 5805 stu,
3106 5738 3180 5808 5).
3217 5738 3421 5807 Quibus
3460 5751 3677 5806 respon-
