3962 6180
358 345 462 402 621

743 343 1047 401 DISSER'I'.
1083 343 1169 399 \‘I.
1204 340 1291 398 DE
1320 339 1627 398 SCRIPTIS
1656 335 1791 394 PRO
1824 334 2089 391 Il/EIIESI
2124 328 2373 389 PELAG.
2403 330 2706 390 YIVENTE
2736 332 2793 388 S.
2827 330 3238 391 AUGUSTINO.

3529 336 3636 389 622’.

360 462 600 518 dendum
624 461 868 531 estquod
892 462 965 516 ait
985 469 1197 515 Sanetus
1214 456 1405 512 David:
1432 456 1599 527 Spera
1621 456 1673 509 in
1702 454 1944 519 Domina,
1976 454 2023 511 Α
2052 449 2141 519 qui
2168 448 2318 504 habet
2337 465 2474 520 spem
2497 447 2631 501 hanc
2655 448 2708 502 in
2737 464 2869 515 eum,
2886 448 3168 519 sanctiﬁcat
3190 464 3266 515 se,
3290 447 3440 505 sicuti
3462 460 3510 505 et
3531 452 3640 520 ipse

359 567 411 610 et
439 561 521 626 fac
544 556 822 609 bonitatem
851 554 966 626 (Ps.
998 568 1179 617 xxxvr,
1209 551 1287 622 5).
1321 551 1388 609 Et
1433 558 1653 604 sanctus
1692 547 1893 604 Tobias
1925 565 1940 602 :

367 650 495 704 Noli
523 651 718 715 limere,
752 650 867 718 ﬁli;
897 663 1171 719 pauperem
1192 648 1345 700 viram
1369 645 1612 716 gerimus,
1642 642 1730 695 sed
1783 638 1945 693 multa

363 745 496 796 bona
524 741 820 795 habebimus
846 742 890 794 si
918 739 1236 792 timuerimus
1269 735 1453 794 Deum.
1502 745 1549 790 et
1590 733 1944 788 recesserimus

360 834 427 887 ab
453 833 594 887 omni
619 842 844 903 peccato,
873 841 918 885 et
941 831 1209 900 fecerimus
1241 828 1371 881 bona
1395 826 1546 899 (Tob.
1575 841 1651 891 sv,
1684 823 1796 892 25).

433 924 569 978 Item
594 924 780 979 dicunt
807 923 949 991 quod
981 921 1231 975 SaIVator
1259 918 1331 973 ait
1364 934 1377 971 :
1412 916 1547 984 Quid
1570 932 1647 968 me
1671 915 1842 969 dicitis
1859 913 1945 967 bo-

364 1018 531 1070 num?
560 1014 724 1069 Nemo
753 1015 936 1081 bonus,
967 1014 1065 1067 nisi
1084 1014 1224 1066 solus
1270 1012 1407 1066 Deus
1434 1010 1585 1081 (Luc.
1636 1024 1785 1070 mu,
1830 1007 1942 1077 19).

361 1106 819 1175 Respondendum
851 1104 991 1174 quod
1023 1104 1165 1158 idem
1197 1102 1454 1157 Dominus
1474 1100 1598 1154 alibi
1630 1099 1742 1153 ait:
1769 1097 1946 1152 Bonus

361 1198 520 1252 homo
550 1199 614 1251 de
635 1197 764 1251 bona
785 1195 1021 1250 thesauro
1042 1194 1212 1248 cordis
1237 1194 1321 1247 sui
1342 1196 1533 1263 profert
1561 1192 1691 1244 bona
1724 1189 1941 1260 (Matth.

362 1308 461 1358 xu,
490 1290 603 1363 ‘55).
642 1292 707 1345 Et
736 1292 928 1345 iterum
954 1308 967 1342 ε
1002 1290 1102 1356 Qui
1128 1289 1287 1342 solem
1317 1302 1463 1339 suum
1491 1285 1617 1337 oriri
1643 1283 1768 1354 facit
1795 1300 1947 1353 super

364 1388 524 1437 bonos
552 1392 600 1437 et
632 1382 793 1436 malos
827 1379 993 1451 (Ibid.
1018 1395 1071 1443 ν,
1096 1379 1211 1447 45).
1241 1378 1309 1431 Ει
1329 1377 1455 1431 alibi
1476 1376 1734 1443 scriptum
1760 1370 1944 1427 :Bona

357 1476 512 1529 bonis
548 1482 719 1528 creata
745 1480 862 1527 sunt
886 1472 947 1524 ab
976 1472 1122 1523 initio
1149 1469 1335 1538 (Eccli.
1367 1483 1549 1533 suis,
1584 1466 1709 1533 50);
1739 1475 1794 1520 et
1840 1467 1945 1519 ite-

362 1583 484 1623 rum
514 1586 529 1620 :
556 1567 658 1635 Qui
688 1573 804 1619 sunt
833 1566 947 1621 boni
972 1572 1119 1617 erant
1148 1561 1456 1618 habitatores
1478 1571 1629 1615 terra:
1654 1558 1833 1631 (Prov.
1882 1574 1943 1626 tt,

359 1658 483 1728 et).

434 1752 569 1806 Item
598 1751 780 1805 dicunt
811 1766 827 1803 :
860 1750 988 1815 Quis
1017 1748 1321 1819 gloriabitur
1349 1756 1541 1800 castum
1571 1762 1624 1799 se
1648 1744 1832 1799 habere
1856 1758 1946 1796 cor

2048 550 2256 594 sanctus
2281 550 2355 595 est
2379 540 2421 613 (l
2449 539 2609 595 Joan.
2644 556 2723 608 ιιι,
2753 541 2789 594 2
2814 550 2859 597 et
2880 543 2961 610 5).

2119 634 2253 689 Item
2283 635 2501 690 dicunt:
2530 635 2654 690 Non
2681 635 2914 702 volentis,
2940 654 3097 707 neque
3126 638 3398 704 currentis,
3425 640 3516 692 sed
3546 643 3639 695 nti-

2046 727 2265 780 serentis
2280 738 2355 781 est
2382 726 2477 780 Dei
2498 726 2678 799 (llam.
2707 743 2784 789 ts.
2816 727 2929 798 16).
2962 729 3168 796 Quibus
3202 731 3638 801 respondendum

2043 826 2131 871 est
2158 817 2300 886 quod
2328 818 2468 872 idem
2504 818 2797 886 Apostolus
2826 818 2950 872 alibi
2988 819 3059 873 de
3080 820 3310 889 quodam
3342 822 3455 876 ait:
3485 823 3641 890 Quod

2046 907 2151 963 vult
2180 909 2337 978 faciat
2375 908 2417 981 (I
2446 908 2564 962 Cor.
2609 924 2705 972 vn,
2740 909 2854 979 36).
2899 908 3027 964 Item
3068 911 3137 965 ad
3174 911 3540 970 Philemonem
3572 917 3641 971 de

2047 998 2343 1055 Onesimo:
2386 1000 2550 1066 Quem
2587 1016 2681 1072 ego
2712 1002 2978 1055 votueram
3002 1003 3148 1072 apud
3185 1021 3262 1058 me
3289 1006 3541 1071 detinere,
3583 1019 3641 1060 ut

2048 1108 2140 1161 pro
2170 1102 2218 1147 te
2237 1093 2364 1145 mihi
2386 1092 2733 1158 ministraret;
2762 1094 2854 1147 sed
2876 1094 2987 1147 sine
3006 1096 3221 1149 consilio
3242 1104 3328 1151 tuo
3352 1099 3485 1151 nihil
3503 1100 3641 1154 volui

2047 1188 2235 1256 facere,
2268 1194 2323 1238 ut
2359 1200 2461 1238 non
2491 1186 2639 1254 quasi
2666 1202 2731 1240 ex
2760 1188 3056 1242 necessitate
3094 1187 3285 1242 bonum
3317 1199 3456 1244 tuum
3486 1201 3637 1258 esset,

2045 1276 2135 1329 sed
2156 1274 2498 1330 voluntarium
2526 1276 2780 1347 (Philem.
2817 1277 2883 1333 15
2913 1288 2958 1333 et
2992 1278 3100 1349 14).
3134 1278 3267 1334 Item
3300 1282 3351 1335 in
3381 1281 3640 1337 Deutero-

2049 1365 2271 1420 nomio:
2310 1366 2482 1419 Vitam
2513 1377 2560 1420 et
2592 1380 2805 1422 mortem
2828 1369 2969 1422 dedit
2998 1380 3118 1425 ante
3144 1372 3328 1441 faciem
3360 1382 3521 1438 tuam,
3555 1374 3645 1427 bo-

2042 1472 2168 1509 num
2198 1466 2244 1510 et
2283 1458 2474 1511 malum
2495 1474 2513 1523 ;
2537 1459 2668 1531 elige
2697 1460 2871 1523 vitam,
2904 1471 2959 1514 ut
2988 1461 3123 1515 vivas
3156 1461 3333 1532 (Deut.
3369 1479 3496 1529 xxx,
3527 1464 3638 1533 15).

2047 1544 2176 1600 Item
2206 1548 2343 1616 apud
2373 1548 2719 1605 Salonianum
2748 1569 2760 1603 :
2806 1549 2945 1606 Deus
2973 1556 3038 1605 ab
3068 1554 3215 1608 initio
3250 1558 3518 1610 constituit
3549 1559 3642 1612 ho—

2047 1637 2256 1703 minem,
2299 1649 2344 1691 et
2384 1639 2591 1708 reliquit
2629 1658 2744 1694 cum
2774 1642 2827 1695 in
2864 1659 3020 1696 manu
3056 1646 3262 1699 consilii
3289 1647 3412 1700 sui:
3453 1648 3644 1718 adjecit

2048 1728 2094 1780 ei
2124 1739 2378 1799 prtecepta
2408 1740 2454 1784 et
2489 1731 2768 1798 mandata;
2811 1733 2859 1787 si
2885 1734 3041 1798 voles,
3085 1744 3340 1803 prtecepta
3376 1738 3643 1791 servabunt

360 1840 759 1914 (Prov.x,9)?
799 1839 1251 1910 Respondendum
1293 1837 1435 1907 quod
1479 1837 1729 1891 Salvator
1768 1836 1843 1891 ait
1892 1837 1945 1891 in

2069 1833 2118 1888 ‘e,
2150 1832 2196 1874 et
2224 1822 2276 1874 in
2311 1832 2573 1892 posterum
2608 1824 2764 1892 fidem
2793 1827 3039 1896 piacitam
3070 1829 3258 1896 facere.
3288 1828 3519 1896 Apposui
3555 1830 3642 1882 tibi

364 1932 699 2002 ISvangelio:
730 1931 879 1985 Beati
907 1932 1099 1984 mundo
1151 1931 1324 1996 corde,
1368 1929 1610 1999 quoniam
1652 1929 1754 1997 ipsi
1786 1928 1949 1981 Deum

364 2024 608 2078 videbunt
652 2022 867 2091 (Matth.
901 2038 954 2090 ν,
985 2022 1039 2092 8)
1069 2039 1084 2087 ;
1117 2033 1167 2077 et
1199 2021 1339 2090 quod
1370 2020 1535 2075 David
1578 2019 1710 2073 dicit
1760 2035 1774 2072 :
1824 2018 1951 2083 Quis

364 2114 604 2167 ascendet
659 2114 711 2166 in
766 2123 987 2166 montem
1020 2112 1245 2177 Domini,
1290 2120 1378 2164 aut
1404 2112 1519 2180 quis
1556 2112 1708 2164 stabit
1737 2110 1792 2163 in
1838 2111 1950 2163 loco

365 2216 547 2258 sancto
600 2205 753 2274 ejus.’
782 2202 1037 2259 Innotens
1080 2204 1313 2257 manibus
1332 2212 1381 2256 et
1413 2203 1601 2255 mundo
1639 2204 1791 2256 corde
1831 2200 1949 2271 (Ps.

372 2311 523 2359 xxnt,
556 2297 647 2362 3);
689 2306 743 2350 et
770 2296 896 2350 alibi
932 2313 944 2347 :
977 2293 1221 2364 Benefac,
1257 2294 1493 2361 Domine,
1541 2294 1685 2348 bonis
1716 2303 1764 2346 et
1802 2293 1952 2345 rectis

369 2390 522 2441 corde
542 2386 661 2458 (Ps.
709 2401 899 2449 cxxtv,
929 2385 1021 2456 4);
1048 2387 1172 2441 item
1213 2385 1352 2455 apud
1394 2385 1736 2441 Salomonem
1764 2404 1777 2438 :
1808 2384 1953 2439 Bona

364 2487 442 2531 est
472 2478 759 2532 substantia
787 2478 872 2531 cui
892 2486 1156 2547 peccatum
1177 2493 1277 2531 non
1303 2486 1376 2531 est
1408 2478 1461 2530 in
1497 2478 1802 2531 conscientia
1829 2475 1955 2546 (Ec-

370 2573 460 2625 cli.
493 2588 613 2634 xm,
636 2572 758 2642 50);
799 2572 925 2626 item
964 2571 1072 2626 illic
1102 2588 1115 2624 :
1142 2572 1322 2624 Averte
1348 2579 1396 2623 te
1435 2587 1467 2623 a
1497 2568 1687 2624 delicto
1716 2578 1763 2623 et
1792 2571 1954 2638 dirige

372 2680 580 2725 manus,
614 2672 661 2717 et
710 2665 773 2717 ab
818 2664 956 2717 omni
1008 2662 1192 2717 delicto
1242 2663 1433 2716 munda
1464 2679 1550 2716 cor
1586 2671 1730 2715 tuum
1786 2660 1951 2733 (Ibid.

369 2754 730 2827 lxxvttlJU);
762 2755 888 2811 item
916 2756 969 2809 in
996 2755 1232 2823 Epistola
1256 2754 1510 2810 Joannis:
1534 2753 1595 2809 Si
1615 2771 1703 2807 cor
1724 2764 1955 2807 nostrum

368 2865 463 2902 nos
495 2863 599 2902 non
628 2846 982 2915 reprehendat,
1018 2846 1261 2916 ﬁduciam
1287 2844 1531 2899 habemus
1573 2846 1641 2898 ad
1672 2842 1859 2911 Deum,
1908 2855 1955 2899 et

374 2956 700 3009 quacumque
726 2939 1038 3010 petierimus,
1072 2939 1383 3009 accipiemus
1426 2937 1488 2990 ab
1518 2952 1577 2991 eo
1602 2935 1647 3009 (Ι
1678 2933 1837 2991 loan.
1872 2951 1951 3006 ιιι,

372 3033 445 3087 20
469 3042 517 3086 et
545 3031 661 3102 9:2).

444 3126 582 3181 Item
608 3123 792 3179 dicere
817 3122 993 3178 solent
1021 3139 1035 3176 ε
1067 3122 1200 3188 Quia
1229 3138 1330 3175 non
1359 3132 1433 3175 est
1484 3120 1640 3175 homo
1683 3121 1860 3189 justus
1900 3120 1955 3173 in

376 3229 508 3272 terra
552 3218 642 3287 qui
685 3216 841 3287 faciat
862 3215 1047 3271 bonum
1072 3225 1117 3269 et
1142 3231 1242 3266 non
1275 3222 1457 3297 peccet
1483 3188 1791 3283 (Ecclesvn,
1834 3211 1950 3281 2i).
1978 3188 2027 3253 δ

375 3309 831 3378 ReSpondendum
875 3309 1002 3379 quia
1050 3307 1315 3361 Dominus
1346 3306 1413 3360 de
1454 3314 1642 3360 sancto
1686 3305 1790 3362 Job
1832 3306 1955 3361 ait:

382 3401 647 3472 Numquid
676 3400 1013 3455 considerasti
1041 3417 1235 3455 servum
1268 3418 1436 3455 meum
1472 3401 1612 3455 Job?
1654 3401 1778 3455 Non
1823 3400 1959 3454 enim

374 3505 449 3550 est
478 3497 526 3550 ei
550 3493 735 3549 similis
759 3494 1027 3565 quisquam
1054 3496 1105 3546 in
1135 3495 1282 3547 terris
1313 3495 1463 3546 homo
1492 3494 1600 3547 sine
1620 3495 1844 3564 querela,
1877 3510 1960 3546 ve-

381 3602 467 3639 rus
488 3583 586 3639 Dei
610 3582 798 3654 cultor,
829 3585 1085 3638 abstinens
1114 3599 1169 3637 se
1194 3584 1257 3636 ab
1296 3584 1433 3637 omni
1473 3599 1623 3653 opere
1653 3584 1787 3637 malo
1839 3581 1959 3652 (Iob

381 3691 420 3742 1,
443 3676 520 3747 8).
1404 3737 1413 3743 _

452 3769 584 3823 Item
615 3768 800 3823 dicunt
830 3786 844 3823 :
872 3767 1005 3834 Quia
1030 3785 1129 3821 non
1163 3767 1539 3840 justiﬁcabitur
1585 3769 1639 3821 in
1688 3776 1961 3840 conspectu

386 3868 471 3911 tuo
497 3860 663 3913 omnis
682 3860 852 3913 vivens
900 3858 1019 3930 (Ps.
1053 3874 1222 3925 cxut,
1253 3859 1337 3929 2).
1369 3860 1574 3925 Quibus
1625 3859 1960 3929 responden-

379 3950 508 4006 dum
536 3960 619 4005 est
643 3951 783 4019 quod
806 3952 871 4006 de
888 3961 1080 4007 sancto
1100 3952 1354 4007 Zacbaria
1376 3952 1711 4021 Evangelista
1734 3961 1962 4007 testatur

385 4041 570 4097 dicens
595 4061 608 4097 :
632 4040 798 4096 Erant
819 4054 985 4097 autem
1013 4041 1293 4097 Zacharias
1315 4052 1362 4097 et
1392 4042 1650 4097 Elisabeth
1675 4060 1803 4097 uxor
1824 4047 1959 4116 ejus,

376 4134 507 4204 justi
534 4136 682 4185 ambo
709 4134 760 4185 in
788 4144 1058 4204 conspectu
1080 4133 1311 4203 Domini,
1340 4145 1385 4188 et
1408 4135 1460 4188 in
1484 4134 1724 4188 omnibus
1747 4134 1963 4187 manda-

387 4226 449 4278 tis
472 4224 779 4286 incedentes,
807 4235 855 4278 et
872 4226 1331 4295 justiﬁcationibus
1379 4225 1589 4280 Domini
1624 4228 1733 4280 sine
1760 4229 1963 4294 querela

384 4314 537 4386 (Luc.
573 4332 613 4382 ι,
641 4317 717 4387 6).
749 4316 816 4371 Et
843 4317 1028 4371 beatus
1060 4319 1350 4386 Apostolus
1373 4321 1445 4371 ait
1472 4337 1484 4371 :
1521 4317 1587 4372 Ut
1618 4319 1777 4373 simus
1801 4319 1967 4371 sancti

388 4419 433 4459 et
459 4409 779 4461 immaculati
806 4409 856 4461 in
887 4417 1157 4479 conspectu
1183 4413 1291 4482 ejus
1317 4410 1529 4481 (Ep/tes.
1555 4425 1592 4475 I,
1616 4409 1692 4480 4).

456 4499 591 4555 Item
624 4499 805 4553 dicunt
832 4516 847 4552 :
875 4499 932 4553 Si
961 4501 1240 4554 dixerimus
1257 4501 1377 4565 quia
1404 4509 1659 4569 peccatum
1684 4518 1785 4555 non
1811 4501 1966 4557 habe-

387 4609 523 4657 mus,
548 4592 646 4661 ipsi
668 4609 757 4645 nos
783 4593 1094 4657 seducimus,
1126 4602 1172 4645 et
1199 4595 1381 4647 veritas
1423 4595 1475 4647 in
1521 4594 1663 4648 nobis
1690 4611 1789 4649 non
1820 4606 1893 4649 est
1923 4596 1963 4666 (Ι

382 4683 632 4755 Joan.v).
651 4684 1097 4754 Respondendnm
1124 4694 1207 4739 est
1227 4686 1367 4754 quod
1397 4686 1533 4742 idem
1556 4698 1777 4743 sanctus
1808 4689 1962 4744 Joan-

387 4794 481 4833 nes
511 4778 562 4830 in
594 4778 782 4831 eadem
814 4777 1044 4847 Epistula
1069 4777 1235 4833 dicit:
1264 4776 1381 4830 Hoc
1408 4788 1577 4832 autem
1597 4782 1733 4845 dico,
1755 4764 1962 4851 fratres,

383 4879 441 4922 ut
462 4886 562 4923 non
593 4871 825 4937 peccetis.
858 4870 1041 4922 Omnis
1061 4871 1147 4937 cui
1177 4879 1326 4923 natus
1356 4882 1432 4924 est
1460 4887 1523 4924 ea:
1550 4870 1674 4936 Deo,
1701 4882 1963 4942 peccatum

384 4976 486 5012 non
510 4960 653 5028 facit,
677 4960 797 5025 quia
818 4976 984 5013 semen
1016 4961 1175 5029 ipsius
1203 4961 1253 5013 in
1282 4977 1343 5014 eo
1372 4972 1571 5026 manet,
1593 4972 1637 5016 et
1674 4980 1775 5016 non
1804 4973 1965 5031 potest

384 5067 593 5119 peccare
626 5048 846 5121 (Uttan.
880 5066 959 5112 Itt,
988 5051 1042 5117 9)
1070 5068 1083 5113 ;
1109 5052 1233 5104 item
1265 5052 1377 5105 illic
1406 5068 1420 5104 :
1451 5052 1552 5116 Qui
1590 5062 1740 5107 natus
1788 5066 1860 5108 est
1900 5072 1965 5109 ea:

383 5141 513 5206 Deo,
544 5160 643 5195 non
674 5153 865 5207 peccat,
890 5146 1010 5209 quia
1036 5144 1295 5212 generatio
1329 5143 1425 5196 Dei
1454 5155 1714 5198 conservat
1737 5163 1873 5211 eum,
1916 5157 1963 5201 ct

383 5234 638 5305 malignus
661 5250 759 5287 non
790 5244 961 5303 tanget
984 5250 1097 5286 eum
1119 5232 1289 5304 (Ibid.
1320 5250 1377 5298 ν,
1409 5235 1528 5305 i8);
1561 5236 1686 5289 item
1717 5238 1845 5303 illic,
1875 5240 1963 5293 ubi

382 5326 450 5378 de
478 5325 760 5380 Salvatore
784 5326 884 5378 ait:
905 5324 1160 5388 Quoniam
1191 5324 1278 5377 ille
1307 5326 1547 5397 apparuit
1569 5336 1622 5379 ut
1644 5338 1847 5395 peccata
1867 5329 1963 5381 tol-

383 5418 527 5471 leret.
578 5417 756 5470 Omnis
782 5418 869 5487 qui
914 5398 966 5470 in
994 5434 1052 5470 eo
1082 5427 1249 5471 manet
1277 5436 1376 5472 non
1423 5429 1614 5488 peccat.
1652 5420 1832 5474 Omnis
1872 5424 1962 5491 qui

383 5519 558 5576 peccat
604 5524 707 5561 non
748 5508 872 5561 vidit
896 5524 1032 5575 eum,
1087 5525 1177 5561 nec
1225 5511 1457 5579 cognovit
1482 5528 1616 5563 eum.
1653 5512 1779 5566 Item
1811 5513 1961 5567 illic:

381 5600 718 5668 Charissimi,
743 5618 883 5655 nunc
907 5601 1006 5671 ﬁlii
1039 5600 1133 5655 Dei
1171 5618 1368 5667 sumus,
1401 5613 1446 5656 et
1477 5606 1701 5658 nondum
1730 5610 1967 5677 apparuit

381 5692 520 5759 quod
550 5693 759 5746 erimus.
792 5691 997 5748 Scimus
1023 5693 1260 5761 quoniam
1283 5711 1395 5747 cum
1422 5699 1746 5763 apparuerit,
1778 5701 1967 5754 similes

387 5786 429 5836 ei
461 5785 669 5855 erimus,
697 5785 936 5855 quoniam
958 5785 1239 5840 videbimus
1266 5802 1379 5841 eum
1406 5787 1553 5841 sicuti
1579 5800 1687 5855 est;
1718 5800 1764 5845 et
1804 5795 1965 5847 omnis

2048 1929 2240 1982 aquam
2263 1923 2312 1968 et
2341 1914 2526 1986 ignem,
2551 1916 2619 1967 ad
2639 1917 2852 1985 quodvis
2874 1916 3079 1987 porrige
3102 1934 3308 1970 manum
3330 1928 3488 1971 tuam.
3514 1920 3643 1973 Ante

2049 2002 2306 2058 hominem
2343 2004 2528 2060 bonum
2557 2016 2604 2059 et
2634 2008 2845 2074 malum,
2882 2008 2985 2060 vita
3010 2017 3058 2062 et
3092 2024 3249 2073 mors,
3286 2021 3559 2081 paupertas
3596 2021 3643 2063 ct

2051 2096 2291 2150 honestas
2319 2114 2351 2150 a
2382 2098 2603 2152 Domino
2636 2086 2745 2153 Deo
2774 2111 2893 2153 sunt
2913 2098 3087 2171 (Eccl.
3122 2116 3213 2165 xv,
3245 2101 3357 2171 M).

2125 2189 2256 2243 Item
2295 2191 2433 2257 apud
2471 2191 2661 2244 Isaiam
2693 2210 2707 2244 :
2757 2191 2820 2245 Et
2849 2194 2895 2245 si
2933 2193 3216 2256 volueritis,
3264 2205 3312 2248 et
3353 2196 3638 2258 audieritis.

2053 2292 2166 2343 qua:
2188 2278 2319 2331 bona
2342 2291 2460 2333 sunt
2478 2290 2650 2346 terrat,
2674 2281 3080 2347 manducabitis;
3100 2284 3145 2336 si
3165 2292 3336 2337 autem
3355 2284 3640 2347 nolueritis.

2053 2385 2145 2422 nec
2170 2370 2496 2425 obaudieritis
2525 2389 2622 2438 me,
2650 2374 2856 2442 gladius
2882 2389 2970 2429 vos
2998 2376 3242 2429 comedet.
3271 2376 3343 2430 0s
3370 2379 3508 2431 enim
3540 2376 3644 2432 Do-

2055 2463 2181 2515 mini
2208 2462 2437 2517 locutum
2466 2474 2538 2519 est
2570 2464 2726 2537 (lsai.
2752 2482 2789 2529 t,
2826 2466 2937 2535 Ill).

2126 2554 2205 2608 Ad
2231 2564 2551 2621 extremum,
2575 2556 2619 2610 si
2647 2558 2765 2625 quis
2788 2556 2987 2611 dixerit
3013 2575 3025 2611 :
3052 2557 3232 2613 Potest
3255 2559 3373 2614 ﬁeri
3397 2569 3455 2614 ut
3484 2561 3643 2615 homo

2056 2645 2140 2699 Vel
2181 2648 2346 2701 verbo
2368 2665 2473 2702 non
2519 2650 2740 2717 peccet?
2781 2648 3231 2717 Respondcndum
3273 2662 3392 2708 est:
3443 2654 3501 2709 Si
3533 2656 3643 2709 vnit

2058 2740 2220 2806 Deus,
2254 2750 2460 2811 potest;
2491 2742 2605 2796 vult
2633 2744 2775 2797 enim
2811 2743 2972 2806 Deus,
3004 2760 3132 2812 ergo
3164 2755 3357 2815 potest.

2130 2833 2258 2887 Item
2287 2835 2331 2888 si
2358 2836 2479 2905 quis
2504 2835 2737 2890 dixerit:
2770 2836 2906 2890 Fieri
2939 2846 3115 2905 νοω-ι
3155 2850 3211 2892 ut
3249 2839 3410 2895 homo
3452 2842 3503 2894 in
3555 2856 3644 2895 co-

2056 2922 2315 2993 gitatione
2336 2941 2444 2980 non
2475 2925 2786 2997 delinquat?
2814 2927 3267 2998 Respondendum
3294 2941 3376 2986 est
3400 2950 3414 2985 :
3447 2933 3502 2988 Si
3531 2935 3643 2988 vult

2057 3016 2222 3083 Deus,
2252 3026 2460 3087 potest;
2484 3021 2597 3074 vult
2619 3020 2761 3074 enim
2788 3020 2951 3087 Deus,
2974 3037 3102 3092 ergo
3128 3032 3321 3092 potest.

2183 3109 2412 3164 Libellus
2444 3111 2569 3178 ﬁdei
2592 3110 2795 3165 ablatus
2820 3110 3027 3166 Zosimo
3054 3130 3251 3167 summa
3277 3116 3528 3184 pontiﬁci.

2128 3197 2205 3252 De
2250 3200 2351 3253 bac
2393 3200 2736 3255 confessione
2774 3199 3017 3256 leeslii
3062 3202 3263 3256 dictum
3309 3214 3389 3256 est
3431 3205 3647 3257 abunde

2058 3267 2437 3324 dissertatione
2471 3271 2830 3339 prmcedente,
2872 3271 3177 3327 addendum
3217 3273 3351 3326 nihil
3392 3277 3644 3330 occurrit.

2419 3403 2658 3476 Epistula
2679 3406 2749 3458 ad
2770 3406 2980 3460 clericos
3008 3406 3285 3463 Romanos.

2131 3516 2344 3571 Dictum
2374 3532 2585 3587 qutique
2613 3516 2682 3573 de
2711 3518 2823 3587 ipsa
2855 3518 3050 3574 ibidem
3079 3521 3226 3574 satis.

2676 3655 2902 3713 CAPUT
2933 3658 3021 3713 IV.

2194 3744 2325 3809 Qua
2351 3745 2611 3812 scripserit
2630 3743 2875 3799 Julianus
2906 3747 3203 3802 Eclanensis
3220 3752 3507 3822 cpiscopus.

2134 3835 2211 3889 De
2236 3836 2385 3911 libris
2405 3834 2601 3911 Juliani
2635 3835 3055 3911 itacennaolius.
3074 3838 3324 3893 Julianus
3353 3844 3642 3911 episcopus,

2062 3904 2289 3975 virttcris
2317 3906 2527 3973 ingenii,
2559 3906 2823 3975 indivinis
2849 3908 3133 3975 Scripturis
3163 3911 3364 3968 doctus.
3384 3904 3571 3965 'Gra’cu
3599 3925 3647 3967 ct

2063 3973 2246 4029 Latina
2272 3973 2448 4045 lingua
2489 3974 2847 4041 scholasticus,
2881 3973 3175 4045 priusquam
3207 3982 3516 4043 impietacm
3548 3984 3648 4038 Pc-

2063 4046 2187 4113 lagii
2214 4046 2266 4097 in
2296 4062 2349 4099 se
2367 4046 2615 4120 aperiret,
2640 4046 2813 4120 clarus
2842 4049 2894 4120 in
2922 4049 3211 4120 doctoribus
3240 4050 3484 4105 Ecclesite
3509 4057 3608 4120 fuit
3631 4071 3647 4106 :

2062 4126 2235 4190 postea
2270 4132 2382 4169 vero
2420 4118 2650 4190 hwresint
2691 4117 2892 4187 Pelagii
2928 4118 3202 4187 defendere
3245 4122 3399 4183 visus,
3441 4117 3648 4190 scripsit

2063 4188 2332 4239 adversum
2351 4188 2689 4261 Augustinum
2707 4190 3114 4261 intpugnatorem
3136 4190 3299 4261 illius,
3335 4190 3492 4244 libros
3523 4188 3648 4261 qua-

2066 4268 2202 4316 tuor.
2231 4266 2278 4309 et
2308 4261 2489 4310 iterum
2512 4259 2665 4310 libros
2692 4266 2824 4309 octo.
2859 4258 2945 4310 Est
2968 4259 3119 4311 etiam
3152 4260 3275 4312 liber
3297 4258 3649 4317 altercationis

2066 4327 2328 4379 amborum
2359 4336 2534 4391 partes
2560 4344 2679 4379 suas
2703 4328 3106 4395 defendentium.
3180 4382 3185 4385 .

2138 4396 2194 4470 In
2241 4411 2307 4470 eo
2344 4396 3138 4470 facileassentior_Gennatlio.
3184 4404 3327 4470 quod
3374 4402 3645 4459 Julianum

2068 4466 2197 4519 dicit
2221 4467 2393 4539 virum
2417 4465 2557 4539 acris
2582 4466 2804 4534 ingenii,
2827 4467 2881 4521 in
2903 4468 3073 4522 sacris
3095 4465 3385 4539 Scripturis
3406 4474 3643 4539 ductum,

1993 4556 2045 4614 ι)
2068 4545 2125 4591 et
2167 4537 2441 4614 utriusque
2474 4536 2668 4614 lingua:
2711 4540 2939 4614 peritum
2970 4556 2981 4590 :
3025 4556 3144 4614 nam
3184 4536 3529 4598 acrimoniam
3564 4536 3647 4598 in;

2072 4608 2214 4673 genii
2260 4622 2440 4673 opera,
2484 4607 2729 4672 peritiam
2767 4609 3044 4676 utriusque
3087 4611 3276 4675 lingunt:
3315 4615 3493 4668 versio
3524 4617 3647 4669 lidei

2073 4677 2249 4750 Ruﬁni
2288 4678 2437 4750 Syri,
2466 4686 2522 4731 et
2564 4679 2688 4750 alia,
2724 4680 3015 4733 tractandae
3055 4680 3367 4750 Scriptum,
3406 4694 3497 4737 aut
3540 4694 3648 4739 tur-

2072 4747 2299 4817 qnendtu
2332 4747 2507 4815 potius
2547 4748 2653 4801 vim
2691 4764 2829 4813 Opus
2867 4747 3195 4818 postremum
3242 4755 3497 4808 intendit.
3532 4755 3646 4807 Non

2072 4818 2299 4891 perinde
2342 4818 2831 4891 assetritiorqinqen,
2869 4821 3008 4887 quod
3054 4822 3345 4891 subiungit,
3379 4824 3645 4877 .lu'ianunt

2070 4888 2274 4943 clarum
2303 4890 2583 4941 exstitisse
2615 4889 2667 4941 in
2699 4888 3007 4944 doctoribus
3041 4888 3312 4951 Ecclesiae.
3333 4888 3380 4946 isi
3409 4894 3648 4948 doctoris

2071 4960 2288 5031 nomine
2326 4961 2645 5031 srriﬁptorem
2685 4960 2966 5025 intelligat.
3014 4961 3139 5013 Nam
3168 4978 3271 5031 qua
3320 4965 3524 5017 ratione
3570 4966 3649 5018 lu-

2069 5030 2274 5105 gissent
2312 5030 2442 5081 clari
2483 5031 2761 5105 scriptoris
2814 5046 2974 5105 opera
3019 5030 3343 5105 diligentiam
3396 5050 3461 5105 ac
3509 5051 3647 5105 pene

2070 5099 2619 5173 cur_iositatetn,_‘sive
2651 5102 2951 5173 Augustini.
2988 5101 3102 5154 sive
3131 5103 3471 5158 Mercatoris?
3497 5099 3647 5173 Quod

2071 5169 2113 5245 si
2146 5169 2422 5245 ductarem
2449 5170 2609 5245 dicat,
2643 5187 2791 5245 more
2822 5171 2963 5223 illius
2992 5173 3194 5237 s:rculi,
3222 5190 3341 5229 eum
3368 5176 3457 5245 qui
3481 5169 3648 5244 popu-

2072 5238 2177 5291 lum
2203 5238 2254 5291 in
2281 5238 2515 5292 Ecclesia
2539 5239 2784 5305 docebat,
2817 5256 2920 5294 non
2954 5245 3260 5310 repugnabo
3279 5238 3643 5309 Vehementer,

2071 5324 2193 5387 cuni
2239 5309 2488 5363 nounuiia
2529 5312 2634 5387 sint
2671 5312 2809 5387 apid
2858 5313 3211 5387 Augustinum
3266 5317 3488 5383 vestigia
3527 5332 3646 5387 qua:

2071 5378 2125 5431 in
2175 5380 2310 5434 banc
2337 5382 2655 5433 sententiam
2687 5384 2903 5435 ducant.
2939 5384 3011 5434 De
3055 5385 3205 5438 libris
3247 5378 3502 5440 adversus
3542 5378 3649 5441 Itu-

2068 5450 2527 5523 gustiuumnetno
2553 5450 2803 5504 dissentit
2839 5453 3138 5519 Gennadiu,
3179 5456 3276 5508 ni~i
3310 5458 3449 5523 quod
3485 5458 3648 5512 alter—

2064 5520 2209 5594 catio
2255 5521 2535 5594 amborum
2587 5523 2656 5576 ab
2697 5536 2861 5594 opere
2909 5537 3186 5590 pOSerIIIO
3229 5520 3487 5594 distingui
3543 5543 3645 5581 non

2069 5589 2275 5656 debuit,
2308 5592 2352 5645 si
2381 5592 2537 5654 forte,
2579 5593 2719 5661 quod
2738 5589 2959 5661 ’opinor,
2996 5594 3231 5648 indicare
3265 5613 3367 5651 non
3400 5589 3646 5656 voluerit.

2068 5675 2202 5734 onus
2236 5671 2586 5734 postremum,
2620 5664 2729 5734 suis
2764 5665 3114 5729 temporibus,
3151 5667 3437 5732 aliquando
3469 5682 3561 5734 per
3590 5682 3648 5721 se

2068 5731 2244 5806 solum
2279 5732 2525 5806 ‘babitum
2555 5733 2730 5806 luisse
2757 5774 2770 5793 .
2813 5734 3101 5801 aliquando
3141 5731 3438 5805 subjunctis
3468 5731 3646 5806 Augu-

2068 5800 2195 5854 Slitti
2227 5802 2291 5856 ad
2322 5804 2521 5872 aliquot
2553 5803 2718 5860 libros
2745 5800 3210 5874 responsionibus.
