3980 6182
371 365 477 421 ωδ

743 364 1056 422 D!SSERT.
1096 366 1180 421 Vl.
1215 365 1306 421 DE
1336 365 1644 422 SCRIPTIS
1679 367 1811 421 l‘llO
1844 367 2122 426 HASRBSI
2156 370 2402 426 PLLAG.
2438 370 2740 426 VIVENTE
2771 372 2831 429 S.
2863 362 3281 432 AUGUSTINO.

3529 380 3634 435 ωδ

369 487 480 538 lere
507 482 570 536 ad
616 482 879 552 justitiam
906 527 921 549 ,
969 484 1094 555 quid
1138 485 1259 541 dico
1296 486 1520 549 ratione.
1557 485 1652 541 sed
1685 502 1752 540 ne
1781 502 1950 539 same
1981 493 2024 545 Λ
2056 489 2142 557 qui
2171 500 2251 545 est
2280 506 2461 557 verus,
2491 506 2742 548 veremur
2768 492 3076 549 ollentlere:
3108 496 3233 564 quia
3267 504 3511 551 naturam
3541 497 3633 553 bo-

369 576 585 641 qnidem
616 575 747 645 legis
774 576 1132 641 institutione,
1161 579 1399 645 perduci.
1434 578 1774 647 Depretiabat
1800 594 1946 630 Itam-

369 682 474 736 que
507 668 623 723 hzec
664 668 847 738 Opinio
890 681 1133 725 naturam
1185 673 1363 726 carnis
1392 680 1447 725 et
1486 670 1783 740 sanguinis.
1842 670 1945 726 Sed

370 772 657 831 postquam
689 764 923 819 salutare
947 765 1280 834 mysterium,
1316 764 1412 819 Dei
1451 774 1504 818 et
1534 764 1807 818 hominum
1840 779 1948 818 tne-

368 855 547 907 diator
572 854 832 923 arripuit,
881 866 933 909 ut
979 858 1523 910 consummatissima:
1553 856 1765 911 virtutis
1795 856 1950 909 datu-

367 960 459 998 rus
480 946 810 1015 exemplum,
840 957 1084 1001 naturam
1111 947 1341 1001 hominis
1365 948 1605 1002 mortalis
1628 956 1947 1015 assumeret,

366 1035 605 1089 ostendit
627 1038 807 1091 omnia
827 1038 1051 1091 crimina
1071 1052 1281 1092 morum
1310 1038 1495 1105 fuisse,
1521 1052 1625 1093 non
1650 1040 1946 1094 seminum:

366 1129 603 1199 denique
627 1130 996 1185 voluntatibus
1024 1131 1089 1184 ad
1124 1131 1346 1185 meliora
1378 1131 1673 1196 conversis,
1734 1146 1841 1185 non
1865 1146 1951 1185 so-

367 1222 479 1275 lum
505 1220 663 1292 legis,
689 1225 781 1277 sed
807 1223 970 1278 etiam
999 1224 1306 1293 evangelica
1340 1231 1607 1293 praecepta
1626 1238 1782 1293 posse
1811 1238 1952 1279 com-

369 1315 525 1382 pleri.
578 1315 655 1369 De
679 1315 848 1383 ipsius
870 1330 1099 1386 namque
1126 1315 1465 1385 susceptione
1492 1316 1691 1381 carnis,
1740 1329 1949 1369 morum

368 1416 588 1476 peccata
632 1407 947 1462 damnavit:
1007 1424 1113 1463 non
1176 1418 1418 1462 naturam
1452 1410 1705 1463 videlicet
1749 1407 1947 1474 carnis,

364 1500 465 1555 sed
509 1516 672 1570 opera
718 1502 1122 1569 commutando,
1174 1510 1231 1557 ut
1276 1502 1588 1573 justiﬁcatio
1641 1503 1809 1572 legis,
1852 1502 1953 1556 sub

363 1593 615 1662 exemplo
645 1594 813 1665 ipsius
833 1639 848 1663 ,
878 1596 1241 1665 compleretur
1262 1594 1316 1649 in
1347 1596 1523 1651 nobis.

444 1684 525 1738 Ad
557 1684 674 1740 hme
696 1687 895 1741 verba:
945 1687 1147 1742 Collum
1175 1699 1322 1741 tuum
1348 1690 1478 1743 sicut
1516 1688 1749 1742 monilia.
1819 1688 1950 1743 Cum

367 1777 598 1845 pulchra
643 1793 740 1847 per
792 1788 1033 1833 naturam
1062 1782 1241 1834 cervix
1292 1794 1625 1850 gemmarum
1668 1778 1954 1848 insignitur

367 1880 589 1933 ornatu,
622 1868 932 1926 felicitatem
973 1873 1153 1940 procul
1185 1872 1352 1927 dubio
1380 1883 1540 1941 auget
1566 1872 1825 1926 industria
1854 1889 1867 1923 :
1899 1882 1949 1925 et
1987 1869 2029 1926 B

366 1964 525 2032 quasi
549 1979 607 2017 se
630 1963 786 2034 digna
812 1966 1156 2029 Conveniunt,
1177 1964 1352 2020 honor
1374 1965 1623 2021 videlicet
1648 1965 1949 2029 monilium,

362 2067 424 2110 et
453 2057 721 2110 cervicum
756 2067 1039 2121 venustas;
1085 2059 1163 2111 sic
1189 2073 1321 2129 ergo
1344 2068 1397 2113 et
1429 2060 1479 2112 in
1511 2066 1584 2119 te,
1613 2058 1763 2126 cujus
1786 2072 1950 2126 gene-

366 2150 651 2201 rositatem
692 2147 934 2202 doctrina
965 2150 1256 2218 componit,
1309 2159 1367 2203 ut
1406 2150 1633 2204 virtutes
1681 2165 1813 2220 quas
1854 2165 1952 2205 na-

369 2250 490 2294 tura
524 2240 761 2303 inchoat,
793 2241 1074 2310 disciplina
1105 2251 1464 2298 consummet.

439 2332 524 2387 Ad
549 2333 663 2387 haec
693 2335 816 2388 item
850 2336 1049 2390 verba:
1109 2336 1503 2406 Appre/iendam
1539 2345 1609 2403 te,
1640 2348 1686 2391 et
1712 2337 1953 2392 inducam

367 2425 424 2478 in
453 2426 662 2478 domum
692 2427 868 2480 matris
905 2444 1059 2493 mere;
1101 2426 1170 2481 ibi
1212 2445 1290 2481 me
1329 2429 1529 2483 docebis
1561 2429 1782 2499 (Cautio.
1815 2430 1951 2499 vttt).

377 2519 492 2574 1am
528 2521 579 2573 in
607 2522 719 2590 ipsa
752 2521 971 2575 infantia
994 2562 1009 2587 ,
1043 2522 1209 2576 multa
1248 2538 1366 2591 quae
1397 2523 1607 2577 discere
1634 2524 1951 2589 debeamus,

369 2610 628 2665 ιιειεηάὶι.
683 2609 886 2677 Primo,
922 2612 1093 2681 ipsum
1140 2628 1264 2667 esse
1294 2614 1539 2682 opificem
1573 2615 1951 2668 universoium

368 2717 440 2754 ex
470 2703 692 2755 masculi
723 2712 779 2757 et
808 2703 1021 2756 femina:
1048 2704 1431 2771 etmjnuctione
1461 2704 1814 2768 nascentium,
1864 2703 1953 2773 qui

368 2794 470 2845 sibi
501 2794 620 2848 sine
650 2792 948 2849 ministerio
990 2794 1087 2849 viri
1119 2812 1313 2865 corpus
1340 2812 1403 2850 ex
1441 2798 1649 2865 virgine
1694 2798 1954 2851 fabricas-

367 2894 475 2938 set.
531 2885 733 2939 Deinde
762 2885 964 2939 nullum
998 2898 1276 2955 peccatum
1308 2903 1426 2941 esse
1470 2888 1670 2941 homini
1701 2887 1955 2957 congeni-

367 2986 507 3041 tum,
552 2976 981 3047 quandoquidem
1013 2979 1101 3032 ille
1123 3020 1137 3043 ,
1176 2988 1231 3033 et
1257 2980 1436 3034 carnis
1466 2980 1695 3035 veritate
1725 2983 1955 3036 circnm-

366 3067 551 3133 datus,
580 3079 634 3123 et
664 3073 884 3125 macula:
915 3072 1165 3125 innnnnis
1188 3074 1475 3128 exstiterit.
1536 3073 1818 3128 Postremo
1845 3076 1954 3128 ori-

366 3160 546 3227 ginem
574 3171 812 3216 nostram
842 3179 945 3217 non
972 3180 1158 3232 posse,
1186 3166 1285 3219 nisi
1318 3166 1480 3235 impie
1500 3208 1516 3232 ,
1547 3166 1747 3221 diaboli
1773 3169 1951 3236 operi-

367 3253 471 3307 bus
494 3254 714 3322 ascribi,
747 3271 863 3324 qua:
887 3256 997 3311 Deo
1028 3273 1154 3314 vero
1180 3275 1284 3314 non
1316 3261 1489 3316 solum
1519 3262 1820 3331 conditore,
1851 3266 1945 3319 Sed
1978 3243 2020 3304 (ἶ

272 3418 277 3423 ι
365 3344 529 3401 etiam
554 3345 857 3405 habitatore
881 3351 1237 3421 eongaudeat.

435 3478 676 3561 Observa
702 3481 973 3561 lulianum
1011 3485 1318 3561 elaborasse
1352 3491 1456 3543 hoc
1484 3503 1620 3558 opus
1660 3492 1947 3546 occasione

367 3554 474 3630 sui,
512 3564 569 3603 nt
600 3554 675 3605 ait
703 3554 876 3615 Beda.
918 3554 1080 3630 duelli
1110 3572 1231 3611 cum
1264 3554 1597 3630 Augustino,
1641 3561 1691 3613 id
1720 3570 1801 3615 est
1823 3602 1838 3624 .
1890 3577 1947 3615 ut

370 3626 718 3699 interpretor,
750 3634 872 3691 post
898 3626 1197 3681 absolutum
1218 3626 1449 3698 primum
1473 3646 1607 3699 opus
1629 3642 1857 3699 quatuor
1887 3634 1949 3686 li-

368 3692 586 3779 broruin
606 3734 623 3757 ,
653 3692 813 3779 immo
838 3704 898 3779 et_
922 3700 1189 3777 posterius
1285 3692 1725 3779 observa-enim,
1770 3704 1943 3779 videri

370 3773 533 3814 totam
565 3762 703 3819 hanc
726 3762 1187 3823 elucubrationem
1217 3762 1947 3832 factam,imitationeTheo'o

367 3833 904 3912 dorillopsuesteni,
957 3839 1049 3905 qui
1076 3842 1335 3912 amatorie
1362 3842 1578 3909 scripsit
1616 3843 1672 3897 in
1699 3842 1942 3912 Cantica,

367 3904 505 3972 quod
529 3903 723 3961 docent
752 3909 952 3977 quinta:
973 3903 1169 3980 synodi
1200 3903 1477 3981 excerpta.

370 4058 519 4115 Liber
551 4060 617 4115 de
642 4065 940 4119 constantia:
967 4064 1111 4121 Bono
1137 4078 1314 4121 contra
1346 4070 1620 4139 perﬁdiam
1650 4071 1941 4130 ManicIta-i.

438 4173 563 4228 llaec
599 4184 681 4229 est
709 4178 1043 4245 constantia,
1088 4195 1207 4249 quze
1239 4182 1470 4238 maxime
1504 4185 1697 4239 asserit
1734 4187 1945 4241 arbitrii

368 4278 686 4329 potestatem
712 4285 775 4325 ac
800 4271 1022 4335 bonum,
1052 4273 1223 4340 iisque
1243 4285 1469 4341 naturae,
1502 4287 1555 4332 et
1579 4280 1798 4332 humani
1830 4280 1947 4333 ani-

366 4359 434 4410 mi
461 4369 641 4414 motus
669 4360 885 4427 liberos,
916 4364 1040 4417 dum
1065 4365 1498 4431 ostendit,omne
1528 4370 1721 4423 mentis
1745 4370 1943 4424 bonum

365 4452 746 4518 voluntarium,
780 4469 875 4508 nec
906 4455 1000 4508 ulli
1031 4473 1280 4525 umquam
1313 4459 1461 4512 casui
1492 4460 1807 4515 obnoxium.

435 4541 504 4595 Et
528 4545 686 4613 paulo
710 4554 823 4615 post
855 4561 871 4598 :
930 4547 1045 4616 Ipsa
1068 4548 1212 4602 enim
1253 4561 1426 4604 armat
1452 4552 1718 4620 ingenium
1749 4553 1935 4621 cujus-

361 4651 491 4704 que,
523 4646 579 4690 et
607 4638 851 4690 accendit
877 4642 1135 4705 animum,
1170 4642 1293 4695 dtnn
1332 4642 1479 4695 illum
1522 4644 1786 4698 libertatis
1832 4657 1943 4697 sua:

358 4745 580 4798 semper
633 4730 923 4796 admonet,
977 4733 1212 4803 dumque
1260 4751 1451 4790 omnes
1497 4735 1566 4791 ab
1614 4752 1680 4792 eo
1728 4738 1948 4807 repellit

357 4831 558 4875 IllClllS.
1254 4842 1259 4845 ‘

436 4915 501 4967 Et
524 4924 640 4985 post
667 4916 830 4969 multa
853 4933 871 4969 :
903 4917 1116 4972 Etenim
1134 4959 1150 4984 ,
1182 4918 1249 4985 si,
1275 4929 1331 4974 ut
1358 4921 1615 4990 prmclare
1645 4938 1673 4976 a
1695 4923 1946 4980 doctissi—

353 5009 461 5063 ιιιὶ.
493 5022 655 5079 atque
703 5009 1018 5065 orthodoxis
1048 5012 1381 5082 disputatum
1432 5027 1535 5084 est,
1572 5021 1774 5073 nemini
1820 5038 1947 5078 vere

354 5118 614 5171 umquam
646 5103 850 5169 noceri,
882 5103 982 5158 nisi
1015 5120 1044 5158 a
1075 5108 1277 5176 seipse,
1311 5117 1510 5175 potest,
1543 5127 1642 5165 nec
1671 5124 1751 5167 est
1786 5130 1939 5183 pror-

353 5211 448 5250 sus
475 5194 697 5265 aliquid,
753 5212 861 5266 quo
892 5198 1174 5267 quisquam
1221 5200 1419 5257 invitus
1466 5202 1556 5258 [iat
1582 5205 1779 5271 miser;
1811 5208 1937 5276 quid

353 5287 575 5342 tandem
604 5288 775 5343 virtus
798 5290 1026 5359 timebit,
1058 5292 1156 5346 nisi
1180 5292 1445 5349 defectum
1468 5296 1581 5362 sui,
1628 5313 1735 5367 quo
1765 5300 1939 5354 homi-

354 5379 405 5431 ni
429 5376 485 5432 in
516 5386 777 5433 aeternum
806 5383 1066 5436 nocetur?
1115 5383 1320 5438 Divina:
1348 5388 1490 5441 enim
1530 5392 1716 5457 gratia:
1747 5401 1830 5444 est
1851 5392 1938 5460 ju-

351 5485 482 5525 vare
506 5480 563 5525 et
584 5470 799 5528 ﬁrmare
826 5475 1208 5544 constantiam,
1242 5494 1361 5545 qua:
1391 5492 1619 5535 caeteras
1652 5486 1820 5551 possit
1841 5503 1933 5539 cu~

351 5560 561 5616 stodire
589 5564 842 5634 virtutes,
872 5574 927 5622 et
950 5577 1135 5623 contra
1162 5573 1364 5635 omnia,
1391 5586 1513 5641 quae
1543 5576 1823 5644 resistunt,
1853 5579 1942 5634 de-

352 5655 579 5711 fendere
597 5656 749 5711 vitia.

426 5746 492 5800 Et
518 5747 655 5800 circa
682 5748 831 5815 ﬁnem
851 5766 868 5804 .·
906 5751 1227 5810 Scandalum
1259 5755 1553 5811 Maniehzeo
1584 5768 1683 5824 est,
1711 5776 1776 5816 eo
1797 5762 1937 5832 quod

352 5842 781 5899 cotnmentitium
806 5844 970 5903 Deum
994 5848 1341 5922 abnegautes,
1370 5850 1652 5910 Dominum
1673 5865 1936 5926 nostrum,

2052 602 2195 654 nam,
2227 587 2349 656 quia
2381 586 2611 640 liberum
2638 584 2868 639 hominis
2897 588 3191 641 asserimus
3208 589 3513 645 arbitrium.

2122 718 2360 773 Meminit
2390 718 2538 771 solus
2561 717 2704 772 Beda
2738 718 2860 773 libri
2886 719 3072 787 istius,
3115 737 3273 789 quem
3304 722 3639 777 OSIendimus

2051 792 2203 854 alias,
2230 789 2489 857 sctiptuut
2516 791 2680 843 fuisse
2714 789 3051 857 postJuliani
3086 794 3456 860 expulsionem
3490 809 3519 849 e
3542 810 3639 849 sua

2051 861 2201 916 sedc.

2670 930 2899 985 CAPUT
2939 931 3004 984 V.

2178 1023 2304 1092 ρηω
2328 1022 2589 1095 scripserit
2616 1022 2885 1095 Annianus
2916 1022 2971 1076 Ct
2989 1023 3208 1078 ledeusis
3237 1027 3507 1093 diaconus,

2546 1092 2747 1163 Pelagii
2794 1096 3137 1147 amanuensis.

2130 1210 2228 1263 Vix
2260 1209 2547 1280 quidquam
2584 1208 2707 1261 addi
2741 1220 2912 1280 potest
2937 1209 3004 1262 ad
3047 1223 3108 1280 ea
3142 1224 3257 1274 quas
3297 1208 3351 1262 in
3388 1208 3641 1262 disserta—

2055 1283 2237 1334 tione!
2281 1279 2431 1334 dicta
2481 1288 2607 1333 sunt
2634 1280 2701 1333 de
2752 1279 3030 1341 Anniane,
3090 1279 3290 1346 Pelagii
3346 1281 3637 1347 armigero,

2055 1362 2113 1405 ut
2140 1352 2373 1421 loquitur
2398 1351 2641 1406 Orosius.
2699 1351 2928 1418 Scripsit
2955 1350 3134 1403 omnia
3180 1349 3399 1418 Pelagii,
3436 1363 3637 1419 ['ll‘llllcl'

2055 1422 2419 1492 expOsitiones
2475 1421 2695 1492 breves;
2752 1422 2969 1492 scripsit
3012 1431 3068 1474 et
3116 1436 3214 1473 sno
3259 1421 3474 1475 nomine
3504 1421 3639 1473 duas

2054 1490 2332 1559 epistolas,
2361 1507 2493 1559 quas
2538 1490 2776 1545 homiliis
2798 1491 3169 1562 Chrysostorni
3199 1533 3213 1557 ,
3246 1509 3273 1544 a
3304 1506 3363 1547 se
3390 1492 3557 1547 versis
3586 1492 3638 1545 in

2057 1563 2301 1618 Latinum
2331 1577 2659 1627 sermonem,
2688 1562 3001 1632 prmposuit.

2271 1694 2503 1767 Epistola
2526 1695 2739 1764 prie/ira
2766 1694 2989 1749 homiliis
3010 1697 3062 1749 in
3092 1694 3148 1748 Μ
3154 1695 3417 1750 ult/neum.

2186 1811 2413 1866 Domino
2442 1827 2566 1866 vere
2596 1820 2807 1875 saneto,
2835 1820 2890 1866 et
2919 1810 3228 1865 beatissimo
3255 1810 3480 1866 Orontio

2547 1883 2820 1952 episcopo,
2854 1882 3151 1937 Annianus.

2128 1996 2363 2050 Piissimi
2398 1994 2562 2062 patris
2592 1995 2842 2050 allectum
2870 2034 2886 2059 ,
2945 2005 3002 2050 et
3053 1995 3434 2065 sapientissimi
3466 2004 3640 2050 artem

2056 2088 2332 2156 magistri,
2386 2088 2437 2140 in
2472 2102 2557 2141 me
2601 2088 2803 2156 pariter
2831 2101 3085 2142 exerces:
3141 2103 3301 2158 quem
3351 2087 3491 2141 inter
3523 2088 3641 2152 hac,

2054 2195 2187 2249 quas
2218 2194 2313 2247 pro
2347 2179 2468 2233 ﬁdei
2510 2180 2785 2235 vobiscum
2817 2194 3003 2233 amore
3051 2180 3411 2248 perpetimur,
3466 2188 3643 2233 tenta-

2055 2274 2257 2327 tionum
2292 2272 2585 2338 procellas,
2636 2281 2690 2326 et
2725 2286 2752 2324 a
2794 2285 3026 2327 maerore
3072 2271 3232 2325 simul
3274 2280 3329 2325 et
3354 2287 3383 2324 a
3422 2279 3642 2340 torpore

2054 2366 2333 2429 subdueis,
2386 2366 2732 2435 animumque
2758 2365 3030 2419 anxietate
3055 2373 3384 2417 marcentem
3418 2363 3483 2415 ad
3525 2373 3639 2415 stu-

2054 2459 2202 2513 dium
2231 2458 2631 2525 Scripturarnm
2666 2455 2916 2511 remittis.
2976 2455 3143 2509 Jubes
3174 2453 3341 2520 enim,
3387 2452 3639 2507 beati~si~

2056 2564 2173 2612 me,
2221 2558 2279 2603 ut
2303 2548 2749 2602 commentarium
2781 2546 2950 2601 sancti
2992 2545 3217 2601 Joannis
3256 2543 3639 2597 Constantino-

2057 2641 2277 2711 politani
2305 2642 2567 2712 episcopi,
2600 2656 2759 2708 quem
2804 2640 2855 2694 in
2889 2639 3139 2693 Matthwo
3168 2637 3495 2707 evangelism
3544 2652 3642 2691 no-

2056 2734 2269 2803 naginta
2300 2744 2355 2789 et
2387 2748 2493 2787 uno
2524 2732 2665 2787 libro
2694 2730 2973 2799 explicuit,
3022 2730 3073 2783 in
3097 2729 3338 2783 Latinam
3381 2728 3637 2796 linguam,

2054 2840 2163 2894 quo
2192 2824 2395 2893 possim
2427 2837 2679 2878 sermone
2703 2862 2718 2887 ,
2765 2820 3161 2874 transfundam.
3228 2818 3385 2887 Quod
3438 2819 3641 2873 utinam

2055 2926 2160 2971 tam
2191 2932 2220 2970 a
2246 2916 2403 2972 nobis
2433 2914 2719 2971 commode
2752 2914 2869 2970 ﬁeri
2911 2914 3101 2984 possit,
3146 2930 3306 2983 quam
3336 2923 3437 2967 ate
3461 2922 3515 2968 et
3539 2930 3637 2974 op-

2055 3018 2285 3078 portune
2304 3016 2360 3065 et
2387 3009 2589 3065 utiliter
2619 3010 2938 3077 imperatur.
2972 3006 3109 3073 Quid
3140 3007 3280 3060 enim
3311 3007 3393 3060 vel
3420 3004 3486 3059 ad
3513 3021 3641 3074 pru-

2055 3101 2294 3155 dentiam
2323 3100 2617 3167 eruditius,
2668 3100 2751 3153 vel
2796 3099 2862 3152 ad
2915 3097 3364 3153 exercitationem
3396 3098 3637 3166 ignitius,

2054 3195 2137 3250 vel
2164 3196 2236 3249 ad
2259 3194 2451 3264 dogma
2495 3195 2800 3262 purgatius,
2854 3201 3165 3245 nostrorum
3199 3190 3416 3244 auribus
3446 3190 3634 3243 offera-

2056 3300 2161 3351 tur,
2192 3301 2350 3357 quam
2378 3285 2639 3354 prmelara
2670 3284 2783 3338 huic
2810 3294 2915 3337 tam
2952 3282 3176 3352 insignis
3206 3281 3369 3335 animi
3413 3281 3659 3350 ingenii-1

2051 3394 2159 3447 que
2210 3377 2588 3432 monumenta?
2618 3377 2679 3430 Et
2714 3376 2817 3429 hoc
2862 3374 3093 3429 maxime
3127 3383 3366 3441 tempore
3402 3390 3508 3441 quo
3544 3389 3637 3442 prr

2052 3471 2390 3525 occasionem
2424 3468 2779 3538 quarumdam
2827 3468 2987 3521 nimis
3040 3466 3342 3521 difﬁcilium
3385 3467 3637 3534 qttmsliv-

2054 3576 2203 3625 num,
2232 3559 2570 3614 mdificationi
2616 3574 2822 3614 morum
2854 3567 3017 3627 atque
3048 3558 3429 3613 ecclesiastica:
3474 3556 3639 3611 disci«

2054 3653 2213 3721 plinze
2265 3654 2398 3707 satis
2448 3652 2743 3706 insolenter
2793 3652 3171 3721 obstrepitur:
3214 3665 3313 3719 pro
3355 3666 3458 3719 qua
3488 3661 3637 3704 certe

2053 3744 2239 3798 beatus
2279 3742 2551 3806 Joannes,
2584 3757 2707 3795 cum
2753 3742 2807 3795 in
2838 3741 2958 3795 aliis
2990 3741 3265 3810 operibus,
3312 3750 3421 3794 tum
3452 3740 3502 3793 in
3537 3741 3639 3793 hoc

2050 3849 2285 3905 quoque,
2312 3844 2491 3889 tantus
2515 3833 2647 3899 fere,
2680 3842 2895 3900 tamque
2916 3833 3098 3887 alacer
3117 3832 3367 3899 assurgit.
3392 3841 3450 3884 ut
3474 3847 3638 3885 evan-

2050 3926 2255 3997 gelista:
2285 3926 2430 3981 dicta
2476 3925 2886 3995 interpretando
2911 3965 2925 3988 ,
2987 3940 3083 3993 pro
3124 3924 3429 3991 evangelica
3462 3924 3635 3992 perfe-

2049 4022 2231 4078 ctione
2275 4019 2556 4075 nobiscum
2600 4035 2838 4089 pugnare
2869 4018 3129 4073 videatur.
3182 4017 3321 4086 Quid
3373 4017 3637 4071 enimille

2052 4114 2222 4183 magis
2242 4113 2553 4168 hominibus
2584 4114 2835 4178 inculcat,
2880 4128 3038 4182 quam
3071 4119 3276 4164 natura:
3320 4125 3434 4164 sua:
3481 4107 3637 4163 nobi-

2050 4207 2275 4269 litatem,
2304 4222 2423 4276 qua:
2443 4206 2702 4261 adversus
2734 4205 3008 4259 Maniehmi
3040 4204 3245 4259 rabiem
3272 4202 3510 4257 omnium
3549 4219 3635 4256 re-

2024 4309 2133 4354 aeta
2193 4299 2512 4369 sapientium
2580 4313 2846 4353 consensu
2903 4308 3275 4367 concentuque
3339 4296 3633 4350 laudatur?

2049 4391 2322 4446 Laudatur
2334 4402 2536 4455 autem,
2553 4390 2637 4444 Vel
2657 4393 2707 4443 in
2723 4389 3059 4443 admirabilis
3073 4389 3298 4459 gloriam
3314 4390 3632 4449 conditoris,

2048 4486 2130 4539 vel
2152 4484 2220 4538 ob
2233 4484 2547 4538 concitanda
2574 4483 2746 4536 studia
2763 4482 3004 4551 virtutis,
3030 4483 3110 4537 vel
3129 4482 3193 4536 ad
3218 4481 3527 4552 castiganda
3556 4482 3632 4536 vi—

2051 4578 2119 4629 tia
2153 4576 2459 4645 voluptatis.
2505 4575 2663 4644 Quid,
2693 4574 2932 4643 inquam,
2968 4576 3207 4643 pressius
3239 4575 3327 4629 ille
3354 4589 3633 4627 commvn-

2051 4668 2161 4732 dat,
2188 4682 2350 4735 quam
2380 4666 2633 4736 ingenita:
2665 4667 2820 4719 nobis
2852 4682 2878 4718 a
2906 4666 3019 4721 Deo
3047 4666 3309 4720 libertatis
3333 4665 3516 4726 decus,
3542 4680 3632 4717 cu-

2046 4760 2136 4826 jus
2184 4758 2455 4813 confessio
2482 4759 2809 4829 przeeipnum
2856 4759 2996 4813 inter
3038 4773 3135 4812 nos
3164 4757 3494 4827 gentilesque
3519 4754 3632 4809 dis-

2050 4850 2254 4904 erimen
2294 4861 2407 4914 est,
2454 4851 2542 4919 qui
2578 4849 2850 4904 hominem
2878 4849 2945 4904 ad
2993 4849 3281 4917 imaginem
3322 4846 3411 4899 Dei
3446 4848 3633 4901 condi-

2052 4953 2163 4996 tntn
2198 4952 2302 4996 tam
2336 4942 2621 4997 infeliciter
2652 4943 2744 4996 fati
2775 4942 3048 5007 violentia,
3072 4952 3127 4996 et
3158 4941 3414 5010 peccandi
3448 4950 3630 5005 putant

2053 5035 2376 5088 necessitate
2404 5033 2711 5088 devinctum
2731 5075 2744 5095 ,
2776 5043 2833 5087 ut
2864 5036 2947 5088 his
2979 5034 3139 5089 etiam
3175 5033 3462 5103 pecoribus
3493 5032 3633 5085 invi-

2048 5127 2178 5181 dere
2222 5126 2491 5195 cogatur?
2545 5125 2682 5194 Quid
2719 5127 2813 5179 ille
2840 5166 2854 5192 ,
2900 5125 3159 5180 adversus
3200 5126 3422 5179 eosdem
3463 5124 3633 5192 magi-

2047 5226 2214 5283 stros,
2242 5217 2416 5283 potius
2440 5216 2701 5281 insinuat,
2733 5233 2893 5286 quam
2909 5218 3003 5271 Dei
3030 5232 3151 5272 esse
3176 5216 3454 5285 possibilia
3484 5232 3630 5270 man~

2045 5309 2193 5370 data.
2220 5318 2275 5364 et
2319 5309 2592 5365 hominem
2623 5313 2821 5378 totius,
2856 5312 2941 5366 vel
2966 5328 3082 5382 quae
3107 5313 3350 5381 jubetur,
3405 5314 3487 5367 vel
3512 5328 3633 5380 quae

2046 5402 2304 5458 suadetur
2330 5418 2359 5457 a
2395 5404 2542 5470 Deo,
2594 5420 2847 5470 capacem
2888 5420 3009 5460 esse
3041 5405 3294 5459 virtutis?
3348 5406 3463 5474 Quo
3513 5405 3627 5473 quis

2044 5493 2168 5550 dem
2199 5495 2350 5561 solo,
2384 5504 2439 5550 et
2482 5495 2735 5563 iniquitas
2764 5497 2831 5550 ab
2859 5496 3164 5567 imperante
3197 5498 3549 5567 propellitur,
3576 5502 3629 5550 et

2043 5589 2419 5657 prmvarieanti
2445 5597 2630 5643 reatus
2653 5589 2904 5644 efﬁcitur.
2957 5589 3072 5644 Jam
3098 5606 3227 5645 vero
3256 5590 3358 5646 iste
3378 5631 3392 5656 ,
3445 5589 3625 5643 erudi-

2044 5686 2219 5733 torum
2249 5679 2439 5743 decus.
2468 5695 2590 5735 eum
2619 5681 2686 5734 de
2719 5682 2810 5736 Dei
2851 5682 3022 5750 gratia
3057 5682 3305 5749 disserit,
3338 5689 3533 5753 quanta
3567 5681 3629 5733 il-

2045 5769 2149 5822 lam
2174 5770 2448 5836 ubertate,
2486 5783 2686 5841 quanta
2737 5775 2899 5828 etiam
2953 5776 3201 5829 cautione
3231 5772 3577 5828 concelebrat
3611 5774 3623 5823 l

2046 5860 2162 5918 Non
2186 5862 2329 5919 enim
2363 5874 2443 5920 est
2471 5865 2523 5920 in
2557 5866 2839 5936 alterutro,
2878 5878 2968 5923 aut
3011 5869 3260 5923 incautus
3292 5876 3381 5920 aut
3404 5866 3624 5927 nimius,
