3980 6182
408 313 514 367 te?

839 311 933 367 AD
963 308 1241 367 PARTEM
1272 307 1536 363 PRIMAM
1565 308 1851 366 OPERUM
1882 309 1951 364 Μ.
1979 308 2425 370 MHRCATORIS
2452 314 2801 371 APPENDIX
2830 314 3171 373 SECUNDA.

3564 320 3663 377 628

406 426 504 483 sed
533 428 590 481 in
616 434 841 498 utroque
869 425 1201 480 moderatus.
1262 422 1352 477 Sic
1386 421 1585 476 liberas
1621 423 1861 477 ostendit
1892 422 1986 477 lto-
2015 425 2061 482 Α
2092 422 2256 479 dotali
2288 436 2515 496 possent
2557 427 2786 497 throno,
2834 444 3124 501 numquam
3173 416 3349 487 tamen
3392 432 3667 504 depellere

404 522 611 576 minum
633 520 960 583 voluntates,
992 523 1052 571 ut
1077 517 1140 569 ad
1177 514 1272 571 Dei
1297 527 1474 571 tamen
1504 517 1752 571 mandata
1782 515 1985 571 facien-

405 614 471 667 da
503 614 698 668 divina:
729 612 914 681 gratia:
947 609 1313 665 necessarium
1355 610 1551 679 ubique
1581 610 1811 664 fateatur
1832 609 1985 663 auxi-

406 703 538 757 iium
568 719 581 753 :
614 702 698 756 sic
734 703 1049 755 continuum
1080 699 1276 754 divina?
1306 700 1492 767 gratia:
1537 701 1801 754 auxilium
1831 715 1980 754 com-

403 793 643 861 mendat,
675 802 734 847 ut
764 808 864 848 nec
891 793 1067 846 studia
1096 792 1384 846 voluntatis
1409 790 1702 846 interimat.
1734 792 1864 846 Cum
1888 808 1984 845 au-

404 895 511 939 tem
541 885 593 939 in
624 886 838 940 cunctis
869 885 979 941 fere
1019 885 1280 939 doctrinm
1312 886 1581 953 partibus,
1635 894 1744 938 tum
1788 887 1980 954 prteci-

404 992 509 1046 puc
536 980 589 1032 in
615 977 989 1033 exhortatione
1017 977 1227 1043 morali,
1257 987 1421 1047 atque
1448 978 1501 1030 in
1528 977 1780 1032 omnibus
1805 978 1982 1033 cccle-

400 1070 636 1125 siastica:
676 1070 877 1140 regulis
912 1068 1241 1139 disciplinae,
1287 1070 1356 1124 ita
1397 1080 1704 1125 nostrorum
1745 1071 1977 1125 concinit

400 1178 499 1231 per
519 1160 768 1216 universa
795 1162 1102 1224 sententiis,
1126 1171 1186 1216 ut
1211 1175 1304 1216 eos
1337 1177 1494 1231 pene,
1522 1176 1657 1230 quos
1682 1177 1975 1230 numquam

397 1255 534 1309 sidit
559 1254 820 1319 omnino,
866 1253 932 1308 ad
970 1269 1185 1308 omnem
1224 1255 1623 1323 Scripturarum
1672 1254 1987 1325 intelligen-‘

398 1347 525 1400 tiam
552 1344 875 1401 informasse
895 1344 1169 1401 credatur.
1199 1344 1413 1413 Quanto
1456 1344 1597 1399 enim
1628 1345 1971 1413 exhortandi,

396 1439 448 1492 id
495 1448 599 1505 est,
633 1438 980 1501 emendandi,
1036 1437 1120 1491 Vel
1172 1438 1333 1492 etiam
1381 1439 1675 1492 exornandi
1732 1438 1975 1493 homines

395 1546 580 1585 amore
632 1539 906 1593 teneatur,
954 1532 1055 1584 hoc
1088 1530 1355 1599 prmcipue
1402 1546 1566 1600 opere
1614 1531 1885 1587 declarat:
1923 1534 2014 1584 in.

395 1640 502 1694 quo
539 1638 660 1678 cum
690 1623 993 1691 susceperit
1038 1624 1498 1678 eommendatoris
1531 1626 1799 1690 officium,
1859 1639 1976 1679 cer-

395 1725 503 1767 tam
563 1712 983 1783 uniuscujusque
1038 1713 1161 1768 libri
1203 1725 1406 1784 partem
1447 1718 1779 1784 expositione
1823 1731 1971 1771 com-

2089 528 2309 587 possent
2338 521 2592 576 veritafe.
2643 520 2911 591 Optimam
2950 523 3130 593 itaque
3174 524 3578 581 meditationem
3611 530 3666 583 in

2084 609 2371 664 occasione
2402 611 2566 666 rebus
2595 626 2936 683 exsequens,
2971 614 3160 668 maluit
3192 615 3463 685 pontificis
3495 619 3668 673 hono-

2087 715 2200 754 rem
2230 699 2562 756 confessoris
2598 701 2861 773 dignitate
2890 704 3195 771 cumulare,
3222 722 3383 776 quam
3422 708 3670 764 adulato-

2085 792 2158 846 ris
2184 792 2428 849 fmditate
2455 810 2828 865 corrumpere.
2857 796 2976 852 Jam
2997 813 3128 851 vero
3160 799 3284 853 illud
3314 803 3467 870 quasi
3497 817 3667 871 pecu-

2084 883 2217 940 liare
2249 886 2519 955 quoddam
2551 888 2790 942 custodit
2816 903 2880 944 ac
2906 891 3203 961 proprium,
3225 891 3366 947 unde
3387 909 3417 947 a
3448 904 3504 948 te
3526 910 3669 963 pra:-

2082 977 2241 1047 cipue
2275 993 2373 1049 pro
2417 980 2777 1036 similitudine
2805 983 2966 1037 studii
3008 985 3182 1053 possit
3225 986 3487 1055 adamari,
3518 990 3671 1056 quod

2082 1069 2288 1124 scilicet
2318 1084 2537 1138 semper
2580 1072 2847 1127 sollicitus
2867 1114 2883 1138 ,
2912 1087 3131 1143 semper
3170 1076 3420 1146 vigilans,
3446 1095 3667 1147 semper

2082 1160 2254 1215 noxiae
2294 1163 2619 1229 securitatis,
2661 1163 2748 1219 vel
2778 1163 2956 1234 potius
2986 1165 3249 1221 mortiferi
3290 1169 3528 1238 Stuporis
3561 1171 3667 1225 ini-

2080 1251 2288 1316 micus,
2322 1252 2521 1321 ubique
2550 1252 2836 1309 utilitatem
2887 1257 3343 1325 compunctionis,
3396 1274 3668 1329 compun-

2079 1352 2199 1397 ctus
2231 1343 2345 1413 ipse
2374 1344 2740 1400 commendat.
2774 1345 3034 1411 Quocirca
3071 1346 3290 1402 forsitan
3342 1349 3458 1417 ejus
3484 1352 3666 1404 oratio

2080 1447 2345 1502 nusquam
2372 1432 2484 1489 fere
2506 1433 2562 1488 in
2589 1449 2838 1504 pompam
2865 1435 3111 1490 elevatur
3132 1436 3397 1504 dicentis;
3420 1440 3516 1494 sed
3549 1449 3664 1496 tota

2077 1522 2145 1577 ad
2204 1523 2485 1580 utilitatem
2535 1535 2754 1594 aptatur
2810 1527 3101 1583 audientis.
3143 1528 3241 1584 Est
3280 1531 3421 1584 enim
3479 1533 3664 1602 stylus

2079 1615 2215 1685 ipse,
2249 1618 2390 1686 quod
2416 1618 2635 1688 quidem
2665 1619 2718 1673 in
2747 1633 2847 1675 suo
2886 1635 3053 1689 opere
3083 1621 3251 1690 magis
3298 1622 3661 1679 animadverti

2078 1716 2288 1775 potest,
2338 1708 2591 1764 Ecclesiae
2628 1710 2849 1764 auribus
2884 1711 3514 1780 accommodatissimas,
3547 1718 3660 1785 pri-

393 1804 547 1873 plens
568 1849 583 1875 ,
615 1805 825 1876 reliqua
880 1805 1052 1861 amica
1095 1805 1197 1863 sibi
1220 1850 1235 1874 ,
1283 1816 1339 1863 et
1383 1822 1542 1877 quam
1588 1808 1971 1877 perfectissima
2008 1801 2049 1859 B
2079 1813 2235 1853 scum
2264 1798 2415 1863 ἱιιυά,
2445 1800 2538 1855 sed
2570 1800 2840 1855 eruditum
2871 1800 3089 1857 dicendi
3117 1818 3285 1873 genus
3307 1809 3660 1874 exprimens;

394 1907 567 1967 potest
597 1898 996 1969 exhortatione,
1044 1901 1313 1971 producit.
1367 1901 1424 1957 ln
1466 1903 1594 1972 ipsis
1630 1918 1841 1974 quoque
1879 1918 1972 1958 ex-

394 1990 717 2057 positionum
750 1990 899 2056 locis,
928 2007 1049 2062 quae
1076 1993 1293 2063 quidem
1328 1994 1485 2063 plena
1516 2004 1639 2048 sunt
1680 1994 1968 2053 acuminis.

393 2079 667 2146 ponderis,
696 2082 1119 2151 consequentia,
1143 2082 1487 2151 eruditionis,
1519 2082 1785 2150 medullm,
1833 2083 1968 2138 nihil

390 2170 558 2240 magis
588 2171 818 2225 intendit
842 2172 1020 2238 aliud,
1066 2188 1223 2243 quam
1254 2188 1350 2241 ne,
1381 2174 1463 2229 vel
1495 2174 1709 2245 exigua,
1744 2175 1967 2230 morali-

389 2260 513 2315 tatis
543 2270 739 2330 puncta
764 2271 1071 2333 prmtereat,
1097 2264 1250 2335 quasi
1275 2266 1364 2335 qui
1406 2264 1625 2320 omnino
1656 2280 1794 2335 pene
1816 2265 1967 2319 solus

384 2354 671 2409 consilium
694 2354 893 2410 divina:
919 2356 1051 2427 legis
1080 2355 1379 2426 inspexerit
1415 2375 1429 2411 :
1459 2373 1611 2428 qum,
1646 2372 1766 2411 cum
1811 2358 1967 2412 innu-

384 2444 546 2498 meris
578 2446 649 2500 sit
673 2444 876 2501 intexta
895 2448 1095 2512 causis,
1118 2448 1185 2501 ad
1215 2464 1376 2503 unum
1401 2459 1575 2503 tamen
1601 2449 1759 2503 finem
1784 2448 1962 2503 omnia

385 2536 592 2591 red::cit
617 2579 635 2606 ,
669 2548 723 2591 ut
754 2538 964 2594 scilicet
1012 2538 1294 2603 homines,
1345 2539 1543 2609 quibus
1569 2539 1692 2593 data
1734 2548 1848 2605 est,
1896 2536 1961 2593 ad

381 2645 621 2685 amorem
674 2629 770 2686 Dei
827 2632 1172 2703 studiumque
1217 2632 1427 2688 virtutis
1471 2633 1752 2689 accendat.
1808 2632 1961 2701 Quod

381 2736 514 2776 vero
555 2722 695 2776 istud
746 2738 850 2776 non
899 2722 967 2777 ad
1003 2725 1417 2779 ostentationem
1447 2724 1734 2796 quamdam
1776 2723 1958 2791 faciat,

378 2822 435 2875 et
456 2812 710 2869 fetentem
740 2810 887 2868 illam
916 2814 1106 2885 gloria:
1136 2817 1427 2871 vanitatem
1455 2858 1468 2881 ,
1493 2833 1614 2872 cum
1642 2827 1753 2872 tota
1782 2828 1835 2874 et
1856 2816 1958 2873 do-

379 2905 570 2959 ctrina:
608 2904 754 2959 illius
774 2945 790 2969 ,
823 2916 878 2960 et
908 2920 1115 2960 morum
1135 2948 1148 2970 ,
1178 2907 1267 2976 qui
1298 2909 1459 2963 etiam
1498 2908 1549 2964 in
1594 2908 1808 2977 scriptis
1838 2908 1958 2979 ejus

379 2992 661 3060 relucent,
683 2994 1043 3062 continentia,
1090 3005 1199 3051 tum
1242 2996 1401 3051 etiam
1433 2997 1555 3053 vita:
1579 2998 1701 3054 finis
1729 2999 1843 3069 ipse
1871 3007 1956 3054 te-

378 3094 569 3140 statur.
621 3085 831 3158 Nempe
860 3087 1007 3143 omni
1035 3086 1129 3144 ille
1156 3104 1431 3156 sermone,
1481 3107 1585 3145 non
1615 3091 1955 3147 solummodo

2075 1892 2309 1958 medius,
2358 1891 2601 1962 aequalis,
2637 1901 2903 1957 maturus,
2954 1892 3213 1962 pudicus;
3266 1894 3476 1950 alienus
3504 1899 3657 1951 οηιηὶ

2073 1984 2143 2039 ab
2170 1983 2391 2039 incuriae
2417 1985 2576 2053 culpa
2608 1999 2907 2054 pompaque
2942 1974 3199 2051 luxuriae;
3230 2002 3335 2040 non
3354 1988 3659 2056 squallidus

2073 2077 2312 2145 quidem,
2341 2091 2440 2132 nec
2471 2086 2645 2130 tamen
2678 2074 2939 2141 floridus;
2965 2092 3070 2131 non
3100 2080 3396 2147 impolitus,
3425 2081 3520 2135 sed
3554 2096 3653 2135 ne-

2072 2186 2175 2242 que
2202 2170 2366 2225 nimia
2394 2170 2694 2225 subtilitate
2723 2170 2970 2235 limatus;
3017 2184 3123 2223 non
3155 2172 3448 2240 asperitate
3478 2172 3651 2227 borri-

2070 2263 2194 2329 dus,
2219 2277 2317 2317 nec
2348 2272 2526 2317 tamen
2550 2260 2861 2315 ammnitate
2906 2261 3170 2326 lascivus;
3197 2262 3485 2316 maximam
3527 2261 3651 2317 ubi-

2069 2371 2173 2427 que
2202 2356 2412 2425 copiam
2436 2393 2452 2420 ,
2484 2353 2965 2422 admirabilemque
2997 2352 3238 2408 indicans
3291 2353 3603 2408 facultatem
3630 2394 3649 2419 ,

2069 2461 2331 2517 nusquam
2362 2455 2538 2501 tamen
2566 2445 2915 2499 ambitionem
2942 2444 3227 2513 loquendi:
3253 2460 3318 2499 eo
3339 2446 3396 2500 fit
3418 2455 3476 2500 ut
3496 2447 3650 2501 illum

2068 2539 2237 2609 magis
2282 2539 2508 2609 simplex
2563 2538 2735 2594 lector
2764 2536 3045 2613 intelligat,
3079 2548 3133 2593 et
3161 2537 3341 2592 laudet
3385 2538 3643 2594 disertus.

2065 2631 2224 2687 Certe
2250 2630 2392 2701 quod
2419 2630 2486 2683 ab
2518 2630 2642 2684 aliis
2671 2644 2884 2699 quoque
2910 2628 3155 2698 plurimis
3177 2628 3368 2685 audire
3397 2629 3639 2698 potuisti,

2065 2737 2253 2778 omnes
2299 2721 2410 2791 jam
2462 2722 2852 2777 ecclesiastica:
2892 2719 3204 2776 Graecorum
3255 2720 3640 2787 bibliotheca},

2062 2822 2185 2886 post
2212 2824 2319 2869 tam
2348 2815 2526 2869 varias
2555 2823 2797 2871 veterum
2840 2815 3187 2883 scriptorum,
3219 2814 3639 2884 splendidastpte

2061 2906 2299 2974 divitias,
2344 2917 2465 2976 post
2493 2915 2572 2961 tot
2611 2905 2902 2977 insignium
2934 2906 3315 2975 magistrorum
3357 2917 3463 2960 tam
3492 2908 3638 2962 clara

2062 2995 2288 3065 lumina,
2320 2995 2477 3065 hujus
2508 2997 2781 3067 prmcipue
2809 2997 3169 3052 voluminibus
3210 3007 3493 3052 ornantur.
3530 2997 3633 3054 De-

2061 3087 2224 3157 nique
2250 3098 2306 3143 et
2333 3088 2505 3143 sancti
2536 3087 2720 3143 Basilii
2764 3087 3143 3142 admirabilem
3173 3088 3319 3143 illam
3344 3103 3529 3144 curam
3558 3090 3639 3144 lo-

379 3176 759 3246 emendat,sed
775 3179 937 3234 etiam
960 3190 1149 3246 armat,
1175 3181 1435 3236 auditoris
1460 3186 1720 3237 animum.
1752 3181 1955 3254 Nempe
1983 3174 2028 3236 C
2062 3180 2282 3247 (tuendi,
2318 3190 2371 3235 et
2399 3179 2647 3234 Anlioclti
2678 3179 3016 3249 plausibilem
3058 3195 3331 3249 pompam.
3364 3192 3421 3237 et
3458 3182 3634 3236 subli-

381 3281 490 3325 tota
518 3272 635 3342 ejus
656 3281 709 3327 et
731 3272 1046 3343 principalis
1068 3274 1297 3328 intentio
1332 3283 1446 3341 est,
1493 3289 1600 3328 non
1631 3283 1739 3328 tam
1770 3276 1952 3345 priva-

381 3371 490 3417 tam
529 3363 719 3431 istam,
760 3374 814 3419 et
852 3366 994 3420 inter
1036 3380 1415 3437 prosperorum
1446 3382 1611 3438 opaca
1654 3368 1954 3424 latitantem

381 3459 718 3513 honestatem
750 3457 968 3525 docere,
994 3474 1153 3530 quam
1176 3461 1320 3515 illam
1344 3463 1585 3531 quotidie
1607 3473 1875 3533 tamquam
1902 3465 1953 3520 in

378 3549 491 3604 acie
517 3549 885 3618 dimicantem,
931 3561 986 3607 et
1014 3567 1134 3623 quae
1163 3553 1366 3625 absque
1392 3555 1499 3609 ullo
1525 3554 1811 3627 dispendio
1848 3558 1951 3622 sui,

377 3643 802 3713 tribulationum,
833 3656 887 3701 et
915 3647 1153 3702 caedatur
1182 3646 1466 3716 imbribus,
1508 3657 1563 3703 ct
1587 3660 1774 3704 uratur
1795 3649 1954 3704 ardo-

378 3736 560 3801 ribus,
591 3736 876 3793 instituere
901 3738 1180 3794 virtutem.
1240 3738 1386 3794 llanc
1415 3741 1585 3809 ipsam
1617 3742 1685 3795 ita
1716 3741 1803 3796 ille
1826 3743 1955 3796 insi-

375 3828 495 3898 gnis
533 3828 791 3887 Ecclesia:
827 3832 1118 3901 magister,
1164 3840 1220 3887 et
1242 3849 1400 3888 verus
1432 3832 1629 3889 Christi
1664 3834 1954 3904 discipulus

375 3920 637 3989 implevit,
666 3932 724 3976 ut
754 3922 842 3978 illa
871 3925 1072 3990 omnia,
1118 3940 1237 3996 quae
1262 3926 1331 3980 de
1356 3926 1646 3981 asserenda
1669 3927 1829 3982 etiam
1860 3943 1954 3997 per

384 4021 603 4075 mortem
626 4018 825 4072 virtute
851 4016 1141 4084 disseruit,
1190 4032 1296 4073 non
1325 4028 1430 4072 tam
1461 4019 1613 4084 aliis,
1664 4036 1822 4090 quam
1849 4021 1954 4075 sibi

379 4102 597 4162 mnino
650 4108 754 4163 soli
803 4110 1106 4165 inculcasse
1149 4110 1414 4166 videatur.
1495 4111 1737 4182 Denique
1786 4114 1949 4168 vitam

373 4196 519 4251 illam
549 4199 696 4253 omni
720 4199 789 4254 ab
814 4200 1177 4257 adolescentia
1215 4202 1499 4258 sanctitate
1536 4203 1827 4273 fulgentem
1850 4248 1867 4274 ,
1898 4214 1952 4261 et

372 4288 428 4342 in
453 4291 759 4345 sacerdotio
784 4293 935 4349 mille
970 4295 1274 4366 insignibus
1302 4295 1651 4366 perfectionis
1681 4308 1947 4368 ornatam,

372 4378 535 4432 etiam
590 4381 929 4449 passionibus
983 4400 1085 4453 pro
1129 4385 1354 4455 justitiae
1408 4402 1596 4444 amore
1653 4388 1947 4457 decoravit.

372 4467 527 4536 Quod
553 4479 701 4527 certe
725 4471 903 4539 alieni,
935 4475 1191 4531 Ecclesiis
1220 4477 1271 4531 in
1292 4492 1420 4543 pace
1449 4479 1793 4549 degentibus,
1827 4495 1951 4549 pro-

2059 3288 2201 3329 mem
2228 3274 2375 3328 illum
2400 3271 2645 3343 Gregorii
2671 3271 3021 3337 cothurnum,
3056 3271 3212 3327 facile
3242 3268 3513 3343 intelligas
3536 3271 3637 3328 hac

2057 3365 2282 3420 Joannis
2313 3363 2604 3421 medietate
2644 3374 2917 3434 superata.
2952 3363 3025 3419 lta
3065 3365 3211 3421 enim
3241 3364 3438 3437 stylum
3475 3381 3634 3421 suum

2056 3458 2336 3525 inviolata,
2363 3467 2420 3512 ut
2448 3457 2705 3522 diximus,
2734 3456 2993 3512 facultate
3020 3467 3357 3527 regnantem,
3393 3458 3635 3528 Scriptu-

2058 3567 2238 3607 rarum
2279 3550 2477 3621 ubique
2518 3558 2575 3606 et
2601 3563 2800 3620 sapore
2821 3550 3036 3617 imbuit,
3084 3560 3139 3605 et
3166 3550 3321 3621 tingit
3346 3551 3556 3617 colore,
3578 3558 3634 3605 ut

2058 3646 2134 3701 illi
2159 3644 2376 3714 quidem
2406 3644 2473 3698 de
2498 3652 2761 3714 apparatu
2791 3642 2991 3713 eloquii
3020 3642 3325 3710 remittere,
3374 3644 3476 3698 iste
3502 3657 3635 3699 vero

2057 3739 2125 3795 de
2152 3738 2432 3809 majestate
2452 3736 2852 3805 Scripturarum
2884 3750 3176 3792 coruscare
3199 3736 3465 3793 videatur.
3489 3738 3631 3793 Solze

2056 3833 2125 3888 ab
2154 3847 2221 3889 eo
2248 3832 2472 3888 forsitan
2501 3830 3029 3887 adulescentulorum
3064 3830 3241 3887 minus
3270 3832 3467 3888 blande
3496 3833 3632 3888 mul-

2056 3934 2283 3981 ceantur
2312 3939 2491 3993 ames,
2519 3924 2716 3995 quibus
2738 3924 2791 3979 in
2815 3924 2944 3980 ludo
2978 3925 3168 3995 positis
3193 3924 3495 3981 litterarum
3525 3942 3631 3981 non

2054 4024 2163 4071 tam
2187 4014 2401 4086 placent
2422 4015 2590 4071 solida
2618 4031 2779 4087 quam
2808 4018 2969 4086 picta,
2992 4018 3190 4088 quique
3212 4017 3431 4087 pulchra
3451 4020 3632 4087 potius

2053 4124 2212 4179 quam
2264 4108 2416 4163 utilia
2460 4118 2761 4174 sectantur,
2821 4124 2923 4166 nec
2974 4118 3084 4164 tam
3134 4112 3345 4181 agentia
3398 4112 3628 4179 diligunt
3690 4128 3695 4133 ·

2053 4216 2213 4271 quam
2233 4202 2503 4267 sonantia,
2526 4202 2803 4272 magisque
2829 4202 3060 4272 gaudent
3091 4202 3282 4259 florum
3312 4203 3625 4260 ammnitate

2053 4293 2371 4363 conspergi,
2415 4307 2574 4363 quam
2631 4293 2842 4364 frugum
2893 4293 3144 4351 ubertate
3193 4295 3409 4350 nutriri.
3475 4296 3626 4350 llunc

2054 4384 2216 4455 igitur
2242 4383 2285 4438 si
2313 4384 2441 4438 satis
2472 4384 2737 4439 minorem
2767 4399 2826 4439 se
2871 4386 2923 4439 in
2956 4385 3147 4441 Latino
3193 4402 3458 4457 apparere
3481 4387 3579 4442 feci
3603 4428 3622 4452 ,

2053 4490 2159 4530 non
2189 4485 2294 4529 tam
2320 4476 2470 4543 mihi,
2500 4475 2719 4531 domine
2757 4476 3104 4540 venerabilis,
3126 4492 3287 4549 quam
3322 4478 3417 4533 tibi
3448 4478 3623 4547 impu-

370 4562 576 4629 venire,
610 4563 843 4634 ingentis
872 4565 1035 4618 animi
1068 4569 1361 4637 proculque
1389 4569 1457 4624 ab
1483 4548 1627 4625 omni
1670 4548 1944 4627 hominum
1978 4548 2029 4611 D
2056 4574 2170 4622 tare
2200 4566 2392 4635 debes,
2435 4569 2525 4638 qui
2570 4582 2657 4622 me
2684 4567 2749 4622 ad
2774 4583 2895 4623 eum
2939 4548 3364 4624 transferendum
3393 4578 3543 4624 tanto
3570 4578 3625 4624 et

370 4654 539 4725 gloria
568 4665 794 4713 remota:
820 4658 1046 4725 mentis,
1073 4674 1316 4731 rarteque
1346 4662 1567 4718 omnino
1597 4664 1808 4719 virtutis
1839 4675 1944 4721 est.

372 4746 523 4815 Quod
549 4758 728 4805 autem
759 4749 814 4804 in
840 4751 1071 4821 septimo
1096 4752 1250 4808 istius
1280 4752 1419 4809 libro
1449 4758 1629 4824 operis
1659 4756 1945 4824 indicatur,

368 4837 546 4893 adhuc
584 4840 885 4897 Antiochia:
926 4843 1205 4915 presbyter
1241 4844 1392 4911 hazc,
1423 4847 1618 4917 quibus
1644 4849 1786 4904 illam
1821 4859 1948 4906 tunc

368 4928 667 4987 Ecclesiam
716 4933 1035 5002 aedificabat,
1086 4938 1284 5008 scripta
1328 4942 1647 5009 composuit.
1723 4943 1800 4998 Ex
1838 4960 1947 5015 quo

369 5022 542 5090 magis
581 5025 855 5096 magisque
895 5028 1252 5098 perspicitur,
1304 5031 1454 5085 illum
1493 5049 1600 5089 non
1640 5036 1946 5091 temeritate

366 5111 598 5177 quadam
623 5155 638 5179 ,
669 5125 764 5170 aut
782 5117 1098 5175 dissonante
1124 5137 1153 5176 a
1179 5123 1291 5178 suis
1320 5124 1559 5180 moribus
1588 5126 1863 5195 libertate,
1892 5129 1944 5184 in

366 5203 532 5273 regali
562 5215 749 5275 postea
774 5208 905 5263 urbe
932 5210 1304 5281 pontificatum
1335 5223 1605 5271 tenentem
1628 5257 1643 5283 ,
1698 5226 1821 5273 nota
1853 5218 1944 5274 illa

365 5305 421 5349 et
448 5297 680 5352 maxima
703 5299 983 5356 adversum
1006 5318 1064 5359 se
1094 5307 1454 5362 commovisse
1470 5310 1764 5365 certamina
1788 5326 1805 5377 ;
1845 5312 1941 5368 sed

363 5385 440 5439 ita
468 5399 530 5441 se
558 5385 853 5446 instituisse
880 5408 1117 5463 semper,
1165 5405 1381 5464 tamque
1405 5409 1739 5468 constanter,
1782 5411 1942 5473 atque

362 5473 847 5545 firmiter,contra
893 5497 1083 5540 omnes
1142 5486 1448 5557 iniquorum
1494 5499 1774 5559 catervas,
1845 5509 1945 5564 pro

362 5568 606 5624 veritatis
657 5585 721 5625 ac
765 5571 988 5641 justitite
1039 5586 1189 5647 parte
1230 5578 1481 5648 jnrasse,
1546 5591 1605 5636 ut
1649 5585 1944 5654 quamlibet

363 5658 624 5717 adversus
664 5676 785 5719 eum
806 5709 822 5732 ,
870 5668 956 5723 vel
1002 5671 1341 5726 sacerdotum
1365 5674 1578 5729 nomina
1602 5717 1618 5742 ,
1648 5677 1729 5732 vel
1757 5694 1940 5749 regum

365 5764 509 5807 arma
539 5768 962 5829 concurrerent,
1010 5761 1285 5834 depellere
1322 5767 1533 5835 quidem
1569 5769 1719 5824 illum
1758 5785 1934 5826 sacer-

2050 4660 2392 4715 auctoritatis
2416 4661 2663 4730 imperio,
2691 4670 2744 4715 et
2772 4659 3140 4715 blandimento
3176 4660 3455 4716 charitatis
3501 4661 3627 4715 hor-

2051 4760 2195 4806 tatus
2216 4766 2297 4815 es,
2326 4760 2384 4805 ut
2403 4751 2475 4808 illi
2500 4750 2724 4821 aliquid,
2748 4751 2912 4806 immo
2936 4767 3063 4805 vero
3094 4751 3409 4820 plurimum,
3438 4751 3507 4809 de
3528 4752 3625 4807 bo-

2051 4858 2184 4898 nore
2205 4841 2486 4898 dumtaxat
2513 4843 2639 4913 styli
2665 4842 2883 4899 auferre
2924 4844 3171 4911 mallem,
3220 4860 3378 4915 quam
3416 4845 3625 4900 crimen

2050 4933 2108 4990 in
2131 4946 2183 4991 te
2211 4933 2415 4989 diutius
2443 4933 2745 4990 recusando
2774 4934 3133 4989 committere.
3160 4934 3302 4991 Sane
3330 4950 3427 5004 pro
3455 4936 3625 5004 quali-

2047 5043 2277 5098 cumque
2326 5026 2427 5082 hac
2476 5041 2595 5081 mea
2644 5041 2830 5096 opera,
2873 5027 3262 5096 amplissimum
3311 5028 3624 5083 orationum

2049 5129 2258 5175 tuarum
2295 5133 2492 5174 munus
2521 5132 2766 5187 reposco,
2808 5134 2914 5190 quo
2945 5118 3156 5175 scilicet
3184 5136 3304 5186 nos,
3336 5131 3393 5175 ut
3434 5135 3624 5176 exem-

2046 5213 2158 5283 plo,
2185 5212 2258 5266 ita
2289 5212 2453 5267 etiam
2483 5210 2727 5281 precibus
2756 5211 2864 5265 tuis
2885 5210 3057 5280 juves.
3076 5220 3135 5266 ut
3155 5211 3358 5280 aliquid
3386 5211 3452 5267 de
3477 5211 3624 5267 illius

2046 5303 2150 5361 viri
2200 5307 2404 5360 virtute
2450 5303 2721 5374 possimus
2752 5303 2968 5358 imitari.
3028 5304 3233 5359 Memor
3278 5303 3447 5359 noSIri
3504 5313 3623 5359 esto

2045 5413 2262 5472 semper
2288 5399 2339 5453 in
2366 5395 2604 5464 Christo,
2637 5396 2859 5452 domine
2886 5397 3087 5452 merito
3116 5397 3444 5453 beatissime.

2193 5512 2424 5583 Epistula
2450 5512 2664 5584 pratﬁaa
2687 5512 2913 5567 homiliis
2941 5512 3005 5567 de
3022 5511 3284 5567 Laudibus
3299 5510 3483 5567 Pauli.

2116 5608 2346 5664 Domino
2387 5618 2574 5665 sancto
2602 5606 2879 5732 Evanglelo
2924 5607 3241 5679 presbytero
3271 5606 3550 5662 Annianus

2709 5693 2766 5732 Sat
2799 5690 2961 5732 utem.

2709 5690 2961 5733 Salutem.

2127 5772 2352 5829 Recenti
2380 5771 2757 5842 experimento
2795 5773 2975 5840 didici,
3027 5786 3186 5844 quam
3214 5772 3321 5829 sint
3346 5769 3493 5827 utilia
3521 5768 3616 5825 ob-
