  <div class='ocr_page' id='page_1' title='image "/cluster/home/n/w/nwhite01/storage/ocr_20150623/48/hvd.32044096580691/320.png"; bbox 0 0 3962 6180; ppageno 0'>
   <div class='ocr_carea' id='block_1_1' title="bbox 291 342 399 397">
    <p class='ocr_par' dir='ltr' id='par_1_1' title="bbox 291 342 399 397">
     <span class='ocr_line' id='line_1_1' title="bbox 291 342 399 397; baseline 0 -1"><span class='ocrx_word' id='word_1_1' title='bbox 291 342 399 397; x_wconf 68' lang='lat'><strong>639</strong></span> 
     </span>
    </p>
   </div>
   <div class='ocr_carea' id='block_1_2' title="bbox 812 324 1880 392">
    <p class='ocr_par' dir='ltr' id='par_1_2' title="bbox 812 328 1880 392">
     <span class='ocr_line' id='line_1_2' title="bbox 812 328 1880 392; baseline -0.007 -1"><span class='ocrx_word' id='word_1_2' title='bbox 812 333 1120 392; x_wconf 79' lang='lat' dir='ltr'><strong>DlSSERT.</strong></span> <span class='ocrx_word' id='word_1_3' title='bbox 1158 333 1268 391; x_wconf 69' lang='lat' dir='ltr'><strong>VII.</strong></span> <span class='ocrx_word' id='word_1_4' title='bbox 1302 332 1390 389; x_wconf 81' lang='lat' dir='ltr'><strong>DE</strong></span> <span class='ocrx_word' id='word_1_5' title='bbox 1419 330 1603 388; x_wconf 79' lang='lat' dir='ltr'><strong>ORTU</strong></span> <span class='ocrx_word' id='word_1_6' title='bbox 1639 330 1721 385; x_wconf 76' lang='lat' dir='ltr'><strong>ET</strong></span> <span class='ocrx_word' id='word_1_7' title='bbox 1753 328 1880 385; x_wconf 79' lang='lat' dir='ltr'><strong>INCI</strong></span> 
     </span>
    </p>
   </div>
   <div class='ocr_carea' id='block_1_3' title="bbox 1986 324 3046 392">
    <p class='ocr_par' dir='ltr' id='par_1_3' title="bbox 1986 324 3046 384">
     <span class='ocr_line' id='line_1_3' title="bbox 1986 324 3046 384; baseline 0.005 -5"><span class='ocrx_word' id='word_1_8' title='bbox 1986 326 2218 384; x_wconf 73' lang='lat' dir='ltr'><strong>.lENTlS</strong></span> <span class='ocrx_word' id='word_1_9' title='bbox 2249 324 2572 383; x_wconf 66' lang='lat' dir='ltr'><strong>HERESIS</strong></span> <span class='ocrx_word' id='word_1_10' title='bbox 2605 326 3046 384; x_wconf 69' lang='grc' dir='ltr'><strong>ΡΕιΑοιΑΝΑς.</strong></span> 
     </span>
    </p>
   </div>
   <div class='ocr_carea' id='block_1_4' title="bbox 3444 330 3550 387">
    <p class='ocr_par' dir='ltr' id='par_1_4' title="bbox 3444 330 3550 387">
     <span class='ocr_line' id='line_1_4' title="bbox 3444 330 3550 387; baseline 0 0"><span class='ocrx_word' id='word_1_11' title='bbox 3444 330 3550 387; x_wconf 70' lang='lat'><strong>630</strong></span> 
     </span>
    </p>
   </div>
   <div class='ocr_carea' id='block_1_5' title="bbox 289 438 3556 521">
    <p class='ocr_par' dir='ltr' id='par_1_5' title="bbox 289 438 3556 521">
     <span class='ocr_line' id='line_1_5' title="bbox 289 438 3556 521; baseline -0.004 -16"><span class='ocrx_word' id='word_1_12' title='bbox 289 448 642 521; x_wconf 79' lang='lat' dir='ltr'><strong>sequentibus</strong></span> <span class='ocrx_word' id='word_1_13' title='bbox 674 449 897 516; x_wconf 90' lang='lat' dir='ltr'><strong>imperia</strong></span> <span class='ocrx_word' id='word_1_14' title='bbox 928 448 1213 513; x_wconf 90' lang='lat' dir='ltr'><strong>bonorum,</strong></span> <span class='ocrx_word' id='word_1_15' title='bbox 1246 447 1335 516; x_wconf 90' lang='lat' dir='ltr'><strong>qui</strong></span> <span class='ocrx_word' id='word_1_16' title='bbox 1369 445 1603 501; x_wconf 88' lang='lat' dir='ltr'><strong>rectiore</strong></span> <span class='ocrx_word' id='word_1_17' title='bbox 1632 441 1860 513; x_wconf 88' lang='lat' dir='ltr'><strong>quadam</strong></span> <span class='ocrx_word' id='word_1_18' title='bbox 1892 443 1938 502; x_wconf 82' lang='grc' dir='ltr'><strong>Α</strong></span> <span class='ocrx_word' id='word_1_19' title='bbox 1966 439 2285 508; x_wconf 81' lang='lat' dir='ltr'><strong>discipulos,</strong></span> <span class='ocrx_word' id='word_1_20' title='bbox 2333 454 2491 508; x_wconf 89' lang='lat' dir='ltr'><strong>quam</strong></span> <span class='ocrx_word' id='word_1_21' title='bbox 2521 438 2678 492; x_wconf 81' lang='lat' dir='ltr'><strong>nobis</strong></span> <span class='ocrx_word' id='word_1_22' title='bbox 2724 447 2911 493; x_wconf 90' lang='lat' dir='ltr'><strong>contra</strong></span> <span class='ocrx_word' id='word_1_23' title='bbox 2946 454 3087 493; x_wconf 78' lang='lat' dir='ltr'><strong>vera:</strong></span> <span class='ocrx_word' id='word_1_24' title='bbox 3121 439 3240 493; x_wconf 81' lang='lat' dir='ltr'><strong>ﬁdei</strong></span> <span class='ocrx_word' id='word_1_25' title='bbox 3274 454 3556 509; x_wconf 79' lang='lat' dir='ltr'><strong>oppugna-</strong></span> 
     </span>
    </p>
   </div>
   <div class='ocr_carea' id='block_1_6' title="bbox 292 532 1867 613">
    <p class='ocr_par' dir='ltr' id='par_1_6' title="bbox 292 532 1867 613">
     <span class='ocr_line' id='line_1_6' title="bbox 292 532 1867 613; baseline -0.009 -15"><span class='ocrx_word' id='word_1_26' title='bbox 292 542 654 613; x_wconf 86' lang='lat' dir='ltr'><strong>ingredientes</strong></span> <span class='ocrx_word' id='word_1_27' title='bbox 686 540 1030 610; x_wconf 74' lang='lat' dir='ltr'><strong>benignitatis</strong></span> <span class='ocrx_word' id='word_1_28' title='bbox 1055 540 1138 593; x_wconf 85' lang='lat' dir='ltr'><strong>via</strong></span> <span class='ocrx_word' id='word_1_29' title='bbox 1158 583 1172 608; x_wconf 92' lang='lat'><strong>,</strong></span> <span class='ocrx_word' id='word_1_30' title='bbox 1204 537 1465 593; x_wconf 80' lang='lat' dir='ltr'><strong>beneﬁcia</strong></span> <span class='ocrx_word' id='word_1_31' title='bbox 1487 534 1739 591; x_wconf 87' lang='lat' dir='ltr'><strong>deferunt</strong></span> <span class='ocrx_word' id='word_1_32' title='bbox 1764 532 1867 587; x_wconf 85' lang='lat' dir='ltr'><strong>sub</strong></span> 
     </span>
    </p>
   </div>
   <div class='ocr_carea' id='block_1_7' title="bbox 292 623 1865 705">
    <p class='ocr_par' dir='ltr' id='par_1_7' title="bbox 292 623 1865 705">
     <span class='ocr_line' id='line_1_7' title="bbox 292 623 1865 705; baseline -0.008 -16"><span class='ocrx_word' id='word_1_33' title='bbox 292 636 472 705; x_wconf 81' lang='lat' dir='ltr'><strong>specie</strong></span> <span class='ocrx_word' id='word_1_34' title='bbox 518 633 799 703; x_wconf 85' lang='lat' dir='ltr'><strong>jussionis.</strong></span> <span class='ocrx_word' id='word_1_35' title='bbox 853 632 998 700; x_wconf 91' lang='lat' dir='ltr'><strong>Quid</strong></span> <span class='ocrx_word' id='word_1_36' title='bbox 1029 631 1170 687; x_wconf 90' lang='lat' dir='ltr'><strong>enim</strong></span> <span class='ocrx_word' id='word_1_37' title='bbox 1204 630 1332 685; x_wconf 88' lang='lat' dir='ltr'><strong>mihi</strong></span> <span class='ocrx_word' id='word_1_38' title='bbox 1381 627 1692 699; x_wconf 85' lang='lat' dir='ltr'><strong>jucundius,</strong></span> <span class='ocrx_word' id='word_1_39' title='bbox 1740 623 1865 695; x_wconf 91' lang='lat' dir='ltr'><strong>quid</strong></span> 
     </span>
    </p>
   </div>
   <div class='ocr_carea' id='block_1_8' title="bbox 289 718 1868 795">
    <p class='ocr_par' dir='ltr' id='par_1_8' title="bbox 289 718 1868 795">
     <span class='ocr_line' id='line_1_8' title="bbox 289 718 1868 795; baseline -0.006 -12"><span class='ocrx_word' id='word_1_40' title='bbox 289 728 623 783; x_wconf 76' lang='lat' dir='ltr'><strong>fructuosius</strong></span> <span class='ocrx_word' id='word_1_41' title='bbox 650 727 917 795; x_wconf 82' lang='lat' dir='ltr'><strong>imperare</strong></span> <span class='ocrx_word' id='word_1_42' title='bbox 965 725 1207 795; x_wconf 87' lang='lat' dir='ltr'><strong>potuisti,</strong></span> <span class='ocrx_word' id='word_1_43' title='bbox 1246 740 1405 795; x_wconf 89' lang='lat' dir='ltr'><strong>quam</strong></span> <span class='ocrx_word' id='word_1_44' title='bbox 1430 734 1489 777; x_wconf 87' lang='lat' dir='ltr'><strong>ut</strong></span> <span class='ocrx_word' id='word_1_45' title='bbox 1517 738 1583 778; x_wconf 91' lang='lat' dir='ltr'><strong>ex</strong></span> <span class='ocrx_word' id='word_1_46' title='bbox 1606 721 1747 776; x_wconf 90' lang='lat' dir='ltr'><strong>beati</strong></span> <span class='ocrx_word' id='word_1_47' title='bbox 1770 718 1868 774; x_wconf 91' lang='lat' dir='ltr'><strong>viri</strong></span> 
     </span>
    </p>
   </div>
   <div class='ocr_carea' id='block_1_9' title="bbox 292 813 1872 888">
    <p class='ocr_par' dir='ltr' id='par_1_9' title="bbox 292 813 1872 888">
     <span class='ocr_line' id='line_1_9' title="bbox 292 813 1872 888; baseline -0.006 -14"><span class='ocrx_word' id='word_1_48' title='bbox 292 820 515 874; x_wconf 70' lang='lat' dir='ltr'><strong>Joannis</strong></span> <span class='ocrx_word' id='word_1_49' title='bbox 536 819 794 888; x_wconf 78' lang='lat' dir='ltr'><strong>cperibus</strong></span> <span class='ocrx_word' id='word_1_50' title='bbox 816 819 867 872; x_wconf 89' lang='lat' dir='ltr'><strong>in</strong></span> <span class='ocrx_word' id='word_1_51' title='bbox 887 827 1130 872; x_wconf 86' lang='lat' dir='ltr'><strong>nostram</strong></span> <span class='ocrx_word' id='word_1_52' title='bbox 1154 817 1389 886; x_wconf 81' lang='lat' dir='ltr'><strong>linguam</strong></span> <span class='ocrx_word' id='word_1_53' title='bbox 1412 815 1590 884; x_wconf 87' lang='lat' dir='ltr'><strong>aliqua</strong></span> <span class='ocrx_word' id='word_1_54' title='bbox 1616 813 1872 867; x_wconf 88' lang='lat' dir='ltr'><strong>transfer-</strong></span> 
     </span>
    </p>
   </div>
   <div class='ocr_carea' id='block_1_10' title="bbox 292 908 1869 978">
    <p class='ocr_par' dir='ltr' id='par_1_10' title="bbox 292 908 1869 978">
     <span class='ocr_line' id='line_1_10' title="bbox 292 908 1869 978; baseline -0.003 -15"><span class='ocrx_word' id='word_1_55' title='bbox 292 927 433 973; x_wconf 88' lang='lat' dir='ltr'><strong>rem.</strong></span> <span class='ocrx_word' id='word_1_56' title='bbox 478 910 529 964; x_wconf 89' lang='lat' dir='ltr'><strong>id</strong></span> <span class='ocrx_word' id='word_1_57' title='bbox 560 920 675 975; x_wconf 90' lang='lat' dir='ltr'><strong>est,</strong></span> <span class='ocrx_word' id='word_1_58' title='bbox 705 918 911 978; x_wconf 88' lang='lat' dir='ltr'><strong>septem</strong></span> <span class='ocrx_word' id='word_1_59' title='bbox 947 909 1159 965; x_wconf 89' lang='lat' dir='ltr'><strong>libellos</strong></span> <span class='ocrx_word' id='word_1_60' title='bbox 1188 908 1327 978; x_wconf 83' lang='lat' dir='ltr'><strong>ejus,</strong></span> <span class='ocrx_word' id='word_1_61' title='bbox 1368 922 1503 976; x_wconf 89' lang='lat' dir='ltr'><strong>quos</strong></span> <span class='ocrx_word' id='word_1_62' title='bbox 1532 921 1695 977; x_wconf 90' lang='lat' dir='ltr'><strong>super</strong></span> <span class='ocrx_word' id='word_1_63' title='bbox 1734 919 1869 974; x_wconf 85' lang='lat' dir='ltr'><strong>apo-</strong></span> 
     </span>
    </p>
   </div>
   <div class='ocr_carea' id='block_1_11' title="bbox 291 999 1874 1070">
    <p class='ocr_par' dir='ltr' id='par_1_11' title="bbox 291 999 1874 1070">
     <span class='ocr_line' id='line_1_11' title="bbox 291 999 1874 1070; baseline 0 -15"><span class='ocrx_word' id='word_1_64' title='bbox 291 1002 417 1055; x_wconf 88' lang='lat' dir='ltr'><strong>stoli</strong></span> <span class='ocrx_word' id='word_1_65' title='bbox 449 1002 600 1057; x_wconf 81' lang='lat' dir='ltr'><strong>Pauli</strong></span> <span class='ocrx_word' id='word_1_66' title='bbox 631 1002 879 1057; x_wconf 73' lang='lat' dir='ltr'><strong>laudibus</strong></span> <span class='ocrx_word' id='word_1_67' title='bbox 907 1003 959 1057; x_wconf 88' lang='lat' dir='ltr'><strong>itt</strong></span> <span class='ocrx_word' id='word_1_68' title='bbox 987 1002 1229 1057; x_wconf 77' lang='lat' dir='ltr'><strong>Ecclesia</strong></span> <span class='ocrx_word' id='word_1_69' title='bbox 1268 1000 1556 1070; x_wconf 84' lang='lat' dir='ltr'><strong>aliquando</strong></span> <span class='ocrx_word' id='word_1_70' title='bbox 1582 999 1874 1055; x_wconf 74' lang='lat' dir='ltr'><strong>disseruit?</strong></span> 
     </span>
    </p>
   </div>
   <div class='ocr_carea' id='block_1_12' title="bbox 290 1089 1870 1162">
    <p class='ocr_par' dir='ltr' id='par_1_12' title="bbox 290 1089 1870 1162">
     <span class='ocr_line' id='line_1_12' title="bbox 290 1089 1870 1162; baseline -0.002 -16"><span class='ocrx_word' id='word_1_71' title='bbox 290 1094 345 1146; x_wconf 89' lang='lat' dir='ltr'><strong>in</strong></span> <span class='ocrx_word' id='word_1_72' title='bbox 373 1108 484 1161; x_wconf 84' lang='lat' dir='ltr'><strong>quo</strong></span> <span class='ocrx_word' id='word_1_73' title='bbox 535 1093 667 1148; x_wconf 86' lang='lat' dir='ltr'><strong>ntilti</strong></span> <span class='ocrx_word' id='word_1_74' title='bbox 715 1094 818 1147; x_wconf 80' lang='lat' dir='ltr'><strong>etsi</strong></span> <span class='ocrx_word' id='word_1_75' title='bbox 870 1094 925 1147; x_wconf 92' lang='lat' dir='ltr'><strong>in</strong></span> <span class='ocrx_word' id='word_1_76' title='bbox 950 1108 1202 1147; x_wconf 84' lang='lat' dir='ltr'><strong>sermone</strong></span> <span class='ocrx_word' id='word_1_77' title='bbox 1252 1094 1536 1162; x_wconf 88' lang='lat' dir='ltr'><strong>peregrino</strong></span> <span class='ocrx_word' id='word_1_78' title='bbox 1582 1089 1870 1144; x_wconf 77' lang='lat' dir='ltr'><strong>admodum</strong></span> 
     </span>
    </p>
   </div>
   <div class='ocr_carea' id='block_1_13' title="bbox 288 1183 1872 1254">
    <p class='ocr_par' dir='ltr' id='par_1_13' title="bbox 288 1183 1872 1254">
     <span class='ocr_line' id='line_1_13' title="bbox 288 1183 1872 1254; baseline 0.001 -18"><span class='ocrx_word' id='word_1_79' title='bbox 288 1183 439 1251; x_wconf 83' lang='lat' dir='ltr'><strong>rudi,</strong></span> <span class='ocrx_word' id='word_1_80' title='bbox 466 1183 585 1252; x_wconf 86' lang='lat' dir='ltr'><strong>plus</strong></span> <span class='ocrx_word' id='word_1_81' title='bbox 611 1184 797 1239; x_wconf 90' lang='lat' dir='ltr'><strong>evenit</strong></span> <span class='ocrx_word' id='word_1_82' title='bbox 823 1192 1000 1238; x_wconf 83' lang='lat' dir='ltr'><strong>tamen</strong></span> <span class='ocrx_word' id='word_1_83' title='bbox 1024 1184 1316 1254; x_wconf 81' lang='lat' dir='ltr'><strong>voluptatis</strong></span> <span class='ocrx_word' id='word_1_84' title='bbox 1340 1192 1395 1239; x_wconf 91' lang='lat' dir='ltr'><strong>et</strong></span> <span class='ocrx_word' id='word_1_85' title='bbox 1414 1183 1681 1239; x_wconf 88' lang='lat' dir='ltr'><strong>commodi</strong></span> <span class='ocrx_word' id='word_1_86' title='bbox 1714 1198 1872 1252; x_wconf 88' lang='lat' dir='ltr'><strong>quam</strong></span> 
     </span>
    </p>
   </div>
   <div class='ocr_carea' id='block_1_14' title="bbox 290 1273 1875 1341">
    <p class='ocr_par' dir='ltr' id='par_1_14' title="bbox 290 1273 1875 1341">
     <span class='ocr_line' id='line_1_14' title="bbox 290 1273 1875 1341; baseline 0.001 -14"><span class='ocrx_word' id='word_1_87' title='bbox 290 1274 497 1329; x_wconf 85' lang='lat' dir='ltr'><strong>laboris</strong></span> <span class='ocrx_word' id='word_1_88' title='bbox 523 1293 540 1329; x_wconf 91' lang='lat'><strong><em>:</em></strong></span> <span class='ocrx_word' id='word_1_89' title='bbox 572 1286 815 1329; x_wconf 88' lang='lat' dir='ltr'><strong>secutum</strong></span> <span class='ocrx_word' id='word_1_90' title='bbox 842 1284 930 1330; x_wconf 91' lang='lat' dir='ltr'><strong>est</strong></span> <span class='ocrx_word' id='word_1_91' title='bbox 957 1278 1124 1341; x_wconf 70' lang='lat' dir='ltr'><strong>en3m,</strong></span> <span class='ocrx_word' id='word_1_92' title='bbox 1156 1284 1213 1329; x_wconf 93' lang='lat' dir='ltr'><strong>ut</strong></span> <span class='ocrx_word' id='word_1_93' title='bbox 1238 1291 1363 1331; x_wconf 90' lang='lat' dir='ltr'><strong>cum</strong></span> <span class='ocrx_word' id='word_1_94' title='bbox 1396 1274 1485 1329; x_wconf 86' lang='lat' dir='ltr'><strong>tibi</strong></span> <span class='ocrx_word' id='word_1_95' title='bbox 1509 1273 1636 1328; x_wconf 91' lang='lat' dir='ltr'><strong>dum</strong></span> <span class='ocrx_word' id='word_1_96' title='bbox 1666 1286 1875 1329; x_wconf 82' lang='lat' dir='ltr'><strong>vertere</strong></span> 
     </span>
    </p>
   </div>
   <div class='ocr_carea' id='block_1_15' title="bbox 284 1365 1875 1436">
    <p class='ocr_par' dir='ltr' id='par_1_15' title="bbox 284 1365 1875 1436">
     <span class='ocr_line' id='line_1_15' title="bbox 284 1365 1875 1436; baseline -0.003 -14"><span class='ocrx_word' id='word_1_97' title='bbox 284 1382 511 1422; x_wconf 78' lang='lat' dir='ltr'><strong>conare</strong></span> <span class='ocrx_word' id='word_1_98' title='bbox 535 1367 750 1433; x_wconf 69' lang='lat' dir='ltr'><strong>Graeco,</strong></span> <span class='ocrx_word' id='word_1_99' title='bbox 784 1369 1024 1436; x_wconf 86' lang='lat' dir='ltr'><strong>pressius</strong></span> <span class='ocrx_word' id='word_1_100' title='bbox 1067 1367 1181 1436; x_wconf 89' lang='lat' dir='ltr'><strong>ipse</strong></span> <span class='ocrx_word' id='word_1_101' title='bbox 1204 1367 1596 1430; x_wconf 76' lang='lat' dir='ltr'><strong>eombiberem,</strong></span> <span class='ocrx_word' id='word_1_102' title='bbox 1640 1365 1875 1434; x_wconf 86' lang='lat' dir='ltr'><strong>plenius-</strong></span> 
     </span>
    </p>
   </div>
   <div class='ocr_carea' id='block_1_16' title="bbox 286 1459 1876 1541">
    <p class='ocr_par' dir='ltr' id='par_1_16' title="bbox 286 1459 1876 1541">
     <span class='ocr_line' id='line_1_16' title="bbox 286 1459 1876 1541; baseline -0.001 -29"><span class='ocrx_word' id='word_1_103' title='bbox 286 1475 394 1529; x_wconf 86' lang='lat' dir='ltr'><strong>que</strong></span> <span class='ocrx_word' id='word_1_104' title='bbox 426 1468 534 1513; x_wconf 86' lang='lat' dir='ltr'><strong>tam</strong></span> <span class='ocrx_word' id='word_1_105' title='bbox 565 1460 789 1529; x_wconf 77' lang='lat' dir='ltr'><strong>insignis</strong></span> <span class='ocrx_word' id='word_1_106' title='bbox 812 1459 1075 1514; x_wconf 65' lang='lat' dir='ltr'><strong>doctrina:</strong></span> <span class='ocrx_word' id='word_1_107' title='bbox 1095 1460 1318 1541; x_wconf 72' lang='lat' dir='ltr'><strong>veritate</strong></span> <span class='ocrx_word' id='word_1_108' title='bbox 1348 1460 1674 1528; x_wconf 79' lang='lat' dir='ltr'><strong>periruerer,</strong></span> <span class='ocrx_word' id='word_1_109' title='bbox 1701 1459 1876 1511; x_wconf 76' lang='lat' dir='ltr'><strong>maxi-</strong></span> 
     </span>
    </p>
   </div>
   <div class='ocr_carea' id='block_1_17' title="bbox 288 1550 1879 1623">
    <p class='ocr_par' dir='ltr' id='par_1_17' title="bbox 288 1550 1879 1623">
     <span class='ocr_line' id='line_1_17' title="bbox 288 1550 1879 1623; baseline -0.002 -15"><span class='ocrx_word' id='word_1_110' title='bbox 288 1568 375 1609; x_wconf 91' lang='lat' dir='ltr'><strong>me</strong></span> <span class='ocrx_word' id='word_1_111' title='bbox 403 1567 528 1607; x_wconf 89' lang='lat' dir='ltr'><strong>cum</strong></span> <span class='ocrx_word' id='word_1_112' title='bbox 561 1553 757 1622; x_wconf 89' lang='lat' dir='ltr'><strong>ubique</strong></span> <span class='ocrx_word' id='word_1_113' title='bbox 808 1551 962 1607; x_wconf 84' lang='lat' dir='ltr'><strong>dives</strong></span> <span class='ocrx_word' id='word_1_114' title='bbox 995 1552 1265 1623; x_wconf 85' lang='lat' dir='ltr'><strong>ingenium</strong></span> <span class='ocrx_word' id='word_1_115' title='bbox 1291 1552 1343 1607; x_wconf 92' lang='lat' dir='ltr'><strong>in</strong></span> <span class='ocrx_word' id='word_1_116' title='bbox 1369 1551 1593 1607; x_wconf 85' lang='lat' dir='ltr'><strong>materia</strong></span> <span class='ocrx_word' id='word_1_117' title='bbox 1642 1550 1879 1619; x_wconf 89' lang='lat' dir='ltr'><strong>locuple-</strong></span> 
     </span>
    </p>
   </div>
   <div class='ocr_carea' id='block_1_18' title="bbox 293 1641 1875 1711">
    <p class='ocr_par' dir='ltr' id='par_1_18' title="bbox 293 1641 1875 1711">
     <span class='ocr_line' id='line_1_18' title="bbox 293 1641 1875 1711; baseline -0.002 -14"><span class='ocrx_word' id='word_1_118' title='bbox 293 1644 437 1698; x_wconf 88' lang='lat' dir='ltr'><strong>tiore</strong></span> <span class='ocrx_word' id='word_1_119' title='bbox 464 1652 740 1698; x_wconf 83' lang='lat' dir='ltr'><strong>versetur.</strong></span> <span class='ocrx_word' id='word_1_120' title='bbox 774 1642 974 1698; x_wconf 84' lang='lat' dir='ltr'><strong>Beatus</strong></span> <span class='ocrx_word' id='word_1_121' title='bbox 1007 1644 1151 1697; x_wconf 91' lang='lat' dir='ltr'><strong>enim</strong></span> <span class='ocrx_word' id='word_1_122' title='bbox 1186 1644 1274 1697; x_wconf 91' lang='lat' dir='ltr'><strong>hic</strong></span> <span class='ocrx_word' id='word_1_123' title='bbox 1303 1642 1503 1697; x_wconf 88' lang='lat' dir='ltr'><strong>Paulus</strong></span> <span class='ocrx_word' id='word_1_124' title='bbox 1528 1641 1875 1711; x_wconf 83' lang='lat' dir='ltr'><strong>exprimitur,</strong></span> 
     </span>
    </p>
   </div>
   <div class='ocr_carea' id='block_1_19' title="bbox 290 1735 1872 1806">
    <p class='ocr_par' dir='ltr' id='par_1_19' title="bbox 290 1735 1872 1806">
     <span class='ocr_line' id='line_1_19' title="bbox 290 1735 1872 1806; baseline -0.003 -14"><span class='ocrx_word' id='word_1_125' title='bbox 290 1754 399 1792; x_wconf 91' lang='lat' dir='ltr'><strong>non</strong></span> <span class='ocrx_word' id='word_1_126' title='bbox 452 1739 643 1792; x_wconf 55' lang='lat' dir='ltr'><strong>fucatas</strong></span> <span class='ocrx_word' id='word_1_127' title='bbox 682 1737 909 1806; x_wconf 84' lang='lat' dir='ltr'><strong>alicujus</strong></span> <span class='ocrx_word' id='word_1_128' title='bbox 957 1737 1130 1791; x_wconf 86' lang='lat' dir='ltr'><strong>laudis</strong></span> <span class='ocrx_word' id='word_1_129' title='bbox 1177 1736 1529 1791; x_wconf 88' lang='lat' dir='ltr'><strong>adttmbratus</strong></span> <span class='ocrx_word' id='word_1_130' title='bbox 1578 1735 1872 1803; x_wconf 88' lang='lat' dir='ltr'><strong>coloribus,</strong></span> 
     </span>
    </p>
   </div>
   <div class='ocr_carea' id='block_1_20' title="bbox 1971 530 3556 599">
    <p class='ocr_par' dir='ltr' id='par_1_20' title="bbox 1971 530 3556 599">
     <span class='ocr_line' id='line_1_20' title="bbox 1971 530 3556 599; baseline 0 -16"><span class='ocrx_word' id='word_1_131' title='bbox 1971 530 2171 585; x_wconf 89' lang='lat' dir='ltr'><strong>tionem</strong></span> <span class='ocrx_word' id='word_1_132' title='bbox 2194 530 2389 584; x_wconf 81' lang='lat' dir='ltr'><strong>auxilia</strong></span> <span class='ocrx_word' id='word_1_133' title='bbox 2418 544 2778 599; x_wconf 61' lang='lat' dir='ltr'><strong>prteparassc.</strong></span> <span class='ocrx_word' id='word_1_134' title='bbox 2803 530 3045 597; x_wconf 87' lang='lat' dir='ltr'><strong>Quantus</strong></span> <span class='ocrx_word' id='word_1_135' title='bbox 3070 531 3214 584; x_wconf 76' lang='lat' dir='ltr'><strong>enim</strong></span> <span class='ocrx_word' id='word_1_136' title='bbox 3238 530 3330 585; x_wconf 78' lang='lat' dir='ltr'><strong>ille</strong></span> <span class='ocrx_word' id='word_1_137' title='bbox 3360 533 3556 585; x_wconf 79' lang='lat' dir='ltr'><strong>adver—</strong></span> 
     </span>
    </p>
   </div>
   <div class='ocr_carea' id='block_1_21' title="bbox 1974 624 3561 695">
    <p class='ocr_par' dir='ltr' id='par_1_21' title="bbox 1974 624 3561 695">
     <span class='ocr_line' id='line_1_21' title="bbox 1974 624 3561 695; baseline 0 -16"><span class='ocrx_word' id='word_1_138' title='bbox 1974 640 2065 679; x_wconf 90' lang='lat' dir='ltr'><strong>sus</strong></span> <span class='ocrx_word' id='word_1_139' title='bbox 2112 625 2536 680; x_wconf 77' lang='lat' dir='ltr'><strong>necessitatem?</strong></span> <span class='ocrx_word' id='word_1_140' title='bbox 2575 624 2823 692; x_wconf 89' lang='lat' dir='ltr'><strong>Quantus</strong></span> <span class='ocrx_word' id='word_1_141' title='bbox 2874 642 2969 693; x_wconf 81' lang='lat' dir='ltr'><strong>pro</strong></span> <span class='ocrx_word' id='word_1_142' title='bbox 3000 625 3174 680; x_wconf 88' lang='lat' dir='ltr'><strong>libero</strong></span> <span class='ocrx_word' id='word_1_143' title='bbox 3213 626 3383 695; x_wconf 79' lang='lat' dir='ltr'><strong>surgit</strong></span> <span class='ocrx_word' id='word_1_144' title='bbox 3412 626 3561 679; x_wconf 88' lang='lat' dir='ltr'><strong>arbi-</strong></span> 
     </span>
    </p>
   </div>
   <div class='ocr_carea' id='block_1_22' title="bbox 1973 713 3555 785">
    <p class='ocr_par' dir='ltr' id='par_1_22' title="bbox 1973 713 3555 785">
     <span class='ocr_line' id='line_1_22' title="bbox 1973 713 3555 785; baseline 0 -16"><span class='ocrx_word' id='word_1_145' title='bbox 1973 716 2124 770; x_wconf 74' lang='lat' dir='ltr'><strong>trio?</strong></span> <span class='ocrx_word' id='word_1_146' title='bbox 2180 716 2352 782; x_wconf 86' lang='lat' dir='ltr'><strong>Quam</strong></span> <span class='ocrx_word' id='word_1_147' title='bbox 2408 724 2718 769; x_wconf 89' lang='lat' dir='ltr'><strong>nostrorum</strong></span> <span class='ocrx_word' id='word_1_148' title='bbox 2770 713 2919 770; x_wconf 84' lang='lat' dir='ltr'><strong>libris</strong></span> <span class='ocrx_word' id='word_1_149' title='bbox 2973 715 3172 785; x_wconf 89' lang='lat' dir='ltr'><strong>ubique</strong></span> <span class='ocrx_word' id='word_1_150' title='bbox 3227 715 3555 781; x_wconf 80' lang='lat' dir='ltr'><strong>concinens,</strong></span> 
     </span>
    </p>
   </div>
   <div class='ocr_carea' id='block_1_23' title="bbox 1972 804 3556 875">
    <p class='ocr_par' dir='ltr' id='par_1_23' title="bbox 1972 804 3556 875">
     <span class='ocr_line' id='line_1_23' title="bbox 1972 804 3556 875; baseline 0.001 -16"><span class='ocrx_word' id='word_1_151' title='bbox 1972 806 2265 860; x_wconf 87' lang='lat' dir='ltr'><strong>voluntatis</strong></span> <span class='ocrx_word' id='word_1_152' title='bbox 2290 804 2412 874; x_wconf 89' lang='lat' dir='ltr'><strong>jure</strong></span> <span class='ocrx_word' id='word_1_153' title='bbox 2434 814 2671 869; x_wconf 89' lang='lat' dir='ltr'><strong>servato,</strong></span> <span class='ocrx_word' id='word_1_154' title='bbox 2698 804 2891 861; x_wconf 63' lang='lat' dir='ltr'><strong>divinae</strong></span> <span class='ocrx_word' id='word_1_155' title='bbox 2913 807 3100 875; x_wconf 76' lang='lat' dir='ltr'><strong>gratia:</strong></span> <span class='ocrx_word' id='word_1_156' title='bbox 3132 806 3378 874; x_wconf 70' lang='lat' dir='ltr'><strong>priesidia</strong></span> <span class='ocrx_word' id='word_1_157' title='bbox 3409 823 3556 861; x_wconf 86' lang='lat' dir='ltr'><strong>com-</strong></span> 
     </span>
    </p>
   </div>
   <div class='ocr_carea' id='block_1_24' title="bbox 1976 895 3559 964">
    <p class='ocr_par' dir='ltr' id='par_1_24' title="bbox 1976 895 3559 964">
     <span class='ocr_line' id='line_1_24' title="bbox 1976 895 3559 964; baseline -0.001 -12"><span class='ocrx_word' id='word_1_158' title='bbox 1976 896 2238 952; x_wconf 74' lang='lat' dir='ltr'><strong>mendat?</strong></span> <span class='ocrx_word' id='word_1_159' title='bbox 2265 895 2435 962; x_wconf 85' lang='lat' dir='ltr'><strong>Quam</strong></span> <span class='ocrx_word' id='word_1_160' title='bbox 2466 902 2655 950; x_wconf 89' lang='lat' dir='ltr'><strong>contra</strong></span> <span class='ocrx_word' id='word_1_161' title='bbox 2695 896 2935 950; x_wconf 88' lang='lat' dir='ltr'><strong>omnium</strong></span> <span class='ocrx_word' id='word_1_162' title='bbox 2964 895 3218 951; x_wconf 86' lang='lat' dir='ltr'><strong>vitiorum</strong></span> <span class='ocrx_word' id='word_1_163' title='bbox 3263 896 3559 964; x_wconf 82' lang='lat' dir='ltr'><strong>tenebras,</strong></span> 
     </span>
    </p>
   </div>
   <div class='ocr_carea' id='block_1_25' title="bbox 1973 986 3633 1061">
    <p class='ocr_par' dir='ltr' id='par_1_25' title="bbox 1973 986 3633 1061">
     <span class='ocr_line' id='line_1_25' title="bbox 1973 986 3633 1061; baseline -0.001 -17"><span class='ocrx_word' id='word_1_164' title='bbox 1973 1003 2137 1061; x_wconf 89' lang='lat' dir='ltr'><strong>quam</strong></span> <span class='ocrx_word' id='word_1_165' title='bbox 2159 1002 2260 1058; x_wconf 91' lang='lat' dir='ltr'><strong>pro</strong></span> <span class='ocrx_word' id='word_1_166' title='bbox 2287 998 2606 1043; x_wconf 88' lang='lat' dir='ltr'><strong>cunctarum</strong></span> <span class='ocrx_word' id='word_1_167' title='bbox 2639 986 2861 1055; x_wconf 79' lang='lat' dir='ltr'><strong>speculo</strong></span> <span class='ocrx_word' id='word_1_168' title='bbox 2890 987 3149 1045; x_wconf 88' lang='lat' dir='ltr'><strong>virtutum</strong></span> <span class='ocrx_word' id='word_1_169' title='bbox 3180 988 3562 1057; x_wconf 80' lang='lat' dir='ltr'><strong>splendidissi—</strong></span> <span class='ocrx_word' id='word_1_170' title='bbox 3632 1024 3633 1027; x_wconf 60' lang='grc' dir='ltr'><strong>η</strong></span> 
     </span>
    </p>
   </div>
   <div class='ocr_carea' id='block_1_26' title="bbox 1975 1078 3559 1148">
    <p class='ocr_par' dir='ltr' id='par_1_26' title="bbox 1975 1078 3559 1148">
     <span class='ocr_line' id='line_1_26' title="bbox 1975 1078 3559 1148; baseline -0.002 -12"><span class='ocrx_word' id='word_1_171' title='bbox 1975 1098 2122 1137; x_wconf 89' lang='lat' dir='ltr'><strong>mum</strong></span> <span class='ocrx_word' id='word_1_172' title='bbox 2150 1094 2247 1135; x_wconf 82' lang='lat' dir='ltr'><strong>vas</strong></span> <span class='ocrx_word' id='word_1_173' title='bbox 2270 1078 2555 1135; x_wconf 79' lang='lat' dir='ltr'><strong>electionis</strong></span> <span class='ocrx_word' id='word_1_174' title='bbox 2573 1079 2831 1148; x_wconf 85' lang='lat' dir='ltr'><strong>opponit?</strong></span> <span class='ocrx_word' id='word_1_175' title='bbox 2862 1078 3064 1143; x_wconf 84' lang='lat' dir='ltr'><strong>Primo,</strong></span> <span class='ocrx_word' id='word_1_176' title='bbox 3093 1079 3311 1134; x_wconf 88' lang='lat' dir='ltr'><strong>beatum</strong></span> <span class='ocrx_word' id='word_1_177' title='bbox 3335 1080 3559 1134; x_wconf 88' lang='lat' dir='ltr'><strong>Paulum</strong></span> 
     </span>
    </p>
   </div>
   <div class='ocr_carea' id='block_1_27' title="bbox 1975 1170 3564 1241">
    <p class='ocr_par' dir='ltr' id='par_1_27' title="bbox 1975 1170 3564 1241">
     <span class='ocr_line' id='line_1_27' title="bbox 1975 1170 3564 1241; baseline -0.005 -10"><span class='ocrx_word' id='word_1_178' title='bbox 1975 1174 2185 1239; x_wconf 88' lang='lat' dir='ltr'><strong>libello,</strong></span> <span class='ocrx_word' id='word_1_179' title='bbox 2218 1181 2272 1229; x_wconf 88' lang='lat' dir='ltr'><strong>et</strong></span> <span class='ocrx_word' id='word_1_180' title='bbox 2297 1171 2551 1227; x_wconf 88' lang='lat' dir='ltr'><strong>omnibus</strong></span> <span class='ocrx_word' id='word_1_181' title='bbox 2589 1170 2927 1241; x_wconf 69' lang='lat' dir='ltr'><strong>praeferendo</strong></span> <span class='ocrx_word' id='word_1_182' title='bbox 2983 1170 3209 1239; x_wconf 85' lang='lat' dir='ltr'><strong>sanctis,</strong></span> <span class='ocrx_word' id='word_1_183' title='bbox 3260 1178 3313 1224; x_wconf 92' lang='lat' dir='ltr'><strong>et</strong></span> <span class='ocrx_word' id='word_1_184' title='bbox 3357 1170 3564 1240; x_wconf 78' lang='lat' dir='ltr'><strong>angelis</strong></span> 
     </span>
    </p>
   </div>
   <div class='ocr_carea' id='block_1_28' title="bbox 1976 1260 3567 1332">
    <p class='ocr_par' dir='ltr' id='par_1_28' title="bbox 1976 1260 3567 1332">
     <span class='ocr_line' id='line_1_28' title="bbox 1976 1260 3567 1332; baseline -0.004 -11"><span class='ocrx_word' id='word_1_185' title='bbox 1976 1264 2331 1321; x_wconf 88' lang='lat' dir='ltr'><strong>conferendo.</strong></span> <span class='ocrx_word' id='word_1_186' title='bbox 2378 1263 2652 1327; x_wconf 89' lang='lat' dir='ltr'><strong>Secundo,</strong></span> <span class='ocrx_word' id='word_1_187' title='bbox 2684 1279 2751 1318; x_wconf 83' lang='lat' dir='ltr'><strong>ex</strong></span> <span class='ocrx_word' id='word_1_188' title='bbox 2780 1260 3071 1320; x_wconf 87' lang='lat' dir='ltr'><strong>virtutibus</strong></span> <span class='ocrx_word' id='word_1_189' title='bbox 3110 1262 3227 1332; x_wconf 88' lang='lat' dir='ltr'><strong>ejus</strong></span> <span class='ocrx_word' id='word_1_190' title='bbox 3250 1270 3411 1332; x_wconf 89' lang='lat' dir='ltr'><strong>atque</strong></span> <span class='ocrx_word' id='word_1_191' title='bbox 3439 1278 3567 1316; x_wconf 83' lang='lat' dir='ltr'><strong>sen-</strong></span> 
     </span>
    </p>
   </div>
   <div class='ocr_carea' id='block_1_29' title="bbox 1975 1353 3564 1423">
    <p class='ocr_par' dir='ltr' id='par_1_29' title="bbox 1975 1353 3564 1423">
     <span class='ocr_line' id='line_1_29' title="bbox 1975 1353 3564 1423; baseline -0.004 -10"><span class='ocrx_word' id='word_1_192' title='bbox 1975 1357 2161 1414; x_wconf 84' lang='lat' dir='ltr'><strong>tentiis</strong></span> <span class='ocrx_word' id='word_1_193' title='bbox 2189 1357 2387 1411; x_wconf 89' lang='lat' dir='ltr'><strong>bonum</strong></span> <span class='ocrx_word' id='word_1_194' title='bbox 2411 1354 2709 1411; x_wconf 86' lang='lat' dir='ltr'><strong>asserendo</strong></span> <span class='ocrx_word' id='word_1_195' title='bbox 2743 1365 2969 1409; x_wconf 62' lang='lat' dir='ltr'><strong>natur-ie.</strong></span> <span class='ocrx_word' id='word_1_196' title='bbox 3002 1354 3209 1422; x_wconf 89' lang='lat' dir='ltr'><strong>Tertio,</strong></span> <span class='ocrx_word' id='word_1_197' title='bbox 3243 1354 3360 1423; x_wconf 87' lang='lat' dir='ltr'><strong>ejus</strong></span> <span class='ocrx_word' id='word_1_198' title='bbox 3385 1353 3564 1408; x_wconf 80' lang='lat' dir='ltr'><strong>chari—</strong></span> 
     </span>
    </p>
   </div>
   <div class='ocr_carea' id='block_1_30' title="bbox 1978 1445 3569 1517">
    <p class='ocr_par' dir='ltr' id='par_1_30' title="bbox 1978 1445 3569 1517">
     <span class='ocr_line' id='line_1_30' title="bbox 1978 1445 3569 1517; baseline -0.003 -14"><span class='ocrx_word' id='word_1_199' title='bbox 1978 1457 2141 1503; x_wconf 89' lang='lat' dir='ltr'><strong>tatem</strong></span> <span class='ocrx_word' id='word_1_200' title='bbox 2187 1461 2299 1517; x_wconf 72' lang='lat' dir='ltr'><strong>pra:</strong></span> <span class='ocrx_word' id='word_1_201' title='bbox 2338 1456 2657 1502; x_wconf 87' lang='lat' dir='ltr'><strong>cunctorum</strong></span> <span class='ocrx_word' id='word_1_202' title='bbox 2706 1446 2879 1502; x_wconf 87' lang='lat' dir='ltr'><strong>salute</strong></span> <span class='ocrx_word' id='word_1_203' title='bbox 2921 1445 3381 1501; x_wconf 81' lang='lat' dir='ltr'><strong>ferventissimam</strong></span> <span class='ocrx_word' id='word_1_204' title='bbox 3420 1460 3569 1500; x_wconf 84' lang='lat' dir='ltr'><strong>com-</strong></span> 
     </span>
    </p>
   </div>
   <div class='ocr_carea' id='block_1_31' title="bbox 1979 1536 3567 1610">
    <p class='ocr_par' dir='ltr' id='par_1_31' title="bbox 1979 1536 3567 1610">
     <span class='ocr_line' id='line_1_31' title="bbox 1979 1536 3567 1610; baseline -0.001 -17"><span class='ocrx_word' id='word_1_205' title='bbox 1979 1538 2275 1610; x_wconf 86' lang='lat' dir='ltr'><strong>probando.</strong></span> <span class='ocrx_word' id='word_1_206' title='bbox 2332 1539 2555 1606; x_wconf 88' lang='lat' dir='ltr'><strong>Quarto,</strong></span> <span class='ocrx_word' id='word_1_207' title='bbox 2582 1539 2649 1593; x_wconf 91' lang='lat' dir='ltr'><strong>de</strong></span> <span class='ocrx_word' id='word_1_208' title='bbox 2676 1537 2961 1593; x_wconf 88' lang='lat' dir='ltr'><strong>vocatione</strong></span> <span class='ocrx_word' id='word_1_209' title='bbox 2991 1536 3130 1608; x_wconf 87' lang='lat' dir='ltr'><strong>ejus,</strong></span> <span class='ocrx_word' id='word_1_210' title='bbox 3164 1548 3217 1593; x_wconf 90' lang='lat' dir='ltr'><strong>et</strong></span> <span class='ocrx_word' id='word_1_211' title='bbox 3249 1537 3567 1593; x_wconf 78' lang='lat' dir='ltr'><strong>conﬁrmata</strong></span> 
     </span>
    </p>
   </div>
   <div class='ocr_carea' id='block_1_32' title="bbox 1979 1629 3563 1703">
    <p class='ocr_par' dir='ltr' id='par_1_32' title="bbox 1979 1629 3563 1703">
     <span class='ocr_line' id='line_1_32' title="bbox 1979 1629 3563 1703; baseline -0.004 -15"><span class='ocrx_word' id='word_1_212' title='bbox 1979 1634 2174 1703; x_wconf 86' lang='lat' dir='ltr'><strong>ubique</strong></span> <span class='ocrx_word' id='word_1_213' title='bbox 2211 1631 2280 1687; x_wconf 88' lang='lat' dir='ltr'><strong>ab</strong></span> <span class='ocrx_word' id='word_1_214' title='bbox 2314 1631 2429 1702; x_wconf 91' lang='lat' dir='ltr'><strong>ipso</strong></span> <span class='ocrx_word' id='word_1_215' title='bbox 2460 1629 2735 1701; x_wconf 80' lang='lat' dir='ltr'><strong>Evangelii</strong></span> <span class='ocrx_word' id='word_1_216' title='bbox 2766 1630 2999 1686; x_wconf 86' lang='lat' dir='ltr'><strong>veritate</strong></span> <span class='ocrx_word' id='word_1_217' title='bbox 3030 1630 3284 1685; x_wconf 85' lang='lat' dir='ltr'><strong>dicendo.</strong></span> <span class='ocrx_word' id='word_1_218' title='bbox 3317 1631 3523 1697; x_wconf 90' lang='lat' dir='ltr'><strong>Quinto</strong></span> <span class='ocrx_word' id='word_1_219' title='bbox 3548 1670 3563 1692; x_wconf 90' lang='lat'><strong>,</strong></span> 
     </span>
    </p>
   </div>
   <div class='ocr_carea' id='block_1_33' title="bbox 1977 1721 3565 1793">
    <p class='ocr_par' dir='ltr' id='par_1_33' title="bbox 1977 1721 3565 1793">
     <span class='ocr_line' id='line_1_33' title="bbox 1977 1721 3565 1793; baseline -0.001 -14"><span class='ocrx_word' id='word_1_220' title='bbox 1977 1725 2047 1779; x_wconf 91' lang='lat' dir='ltr'><strong>de</strong></span> <span class='ocrx_word' id='word_1_221' title='bbox 2079 1723 2424 1791; x_wconf 69' lang='lat' dir='ltr'><strong>passionibns</strong></span> <span class='ocrx_word' id='word_1_222' title='bbox 2452 1722 2573 1793; x_wconf 84' lang='lat' dir='ltr'><strong>ejus</strong></span> <span class='ocrx_word' id='word_1_223' title='bbox 2602 1730 2658 1785; x_wconf 88' lang='lat' dir='ltr'><strong>et</strong></span> <span class='ocrx_word' id='word_1_224' title='bbox 2700 1721 3162 1792; x_wconf 85' lang='lat' dir='ltr'><strong>dispensationum</strong></span> <span class='ocrx_word' id='word_1_225' title='bbox 3213 1722 3565 1777; x_wconf 87' lang='lat' dir='ltr'><strong>varietatibus</strong></span> 
     </span>
    </p>
   </div>
   <div class='ocr_carea' id='block_1_34' title="bbox 289 1807 1880 1884">
    <p class='ocr_par' dir='ltr' id='par_1_34' title="bbox 289 1827 1874 1884">
     <span class='ocr_line' id='line_1_34' title="bbox 289 1827 1874 1884; baseline -0.001 0"><span class='ocrx_word' id='word_1_226' title='bbox 289 1829 383 1884; x_wconf 83' lang='lat' dir='ltr'><strong>sed</strong></span> <span class='ocrx_word' id='word_1_227' title='bbox 422 1828 717 1883; x_wconf 84' lang='lat' dir='ltr'><strong>inviolabili</strong></span> <span class='ocrx_word' id='word_1_228' title='bbox 768 1828 1025 1883; x_wconf 89' lang='lat' dir='ltr'><strong>virtutum</strong></span> <span class='ocrx_word' id='word_1_229' title='bbox 1075 1844 1292 1883; x_wconf 89' lang='lat' dir='ltr'><strong>suarum</strong></span> <span class='ocrx_word' id='word_1_230' title='bbox 1323 1829 1552 1883; x_wconf 83' lang='lat' dir='ltr'><strong>veritate</strong></span> <span class='ocrx_word' id='word_1_231' title='bbox 1591 1827 1874 1882; x_wconf 88' lang='lat' dir='ltr'><strong>formatus.</strong></span> 
     </span>
    </p>
   </div>
   <div class='ocr_carea' id='block_1_35' title="bbox 1986 1807 3564 1884">
    <p class='ocr_par' dir='ltr' id='par_1_35' title="bbox 1986 1814 3564 1884">
     <span class='ocr_line' id='line_1_35' title="bbox 1986 1814 3564 1884; baseline -0.004 -11"><span class='ocrx_word' id='word_1_232' title='bbox 1986 1816 2321 1873; x_wconf 87' lang='lat' dir='ltr'><strong>disserendo.</strong></span> <span class='ocrx_word' id='word_1_233' title='bbox 2347 1815 2538 1883; x_wconf 83' lang='lat' dir='ltr'><strong>Sexto,</strong></span> <span class='ocrx_word' id='word_1_234' title='bbox 2564 1814 2825 1871; x_wconf 73' lang='lat' dir='ltr'><strong>Solvendo</strong></span> <span class='ocrx_word' id='word_1_235' title='bbox 2855 1827 3045 1869; x_wconf 86' lang='lat' dir='ltr'><strong>omnes</strong></span> <span class='ocrx_word' id='word_1_236' title='bbox 3074 1814 3193 1869; x_wconf 84' lang='lat' dir='ltr'><strong>illas</strong></span> <span class='ocrx_word' id='word_1_237' title='bbox 3217 1815 3564 1884; x_wconf 79' lang='lat' dir='ltr'><strong>qttaeStimtes,</strong></span> 
     </span>
    </p>
   </div>
   <div class='ocr_carea' id='block_1_36' title="bbox 289 1920 1879 1991">
    <p class='ocr_par' dir='ltr' id='par_1_36' title="bbox 289 1920 1879 1991">
     <span class='ocr_line' id='line_1_36' title="bbox 289 1920 1879 1991; baseline -0.002 -15"><span class='ocrx_word' id='word_1_238' title='bbox 289 1921 465 1988; x_wconf 83' lang='lat' dir='ltr'><strong>Quem</strong></span> <span class='ocrx_word' id='word_1_239' title='bbox 489 1928 599 1976; x_wconf 88' lang='lat' dir='ltr'><strong>tam</strong></span> <span class='ocrx_word' id='word_1_240' title='bbox 628 1922 836 1991; x_wconf 88' lang='lat' dir='ltr'><strong>integre</strong></span> <span class='ocrx_word' id='word_1_241' title='bbox 863 1922 1082 1991; x_wconf 90' lang='lat' dir='ltr'><strong>ubique,</strong></span> <span class='ocrx_word' id='word_1_242' title='bbox 1116 1931 1224 1976; x_wconf 88' lang='lat' dir='ltr'><strong>tam</strong></span> <span class='ocrx_word' id='word_1_243' title='bbox 1254 1920 1448 1986; x_wconf 88' lang='lat' dir='ltr'><strong>solide,</strong></span> <span class='ocrx_word' id='word_1_244' title='bbox 1492 1935 1638 1975; x_wconf 89' lang='lat' dir='ltr'><strong>nunc</strong></span> <span class='ocrx_word' id='word_1_245' title='bbox 1672 1934 1740 1975; x_wconf 87' lang='lat' dir='ltr'><strong>ex</strong></span> <span class='ocrx_word' id='word_1_246' title='bbox 1768 1934 1879 1975; x_wconf 85' lang='lat' dir='ltr'><strong>tua-</strong></span> 
     </span>
    </p>
   </div>
   <div class='ocr_carea' id='block_1_37' title="bbox 287 2013 1880 2084">
    <p class='ocr_par' dir='ltr' id='par_1_37' title="bbox 287 2013 1880 2084">
     <span class='ocr_line' id='line_1_37' title="bbox 287 2013 1880 2084; baseline 0.001 -18"><span class='ocrx_word' id='word_1_247' title='bbox 287 2013 579 2084; x_wconf 87' lang='lat' dir='ltr'><strong>gnitudine</strong></span> <span class='ocrx_word' id='word_1_248' title='bbox 601 2028 845 2083; x_wconf 90' lang='lat' dir='ltr'><strong>operum,</strong></span> <span class='ocrx_word' id='word_1_249' title='bbox 879 2029 1022 2069; x_wconf 91' lang='lat' dir='ltr'><strong>nunc</strong></span> <span class='ocrx_word' id='word_1_250' title='bbox 1040 2030 1104 2069; x_wconf 84' lang='lat' dir='ltr'><strong>ex</strong></span> <span class='ocrx_word' id='word_1_251' title='bbox 1144 2014 1543 2070; x_wconf 85' lang='lat' dir='ltr'><strong>illuminatione</strong></span> <span class='ocrx_word' id='word_1_252' title='bbox 1571 2014 1839 2069; x_wconf 88' lang='lat' dir='ltr'><strong>dictorum</strong></span> <span class='ocrx_word' id='word_1_253' title='bbox 1865 2055 1880 2079; x_wconf 92' lang='lat'><strong>,</strong></span> 
     </span>
    </p>
   </div>
   <div class='ocr_carea' id='block_1_38' title="bbox 294 2104 1879 2177">
    <p class='ocr_par' dir='ltr' id='par_1_38' title="bbox 294 2104 1879 2177">
     <span class='ocr_line' id='line_1_38' title="bbox 294 2104 1879 2177; baseline 0.002 -19"><span class='ocrx_word' id='word_1_254' title='bbox 294 2104 461 2160; x_wconf 89' lang='lat' dir='ltr'><strong>modo</strong></span> <span class='ocrx_word' id='word_1_255' title='bbox 490 2120 557 2160; x_wconf 89' lang='lat' dir='ltr'><strong>ex</strong></span> <span class='ocrx_word' id='word_1_256' title='bbox 604 2106 833 2160; x_wconf 86' lang='lat' dir='ltr'><strong>consilio</strong></span> <span class='ocrx_word' id='word_1_257' title='bbox 885 2107 1062 2175; x_wconf 84' lang='lat' dir='ltr'><strong>vario,</strong></span> <span class='ocrx_word' id='word_1_258' title='bbox 1117 2107 1276 2161; x_wconf 92' lang='lat' dir='ltr'><strong>modo</strong></span> <span class='ocrx_word' id='word_1_259' title='bbox 1301 2121 1368 2162; x_wconf 90' lang='lat' dir='ltr'><strong>ex</strong></span> <span class='ocrx_word' id='word_1_260' title='bbox 1418 2106 1879 2177; x_wconf 87' lang='lat' dir='ltr'><strong>dispensationum</strong></span> 
     </span>
    </p>
   </div>
   <div class='ocr_carea' id='block_1_39' title="bbox 292 2194 1883 2267">
    <p class='ocr_par' dir='ltr' id='par_1_39' title="bbox 292 2194 1883 2267">
     <span class='ocr_line' id='line_1_39' title="bbox 292 2194 1883 2267; baseline 0.002 -18"><span class='ocrx_word' id='word_1_261' title='bbox 292 2194 596 2265; x_wconf 86' lang='lat' dir='ltr'><strong>profundo.</strong></span> <span class='ocrx_word' id='word_1_262' title='bbox 627 2204 828 2266; x_wconf 13' lang='lat' dir='ltr'><strong>tumgex</strong></span> <span class='ocrx_word' id='word_1_263' title='bbox 853 2196 1132 2251; x_wconf 86' lang='lat' dir='ltr'><strong>tolerantia</strong></span> <span class='ocrx_word' id='word_1_264' title='bbox 1175 2196 1511 2267; x_wconf 87' lang='lat' dir='ltr'><strong>passionum,</strong></span> <span class='ocrx_word' id='word_1_265' title='bbox 1541 2208 1650 2251; x_wconf 92' lang='lat' dir='ltr'><strong>tum</strong></span> <span class='ocrx_word' id='word_1_266' title='bbox 1682 2212 1749 2252; x_wconf 89' lang='lat' dir='ltr'><strong>ex</strong></span> <span class='ocrx_word' id='word_1_267' title='bbox 1774 2198 1883 2252; x_wconf 82' lang='lat' dir='ltr'><strong>cla-</strong></span> 
     </span>
    </p>
   </div>
   <div class='ocr_carea' id='block_1_40' title="bbox 292 2288 1880 2358">
    <p class='ocr_par' dir='ltr' id='par_1_40' title="bbox 292 2288 1880 2358">
     <span class='ocr_line' id='line_1_40' title="bbox 292 2288 1880 2358; baseline 0.002 -16"><span class='ocrx_word' id='word_1_268' title='bbox 292 2288 460 2344; x_wconf 83' lang='lat' dir='ltr'><strong>ritate</strong></span> <span class='ocrx_word' id='word_1_269' title='bbox 504 2290 781 2358; x_wconf 87' lang='lat' dir='ltr'><strong>signorum</strong></span> <span class='ocrx_word' id='word_1_270' title='bbox 813 2289 1045 2345; x_wconf 78' lang='lat' dir='ltr'><strong>eximius</strong></span> <span class='ocrx_word' id='word_1_271' title='bbox 1098 2290 1341 2344; x_wconf 89' lang='lat' dir='ltr'><strong>laudator</strong></span> <span class='ocrx_word' id='word_1_272' title='bbox 1374 2290 1627 2355; x_wconf 88' lang='lat' dir='ltr'><strong>asseruit,</strong></span> <span class='ocrx_word' id='word_1_273' title='bbox 1674 2300 1732 2345; x_wconf 91' lang='lat' dir='ltr'><strong>ut</strong></span> <span class='ocrx_word' id='word_1_274' title='bbox 1775 2306 1880 2346; x_wconf 90' lang='lat' dir='ltr'><strong>non</strong></span> 
     </span>
    </p>
   </div>
   <div class='ocr_carea' id='block_1_41' title="bbox 296 2378 1883 2451">
    <p class='ocr_par' dir='ltr' id='par_1_41' title="bbox 296 2378 1883 2451">
     <span class='ocr_line' id='line_1_41' title="bbox 296 2378 1883 2451; baseline 0.003 -20"><span class='ocrx_word' id='word_1_275' title='bbox 296 2378 627 2447; x_wconf 82' lang='lat' dir='ltr'><strong>dcpinxisse</strong></span> <span class='ocrx_word' id='word_1_276' title='bbox 655 2380 850 2446; x_wconf 91' lang='lat' dir='ltr'><strong>solum,</strong></span> <span class='ocrx_word' id='word_1_277' title='bbox 886 2396 1075 2434; x_wconf 88' lang='lat' dir='ltr'><strong>verum</strong></span> <span class='ocrx_word' id='word_1_278' title='bbox 1108 2382 1261 2449; x_wconf 87' lang='lat' dir='ltr'><strong>quasi</strong></span> <span class='ocrx_word' id='word_1_279' title='bbox 1290 2380 1355 2435; x_wconf 92' lang='lat' dir='ltr'><strong>ad</strong></span> <span class='ocrx_word' id='word_1_280' title='bbox 1389 2381 1736 2451; x_wconf 71' lang='lat' dir='ltr'><strong>prmbendum</strong></span> <span class='ocrx_word' id='word_1_281' title='bbox 1768 2397 1883 2437; x_wconf 88' lang='lat' dir='ltr'><strong>rur-</strong></span> 
     </span>
    </p>
   </div>
   <div class='ocr_carea' id='block_1_42' title="bbox 292 2470 1886 2543">
    <p class='ocr_par' dir='ltr' id='par_1_42' title="bbox 292 2470 1886 2543">
     <span class='ocr_line' id='line_1_42' title="bbox 292 2470 1886 2543; baseline 0.001 -18"><span class='ocrx_word' id='word_1_282' title='bbox 292 2486 385 2525; x_wconf 86' lang='lat' dir='ltr'><strong>sus</strong></span> <span class='ocrx_word' id='word_1_283' title='bbox 425 2470 771 2540; x_wconf 80' lang='lat' dir='ltr'><strong>perfectionis</strong></span> <span class='ocrx_word' id='word_1_284' title='bbox 813 2472 1146 2541; x_wconf 86' lang='lat' dir='ltr'><strong>excmplnm,</strong></span> <span class='ocrx_word' id='word_1_285' title='bbox 1177 2472 1406 2543; x_wconf 87' lang='lat' dir='ltr'><strong>quodam</strong></span> <span class='ocrx_word' id='word_1_286' title='bbox 1454 2472 1617 2527; x_wconf 90' lang='lat' dir='ltr'><strong>modo</strong></span> <span class='ocrx_word' id='word_1_287' title='bbox 1655 2474 1886 2529; x_wconf 84' lang='lat' dir='ltr'><strong>resusci-</strong></span> 
     </span>
    </p>
   </div>
   <div class='ocr_carea' id='block_1_43' title="bbox 296 2548 1882 2620">
    <p class='ocr_par' dir='ltr' id='par_1_43' title="bbox 296 2548 1882 2620">
     <span class='ocr_line' id='line_1_43' title="bbox 296 2548 1882 2620; baseline 0.004 -7"><span class='ocrx_word' id='word_1_288' title='bbox 296 2574 446 2616; x_wconf 85' lang='lat' dir='ltr'><strong>tasse</strong></span> <span class='ocrx_word' id='word_1_289' title='bbox 478 2548 748 2617; x_wconf 84' lang='lat' dir='ltr'><strong>videatur.</strong></span> <span class='ocrx_word' id='word_1_290' title='bbox 793 2563 923 2617; x_wconf 81' lang='lat' dir='ltr'><strong>Nam</strong></span> <span class='ocrx_word' id='word_1_291' title='bbox 954 2580 1073 2618; x_wconf 89' lang='lat' dir='ltr'><strong>cum</strong></span> <span class='ocrx_word' id='word_1_292' title='bbox 1100 2565 1169 2619; x_wconf 89' lang='lat' dir='ltr'><strong>ab</strong></span> <span class='ocrx_word' id='word_1_293' title='bbox 1201 2564 1322 2620; x_wconf 87' lang='lat' dir='ltr'><strong>aliis</strong></span> <span class='ocrx_word' id='word_1_294' title='bbox 1346 2574 1664 2620; x_wconf 70' lang='lat' dir='ltr'><strong>cancrorum</strong></span> <span class='ocrx_word' id='word_1_295' title='bbox 1693 2567 1882 2620; x_wconf 81' lang='lat' dir='ltr'><strong>merita</strong></span> 
     </span>
    </p>
   </div>
   <div class='ocr_carea' id='block_1_44' title="bbox 297 2655 1885 2728">
    <p class='ocr_par' dir='ltr' id='par_1_44' title="bbox 297 2655 1885 2728">
     <span class='ocr_line' id='line_1_44' title="bbox 297 2655 1885 2728; baseline 0.005 -22"><span class='ocrx_word' id='word_1_296' title='bbox 297 2655 619 2721; x_wconf 84' lang='lat' dir='ltr'><strong>laudantur,</strong></span> <span class='ocrx_word' id='word_1_297' title='bbox 651 2658 901 2710; x_wconf 87' lang='lat' dir='ltr'><strong>usitatum</strong></span> <span class='ocrx_word' id='word_1_298' title='bbox 933 2656 1185 2726; x_wconf 85' lang='lat' dir='ltr'><strong>quiddam</strong></span> <span class='ocrx_word' id='word_1_299' title='bbox 1230 2658 1405 2713; x_wconf 90' lang='lat' dir='ltr'><strong>solent</strong></span> <span class='ocrx_word' id='word_1_300' title='bbox 1429 2665 1589 2728; x_wconf 90' lang='lat' dir='ltr'><strong>atque</strong></span> <span class='ocrx_word' id='word_1_301' title='bbox 1629 2659 1778 2713; x_wconf 81' lang='lat' dir='ltr'><strong>exile</strong></span> <span class='ocrx_word' id='word_1_302' title='bbox 1802 2674 1885 2714; x_wconf 89' lang='lat' dir='ltr'><strong>re-</strong></span> 
     </span>
    </p>
   </div>
   <div class='ocr_carea' id='block_1_45' title="bbox 293 2747 1884 2820">
    <p class='ocr_par' dir='ltr' id='par_1_45' title="bbox 293 2747 1884 2820">
     <span class='ocr_line' id='line_1_45' title="bbox 293 2747 1884 2820; baseline 0.001 -21"><span class='ocrx_word' id='word_1_303' title='bbox 293 2761 523 2814; x_wconf 87' lang='lat' dir='ltr'><strong>sonare,</strong></span> <span class='ocrx_word' id='word_1_304' title='bbox 555 2756 613 2801; x_wconf 91' lang='lat' dir='ltr'><strong>et</strong></span> <span class='ocrx_word' id='word_1_305' title='bbox 639 2747 787 2802; x_wconf 83' lang='lat' dir='ltr'><strong>velut</strong></span> <span class='ocrx_word' id='word_1_306' title='bbox 811 2749 862 2801; x_wconf 92' lang='lat' dir='ltr'><strong>in</strong></span> <span class='ocrx_word' id='word_1_307' title='bbox 892 2747 1181 2817; x_wconf 83' lang='lat' dir='ltr'><strong>superﬁcie</strong></span> <span class='ocrx_word' id='word_1_308' title='bbox 1218 2749 1650 2820; x_wconf 87' lang='lat' dir='ltr'><strong>circumvagante</strong></span> <span class='ocrx_word' id='word_1_309' title='bbox 1675 2766 1884 2805; x_wconf 82' lang='lat' dir='ltr'><strong>sermo-</strong></span> 
     </span>
    </p>
   </div>
   <div class='ocr_carea' id='block_1_46' title="bbox 298 2840 1885 2911">
    <p class='ocr_par' dir='ltr' id='par_1_46' title="bbox 298 2840 1885 2911">
     <span class='ocr_line' id='line_1_46' title="bbox 298 2840 1885 2911; baseline 0.004 -20"><span class='ocrx_word' id='word_1_310' title='bbox 298 2853 392 2904; x_wconf 91' lang='lat' dir='ltr'><strong>ne,</strong></span> <span class='ocrx_word' id='word_1_311' title='bbox 426 2840 661 2894; x_wconf 84' lang='lat' dir='ltr'><strong>virtutes</strong></span> <span class='ocrx_word' id='word_1_312' title='bbox 685 2841 816 2907; x_wconf 73' lang='lat' dir='ltr'><strong>ipste</strong></span> <span class='ocrx_word' id='word_1_313' title='bbox 846 2841 1157 2896; x_wconf 84' lang='lat' dir='ltr'><strong>nominibus</strong></span> <span class='ocrx_word' id='word_1_314' title='bbox 1187 2842 1355 2911; x_wconf 86' lang='lat' dir='ltr'><strong>magis</strong></span> <span class='ocrx_word' id='word_1_315' title='bbox 1403 2842 1518 2897; x_wconf 87' lang='lat' dir='ltr'><strong>suis</strong></span> <span class='ocrx_word' id='word_1_316' title='bbox 1549 2843 1616 2897; x_wconf 90' lang='lat' dir='ltr'><strong>ad</strong></span> <span class='ocrx_word' id='word_1_317' title='bbox 1647 2858 1885 2898; x_wconf 88' lang='lat' dir='ltr'><strong>comme-</strong></span> 
     </span>
    </p>
   </div>
   <div class='ocr_carea' id='block_1_47' title="bbox 295 2932 1886 3003">
    <p class='ocr_par' dir='ltr' id='par_1_47' title="bbox 295 2932 1886 3003">
     <span class='ocr_line' id='line_1_47' title="bbox 295 2932 1886 3003; baseline 0.004 -18"><span class='ocrx_word' id='word_1_318' title='bbox 295 2933 664 2986; x_wconf 86' lang='lat' dir='ltr'><strong>morationem</strong></span> <span class='ocrx_word' id='word_1_319' title='bbox 696 2932 950 2987; x_wconf 89' lang='lat' dir='ltr'><strong>videntur</strong></span> <span class='ocrx_word' id='word_1_320' title='bbox 989 2934 1198 2997; x_wconf 90' lang='lat' dir='ltr'><strong>venire,</strong></span> <span class='ocrx_word' id='word_1_321' title='bbox 1241 2950 1402 3003; x_wconf 86' lang='lat' dir='ltr'><strong>quam</strong></span> <span class='ocrx_word' id='word_1_322' title='bbox 1455 2935 1637 2991; x_wconf 87' lang='lat' dir='ltr'><strong>rebus.</strong></span> <span class='ocrx_word' id='word_1_323' title='bbox 1690 2935 1886 2991; x_wconf 81' lang='lat' dir='ltr'><strong>Beatus</strong></span> 
     </span>
    </p>
   </div>
   <div class='ocr_carea' id='block_1_48' title="bbox 296 3016 1923 3098">
    <p class='ocr_par' dir='ltr' id='par_1_48' title="bbox 296 3016 1923 3098">
     <span class='ocr_line' id='line_1_48' title="bbox 296 3016 1923 3098; baseline 0.005 -22"><span class='ocrx_word' id='word_1_324' title='bbox 296 3032 486 3078; x_wconf 84' lang='lat' dir='ltr'><strong>autem</strong></span> <span class='ocrx_word' id='word_1_325' title='bbox 513 3022 751 3078; x_wconf 83' lang='lat' dir='ltr'><strong>Joannes</strong></span> <span class='ocrx_word' id='word_1_326' title='bbox 775 3024 995 3079; x_wconf 83' lang='lat' dir='ltr'><strong>Paulum</strong></span> <span class='ocrx_word' id='word_1_327' title='bbox 1026 3025 1186 3080; x_wconf 88' lang='lat' dir='ltr'><strong>altius</strong></span> <span class='ocrx_word' id='word_1_328' title='bbox 1232 3026 1511 3094; x_wconf 89' lang='lat' dir='ltr'><strong>intuendo,</strong></span> <span class='ocrx_word' id='word_1_329' title='bbox 1543 3027 1886 3098; x_wconf 88' lang='lat' dir='ltr'><strong>dilucideque</strong></span> <span class='ocrx_word' id='word_1_330' title='bbox 1916 3016 1923 3019; x_wconf 59' lang='grc'><em>’</em></span> 
     </span>
    </p>
   </div>
   <div class='ocr_carea' id='block_1_49' title="bbox 296 3114 1884 3189">
    <p class='ocr_par' dir='ltr' id='par_1_49' title="bbox 296 3114 1884 3189">
     <span class='ocr_line' id='line_1_49' title="bbox 296 3114 1884 3189; baseline 0.004 -21"><span class='ocrx_word' id='word_1_331' title='bbox 296 3114 349 3168; x_wconf 93' lang='lat' dir='ltr'><strong>in</strong></span> <span class='ocrx_word' id='word_1_332' title='bbox 376 3115 621 3171; x_wconf 89' lang='lat' dir='ltr'><strong>medium</strong></span> <span class='ocrx_word' id='word_1_333' title='bbox 648 3114 991 3184; x_wconf 90' lang='lat' dir='ltr'><strong>proferendo,</strong></span> <span class='ocrx_word' id='word_1_334' title='bbox 1023 3117 1168 3186; x_wconf 87' lang='lat' dir='ltr'><strong>ipsas</strong></span> <span class='ocrx_word' id='word_1_335' title='bbox 1186 3118 1315 3173; x_wconf 90' lang='lat' dir='ltr'><strong>mibi</strong></span> <span class='ocrx_word' id='word_1_336' title='bbox 1335 3118 1552 3175; x_wconf 89' lang='lat' dir='ltr'><strong>videtur</strong></span> <span class='ocrx_word' id='word_1_337' title='bbox 1578 3120 1884 3189; x_wconf 74' lang='lat' dir='ltr'><strong>inspexisse</strong></span> 
     </span>
    </p>
   </div>
   <div class='ocr_carea' id='block_1_50' title="bbox 296 3208 1881 3281">
    <p class='ocr_par' dir='ltr' id='par_1_50' title="bbox 296 3208 1881 3281">
     <span class='ocr_line' id='line_1_50' title="bbox 296 3208 1881 3281; baseline 0.006 -24"><span class='ocrx_word' id='word_1_338' title='bbox 296 3221 490 3267; x_wconf 83' lang='lat' dir='ltr'><strong>venas,</strong></span> <span class='ocrx_word' id='word_1_339' title='bbox 523 3221 589 3261; x_wconf 91' lang='lat' dir='ltr'><strong>ac</strong></span> <span class='ocrx_word' id='word_1_340' title='bbox 632 3208 899 3262; x_wconf 87' lang='lat' dir='ltr'><strong>medullas</strong></span> <span class='ocrx_word' id='word_1_341' title='bbox 948 3210 1202 3264; x_wconf 89' lang='lat' dir='ltr'><strong>virtutum</strong></span> <span class='ocrx_word' id='word_1_342' title='bbox 1242 3212 1618 3279; x_wconf 82' lang='lat' dir='ltr'><strong>expressisse:</strong></span> <span class='ocrx_word' id='word_1_343' title='bbox 1650 3227 1769 3281; x_wconf 63' lang='lat' dir='ltr'><strong>quae</strong></span> <span class='ocrx_word' id='word_1_344' title='bbox 1810 3212 1881 3266; x_wconf 89' lang='lat' dir='ltr'><strong>ita</strong></span> 
     </span>
    </p>
   </div>
   <div class='ocr_carea' id='block_1_51' title="bbox 295 3298 1883 3368">
    <p class='ocr_par' dir='ltr' id='par_1_51' title="bbox 295 3298 1883 3368">
     <span class='ocr_line' id='line_1_51' title="bbox 295 3298 1883 3368; baseline 0.008 -18"><span class='ocrx_word' id='word_1_345' title='bbox 295 3314 496 3353; x_wconf 88' lang='lat' dir='ltr'><strong>omnes</strong></span> <span class='ocrx_word' id='word_1_346' title='bbox 519 3298 573 3353; x_wconf 90' lang='lat' dir='ltr'><strong>in</strong></span> <span class='ocrx_word' id='word_1_347' title='bbox 604 3300 701 3354; x_wconf 88' lang='lat' dir='ltr'><strong>ista</strong></span> <span class='ocrx_word' id='word_1_348' title='bbox 728 3301 1036 3358; x_wconf 88' lang='lat' dir='ltr'><strong>laudatione</strong></span> <span class='ocrx_word' id='word_1_349' title='bbox 1061 3303 1273 3368; x_wconf 85' lang='lat' dir='ltr'><strong>vivunt,</strong></span> <span class='ocrx_word' id='word_1_350' title='bbox 1298 3306 1368 3357; x_wconf 89' lang='lat' dir='ltr'><strong>ita</strong></span> <span class='ocrx_word' id='word_1_351' title='bbox 1395 3303 1621 3359; x_wconf 82' lang='lat' dir='ltr'><strong>ﬂoribus</strong></span> <span class='ocrx_word' id='word_1_352' title='bbox 1652 3305 1764 3360; x_wconf 89' lang='lat' dir='ltr'><strong>suis</strong></span> <span class='ocrx_word' id='word_1_353' title='bbox 1788 3306 1883 3362; x_wconf 69' lang='lat' dir='ltr'><strong>deo</strong></span> 
     </span>
    </p>
   </div>
   <div class='ocr_carea' id='block_1_52' title="bbox 293 3392 1883 3465">
    <p class='ocr_par' dir='ltr' id='par_1_52' title="bbox 293 3392 1883 3465">
     <span class='ocr_line' id='line_1_52' title="bbox 293 3392 1883 3465; baseline 0.006 -22"><span class='ocrx_word' id='word_1_354' title='bbox 293 3398 566 3445; x_wconf 82' lang='lat' dir='ltr'><strong>corantur</strong></span> <span class='ocrx_word' id='word_1_355' title='bbox 610 3400 666 3446; x_wconf 89' lang='lat' dir='ltr'><strong>et</strong></span> <span class='ocrx_word' id='word_1_356' title='bbox 720 3392 1000 3459; x_wconf 74' lang='lat' dir='ltr'><strong>fructibus,</strong></span> <span class='ocrx_word' id='word_1_357' title='bbox 1032 3402 1089 3447; x_wconf 92' lang='lat' dir='ltr'><strong>ut</strong></span> <span class='ocrx_word' id='word_1_358' title='bbox 1117 3408 1209 3449; x_wconf 90' lang='lat' dir='ltr'><strong>eas</strong></span> <span class='ocrx_word' id='word_1_359' title='bbox 1240 3409 1407 3465; x_wconf 87' lang='lat' dir='ltr'><strong>prope</strong></span> <span class='ocrx_word' id='word_1_360' title='bbox 1453 3410 1559 3449; x_wconf 93' lang='lat' dir='ltr'><strong>non</strong></span> <span class='ocrx_word' id='word_1_361' title='bbox 1612 3396 1789 3450; x_wconf 91' lang='lat' dir='ltr'><strong>minus</strong></span> <span class='ocrx_word' id='word_1_362' title='bbox 1814 3398 1883 3453; x_wconf 91' lang='lat' dir='ltr'><strong>ab</strong></span> 
     </span>
    </p>
   </div>
   <div class='ocr_carea' id='block_1_53' title="bbox 296 3483 1883 3557">
    <p class='ocr_par' dir='ltr' id='par_1_53' title="bbox 296 3483 1883 3557">
     <span class='ocr_line' id='line_1_53' title="bbox 296 3483 1883 3557; baseline 0.004 -21"><span class='ocrx_word' id='word_1_363' title='bbox 296 3484 401 3538; x_wconf 89' lang='lat' dir='ltr'><strong>hoc</strong></span> <span class='ocrx_word' id='word_1_364' title='bbox 453 3492 568 3538; x_wconf 85' lang='lat' dir='ltr'><strong>tam</strong></span> <span class='ocrx_word' id='word_1_365' title='bbox 596 3483 903 3538; x_wconf 70' lang='lat' dir='ltr'><strong>sublimiter</strong></span> <span class='ocrx_word' id='word_1_366' title='bbox 944 3484 1264 3552; x_wconf 79' lang='lat' dir='ltr'><strong>explicatas,</strong></span> <span class='ocrx_word' id='word_1_367' title='bbox 1304 3501 1464 3554; x_wconf 89' lang='lat' dir='ltr'><strong>quam</strong></span> <span class='ocrx_word' id='word_1_368' title='bbox 1509 3487 1883 3557; x_wconf 75' lang='lat' dir='ltr'><strong>ab.-Apostolo</strong></span> 
     </span>
    </p>
   </div>
   <div class='ocr_carea' id='block_1_54' title="bbox 292 3566 1882 3649">
    <p class='ocr_par' dir='ltr' id='par_1_54' title="bbox 292 3566 1882 3649">
     <span class='ocr_line' id='line_1_54' title="bbox 292 3566 1882 3649; baseline 0.004 -20"><span class='ocrx_word' id='word_1_369' title='bbox 292 3575 533 3630; x_wconf 78' lang='lat' dir='ltr'><strong>iortasse</strong></span> <span class='ocrx_word' id='word_1_370' title='bbox 562 3576 840 3631; x_wconf 89' lang='lat' dir='ltr'><strong>miremur.</strong></span> <span class='ocrx_word' id='word_1_371' title='bbox 865 3576 1018 3643; x_wconf 86' lang='lat' dir='ltr'><strong>Quod</strong></span> <span class='ocrx_word' id='word_1_372' title='bbox 1037 3577 1252 3646; x_wconf 89' lang='lat' dir='ltr'><strong>quidem</strong></span> <span class='ocrx_word' id='word_1_373' title='bbox 1274 3592 1410 3647; x_wconf 89' lang='lat' dir='ltr'><strong>opus</strong></span> <span class='ocrx_word' id='word_1_374' title='bbox 1430 3594 1495 3633; x_wconf 92' lang='lat' dir='ltr'><strong>eo</strong></span> <span class='ocrx_word' id='word_1_375' title='bbox 1515 3566 1637 3634; x_wconf 66' lang='lat' dir='ltr'><strong>eSSe</strong></span> <span class='ocrx_word' id='word_1_376' title='bbox 1658 3578 1798 3649; x_wconf 87' lang='lat' dir='ltr'><strong>apud</strong></span> <span class='ocrx_word' id='word_1_377' title='bbox 1827 3588 1882 3635; x_wconf 90' lang='lat' dir='ltr'><strong>te</strong></span> 
     </span>
    </p>
   </div>
   <div class='ocr_carea' id='block_1_55' title="bbox 290 3665 1881 3740">
    <p class='ocr_par' dir='ltr' id='par_1_55' title="bbox 290 3665 1881 3740">
     <span class='ocr_line' id='line_1_55' title="bbox 290 3665 1881 3740; baseline 0.003 -20"><span class='ocrx_word' id='word_1_378' title='bbox 290 3665 588 3722; x_wconf 86' lang='lat' dir='ltr'><strong>amabilius</strong></span> <span class='ocrx_word' id='word_1_379' title='bbox 618 3665 779 3721; x_wconf 87' lang='lat' dir='ltr'><strong>debet</strong></span> <span class='ocrx_word' id='word_1_380' title='bbox 807 3676 863 3723; x_wconf 92' lang='lat' dir='ltr'><strong>et</strong></span> <span class='ocrx_word' id='word_1_381' title='bbox 886 3668 1109 3738; x_wconf 81' lang='lat' dir='ltr'><strong>gratius,</strong></span> <span class='ocrx_word' id='word_1_382' title='bbox 1134 3669 1276 3738; x_wconf 91' lang='lat' dir='ltr'><strong>quod</strong></span> <span class='ocrx_word' id='word_1_383' title='bbox 1302 3679 1611 3725; x_wconf 91' lang='lat' dir='ltr'><strong>sanctarum</strong></span> <span class='ocrx_word' id='word_1_384' title='bbox 1635 3669 1881 3740; x_wconf 82' lang='lat' dir='ltr'><strong>Scriptu-</strong></span> 
     </span>
    </p>
   </div>
   <div class='ocr_carea' id='block_1_56' title="bbox 293 3758 1878 3828">
    <p class='ocr_par' dir='ltr' id='par_1_56' title="bbox 293 3758 1878 3828">
     <span class='ocr_line' id='line_1_56' title="bbox 293 3758 1878 3828; baseline 0.003 -16"><span class='ocrx_word' id='word_1_385' title='bbox 293 3773 487 3813; x_wconf 89' lang='lat' dir='ltr'><strong>rarum</strong></span> <span class='ocrx_word' id='word_1_386' title='bbox 510 3758 629 3813; x_wconf 89' lang='lat' dir='ltr'><strong>luce</strong></span> <span class='ocrx_word' id='word_1_387' title='bbox 651 3759 901 3826; x_wconf 88' lang='lat' dir='ltr'><strong>rutilans,</strong></span> <span class='ocrx_word' id='word_1_388' title='bbox 935 3759 1220 3814; x_wconf 77' lang='lat' dir='ltr'><strong>clarissimi</strong></span> <span class='ocrx_word' id='word_1_389' title='bbox 1270 3760 1462 3816; x_wconf 88' lang='lat' dir='ltr'><strong>sideris</strong></span> <span class='ocrx_word' id='word_1_390' title='bbox 1491 3762 1628 3828; x_wconf 91' lang='lat' dir='ltr'><strong>vice,</strong></span> <span class='ocrx_word' id='word_1_391' title='bbox 1666 3773 1878 3817; x_wconf 86' lang='lat' dir='ltr'><strong>noctem</strong></span> 
     </span>
    </p>
   </div>
   <div class='ocr_carea' id='block_1_57' title="bbox 291 3848 1883 3920">
    <p class='ocr_par' dir='ltr' id='par_1_57' title="bbox 291 3848 1883 3920">
     <span class='ocr_line' id='line_1_57' title="bbox 291 3848 1883 3920; baseline 0.003 -17"><span class='ocrx_word' id='word_1_392' title='bbox 291 3848 579 3904; x_wconf 73' lang='lat' dir='ltr'><strong>Manichaai</strong></span> <span class='ocrx_word' id='word_1_393' title='bbox 603 3850 806 3905; x_wconf 87' lang='lat' dir='ltr'><strong>erroris</strong></span> <span class='ocrx_word' id='word_1_394' title='bbox 823 3851 1081 3920; x_wconf 76' lang='lat' dir='ltr'><strong>exagitat.</strong></span> <span class='ocrx_word' id='word_1_395' title='bbox 1111 3851 1380 3918; x_wconf 89' lang='lat' dir='ltr'><strong>Quantum</strong></span> <span class='ocrx_word' id='word_1_396' title='bbox 1402 3853 1544 3908; x_wconf 90' lang='lat' dir='ltr'><strong>enim</strong></span> <span class='ocrx_word' id='word_1_397' title='bbox 1569 3851 1724 3907; x_wconf 91' lang='lat' dir='ltr'><strong>nobis</strong></span> <span class='ocrx_word' id='word_1_398' title='bbox 1751 3868 1883 3908; x_wconf 90' lang='lat' dir='ltr'><strong>con-</strong></span> 
     </span>
    </p>
   </div>
   <div class='ocr_carea' id='block_1_58' title="bbox 289 3940 1881 4011">
    <p class='ocr_par' dir='ltr' id='par_1_58' title="bbox 289 3940 1881 4011">
     <span class='ocr_line' id='line_1_58' title="bbox 289 3940 1881 4011; baseline 0.003 -16"><span class='ocrx_word' id='word_1_399' title='bbox 289 3940 584 3995; x_wconf 88' lang='lat' dir='ltr'><strong>solationis</strong></span> <span class='ocrx_word' id='word_1_400' title='bbox 603 3943 866 4011; x_wconf 78' lang='lat' dir='ltr'><strong>exoritur,</strong></span> <span class='ocrx_word' id='word_1_401' title='bbox 894 3959 1016 3997; x_wconf 89' lang='lat' dir='ltr'><strong>cum</strong></span> <span class='ocrx_word' id='word_1_402' title='bbox 1048 3944 1324 3999; x_wconf 87' lang='lat' dir='ltr'><strong>cernimus</strong></span> <span class='ocrx_word' id='word_1_403' title='bbox 1351 3953 1457 4000; x_wconf 89' lang='lat' dir='ltr'><strong>tam</strong></span> <span class='ocrx_word' id='word_1_404' title='bbox 1478 3945 1713 4011; x_wconf 89' lang='lat' dir='ltr'><strong>erudito,</strong></span> <span class='ocrx_word' id='word_1_405' title='bbox 1740 3952 1881 4000; x_wconf 88' lang='lat' dir='ltr'><strong>tam-</strong></span> 
     </span>
    </p>
   </div>
   <div class='ocr_carea' id='block_1_59' title="bbox 289 4031 1883 4106">
    <p class='ocr_par' dir='ltr' id='par_1_59' title="bbox 289 4031 1883 4106">
     <span class='ocr_line' id='line_1_59' title="bbox 289 4031 1883 4106; baseline 0.004 -21"><span class='ocrx_word' id='word_1_406' title='bbox 289 4047 399 4099; x_wconf 90' lang='lat' dir='ltr'><strong>que</strong></span> <span class='ocrx_word' id='word_1_407' title='bbox 430 4031 632 4089; x_wconf 86' lang='lat' dir='ltr'><strong>illustri</strong></span> <span class='ocrx_word' id='word_1_408' title='bbox 683 4033 922 4088; x_wconf 83' lang='lat' dir='ltr'><strong>Orientis</strong></span> <span class='ocrx_word' id='word_1_409' title='bbox 954 4035 1210 4104; x_wconf 81' lang='lat' dir='ltr'><strong>magistro</strong></span> <span class='ocrx_word' id='word_1_410' title='bbox 1240 4049 1382 4103; x_wconf 89' lang='lat' dir='ltr'><strong>eam,</strong></span> <span class='ocrx_word' id='word_1_411' title='bbox 1426 4050 1587 4106; x_wconf 88' lang='lat' dir='ltr'><strong>quam</strong></span> <span class='ocrx_word' id='word_1_412' title='bbox 1620 4035 1675 4091; x_wconf 91' lang='lat' dir='ltr'><strong>in</strong></span> <span class='ocrx_word' id='word_1_413' title='bbox 1723 4036 1883 4092; x_wconf 83' lang='lat' dir='ltr'><strong>nobis</strong></span> 
     </span>
    </p>
   </div>
   <div class='ocr_carea' id='block_1_60' title="bbox 291 4121 1884 4196">
    <p class='ocr_par' dir='ltr' id='par_1_60' title="bbox 291 4121 1884 4196">
     <span class='ocr_line' id='line_1_60' title="bbox 291 4121 1884 4196; baseline 0.004 -21"><span class='ocrx_word' id='word_1_414' title='bbox 291 4121 677 4177; x_wconf 74' lang='lat' dir='ltr'><strong>Traducianus</strong></span> <span class='ocrx_word' id='word_1_415' title='bbox 694 4134 989 4194; x_wconf 77' lang='lat' dir='ltr'><strong>oppugnat,</strong></span> <span class='ocrx_word' id='word_1_416' title='bbox 1012 4125 1178 4178; x_wconf 85' lang='lat' dir='ltr'><strong>astrui</strong></span> <span class='ocrx_word' id='word_1_417' title='bbox 1206 4126 1529 4180; x_wconf 77' lang='lat' dir='ltr'><strong>veritatem?</strong></span> <span class='ocrx_word' id='word_1_418' title='bbox 1552 4141 1711 4196; x_wconf 90' lang='lat' dir='ltr'><strong>quam</strong></span> <span class='ocrx_word' id='word_1_419' title='bbox 1732 4136 1884 4182; x_wconf 88' lang='lat' dir='ltr'><strong>certe</strong></span> 
     </span>
    </p>
   </div>
   <div class='ocr_carea' id='block_1_61' title="bbox 289 4215 1884 4284">
    <p class='ocr_par' dir='ltr' id='par_1_61' title="bbox 289 4215 1884 4284">
     <span class='ocr_line' id='line_1_61' title="bbox 289 4215 1884 4284; baseline 0.004 -14"><span class='ocrx_word' id='word_1_420' title='bbox 289 4215 491 4270; x_wconf 87' lang='lat' dir='ltr'><strong>beatus</strong></span> <span class='ocrx_word' id='word_1_421' title='bbox 517 4215 792 4283; x_wconf 77' lang='lat' dir='ltr'><strong>Joannes,</strong></span> <span class='ocrx_word' id='word_1_422' title='bbox 826 4226 882 4271; x_wconf 92' lang='lat' dir='ltr'><strong>ut</strong></span> <span class='ocrx_word' id='word_1_423' title='bbox 929 4217 984 4271; x_wconf 90' lang='lat' dir='ltr'><strong>in</strong></span> <span class='ocrx_word' id='word_1_424' title='bbox 1028 4218 1279 4273; x_wconf 87' lang='lat' dir='ltr'><strong>omnibus</strong></span> <span class='ocrx_word' id='word_1_425' title='bbox 1314 4218 1464 4273; x_wconf 90' lang='lat' dir='ltr'><strong>libris</strong></span> <span class='ocrx_word' id='word_1_426' title='bbox 1506 4220 1651 4284; x_wconf 91' lang='lat' dir='ltr'><strong>suis,</strong></span> <span class='ocrx_word' id='word_1_427' title='bbox 1694 4221 1764 4275; x_wconf 90' lang='lat' dir='ltr'><strong>ita</strong></span> <span class='ocrx_word' id='word_1_428' title='bbox 1796 4221 1884 4277; x_wconf 87' lang='lat' dir='ltr'><strong>hic</strong></span> 
     </span>
    </p>
   </div>
   <div class='ocr_carea' id='block_1_62' title="bbox 289 4309 1880 4379">
    <p class='ocr_par' dir='ltr' id='par_1_62' title="bbox 289 4309 1880 4379">
     <span class='ocr_line' id='line_1_62' title="bbox 289 4309 1880 4379; baseline 0.006 -22"><span class='ocrx_word' id='word_1_429' title='bbox 289 4323 517 4378; x_wconf 88' lang='lat' dir='ltr'><strong>quoque</strong></span> <span class='ocrx_word' id='word_1_430' title='bbox 546 4309 616 4363; x_wconf 89' lang='lat' dir='ltr'><strong>ab</strong></span> <span class='ocrx_word' id='word_1_431' title='bbox 647 4309 792 4364; x_wconf 89' lang='lat' dir='ltr'><strong>omni</strong></span> <span class='ocrx_word' id='word_1_432' title='bbox 821 4310 1085 4364; x_wconf 86' lang='lat' dir='ltr'><strong>munitam</strong></span> <span class='ocrx_word' id='word_1_433' title='bbox 1135 4311 1306 4365; x_wconf 88' lang='lat' dir='ltr'><strong>latere</strong></span> <span class='ocrx_word' id='word_1_434' title='bbox 1353 4311 1624 4377; x_wconf 90' lang='lat' dir='ltr'><strong>custodit,</strong></span> <span class='ocrx_word' id='word_1_435' title='bbox 1665 4322 1880 4379; x_wconf 87' lang='lat' dir='ltr'><strong>armat,</strong></span> 
     </span>
    </p>
   </div>
   <div class='ocr_carea' id='block_1_63' title="bbox 287 4401 1882 4471">
    <p class='ocr_par' dir='ltr' id='par_1_63' title="bbox 287 4401 1882 4471">
     <span class='ocr_line' id='line_1_63' title="bbox 287 4401 1882 4471; baseline 0.004 -17"><span class='ocrx_word' id='word_1_436' title='bbox 287 4401 571 4465; x_wconf 78' lang='lat' dir='ltr'><strong>accendit,</strong></span> <span class='ocrx_word' id='word_1_437' title='bbox 606 4411 664 4455; x_wconf 92' lang='lat' dir='ltr'><strong>ut</strong></span> <span class='ocrx_word' id='word_1_438' title='bbox 692 4402 934 4458; x_wconf 87' lang='lat' dir='ltr'><strong>videatur</strong></span> <span class='ocrx_word' id='word_1_439' title='bbox 961 4420 1066 4457; x_wconf 83' lang='lat' dir='ltr'><strong>non</strong></span> <span class='ocrx_word' id='word_1_440' title='bbox 1100 4411 1206 4457; x_wconf 90' lang='lat' dir='ltr'><strong>tam</strong></span> <span class='ocrx_word' id='word_1_441' title='bbox 1240 4413 1536 4471; x_wconf 63' lang='lat' dir='ltr'><strong>praisentes</strong></span> <span class='ocrx_word' id='word_1_442' title='bbox 1561 4404 1882 4461; x_wconf 83' lang='lat' dir='ltr'><strong>informasse</strong></span> 
     </span>
    </p>
   </div>
   <div class='ocr_carea' id='block_1_64' title="bbox 1981 1906 3567 1985">
    <p class='ocr_par' dir='ltr' id='par_1_64' title="bbox 1981 1906 3567 1985">
     <span class='ocr_line' id='line_1_64' title="bbox 1981 1906 3567 1985; baseline -0.003 -22"><span class='ocrx_word' id='word_1_443' title='bbox 1981 1911 2178 1979; x_wconf 89' lang='lat' dir='ltr'><strong>quibus</strong></span> <span class='ocrx_word' id='word_1_444' title='bbox 2216 1910 2591 1965; x_wconf 83' lang='lat' dir='ltr'><strong>Traducianus</strong></span> <span class='ocrx_word' id='word_1_445' title='bbox 2617 1907 2869 1963; x_wconf 88' lang='lat' dir='ltr'><strong>obnitens</strong></span> <span class='ocrx_word' id='word_1_446' title='bbox 2900 1907 3117 1962; x_wconf 89' lang='lat' dir='ltr'><strong>beatum</strong></span> <span class='ocrx_word' id='word_1_447' title='bbox 3150 1906 3374 1962; x_wconf 86' lang='lat' dir='ltr'><strong>Paulum</strong></span> <span class='ocrx_word' id='word_1_448' title='bbox 3404 1906 3567 1985; x_wconf 84' lang='lat' dir='ltr'><strong>vitio-</strong></span> 
     </span>
    </p>
   </div>
   <div class='ocr_carea' id='block_1_65' title="bbox 1982 1997 3569 2064">
    <p class='ocr_par' dir='ltr' id='par_1_65' title="bbox 1982 1997 3569 2064">
     <span class='ocr_line' id='line_1_65' title="bbox 1982 1997 3569 2064; baseline -0.003 -7"><span class='ocrx_word' id='word_1_449' title='bbox 1982 2018 2100 2057; x_wconf 88' lang='lat' dir='ltr'><strong>rum</strong></span> <span class='ocrx_word' id='word_1_450' title='bbox 2131 2002 2508 2058; x_wconf 81' lang='lat' dir='ltr'><strong>obl’nscatione</strong></span> <span class='ocrx_word' id='word_1_451' title='bbox 2546 1999 2925 2064; x_wconf 85' lang='lat' dir='ltr'><strong>commaculat,</strong></span> <span class='ocrx_word' id='word_1_452' title='bbox 2960 2008 3020 2055; x_wconf 88' lang='lat' dir='ltr'><strong>ut</strong></span> <span class='ocrx_word' id='word_1_453' title='bbox 3066 1999 3278 2055; x_wconf 86' lang='lat' dir='ltr'><strong>scilicet</strong></span> <span class='ocrx_word' id='word_1_454' title='bbox 3317 1997 3569 2053; x_wconf 86' lang='lat' dir='ltr'><strong>ttdelibus</strong></span> 
     </span>
    </p>
   </div>
   <div class='ocr_carea' id='block_1_66' title="bbox 1983 2088 3565 2162">
    <p class='ocr_par' dir='ltr' id='par_1_66' title="bbox 1983 2088 3565 2162">
     <span class='ocr_line' id='line_1_66' title="bbox 1983 2088 3565 2162; baseline -0.004 -13"><span class='ocrx_word' id='word_1_455' title='bbox 1983 2096 2093 2149; x_wconf 85' lang='lat' dir='ltr'><strong>suis</strong></span> <span class='ocrx_word' id='word_1_456' title='bbox 2119 2094 2424 2162; x_wconf 85' lang='lat' dir='ltr'><strong>apostolico</strong></span> <span class='ocrx_word' id='word_1_457' title='bbox 2450 2093 2701 2160; x_wconf 85' lang='lat' dir='ltr'><strong>exemplo</strong></span> <span class='ocrx_word' id='word_1_458' title='bbox 2724 2101 2948 2161; x_wconf 88' lang='lat' dir='ltr'><strong>peccata</strong></span> <span class='ocrx_word' id='word_1_459' title='bbox 2979 2090 3256 2146; x_wconf 86' lang='lat' dir='ltr'><strong>conciliet.</strong></span> <span class='ocrx_word' id='word_1_460' title='bbox 3299 2088 3565 2160; x_wconf 86' lang='lat' dir='ltr'><strong>Septimo,</strong></span> 
     </span>
    </p>
   </div>
   <div class='ocr_carea' id='block_1_67' title="bbox 1984 2181 3567 2256">
    <p class='ocr_par' dir='ltr' id='par_1_67' title="bbox 1984 2181 3567 2256">
     <span class='ocr_line' id='line_1_67' title="bbox 1984 2181 3567 2256; baseline -0.003 -17"><span class='ocrx_word' id='word_1_461' title='bbox 1984 2186 2159 2256; x_wconf 83' lang='lat' dir='ltr'><strong>ignem</strong></span> <span class='ocrx_word' id='word_1_462' title='bbox 2196 2185 2301 2239; x_wconf 85' lang='lat' dir='ltr'><strong>zeli</strong></span> <span class='ocrx_word' id='word_1_463' title='bbox 2336 2185 2454 2252; x_wconf 90' lang='lat' dir='ltr'><strong>ejus</strong></span> <span class='ocrx_word' id='word_1_464' title='bbox 2482 2182 2535 2239; x_wconf 88' lang='lat' dir='ltr'><strong>in</strong></span> <span class='ocrx_word' id='word_1_465' title='bbox 2568 2183 2867 2250; x_wconf 89' lang='lat' dir='ltr'><strong>Christum,</strong></span> <span class='ocrx_word' id='word_1_466' title='bbox 2897 2193 2952 2237; x_wconf 89' lang='lat' dir='ltr'><strong>et</strong></span> <span class='ocrx_word' id='word_1_467' title='bbox 2979 2190 3107 2238; x_wconf 90' lang='lat' dir='ltr'><strong>ante</strong></span> <span class='ocrx_word' id='word_1_468' title='bbox 3137 2181 3400 2237; x_wconf 86' lang='lat' dir='ltr'><strong>honorem</strong></span> <span class='ocrx_word' id='word_1_469' title='bbox 3430 2196 3567 2250; x_wconf 75' lang='lat' dir='ltr'><strong>quo-</strong></span> 
     </span>
    </p>
   </div>
   <div class='ocr_carea' id='block_1_68' title="bbox 1984 2274 3567 2345">
    <p class='ocr_par' dir='ltr' id='par_1_68' title="bbox 1984 2274 3567 2345">
     <span class='ocr_line' id='line_1_68' title="bbox 1984 2274 3567 2345; baseline -0.001 -16"><span class='ocrx_word' id='word_1_470' title='bbox 1984 2292 2091 2345; x_wconf 91' lang='lat' dir='ltr'><strong>que</strong></span> <span class='ocrx_word' id='word_1_471' title='bbox 2121 2276 2493 2345; x_wconf 83' lang='lat' dir='ltr'><strong>apostolatus,</strong></span> <span class='ocrx_word' id='word_1_472' title='bbox 2538 2274 2809 2331; x_wconf 84' lang='lat' dir='ltr'><strong>fervorem</strong></span> <span class='ocrx_word' id='word_1_473' title='bbox 2854 2274 3086 2330; x_wconf 88' lang='lat' dir='ltr'><strong>docendi</strong></span> <span class='ocrx_word' id='word_1_474' title='bbox 3130 2289 3291 2343; x_wconf 87' lang='lat' dir='ltr'><strong>supra</strong></span> <span class='ocrx_word' id='word_1_475' title='bbox 3339 2283 3567 2328; x_wconf 71' lang='lat' dir='ltr'><strong>cancros</strong></span> 
     </span>
    </p>
   </div>
   <div class='ocr_carea' id='block_1_69' title="bbox 1984 2364 3569 2435">
    <p class='ocr_par' dir='ltr' id='par_1_69' title="bbox 1984 2364 3569 2435">
     <span class='ocr_line' id='line_1_69' title="bbox 1984 2364 3569 2435; baseline -0.004 -12"><span class='ocrx_word' id='word_1_476' title='bbox 1984 2367 2281 2433; x_wconf 71' lang='lat' dir='ltr'><strong>efferendo,</strong></span> <span class='ocrx_word' id='word_1_477' title='bbox 2315 2376 2372 2421; x_wconf 89' lang='lat' dir='ltr'><strong>ut</strong></span> <span class='ocrx_word' id='word_1_478' title='bbox 2399 2367 2533 2421; x_wconf 89' lang='lat' dir='ltr'><strong>satis</strong></span> <span class='ocrx_word' id='word_1_479' title='bbox 2559 2365 2761 2435; x_wconf 83' lang='lat' dir='ltr'><strong>liquido</strong></span> <span class='ocrx_word' id='word_1_480' title='bbox 2808 2366 3036 2429; x_wconf 84' lang='lat' dir='ltr'><strong>clareat,</strong></span> <span class='ocrx_word' id='word_1_481' title='bbox 3080 2364 3408 2419; x_wconf 86' lang='lat' dir='ltr'><strong>exstinctam</strong></span> <span class='ocrx_word' id='word_1_482' title='bbox 3445 2377 3569 2418; x_wconf 87' lang='lat' dir='ltr'><strong>esse</strong></span> 
     </span>
    </p>
   </div>
   <div class='ocr_carea' id='block_1_70' title="bbox 1985 2455 3569 2531">
    <p class='ocr_par' dir='ltr' id='par_1_70' title="bbox 1985 2455 3569 2531">
     <span class='ocr_line' id='line_1_70' title="bbox 1985 2455 3569 2531; baseline -0.004 -16"><span class='ocrx_word' id='word_1_483' title='bbox 1985 2460 2246 2531; x_wconf 86' lang='lat' dir='ltr'><strong>peccandi</strong></span> <span class='ocrx_word' id='word_1_484' title='bbox 2274 2458 2679 2526; x_wconf 87' lang='lat' dir='ltr'><strong>necessitatem,</strong></span> <span class='ocrx_word' id='word_1_485' title='bbox 2700 2457 2952 2529; x_wconf 88' lang='lat' dir='ltr'><strong>quoniam</strong></span> <span class='ocrx_word' id='word_1_486' title='bbox 2968 2456 3228 2512; x_wconf 87' lang='lat' dir='ltr'><strong>adversus</strong></span> <span class='ocrx_word' id='word_1_487' title='bbox 3244 2455 3569 2511; x_wconf 60' lang='lat' dir='ltr'><strong>Manichwos</strong></span> 
     </span>
    </p>
   </div>
   <div class='ocr_carea' id='block_1_71' title="bbox 1985 2548 3569 2621">
    <p class='ocr_par' dir='ltr' id='par_1_71' title="bbox 1985 2548 3569 2621">
     <span class='ocr_line' id='line_1_71' title="bbox 1985 2548 3569 2621; baseline -0.003 -17"><span class='ocrx_word' id='word_1_488' title='bbox 1985 2560 2041 2607; x_wconf 88' lang='lat' dir='ltr'><strong>et</strong></span> <span class='ocrx_word' id='word_1_489' title='bbox 2062 2551 2309 2607; x_wconf 87' lang='lat' dir='ltr'><strong>doctrina</strong></span> <span class='ocrx_word' id='word_1_490' title='bbox 2340 2550 2589 2621; x_wconf 82' lang='lat' dir='ltr'><strong>Apostoli</strong></span> <span class='ocrx_word' id='word_1_491' title='bbox 2617 2549 2966 2620; x_wconf 63' lang='lat' dir='ltr'><strong>depreliatur</strong></span> <span class='ocrx_word' id='word_1_492' title='bbox 2994 2557 3052 2605; x_wconf 90' lang='lat' dir='ltr'><strong>et</strong></span> <span class='ocrx_word' id='word_1_493' title='bbox 3076 2549 3207 2603; x_wconf 90' lang='lat' dir='ltr'><strong>vita.</strong></span> <span class='ocrx_word' id='word_1_494' title='bbox 3236 2548 3436 2604; x_wconf 80' lang='lat' dir='ltr'><strong>Verum</strong></span> <span class='ocrx_word' id='word_1_495' title='bbox 3470 2562 3569 2601; x_wconf 88' lang='lat' dir='ltr'><strong>nos</strong></span> 
     </span>
    </p>
   </div>
   <div class='ocr_carea' id='block_1_72' title="bbox 1986 2639 3569 2715">
    <p class='ocr_par' dir='ltr' id='par_1_72' title="bbox 1986 2639 3569 2715">
     <span class='ocr_line' id='line_1_72' title="bbox 1986 2639 3569 2715; baseline -0.003 -16"><span class='ocrx_word' id='word_1_496' title='bbox 1986 2645 2039 2699; x_wconf 92' lang='lat' dir='ltr'><strong>in</strong></span> <span class='ocrx_word' id='word_1_497' title='bbox 2067 2653 2174 2700; x_wconf 90' lang='lat' dir='ltr'><strong>tam</strong></span> <span class='ocrx_word' id='word_1_498' title='bbox 2206 2644 2405 2715; x_wconf 77' lang='lat' dir='ltr'><strong>egregii</strong></span> <span class='ocrx_word' id='word_1_499' title='bbox 2439 2645 2889 2713; x_wconf 85' lang='lat' dir='ltr'><strong>interpretatione</strong></span> <span class='ocrx_word' id='word_1_500' title='bbox 2933 2641 3135 2711; x_wconf 86' lang='lat' dir='ltr'><strong>operis,</strong></span> <span class='ocrx_word' id='word_1_501' title='bbox 3180 2640 3285 2694; x_wconf 88' lang='lat' dir='ltr'><strong>etsi</strong></span> <span class='ocrx_word' id='word_1_502' title='bbox 3321 2639 3478 2705; x_wconf 88' lang='lat' dir='ltr'><strong>nihil,</strong></span> <span class='ocrx_word' id='word_1_503' title='bbox 3509 2650 3569 2694; x_wconf 85' lang='lat' dir='ltr'><strong>ut</strong></span> 
     </span>
    </p>
   </div>
   <div class='ocr_carea' id='block_1_73' title="bbox 1989 2734 3568 2807">
    <p class='ocr_par' dir='ltr' id='par_1_73' title="bbox 1989 2734 3568 2807">
     <span class='ocr_line' id='line_1_73' title="bbox 1989 2734 3568 2807; baseline -0.003 -15"><span class='ocrx_word' id='word_1_504' title='bbox 1989 2748 2136 2807; x_wconf 85' lang='lat' dir='ltr'><strong>puto,</strong></span> <span class='ocrx_word' id='word_1_505' title='bbox 2161 2737 2229 2793; x_wconf 91' lang='lat' dir='ltr'><strong>de</strong></span> <span class='ocrx_word' id='word_1_506' title='bbox 2249 2752 2506 2794; x_wconf 87' lang='lat' dir='ltr'><strong>sensuum</strong></span> <span class='ocrx_word' id='word_1_507' title='bbox 2529 2736 2781 2805; x_wconf 87' lang='lat' dir='ltr'><strong>veritate,</strong></span> <span class='ocrx_word' id='word_1_508' title='bbox 2807 2751 2915 2790; x_wconf 90' lang='lat' dir='ltr'><strong>non</strong></span> <span class='ocrx_word' id='word_1_509' title='bbox 2940 2744 3119 2789; x_wconf 86' lang='lat' dir='ltr'><strong>tamen</strong></span> <span class='ocrx_word' id='word_1_510' title='bbox 3149 2748 3338 2804; x_wconf 88' lang='lat' dir='ltr'><strong>parum</strong></span> <span class='ocrx_word' id='word_1_511' title='bbox 3363 2734 3430 2789; x_wconf 92' lang='lat' dir='ltr'><strong>de</strong></span> <span class='ocrx_word' id='word_1_512' title='bbox 3451 2735 3568 2789; x_wconf 85' lang='lat' dir='ltr'><strong>elo-</strong></span> 
     </span>
    </p>
   </div>
   <div class='ocr_carea' id='block_1_74' title="bbox 1986 2827 3571 2900">
    <p class='ocr_par' dir='ltr' id='par_1_74' title="bbox 1986 2827 3571 2900">
     <span class='ocr_line' id='line_1_74' title="bbox 1986 2827 3571 2900; baseline -0.001 -16"><span class='ocrx_word' id='word_1_513' title='bbox 1986 2831 2100 2900; x_wconf 86' lang='lat' dir='ltr'><strong>quii</strong></span> <span class='ocrx_word' id='word_1_514' title='bbox 2125 2839 2414 2885; x_wconf 88' lang='lat' dir='ltr'><strong>venustate</strong></span> <span class='ocrx_word' id='word_1_515' title='bbox 2440 2827 2794 2899; x_wconf 87' lang='lat' dir='ltr'><strong>perdidimus,</strong></span> <span class='ocrx_word' id='word_1_516' title='bbox 2844 2828 3190 2897; x_wconf 89' lang='lat' dir='ltr'><strong>splendorem</strong></span> <span class='ocrx_word' id='word_1_517' title='bbox 3237 2835 3342 2882; x_wconf 85' lang='lat' dir='ltr'><strong>tam</strong></span> <span class='ocrx_word' id='word_1_518' title='bbox 3368 2827 3571 2882; x_wconf 85' lang='lat' dir='ltr'><strong>nobilis</strong></span> 
     </span>
    </p>
   </div>
   <div class='ocr_carea' id='block_1_75' title="bbox 1985 2920 3567 2994">
    <p class='ocr_par' dir='ltr' id='par_1_75' title="bbox 1985 2920 3567 2994">
     <span class='ocr_line' id='line_1_75' title="bbox 1985 2920 3567 2994; baseline 0 -18"><span class='ocrx_word' id='word_1_519' title='bbox 1985 2923 2109 2994; x_wconf 87' lang='lat' dir='ltr'><strong>styli</strong></span> <span class='ocrx_word' id='word_1_520' title='bbox 2129 2931 2185 2977; x_wconf 91' lang='lat' dir='ltr'><strong>et</strong></span> <span class='ocrx_word' id='word_1_521' title='bbox 2200 2922 2567 2979; x_wconf 87' lang='lat' dir='ltr'><strong>elocutionum</strong></span> <span class='ocrx_word' id='word_1_522' title='bbox 2584 2920 2811 2992; x_wconf 84' lang='lat' dir='ltr'><strong>gratiam</strong></span> <span class='ocrx_word' id='word_1_523' title='bbox 2839 2922 3147 2991; x_wconf 89' lang='lat' dir='ltr'><strong>exprimere</strong></span> <span class='ocrx_word' id='word_1_524' title='bbox 3172 2935 3278 2977; x_wconf 91' lang='lat' dir='ltr'><strong>non</strong></span> <span class='ocrx_word' id='word_1_525' title='bbox 3301 2921 3567 2977; x_wconf 84' lang='lat' dir='ltr'><strong>valentes.</strong></span> 
     </span>
    </p>
   </div>
   <div class='ocr_carea' id='block_1_76' title="bbox 1988 3013 3565 3085">
    <p class='ocr_par' dir='ltr' id='par_1_76' title="bbox 1988 3013 3565 3085">
     <span class='ocr_line' id='line_1_76' title="bbox 1988 3013 3565 3085; baseline -0.002 -14"><span class='ocrx_word' id='word_1_526' title='bbox 1988 3015 2095 3071; x_wconf 88' lang='lat' dir='ltr'><strong>Sed</strong></span> <span class='ocrx_word' id='word_1_527' title='bbox 2143 3029 2211 3070; x_wconf 92' lang='lat' dir='ltr'><strong>ne</strong></span> <span class='ocrx_word' id='word_1_528' title='bbox 2255 3014 2336 3071; x_wconf 90' lang='lat' dir='ltr'><strong>sic</strong></span> <span class='ocrx_word' id='word_1_529' title='bbox 2367 3014 2586 3085; x_wconf 88' lang='lat' dir='ltr'><strong>quidem</strong></span> <span class='ocrx_word' id='word_1_530' title='bbox 2640 3021 2692 3068; x_wconf 90' lang='lat' dir='ltr'><strong>te</strong></span> <span class='ocrx_word' id='word_1_531' title='bbox 2738 3013 2879 3068; x_wconf 89' lang='lat' dir='ltr'><strong>istud</strong></span> <span class='ocrx_word' id='word_1_532' title='bbox 2932 3013 3225 3082; x_wconf 75' lang='lat' dir='ltr'><strong>imperasse</strong></span> <span class='ocrx_word' id='word_1_533' title='bbox 3267 3015 3565 3084; x_wconf 59' lang='lat' dir='ltr'><strong>poeniteat:</strong></span> 
     </span>
    </p>
   </div>
   <div class='ocr_carea' id='block_1_77' title="bbox 1988 3105 3564 3177">
    <p class='ocr_par' dir='ltr' id='par_1_77' title="bbox 1988 3105 3564 3177">
     <span class='ocr_line' id='line_1_77' title="bbox 1988 3105 3564 3177; baseline 0.001 -16"><span class='ocrx_word' id='word_1_534' title='bbox 1988 3122 2165 3175; x_wconf 90' lang='lat' dir='ltr'><strong>neque</strong></span> <span class='ocrx_word' id='word_1_535' title='bbox 2194 3105 2339 3161; x_wconf 90' lang='lat' dir='ltr'><strong>enim</strong></span> <span class='ocrx_word' id='word_1_536' title='bbox 2389 3106 2684 3161; x_wconf 79' lang='lat' dir='ltr'><strong>verendum</strong></span> <span class='ocrx_word' id='word_1_537' title='bbox 2720 3106 2815 3161; x_wconf 92' lang='lat' dir='ltr'><strong>tibi</strong></span> <span class='ocrx_word' id='word_1_538' title='bbox 2845 3117 2951 3172; x_wconf 88' lang='lat' dir='ltr'><strong>est,</strong></span> <span class='ocrx_word' id='word_1_539' title='bbox 2984 3121 3051 3161; x_wconf 90' lang='lat' dir='ltr'><strong>ne</strong></span> <span class='ocrx_word' id='word_1_540' title='bbox 3098 3106 3237 3162; x_wconf 88' lang='lat' dir='ltr'><strong>forte</strong></span> <span class='ocrx_word' id='word_1_541' title='bbox 3276 3107 3564 3177; x_wconf 83' lang='lat' dir='ltr'><strong>asperitate</strong></span> 
     </span>
    </p>
   </div>
   <div class='ocr_carea' id='block_1_78' title="bbox 1911 3181 3568 3268">
    <p class='ocr_par' dir='ltr' id='par_1_78' title="bbox 1911 3181 3568 3268">
     <span class='ocr_line' id='line_1_78' title="bbox 1911 3181 3568 3268; baseline 0 -15"><span class='ocrx_word' id='word_1_542' title='bbox 1911 3181 1955 3245; x_wconf 84' lang='lat' dir='ltr'>C</span> <span class='ocrx_word' id='word_1_543' title='bbox 1989 3198 2356 3253; x_wconf 85' lang='lat' dir='ltr'><strong>translationis</strong></span> <span class='ocrx_word' id='word_1_544' title='bbox 2394 3199 2655 3265; x_wconf 82' lang='lat' dir='ltr'><strong>oﬂ&#39;ensus,</strong></span> <span class='ocrx_word' id='word_1_545' title='bbox 2690 3198 2942 3254; x_wconf 86' lang='lat' dir='ltr'><strong>lectionis</strong></span> <span class='ocrx_word' id='word_1_546' title='bbox 2972 3199 3131 3268; x_wconf 81' lang='lat' dir='ltr'><strong>hujus</strong></span> <span class='ocrx_word' id='word_1_547' title='bbox 3177 3214 3366 3256; x_wconf 81' lang='lat' dir='ltr'><strong>careas</strong></span> <span class='ocrx_word' id='word_1_548' title='bbox 3410 3200 3568 3255; x_wconf 86' lang='lat' dir='ltr'><strong>volu-</strong></span> 
     </span>
    </p>
   </div>
   <div class='ocr_carea' id='block_1_79' title="bbox 1985 3289 3568 3362">
    <p class='ocr_par' dir='ltr' id='par_1_79' title="bbox 1985 3289 3568 3362">
     <span class='ocr_line' id='line_1_79' title="bbox 1985 3289 3568 3362; baseline 0.001 -17"><span class='ocrx_word' id='word_1_549' title='bbox 1985 3300 2130 3360; x_wconf 87' lang='lat' dir='ltr'><strong>ptate</strong></span> <span class='ocrx_word' id='word_1_550' title='bbox 2154 3309 2167 3345; x_wconf 91' lang='lat'><strong>:</strong></span> <span class='ocrx_word' id='word_1_551' title='bbox 2188 3306 2309 3346; x_wconf 90' lang='lat' dir='ltr'><strong>cum</strong></span> <span class='ocrx_word' id='word_1_552' title='bbox 2328 3289 2584 3360; x_wconf 88' lang='lat' dir='ltr'><strong>quidquid</strong></span> <span class='ocrx_word' id='word_1_553' title='bbox 2606 3290 2764 3345; x_wconf 90' lang='lat' dir='ltr'><strong>nobis</strong></span> <span class='ocrx_word' id='word_1_554' title='bbox 2784 3306 2851 3346; x_wconf 77' lang='lat' dir='ltr'><strong>ex</strong></span> <span class='ocrx_word' id='word_1_555' title='bbox 2867 3291 3017 3346; x_wconf 86' lang='lat' dir='ltr'><strong>cultu</strong></span> <span class='ocrx_word' id='word_1_556' title='bbox 3042 3291 3236 3362; x_wconf 83' lang='lat' dir='ltr'><strong>defuit,</strong></span> <span class='ocrx_word' id='word_1_557' title='bbox 3262 3299 3568 3362; x_wconf 89' lang='lat' dir='ltr'><strong>ornatuque</strong></span> 
     </span>
    </p>
   </div>
   <div class='ocr_carea' id='block_1_80' title="bbox 1985 3383 3564 3453">
    <p class='ocr_par' dir='ltr' id='par_1_80' title="bbox 1985 3383 3564 3453">
     <span class='ocr_line' id='line_1_80' title="bbox 1985 3383 3564 3453; baseline -0.001 -15"><span class='ocrx_word' id='word_1_558' title='bbox 1985 3386 2295 3451; x_wconf 88' lang='lat' dir='ltr'><strong>verborum,</strong></span> <span class='ocrx_word' id='word_1_559' title='bbox 2330 3383 2381 3438; x_wconf 82' lang='lat' dir='ltr'><strong>id</strong></span> <span class='ocrx_word' id='word_1_560' title='bbox 2412 3393 2580 3438; x_wconf 91' lang='lat' dir='ltr'><strong>totum</strong></span> <span class='ocrx_word' id='word_1_561' title='bbox 2615 3383 2759 3439; x_wconf 88' lang='lat' dir='ltr'><strong>illius</strong></span> <span class='ocrx_word' id='word_1_562' title='bbox 2786 3398 2946 3453; x_wconf 90' lang='lat' dir='ltr'><strong>quem</strong></span> <span class='ocrx_word' id='word_1_563' title='bbox 3003 3385 3381 3440; x_wconf 87' lang='lat' dir='ltr'><strong>transtulimus</strong></span> <span class='ocrx_word' id='word_1_564' title='bbox 3402 3427 3416 3448; x_wconf 87' lang='lat'><strong>,</strong></span> <span class='ocrx_word' id='word_1_565' title='bbox 3446 3401 3564 3438; x_wconf 89' lang='lat' dir='ltr'><strong>ma-</strong></span> 
     </span>
    </p>
   </div>
   <div class='ocr_carea' id='block_1_81' title="bbox 1983 3473 3563 3544">
    <p class='ocr_par' dir='ltr' id='par_1_81' title="bbox 1983 3473 3563 3544">
     <span class='ocr_line' id='line_1_81' title="bbox 1983 3473 3563 3544; baseline -0.001 -16"><span class='ocrx_word' id='word_1_566' title='bbox 1983 3474 2173 3544; x_wconf 82' lang='lat' dir='ltr'><strong>gniﬁca</strong></span> <span class='ocrx_word' id='word_1_567' title='bbox 2199 3473 2420 3529; x_wconf 89' lang='lat' dir='ltr'><strong>inventa</strong></span> <span class='ocrx_word' id='word_1_568' title='bbox 2450 3480 2829 3541; x_wconf 88' lang='lat' dir='ltr'><strong>compensent.</strong></span> <span class='ocrx_word' id='word_1_569' title='bbox 2856 3473 2949 3528; x_wconf 87' lang='lat' dir='ltr'><strong>Est</strong></span> <span class='ocrx_word' id='word_1_570' title='bbox 2978 3474 3122 3529; x_wconf 90' lang='lat' dir='ltr'><strong>enim</strong></span> <span class='ocrx_word' id='word_1_571' title='bbox 3147 3483 3367 3529; x_wconf 87' lang='lat' dir='ltr'><strong>sanctus</strong></span> <span class='ocrx_word' id='word_1_572' title='bbox 3397 3475 3563 3530; x_wconf 77' lang='lat' dir='ltr'><strong>Joan-</strong></span> 
     </span>
    </p>
   </div>
   <div class='ocr_carea' id='block_1_82' title="bbox 1984 3564 3571 3636">
    <p class='ocr_par' dir='ltr' id='par_1_82' title="bbox 1984 3564 3571 3636">
     <span class='ocr_line' id='line_1_82' title="bbox 1984 3564 3571 3636; baseline 0.001 -17"><span class='ocrx_word' id='word_1_573' title='bbox 1984 3581 2079 3621; x_wconf 90' lang='lat' dir='ltr'><strong>nes</strong></span> <span class='ocrx_word' id='word_1_574' title='bbox 2112 3576 2220 3620; x_wconf 90' lang='lat' dir='ltr'><strong>tam</strong></span> <span class='ocrx_word' id='word_1_575' title='bbox 2254 3565 2439 3620; x_wconf 90' lang='lat' dir='ltr'><strong>clarus</strong></span> <span class='ocrx_word' id='word_1_576' title='bbox 2471 3572 2619 3618; x_wconf 92' lang='lat' dir='ltr'><strong>totus</strong></span> <span class='ocrx_word' id='word_1_577' title='bbox 2660 3578 2725 3619; x_wconf 85' lang='lat' dir='ltr'><strong>ac</strong></span> <span class='ocrx_word' id='word_1_578' title='bbox 2764 3564 3022 3634; x_wconf 89' lang='lat' dir='ltr'><strong>fulgidus,</strong></span> <span class='ocrx_word' id='word_1_579' title='bbox 3073 3573 3133 3619; x_wconf 89' lang='lat' dir='ltr'><strong>ut</strong></span> <span class='ocrx_word' id='word_1_580' title='bbox 3190 3566 3351 3622; x_wconf 88' lang='lat' dir='ltr'><strong>facile</strong></span> <span class='ocrx_word' id='word_1_581' title='bbox 3399 3568 3571 3636; x_wconf 85' lang='lat' dir='ltr'><strong>possit</strong></span> 
     </span>
    </p>
   </div>
   <div class='ocr_carea' id='block_1_83' title="bbox 1981 3656 3568 3723">
    <p class='ocr_par' dir='ltr' id='par_1_83' title="bbox 1981 3656 3568 3723">
     <span class='ocr_line' id='line_1_83' title="bbox 1981 3656 3568 3723; baseline 0 -11"><span class='ocrx_word' id='word_1_582' title='bbox 1981 3657 2378 3713; x_wconf 86' lang='lat' dir='ltr'><strong>sententiarum</strong></span> <span class='ocrx_word' id='word_1_583' title='bbox 2433 3669 2655 3710; x_wconf 89' lang='lat' dir='ltr'><strong>suarum</strong></span> <span class='ocrx_word' id='word_1_584' title='bbox 2704 3656 2930 3723; x_wconf 87' lang='lat' dir='ltr'><strong>lumine,</strong></span> <span class='ocrx_word' id='word_1_585' title='bbox 2979 3658 3144 3712; x_wconf 88' lang='lat' dir='ltr'><strong>etiam</strong></span> <span class='ocrx_word' id='word_1_586' title='bbox 3194 3658 3339 3712; x_wconf 86' lang='lat' dir='ltr'><strong>inter</strong></span> <span class='ocrx_word' id='word_1_587' title='bbox 3396 3659 3568 3712; x_wconf 77' lang='lat' dir='ltr'><strong>nostri</strong></span> 
     </span>
    </p>
   </div>
   <div class='ocr_carea' id='block_1_84' title="bbox 1983 3745 2827 3810">
    <p class='ocr_par' dir='ltr' id='par_1_84' title="bbox 1983 3745 2827 3810">
     <span class='ocr_line' id='line_1_84' title="bbox 1983 3745 2827 3810; baseline -0.005 -8"><span class='ocrx_word' id='word_1_588' title='bbox 1983 3748 2251 3804; x_wconf 89' lang='lat' dir='ltr'><strong>sermonis</strong></span> <span class='ocrx_word' id='word_1_589' title='bbox 2273 3745 2481 3810; x_wconf 84' lang='lat' dir='ltr'><strong>nubila,</strong></span> <span class='ocrx_word' id='word_1_590' title='bbox 2513 3760 2827 3800; x_wconf 88' lang='lat' dir='ltr'><strong>coruscare.</strong></span> 
     </span>
    </p>
   </div>
   <div class='ocr_carea' id='block_1_85' title="bbox 2054 3836 3570 3905">
    <p class='ocr_par' dir='ltr' id='par_1_85' title="bbox 2054 3836 3570 3905">
     <span class='ocr_line' id='line_1_85' title="bbox 2054 3836 3570 3905; baseline -0.002 -11"><span class='ocrx_word' id='word_1_591' title='bbox 2054 3837 2459 3901; x_wconf 80' lang='lat' dir='ltr'><strong>Animadverte,</strong></span> <span class='ocrx_word' id='word_1_592' title='bbox 2510 3836 2704 3902; x_wconf 89' lang='lat' dir='ltr'><strong>lector,</strong></span> <span class='ocrx_word' id='word_1_593' title='bbox 2745 3845 2944 3905; x_wconf 86' lang='lat' dir='ltr'><strong>quanta</strong></span> <span class='ocrx_word' id='word_1_594' title='bbox 2975 3837 3047 3891; x_wconf 86' lang='lat' dir='ltr'><strong>sit</strong></span> <span class='ocrx_word' id='word_1_595' title='bbox 3070 3837 3168 3891; x_wconf 90' lang='lat' dir='ltr'><strong>has</strong></span> <span class='ocrx_word' id='word_1_596' title='bbox 3196 3838 3337 3892; x_wconf 91' lang='lat' dir='ltr'><strong>inter</strong></span> <span class='ocrx_word' id='word_1_597' title='bbox 3367 3838 3570 3905; x_wconf 83' lang='lat' dir='ltr'><strong>episto-</strong></span> 
     </span>
    </p>
   </div>
   <div class='ocr_carea' id='block_1_86' title="bbox 1984 3906 3569 3975">
    <p class='ocr_par' dir='ltr' id='par_1_86' title="bbox 1984 3906 3569 3975">
     <span class='ocr_line' id='line_1_86' title="bbox 1984 3906 3569 3975; baseline -0.004 -10"><span class='ocrx_word' id='word_1_598' title='bbox 1984 3912 2085 3975; x_wconf 89' lang='lat' dir='ltr'><strong>las,</strong></span> <span class='ocrx_word' id='word_1_599' title='bbox 2128 3918 2185 3964; x_wconf 91' lang='lat' dir='ltr'><strong>et</strong></span> <span class='ocrx_word' id='word_1_600' title='bbox 2230 3908 2424 3964; x_wconf 89' lang='lat' dir='ltr'><strong>librum</strong></span> <span class='ocrx_word' id='word_1_601' title='bbox 2453 3906 2522 3963; x_wconf 89' lang='lat' dir='ltr'><strong>de</strong></span> <span class='ocrx_word' id='word_1_602' title='bbox 2545 3906 2891 3962; x_wconf 81' lang='lat' dir='ltr'><strong>Institutione</strong></span> <span class='ocrx_word' id='word_1_603' title='bbox 2920 3907 3144 3975; x_wconf 86' lang='lat' dir='ltr'><strong>virginis</strong></span> <span class='ocrx_word' id='word_1_604' title='bbox 3176 3908 3241 3962; x_wconf 90' lang='lat' dir='ltr'><strong>ad</strong></span> <span class='ocrx_word' id='word_1_605' title='bbox 3270 3908 3569 3962; x_wconf 61' lang='lat' dir='ltr'><strong>Demetriao</strong></span> 
     </span>
    </p>
   </div>
   <div class='ocr_carea' id='block_1_87' title="bbox 1984 3978 3564 4045">
    <p class='ocr_par' dir='ltr' id='par_1_87' title="bbox 1984 3978 3564 4045">
     <span class='ocr_line' id='line_1_87' title="bbox 1984 3978 3564 4045; baseline -0.003 -10"><span class='ocrx_word' id='word_1_606' title='bbox 1984 3982 2130 4045; x_wconf 89' lang='lat' dir='ltr'><strong>dem,</strong></span> <span class='ocrx_word' id='word_1_607' title='bbox 2162 3978 2492 4038; x_wconf 87' lang='lat' dir='ltr'><strong>Latinitatis.</strong></span> <span class='ocrx_word' id='word_1_608' title='bbox 2523 3979 2947 4041; x_wconf 88' lang='lat' dir='ltr'><strong>sententiarum,</strong></span> <span class='ocrx_word' id='word_1_609' title='bbox 2982 3978 3273 4045; x_wconf 62' lang='lat' dir='ltr'><strong>figurautue</strong></span> <span class='ocrx_word' id='word_1_610' title='bbox 3319 3979 3564 4044; x_wconf 84' lang='lat' dir='ltr'><strong>dicendi,</strong></span> 
     </span>
    </p>
   </div>
   <div class='ocr_carea' id='block_1_88' title="bbox 1985 4047 3565 4119">
    <p class='ocr_par' dir='ltr' id='par_1_88' title="bbox 1985 4047 3565 4119">
     <span class='ocr_line' id='line_1_88' title="bbox 1985 4047 3565 4119; baseline -0.003 -12"><span class='ocrx_word' id='word_1_611' title='bbox 1985 4062 2039 4107; x_wconf 90' lang='lat' dir='ltr'><strong>et</strong></span> <span class='ocrx_word' id='word_1_612' title='bbox 2070 4065 2264 4106; x_wconf 85' lang='lat' dir='ltr'><strong>vocum</strong></span> <span class='ocrx_word' id='word_1_613' title='bbox 2289 4048 2559 4119; x_wconf 87' lang='lat' dir='ltr'><strong>cognatio,</strong></span> <span class='ocrx_word' id='word_1_614' title='bbox 2591 4058 2650 4103; x_wconf 92' lang='lat' dir='ltr'><strong>ut</strong></span> <span class='ocrx_word' id='word_1_615' title='bbox 2670 4049 2812 4103; x_wconf 89' lang='lat' dir='ltr'><strong>idem</strong></span> <span class='ocrx_word' id='word_1_616' title='bbox 2837 4047 3118 4117; x_wconf 84' lang='lat' dir='ltr'><strong>utriusque</strong></span> <span class='ocrx_word' id='word_1_617' title='bbox 3142 4049 3565 4103; x_wconf 87' lang='lat' dir='ltr'><strong>elucubrationis</strong></span> 
     </span>
    </p>
   </div>
   <div class='ocr_carea' id='block_1_89' title="bbox 1984 4119 3567 4190">
    <p class='ocr_par' dir='ltr' id='par_1_89' title="bbox 1984 4119 3567 4190">
     <span class='ocr_line' id='line_1_89' title="bbox 1984 4119 3567 4190; baseline -0.004 -13"><span class='ocrx_word' id='word_1_618' title='bbox 1984 4134 2173 4177; x_wconf 90' lang='lat' dir='ltr'><strong>auctor</strong></span> <span class='ocrx_word' id='word_1_619' title='bbox 2202 4129 2387 4189; x_wconf 88' lang='lat' dir='ltr'><strong>aperte</strong></span> <span class='ocrx_word' id='word_1_620' title='bbox 2414 4128 2617 4190; x_wconf 85' lang='lat' dir='ltr'><strong>pateat,</strong></span> <span class='ocrx_word' id='word_1_621' title='bbox 2651 4119 2955 4174; x_wconf 82' lang='lat' dir='ltr'><strong>Annianus.</strong></span> <span class='ocrx_word' id='word_1_622' title='bbox 2998 4119 3379 4190; x_wconf 74' lang='lat' dir='ltr'><strong>Animadverte</strong></span> <span class='ocrx_word' id='word_1_623' title='bbox 3423 4124 3567 4189; x_wconf 86' lang='lat' dir='ltr'><strong>pari-</strong></span> 
     </span>
    </p>
   </div>
   <div class='ocr_carea' id='block_1_90' title="bbox 1986 4186 3570 4261">
    <p class='ocr_par' dir='ltr' id='par_1_90' title="bbox 1986 4186 3570 4261">
     <span class='ocr_line' id='line_1_90' title="bbox 1986 4186 3570 4261; baseline -0.004 -14"><span class='ocrx_word' id='word_1_624' title='bbox 1986 4204 2068 4249; x_wconf 85' lang='lat' dir='ltr'><strong>ter</strong></span> <span class='ocrx_word' id='word_1_625' title='bbox 2089 4207 2194 4261; x_wconf 91' lang='lat' dir='ltr'><strong>quo</strong></span> <span class='ocrx_word' id='word_1_626' title='bbox 2220 4186 2436 4259; x_wconf 69' lang='lat' dir='ltr'><strong>merito,</strong></span> <span class='ocrx_word' id='word_1_627' title='bbox 2469 4201 2581 4244; x_wconf 91' lang='lat' dir='ltr'><strong>tum</strong></span> <span class='ocrx_word' id='word_1_628' title='bbox 2608 4190 2995 4261; x_wconf 81' lang='lat' dir='ltr'><strong>dissertatione</strong></span> <span class='ocrx_word' id='word_1_629' title='bbox 3023 4186 3077 4261; x_wconf 81' lang='lat' dir='ltr'><strong>l,</strong></span> <span class='ocrx_word' id='word_1_630' title='bbox 3097 4200 3209 4243; x_wconf 89' lang='lat' dir='ltr'><strong>tum</strong></span> <span class='ocrx_word' id='word_1_631' title='bbox 3237 4186 3570 4245; x_wconf 80' lang='lat' dir='ltr'><strong>recensendo</strong></span> 
     </span>
    </p>
   </div>
   <div class='ocr_carea' id='block_1_91' title="bbox 1984 4258 3566 4332">
    <p class='ocr_par' dir='ltr' id='par_1_91' title="bbox 1984 4258 3566 4332">
     <span class='ocr_line' id='line_1_91' title="bbox 1984 4258 3566 4332; baseline -0.002 -15"><span class='ocrx_word' id='word_1_632' title='bbox 1984 4258 2264 4332; x_wconf 77' lang='lat' dir='ltr'><strong>episiolam</strong></span> <span class='ocrx_word' id='word_1_633' title='bbox 2293 4263 2359 4316; x_wconf 91' lang='lat' dir='ltr'><strong>ad</strong></span> <span class='ocrx_word' id='word_1_634' title='bbox 2384 4260 2807 4332; x_wconf 82' lang='lat' dir='ltr'><strong>Demetriadem,</strong></span> <span class='ocrx_word' id='word_1_635' title='bbox 2835 4258 3009 4313; x_wconf 83' lang='lat' dir='ltr'><strong>dictus</strong></span> <span class='ocrx_word' id='word_1_636' title='bbox 3039 4260 3109 4332; x_wconf 82' lang='lat' dir='ltr'><strong>sit</strong></span> <span class='ocrx_word' id='word_1_637' title='bbox 3140 4262 3435 4332; x_wconf 53' lang='lat' dir='ltr'><strong>Annianus</strong></span> <span class='ocrx_word' id='word_1_638' title='bbox 3466 4262 3566 4314; x_wconf 80' lang='lat' dir='ltr'><strong>Pc-</strong></span> 
     </span>
    </p>
   </div>
   <div class='ocr_carea' id='block_1_92' title="bbox 1986 4329 3567 4402">
    <p class='ocr_par' dir='ltr' id='par_1_92' title="bbox 1986 4329 3567 4402">
     <span class='ocr_line' id='line_1_92' title="bbox 1986 4329 3567 4402; baseline 0.001 -17"><span class='ocrx_word' id='word_1_639' title='bbox 1986 4329 2109 4401; x_wconf 80' lang='lat' dir='ltr'><strong>lagii</strong></span> <span class='ocrx_word' id='word_1_640' title='bbox 2133 4332 2391 4401; x_wconf 85' lang='lat' dir='ltr'><strong>armiger,</strong></span> <span class='ocrx_word' id='word_1_641' title='bbox 2418 4341 2478 4385; x_wconf 90' lang='lat' dir='ltr'><strong>ut</strong></span> <span class='ocrx_word' id='word_1_642' title='bbox 2521 4331 2596 4385; x_wconf 89' lang='lat' dir='ltr'><strong>ait</strong></span> <span class='ocrx_word' id='word_1_643' title='bbox 2624 4330 2871 4398; x_wconf 89' lang='lat' dir='ltr'><strong>Orosius,</strong></span> <span class='ocrx_word' id='word_1_644' title='bbox 2904 4339 2961 4385; x_wconf 90' lang='lat' dir='ltr'><strong>et</strong></span> <span class='ocrx_word' id='word_1_645' title='bbox 2988 4329 3155 4385; x_wconf 84' lang='lat' dir='ltr'><strong>veluti</strong></span> <span class='ocrx_word' id='word_1_646' title='bbox 3187 4331 3392 4402; x_wconf 86' lang='lat' dir='ltr'><strong>lingua,</strong></span> <span class='ocrx_word' id='word_1_647' title='bbox 3423 4332 3567 4402; x_wconf 87' lang='lat' dir='ltr'><strong>quod</strong></span> 
     </span>
    </p>
   </div>
   <div class='ocr_carea' id='block_1_93' title="bbox 1986 4403 2567 4470">
    <p class='ocr_par' dir='ltr' id='par_1_93' title="bbox 1986 4403 2567 4470">
     <span class='ocr_line' id='line_1_93' title="bbox 1986 4403 2567 4470; baseline -0.003 -13"><span class='ocrx_word' id='word_1_648' title='bbox 1986 4403 2160 4458; x_wconf 89' lang='lat' dir='ltr'><strong>innuit</strong></span> <span class='ocrx_word' id='word_1_649' title='bbox 2184 4404 2567 4470; x_wconf 81' lang='lat' dir='ltr'><strong>Hieronymus.</strong></span> 
     </span>
    </p>
   </div>
   <div class='ocr_carea' id='block_1_94' title="bbox 1407 4618 2441 4706">
    <p class='ocr_par' dir='ltr' id='par_1_94' title="bbox 1407 4618 2441 4706">
     <span class='ocr_line' id='line_1_94' title="bbox 1407 4618 2441 4706; baseline -0.008 -1"><span class='ocrx_word' id='word_1_650' title='bbox 1407 4618 2186 4706; x_wconf 84' lang='lat' dir='ltr'><strong>DISSERTATIO</strong></span> <span class='ocrx_word' id='word_1_651' title='bbox 2240 4619 2441 4702; x_wconf 86' lang='lat' dir='ltr'><strong>VII.</strong></span> 
     </span>
    </p>
   </div>
   <div class='ocr_carea' id='block_1_95' title="bbox 782 4755 3079 4818">
    <p class='ocr_par' dir='ltr' id='par_1_95' title="bbox 782 4755 3079 4818">
     <span class='ocr_line' id='line_1_95' title="bbox 782 4755 3079 4818; baseline -0 -8"><span class='ocrx_word' id='word_1_652' title='bbox 782 4760 866 4810; x_wconf 84' lang='lat' dir='ltr'><strong>DE</strong></span> <span class='ocrx_word' id='word_1_653' title='bbox 898 4758 1067 4811; x_wconf 80' lang='lat' dir='ltr'><strong>ORTU</strong></span> <span class='ocrx_word' id='word_1_654' title='bbox 1104 4758 1183 4809; x_wconf 87' lang='lat' dir='ltr'>ET</span> <span class='ocrx_word' id='word_1_655' title='bbox 1217 4759 1637 4811; x_wconf 68' lang='lat' dir='ltr'><strong>lNCREMENTlS</strong></span> <span class='ocrx_word' id='word_1_656' title='bbox 1669 4758 1952 4809; x_wconf 66' lang='lat' dir='ltr'><strong>HBRESIS</strong></span> <span class='ocrx_word' id='word_1_657' title='bbox 1986 4757 2132 4818; x_wconf 63' lang='lat' dir='ltr'><strong>QUAS</strong></span> <span class='ocrx_word' id='word_1_658' title='bbox 2163 4757 2207 4807; x_wconf 77' lang='grc' dir='ltr'><strong>Δ</strong></span> <span class='ocrx_word' id='word_1_659' title='bbox 2238 4755 2511 4810; x_wconf 78' lang='lat' dir='ltr'><strong>PELAGIO</strong></span> <span class='ocrx_word' id='word_1_660' title='bbox 2546 4756 2765 4809; x_wconf 75' lang='lat' dir='ltr'><strong>NOMEN</strong></span> <span class='ocrx_word' id='word_1_661' title='bbox 2800 4757 3079 4809; x_wconf 75' lang='lat' dir='ltr'><strong>ACCEPIT.</strong></span> 
     </span>
    </p>
   </div>
   <div class='ocr_carea' id='block_1_96' title="bbox 292 4863 3567 4945">
    <p class='ocr_par' dir='ltr' id='par_1_96' title="bbox 292 4863 3567 4945">
     <span class='ocr_line' id='line_1_96' title="bbox 292 4863 3567 4945; baseline -0.001 -14"><span class='ocrx_word' id='word_1_662' title='bbox 292 4867 388 4931; x_wconf 79' lang='lat' dir='ltr'><strong>Ad</strong></span> <span class='ocrx_word' id='word_1_663' title='bbox 419 4868 558 4932; x_wconf 72' lang='lat' dir='ltr'><strong>haec</strong></span> <span class='ocrx_word' id='word_1_664' title='bbox 588 4868 779 4929; x_wconf 84' lang='lat' dir='ltr'><strong>verba</strong></span> <span class='ocrx_word' id='word_1_665' title='bbox 814 4868 999 4929; x_wconf 86' lang='lat' dir='ltr'><strong>Marii</strong></span> <span class='ocrx_word' id='word_1_666' title='bbox 1038 4868 1417 4930; x_wconf 81' lang='lat' dir='ltr'><strong>MercatOris</strong></span> <span class='ocrx_word' id='word_1_667' title='bbox 1449 4888 1467 4929; x_wconf 89' lang='lat'><strong>:</strong></span> <span class='ocrx_word' id='word_1_668' title='bbox 1500 4866 1789 4945; x_wconf 77' lang='lat' dir='ltr'><strong>Quinque</strong></span> <span class='ocrx_word' id='word_1_669' title='bbox 1824 4863 2785 4945; x_wconf 9' lang='lat' dir='ltr'><strong>capitulaiunnmrimpiissingam</strong></span> <span class='ocrx_word' id='word_1_670' title='bbox 2821 4872 2879 4924; x_wconf 82' lang='lat' dir='ltr'><strong>et</strong></span> <span class='ocrx_word' id='word_1_671' title='bbox 2910 4866 3240 4945; x_wconf 72' lang='lat' dir='ltr'><strong>nefandam</strong></span> <span class='ocrx_word' id='word_1_672' title='bbox 3269 4879 3567 4945; x_wconf 82' lang='lat' dir='ltr'><strong>generant</strong></span> 
     </span>
    </p>
   </div>
   <div class='ocr_carea' id='block_1_97' title="bbox 374 4942 3570 5024">
    <p class='ocr_par' dir='ltr' id='par_1_97' title="bbox 374 4942 3570 5024">
     <span class='ocr_line' id='line_1_97' title="bbox 374 4942 3570 5024; baseline 0 -17"><span class='ocrx_word' id='word_1_673' title='bbox 374 4950 789 5017; x_wconf 77' lang='lat' dir='ltr'><strong>sententiam;</strong></span> <span class='ocrx_word' id='word_1_674' title='bbox 825 4955 887 5010; x_wconf 92' lang='lat' dir='ltr'><strong>et</strong></span> <span class='ocrx_word' id='word_1_675' title='bbox 917 4950 1036 5010; x_wconf 82' lang='lat' dir='ltr'><strong>ista</strong></span> <span class='ocrx_word' id='word_1_676' title='bbox 1067 4968 1081 5006; x_wconf 93' lang='lat'><strong>:</strong></span> <span class='ocrx_word' id='word_1_677' title='bbox 1117 4949 1272 5007; x_wconf 85' lang='lat' dir='ltr'><strong>Tota</strong></span> <span class='ocrx_word' id='word_1_678' title='bbox 1296 4965 1531 5007; x_wconf 81' lang='lat' dir='ltr'><strong>summa</strong></span> <span class='ocrx_word' id='word_1_679' title='bbox 1566 4942 1767 5024; x_wconf 71' lang='lat' dir='ltr'><strong>inepti</strong></span> <span class='ocrx_word' id='word_1_680' title='bbox 1794 4955 1848 5005; x_wconf 89' lang='lat' dir='ltr'><strong>et</strong></span> <span class='ocrx_word' id='word_1_681' title='bbox 1879 4942 2076 5022; x_wconf 79' lang='lat' dir='ltr'><strong>magis</strong></span> <span class='ocrx_word' id='word_1_682' title='bbox 2106 4944 2283 5022; x_wconf 87' lang='lat' dir='ltr'><strong>impii</strong></span> <span class='ocrx_word' id='word_1_683' title='bbox 2307 4944 2560 5005; x_wconf 73' lang='lat' dir='ltr'><strong>Iuliani</strong></span> <span class='ocrx_word' id='word_1_684' title='bbox 2594 4942 2828 5004; x_wconf 80' lang='lat' dir='ltr'><strong>laboris</strong></span> <span class='ocrx_word' id='word_1_685' title='bbox 2857 4944 2938 5004; x_wconf 86' lang='lat' dir='ltr'><strong>ad</strong></span> <span class='ocrx_word' id='word_1_686' title='bbox 2962 4963 3149 5004; x_wconf 79' lang='lat' dir='ltr'><strong>unam</strong></span> <span class='ocrx_word' id='word_1_687' title='bbox 3181 4942 3441 5024; x_wconf 73' lang='lat' dir='ltr'><strong>proram</strong></span> <span class='ocrx_word' id='word_1_688' title='bbox 3473 4967 3570 5007; x_wconf 84' lang='lat' dir='ltr'><strong>re-</strong></span> 
     </span>
    </p>
   </div>
   <div class='ocr_carea' id='block_1_98' title="bbox 374 5025 1880 5104">
    <p class='ocr_par' dir='ltr' id='par_1_98' title="bbox 374 5025 1880 5104">
     <span class='ocr_line' id='line_1_98' title="bbox 374 5025 1880 5104; baseline -0.003 -16"><span class='ocrx_word' id='word_1_689' title='bbox 374 5027 517 5104; x_wconf 86' lang='lat' dir='ltr'><strong>digi</strong></span> <span class='ocrx_word' id='word_1_690' title='bbox 542 5027 794 5087; x_wconf 82' lang='lat' dir='ltr'><strong>videtur</strong></span> <span class='ocrx_word' id='word_1_691' title='bbox 817 5029 1208 5101; x_wconf 81' lang='lat' dir='ltr'><strong>sententiam,</strong></span> <span class='ocrx_word' id='word_1_692' title='bbox 1234 5034 1388 5086; x_wconf 69' lang='lat' dir='ltr'><strong>Abs:</strong></span> <span class='ocrx_word' id='word_1_693' title='bbox 1413 5025 1703 5104; x_wconf 75' lang='lat' dir='ltr'><strong>ridelicet</strong></span> <span class='ocrx_word' id='word_1_694' title='bbox 1730 5043 1810 5104; x_wconf 63' lang='grc' dir='ltr'><em>ετ</em></span> <span class='ocrx_word' id='word_1_695' title='bbox 1834 5025 1880 5084; x_wconf 86' lang='grc' dir='ltr'><strong>Ε</strong></span> 
     </span>
    </p>
   </div>
   <div class='ocr_carea' id='block_1_99' title="bbox 1986 5025 3568 5104">
    <p class='ocr_par' dir='ltr' id='par_1_99' title="bbox 2002 5039 3568 5103">
     <span class='ocr_line' id='line_1_99' title="bbox 2002 5039 3568 5103; baseline 0.003 -19"><span class='ocrx_word' id='word_1_696' title='bbox 2002 5039 2607 5085; x_wconf 65' lang='grc' dir='ltr'><strong>ΤΒΑΝεϐιιεεειοΝΕΜ</strong></span> <span class='ocrx_word' id='word_1_697' title='bbox 2636 5042 2747 5085; x_wconf 77' lang='lat' dir='ltr'><strong>E03</strong></span> <span class='ocrx_word' id='word_1_698' title='bbox 2775 5040 2900 5084; x_wconf 72' lang='lat' dir='ltr'><strong>NON</strong></span> <span class='ocrx_word' id='word_1_699' title='bbox 2927 5040 3178 5085; x_wconf 76' lang='lat' dir='ltr'><strong>FBCISSB</strong></span> <span class='ocrx_word' id='word_1_700' title='bbox 3207 5044 3568 5103; x_wconf 72' lang='lat' dir='ltr'><strong>MORTALES,</strong></span> 
     </span>
    </p>
   </div>
   <div class='ocr_carea' id='block_1_100' title="bbox 375 5102 1778 5185">
    <p class='ocr_par' dir='ltr' id='par_1_100' title="bbox 375 5102 1778 5185">
     <span class='ocr_line' id='line_1_100' title="bbox 375 5102 1778 5185; baseline -0.003 -18"><span class='ocrx_word' id='word_1_701' title='bbox 375 5102 499 5167; x_wconf 80' lang='lat' dir='ltr'><strong>etc.</strong></span> <span class='ocrx_word' id='word_1_702' title='bbox 533 5107 739 5185; x_wconf 73' lang='lat' dir='ltr'><strong>(Prtef.</strong></span> <span class='ocrx_word' id='word_1_703' title='bbox 772 5107 836 5165; x_wconf 92' lang='lat' dir='ltr'><strong>in</strong></span> <span class='ocrx_word' id='word_1_704' title='bbox 868 5107 981 5167; x_wconf 87' lang='lat' dir='ltr'><strong>lib.</strong></span> <span class='ocrx_word' id='word_1_705' title='bbox 1020 5106 1288 5168; x_wconf 89' lang='lat' dir='ltr'><strong>Subnot.</strong></span> <span class='ocrx_word' id='word_1_706' title='bbox 1323 5122 1502 5166; x_wconf 89' lang='lat' dir='ltr'><strong>num.</strong></span> <span class='ocrx_word' id='word_1_707' title='bbox 1533 5102 1571 5164; x_wconf 74' lang='lat' dir='ltr'><strong>lt</strong></span> <span class='ocrx_word' id='word_1_708' title='bbox 1597 5109 1660 5167; x_wconf 89' lang='lat' dir='ltr'><strong>et</strong></span> <span class='ocrx_word' id='word_1_709' title='bbox 1690 5103 1778 5184; x_wconf 90' lang='lat'><strong>9.)</strong></span> 
     </span>
    </p>
   </div>
   <div class='ocr_carea' id='block_1_101' title="bbox 814 5228 1373 5286">
    <p class='ocr_par' dir='ltr' id='par_1_101' title="bbox 814 5228 1373 5286">
     <span class='ocr_line' id='line_1_101' title="bbox 814 5228 1373 5286; baseline -0.004 -1"><span class='ocrx_word' id='word_1_710' title='bbox 814 5228 1042 5285; x_wconf 80' lang='lat' dir='ltr'><strong>CAPUT</strong></span> <span class='ocrx_word' id='word_1_711' title='bbox 1081 5228 1373 5286; x_wconf 74' lang='lat' dir='ltr'><strong>PRIMUM.</strong></span> 
     </span>
    </p>
   </div>
   <div class='ocr_carea' id='block_1_102' title="bbox 299 5317 1955 5392">
    <p class='ocr_par' dir='ltr' id='par_1_102' title="bbox 299 5317 1955 5392">
     <span class='ocr_line' id='line_1_102' title="bbox 299 5317 1955 5392; baseline -0.004 -17"><span class='ocrx_word' id='word_1_712' title='bbox 299 5321 447 5390; x_wconf 78' lang='lat' dir='ltr'><strong>Quid</strong></span> <span class='ocrx_word' id='word_1_713' title='bbox 472 5322 528 5375; x_wconf 84' lang='lat' dir='ltr'><strong>in</strong></span> <span class='ocrx_word' id='word_1_714' title='bbox 551 5321 645 5376; x_wconf 79' lang='lat' dir='ltr'><strong>hac</strong></span> <span class='ocrx_word' id='word_1_715' title='bbox 674 5321 1047 5388; x_wconf 79' lang='lat' dir='ltr'><strong>dissertatione,</strong></span> <span class='ocrx_word' id='word_1_716' title='bbox 1082 5328 1131 5375; x_wconf 86' lang='lat' dir='ltr'><strong>et</strong></span> <span class='ocrx_word' id='word_1_717' title='bbox 1156 5337 1257 5392; x_wconf 83' lang='lat' dir='ltr'><strong>qua</strong></span> <span class='ocrx_word' id='word_1_718' title='bbox 1280 5320 1480 5375; x_wconf 81' lang='lat' dir='ltr'><strong>ratione</strong></span> <span class='ocrx_word' id='word_1_719' title='bbox 1506 5317 1878 5391; x_wconf 74' lang='lat' dir='ltr'><strong>prwstandum.</strong></span> <span class='ocrx_word' id='word_1_720' title='bbox 1946 5360 1955 5367; x_wconf 44' lang='grc' dir='ltr'>κ</span> 
     </span>
    </p>
   </div>
   <div class='ocr_carea' id='block_1_103' title="bbox 368 5430 1886 5503">
    <p class='ocr_par' dir='ltr' id='par_1_103' title="bbox 368 5430 1886 5503">
     <span class='ocr_line' id='line_1_103' title="bbox 368 5430 1886 5503; baseline -0.001 -17"><span class='ocrx_word' id='word_1_721' title='bbox 368 5433 489 5500; x_wconf 90' lang='lat' dir='ltr'><strong>Quo</strong></span> <span class='ocrx_word' id='word_1_722' title='bbox 510 5442 754 5502; x_wconf 88' lang='lat' dir='ltr'><strong>tempore</strong></span> <span class='ocrx_word' id='word_1_723' title='bbox 783 5432 1022 5487; x_wconf 75' lang='lat' dir='ltr'><strong>Hilarius</strong></span> <span class='ocrx_word' id='word_1_724' title='bbox 1057 5430 1358 5487; x_wconf 87' lang='lat' dir='ltr'><strong>monachus</strong></span> <span class='ocrx_word' id='word_1_725' title='bbox 1389 5431 1886 5503; x_wconf 74' lang='lat' dir='ltr'><strong>SyracusisAugu-</strong></span> 
     </span>
    </p>
   </div>
   <div class='ocr_carea' id='block_1_104' title="bbox 295 5501 1880 5573">
    <p class='ocr_par' dir='ltr' id='par_1_104' title="bbox 295 5501 1880 5573">
     <span class='ocr_line' id='line_1_104' title="bbox 295 5501 1880 5573; baseline -0.001 -17"><span class='ocrx_word' id='word_1_726' title='bbox 295 5505 502 5557; x_wconf 86' lang='lat' dir='ltr'><strong>stinnm</strong></span> <span class='ocrx_word' id='word_1_727' title='bbox 526 5501 798 5559; x_wconf 77' lang='lat' dir='ltr'><strong>consuluit</strong></span> <span class='ocrx_word' id='word_1_728' title='bbox 816 5503 885 5559; x_wconf 92' lang='lat' dir='ltr'><strong>de</strong></span> <span class='ocrx_word' id='word_1_729' title='bbox 906 5502 1301 5573; x_wconf 66' lang='lat' dir='ltr'><strong>quaestionibus</strong></span> <span class='ocrx_word' id='word_1_730' title='bbox 1328 5501 1464 5572; x_wconf 85' lang='lat' dir='ltr'><strong>quas</strong></span> <span class='ocrx_word' id='word_1_731' title='bbox 1488 5503 1541 5556; x_wconf 90' lang='lat' dir='ltr'><strong>in</strong></span> <span class='ocrx_word' id='word_1_732' title='bbox 1563 5501 1749 5557; x_wconf 84' lang='lat' dir='ltr'><strong>Sicilia</strong></span> <span class='ocrx_word' id='word_1_733' title='bbox 1774 5501 1880 5573; x_wconf 78' lang='lat' dir='ltr'><strong>Pe-</strong></span> 
     </span>
    </p>
   </div>
   <div class='ocr_carea' id='block_1_105' title="bbox 289 5571 1881 5645">
    <p class='ocr_par' dir='ltr' id='par_1_105' title="bbox 289 5571 1881 5645">
     <span class='ocr_line' id='line_1_105' title="bbox 289 5571 1881 5645; baseline -0.002 -18"><span class='ocrx_word' id='word_1_734' title='bbox 289 5573 476 5636; x_wconf 78' lang='lat' dir='ltr'><strong>lagius</strong></span> <span class='ocrx_word' id='word_1_735' title='bbox 512 5571 1258 5645; x_wconf 69' lang='lat' dir='ltr'><strong>leestinsquemovebant,</strong></span> <span class='ocrx_word' id='word_1_736' title='bbox 1304 5573 1529 5645; x_wconf 69' lang='lat' dir='ltr'><strong>luercsis</strong></span> <span class='ocrx_word' id='word_1_737' title='bbox 1577 5571 1881 5645; x_wconf 57' lang='lat' dir='ltr'><strong>constabat,</strong></span> 
     </span>
    </p>
   </div>
   <div class='ocr_carea' id='block_1_106' title="bbox 297 5637 1883 5714">
    <p class='ocr_par' dir='ltr' id='par_1_106' title="bbox 297 5637 1883 5714">
     <span class='ocr_line' id='line_1_106' title="bbox 297 5637 1883 5714; baseline 0.001 -19"><span class='ocrx_word' id='word_1_738' title='bbox 297 5656 395 5697; x_wconf 84' lang='lat' dir='ltr'><strong>aut</strong></span> <span class='ocrx_word' id='word_1_739' title='bbox 437 5658 686 5700; x_wconf 87' lang='lat' dir='ltr'><strong>constare</strong></span> <span class='ocrx_word' id='word_1_740' title='bbox 726 5637 908 5714; x_wconf 65' lang='lat' dir='ltr'><strong>potius</strong></span> <span class='ocrx_word' id='word_1_741' title='bbox 955 5637 1282 5699; x_wconf 85' lang='lat' dir='ltr'><strong>credebatur</strong></span> <span class='ocrx_word' id='word_1_742' title='bbox 1326 5644 1531 5697; x_wconf 85' lang='lat' dir='ltr'><strong>Hilario</strong></span> <span class='ocrx_word' id='word_1_743' title='bbox 1569 5637 1763 5713; x_wconf 82' lang='lat' dir='ltr'><strong>(Epist.</strong></span> <span class='ocrx_word' id='word_1_744' title='bbox 1791 5644 1883 5707; x_wconf 81' lang='lat'><strong>88,</strong></span> 
     </span>
    </p>
   </div>
   <div class='ocr_carea' id='block_1_107' title="bbox 299 5714 1884 5786">
    <p class='ocr_par' dir='ltr' id='par_1_107' title="bbox 299 5714 1884 5786">
     <span class='ocr_line' id='line_1_107' title="bbox 299 5714 1884 5786; baseline 0 -21"><span class='ocrx_word' id='word_1_745' title='bbox 299 5716 439 5768; x_wconf 81' lang='lat' dir='ltr'><strong>inter</strong></span> <span class='ocrx_word' id='word_1_746' title='bbox 467 5715 730 5785; x_wconf 52' lang='lat' dir='ltr'><strong>August),</strong></span> <span class='ocrx_word' id='word_1_747' title='bbox 756 5718 993 5786; x_wconf 88' lang='lat' dir='ltr'><strong>quinque</strong></span> <span class='ocrx_word' id='word_1_748' title='bbox 1022 5716 1103 5767; x_wconf 89' lang='lat' dir='ltr'><strong>Itis</strong></span> <span class='ocrx_word' id='word_1_749' title='bbox 1130 5714 1373 5786; x_wconf 72' lang='lat' dir='ltr'><strong>partibus</strong></span> <span class='ocrx_word' id='word_1_750' title='bbox 1398 5731 1411 5767; x_wconf 90' lang='lat'><strong>:</strong></span> <span class='ocrx_word' id='word_1_751' title='bbox 1446 5714 1601 5767; x_wconf 80' lang='lat' dir='ltr'><strong>Posse</strong></span> <span class='ocrx_word' id='word_1_752' title='bbox 1627 5714 1884 5786; x_wconf 82' lang='lat' dir='ltr'><strong>hominem</strong></span> 
     </span>
    </p>
   </div>
   <div class='ocr_carea' id='block_1_108' title="bbox 302 5785 1885 5859">
    <p class='ocr_par' dir='ltr' id='par_1_108' title="bbox 302 5785 1885 5859">
     <span class='ocr_line' id='line_1_108' title="bbox 302 5785 1885 5859; baseline 0.001 -22"><span class='ocrx_word' id='word_1_753' title='bbox 302 5801 416 5840; x_wconf 78' lang='lat' dir='ltr'><strong>esse</strong></span> <span class='ocrx_word' id='word_1_754' title='bbox 453 5788 557 5844; x_wconf 80' lang='lat' dir='ltr'><strong>sine</strong></span> <span class='ocrx_word' id='word_1_755' title='bbox 582 5800 813 5859; x_wconf 84' lang='lat' dir='ltr'><strong>peccato,</strong></span> <span class='ocrx_word' id='word_1_756' title='bbox 847 5785 911 5842; x_wconf 82' lang='lat' dir='ltr'><strong>et</strong></span> <span class='ocrx_word' id='word_1_757' title='bbox 940 5787 1183 5842; x_wconf 81' lang='lat' dir='ltr'><strong>mandata</strong></span> <span class='ocrx_word' id='word_1_758' title='bbox 1215 5785 1310 5841; x_wconf 87' lang='lat' dir='ltr'><strong>Dei</strong></span> <span class='ocrx_word' id='word_1_759' title='bbox 1340 5785 1490 5856; x_wconf 78' lang='lat' dir='ltr'><strong>facile</strong></span> <span class='ocrx_word' id='word_1_760' title='bbox 1527 5786 1805 5849; x_wconf 80' lang='lat' dir='ltr'><strong>custodire,</strong></span> <span class='ocrx_word' id='word_1_761' title='bbox 1840 5785 1885 5838; x_wconf 79' lang='lat' dir='ltr'><strong>si</strong></span> 
     </span>
    </p>
   </div>
   <div class='ocr_carea' id='block_1_109' title="bbox 1916 5221 3571 5310">
    <p class='ocr_par' dir='ltr' id='par_1_109' title="bbox 1916 5221 3571 5310">
     <span class='ocr_line' id='line_1_109' title="bbox 1916 5221 3571 5310; baseline 0.005 -36"><span class='ocrx_word' id='word_1_762' title='bbox 1916 5225 1964 5284; x_wconf 90' lang='lat' dir='ltr'>D</span> <span class='ocrx_word' id='word_1_763' title='bbox 1990 5221 2143 5304; x_wconf 75' lang='lat' dir='ltr'><strong>uelit;</strong></span> <span class='ocrx_word' id='word_1_764' title='bbox 2190 5223 2447 5306; x_wconf 44' lang='lat' dir='ltr'><strong>infantem.</strong></span> <span class='ocrx_word' id='word_1_765' title='bbox 2480 5240 2582 5277; x_wconf 80' lang='lat' dir='ltr'><strong>non</strong></span> <span class='ocrx_word' id='word_1_766' title='bbox 2611 5223 2923 5307; x_wconf 74' lang='lat' dir='ltr'><strong>baptizatum</strong></span> <span class='ocrx_word' id='word_1_767' title='bbox 2957 5242 3061 5281; x_wconf 80' lang='lat' dir='ltr'><strong>non</strong></span> <span class='ocrx_word' id='word_1_768' title='bbox 3092 5244 3243 5310; x_wconf 73' lang='lat' dir='ltr'><strong>posse</strong></span> <span class='ocrx_word' id='word_1_769' title='bbox 3274 5231 3443 5300; x_wconf 78' lang='lat' dir='ltr'><strong>perire</strong></span> <span class='ocrx_word' id='word_1_770' title='bbox 3467 5248 3571 5283; x_wconf 67' lang='lat' dir='ltr'><strong>me~</strong></span> 
     </span>
    </p>
   </div>
   <div class='ocr_carea' id='block_1_110' title="bbox 1989 5294 3568 5364">
    <p class='ocr_par' dir='ltr' id='par_1_110' title="bbox 1989 5294 3568 5364">
     <span class='ocr_line' id='line_1_110' title="bbox 1989 5294 3568 5364; baseline 0.004 -17"><span class='ocrx_word' id='word_1_771' title='bbox 1989 5295 2109 5353; x_wconf 84' lang='lat' dir='ltr'><strong>rita.</strong></span> <span class='ocrx_word' id='word_1_772' title='bbox 2134 5296 2377 5363; x_wconf 84' lang='lat' dir='ltr'><strong>quoniam</strong></span> <span class='ocrx_word' id='word_1_773' title='bbox 2403 5294 2511 5348; x_wconf 83' lang='lat' dir='ltr'><strong>sine</strong></span> <span class='ocrx_word' id='word_1_774' title='bbox 2533 5306 2736 5363; x_wconf 70' lang='lat' dir='ltr'><strong>procan</strong></span> <span class='ocrx_word' id='word_1_775' title='bbox 2766 5297 3028 5364; x_wconf 81' lang='lat' dir='ltr'><strong>nascitur;</strong></span> <span class='ocrx_word' id='word_1_776' title='bbox 3050 5294 3254 5353; x_wconf 79' lang='lat' dir='ltr'><strong>divitem</strong></span> <span class='ocrx_word' id='word_1_777' title='bbox 3275 5294 3568 5356; x_wconf 59' lang='lat' dir='ltr'><strong>&#39;manentern</strong></span> 
     </span>
    </p>
   </div>
   <div class='ocr_carea' id='block_1_111' title="bbox 1989 5364 3570 5441">
    <p class='ocr_par' dir='ltr' id='par_1_111' title="bbox 1989 5364 3570 5441">
     <span class='ocr_line' id='line_1_111' title="bbox 1989 5364 3570 5441; baseline 0.005 -25"><span class='ocrx_word' id='word_1_778' title='bbox 1989 5365 2044 5417; x_wconf 86' lang='lat' dir='ltr'><strong>in</strong></span> <span class='ocrx_word' id='word_1_779' title='bbox 2092 5364 2284 5441; x_wconf 68' lang='lat' dir='ltr'><strong>diuitiis</strong></span> <span class='ocrx_word' id='word_1_780' title='bbox 2329 5365 2435 5418; x_wconf 76' lang='lat' dir='ltr'><strong>suis</strong></span> <span class='ocrx_word' id='word_1_781' title='bbox 2462 5381 2701 5441; x_wconf 79' lang='lat' dir='ltr'><strong>__r_egnum</strong></span> <span class='ocrx_word' id='word_1_782' title='bbox 2746 5366 2843 5421; x_wconf 85' lang='lat' dir='ltr'><strong>Dei</strong></span> <span class='ocrx_word' id='word_1_783' title='bbox 2888 5384 2991 5441; x_wconf 85' lang='lat' dir='ltr'><strong>non</strong></span> <span class='ocrx_word' id='word_1_784' title='bbox 3021 5371 3431 5441; x_wconf 78' lang='lat' dir='ltr'><strong>posseingredi,</strong></span> <span class='ocrx_word' id='word_1_785' title='bbox 3472 5373 3570 5425; x_wconf 63' lang='lat' dir='ltr'><strong>nisi</strong></span> 
     </span>
    </p>
   </div>
   <div class='ocr_carea' id='block_1_112' title="bbox 1991 5435 3570 5513">
    <p class='ocr_par' dir='ltr' id='par_1_112' title="bbox 1991 5435 3570 5513">
     <span class='ocr_line' id='line_1_112' title="bbox 1991 5435 3570 5513; baseline 0.004 -26"><span class='ocrx_word' id='word_1_786' title='bbox 1991 5435 2163 5513; x_wconf 76' lang='lat' dir='ltr'><strong>omnia</strong></span> <span class='ocrx_word' id='word_1_787' title='bbox 2201 5451 2297 5513; x_wconf 69' lang='lat' dir='ltr'><strong>sua</strong></span> <span class='ocrx_word' id='word_1_788' title='bbox 2333 5435 2648 5513; x_wconf 61' lang='lat' dir='ltr'><strong>vendiderit,</strong></span> <span class='ocrx_word' id='word_1_789' title='bbox 2707 5454 2798 5513; x_wconf 69' lang='lat' dir='ltr'><strong>nec</strong></span> <span class='ocrx_word' id='word_1_790' title='bbox 2825 5435 3066 5513; x_wconf 76' lang='lat' dir='ltr'><strong>prodesse</strong></span> <span class='ocrx_word' id='word_1_791' title='bbox 3110 5435 3284 5494; x_wconf 59' lang='lat' dir='ltr'><strong>eicient</strong></span> <span class='ocrx_word' id='word_1_792' title='bbox 3325 5435 3493 5513; x_wconf 72' lang='lat' dir='ltr'><strong>posse.</strong></span> <span class='ocrx_word' id='word_1_793' title='bbox 3523 5445 3570 5495; x_wconf 83' lang='lat' dir='ltr'><strong>si</strong></span> 
     </span>
    </p>
   </div>
   <div class='ocr_carea' id='block_1_113' title="bbox 1992 5504 3571 5576">
    <p class='ocr_par' dir='ltr' id='par_1_113' title="bbox 1992 5504 3571 5576">
     <span class='ocr_line' id='line_1_113' title="bbox 1992 5504 3571 5576; baseline 0.006 -20"><span class='ocrx_word' id='word_1_794' title='bbox 1992 5504 2123 5573; x_wconf 74' lang='lat' dir='ltr'><strong>forte</strong></span> <span class='ocrx_word' id='word_1_795' title='bbox 2149 5521 2216 5559; x_wconf 74' lang='lat' dir='ltr'><strong>ea:</strong></span> <span class='ocrx_word' id='word_1_796' title='bbox 2243 5506 2372 5575; x_wconf 79' lang='lat' dir='ltr'><strong>ipsis</strong></span> <span class='ocrx_word' id='word_1_797' title='bbox 2401 5506 2593 5576; x_wconf 80' lang='lat' dir='ltr'><strong>divitiis</strong></span> <span class='ocrx_word' id='word_1_798' title='bbox 2619 5509 2793 5575; x_wconf 76' lang='lat' dir='ltr'><strong>fecerit</strong></span> <span class='ocrx_word' id='word_1_799' title='bbox 2824 5504 3105 5576; x_wconf 76' lang='lat' dir='ltr'><strong>mandata;</strong></span> <span class='ocrx_word' id='word_1_800' title='bbox 3132 5528 3234 5566; x_wconf 82' lang='lat' dir='ltr'><strong>non</strong></span> <span class='ocrx_word' id='word_1_801' title='bbox 3257 5504 3437 5569; x_wconf 55' lang='lat' dir='ltr'><strong>debere</strong></span> <span class='ocrx_word' id='word_1_802' title='bbox 3461 5529 3571 5566; x_wconf 48' lang='lat' dir='ltr'><strong>om-</strong></span> 
     </span>
    </p>
   </div>
   <div class='ocr_carea' id='block_1_114' title="bbox 1992 5575 3571 5649">
    <p class='ocr_par' dir='ltr' id='par_1_114' title="bbox 1992 5575 3571 5649">
     <span class='ocr_line' id='line_1_114' title="bbox 1992 5575 3571 5649; baseline 0.006 -23"><span class='ocrx_word' id='word_1_803' title='bbox 1992 5576 2114 5628; x_wconf 85' lang='lat' dir='ltr'><strong>uino</strong></span> <span class='ocrx_word' id='word_1_804' title='bbox 2155 5576 2359 5643; x_wconf 82' lang='lat' dir='ltr'><strong>jurari;</strong></span> <span class='ocrx_word' id='word_1_805' title='bbox 2408 5575 2727 5643; x_wconf 79' lang='lat' dir='ltr'><strong>Ecclesium,</strong></span> <span class='ocrx_word' id='word_1_806' title='bbox 2774 5596 2889 5645; x_wconf 72' lang='lat' dir='ltr'><strong>qua:</strong></span> <span class='ocrx_word' id='word_1_807' title='bbox 2930 5575 3205 5649; x_wconf 53' lang='grc' dir='ltr'><strong>κωπίω,</strong></span> <span class='ocrx_word' id='word_1_808' title='bbox 3238 5601 3341 5638; x_wconf 83' lang='lat' dir='ltr'><strong>non</strong></span> <span class='ocrx_word' id='word_1_809' title='bbox 3384 5583 3571 5637; x_wconf 71' lang='lat' dir='ltr'><strong>habere</strong></span> 
     </span>
    </p>
   </div>
   <div class='ocr_carea' id='block_1_115' title="bbox 1992 5649 3460 5725">
    <p class='ocr_par' dir='ltr' id='par_1_115' title="bbox 1992 5649 3460 5725">
     <span class='ocr_line' id='line_1_115' title="bbox 1992 5649 3460 5725; baseline 0.005 -27"><span class='ocrx_word' id='word_1_810' title='bbox 1992 5662 2191 5725; x_wconf 59' lang='lat' dir='ltr'><strong>rugam,</strong></span> <span class='ocrx_word' id='word_1_811' title='bbox 2228 5663 2387 5714; x_wconf 82' lang='lat' dir='ltr'><strong>neque</strong></span> <span class='ocrx_word' id='word_1_812' title='bbox 2416 5649 2768 5725; x_wconf 70' lang='lat' dir='ltr'><strong>uinculum,_et</strong></span> <span class='ocrx_word' id='word_1_813' title='bbox 2789 5651 2899 5704; x_wconf 82' lang='lat' dir='ltr'><strong>sine</strong></span> <span class='ocrx_word' id='word_1_814' title='bbox 2927 5662 3131 5725; x_wconf 74' lang='lat' dir='ltr'><strong>peccato</strong></span> <span class='ocrx_word' id='word_1_815' title='bbox 3157 5670 3267 5709; x_wconf 80' lang='lat' dir='ltr'><strong>esse</strong></span> <span class='ocrx_word' id='word_1_816' title='bbox 3295 5671 3460 5725; x_wconf 81' lang='lat' dir='ltr'><strong>posse.</strong></span> 
     </span>
    </p>
   </div>
   <div class='ocr_carea' id='block_1_116' title="bbox 2064 5713 3570 5786">
    <p class='ocr_par' dir='ltr' id='par_1_116' title="bbox 2064 5713 3570 5786">
     <span class='ocr_line' id='line_1_116' title="bbox 2064 5713 3570 5786; baseline 0.003 -16"><span class='ocrx_word' id='word_1_817' title='bbox 2064 5713 2345 5771; x_wconf 77' lang='lat' dir='ltr'><strong>Postrema</strong></span> <span class='ocrx_word' id='word_1_818' title='bbox 2382 5719 2635 5786; x_wconf 85' lang='lat' dir='ltr'><strong>partium,</strong></span> <span class='ocrx_word' id='word_1_819' title='bbox 2675 5721 2719 5773; x_wconf 88' lang='lat' dir='ltr'><strong>si</strong></span> <span class='ocrx_word' id='word_1_820' title='bbox 2751 5713 2938 5775; x_wconf 63' lang='lat' dir='ltr'><strong>tatnen&#39;</strong></span> <span class='ocrx_word' id='word_1_821' title='bbox 2972 5723 3068 5776; x_wconf 85' lang='lat' dir='ltr'><strong>luit</strong></span> <span class='ocrx_word' id='word_1_822' title='bbox 3099 5725 3273 5781; x_wconf 84' lang='lat' dir='ltr'><strong>unica.</strong></span> <span class='ocrx_word' id='word_1_823' title='bbox 3295 5713 3460 5777; x_wconf 78' lang='lat' dir='ltr'><strong>&#39;tacile</strong></span> <span class='ocrx_word' id='word_1_824' title='bbox 3506 5724 3570 5776; x_wconf 81' lang='lat' dir='ltr'><strong>ad</strong></span> 
     </span>
    </p>
   </div>
   <div class='ocr_carea' id='block_1_117' title="bbox 1992 5788 3570 5859">
    <p class='ocr_par' dir='ltr' id='par_1_117' title="bbox 1992 5788 3570 5859">
     <span class='ocr_line' id='line_1_117' title="bbox 1992 5788 3570 5859; baseline 0.003 -18"><span class='ocrx_word' id='word_1_825' title='bbox 1992 5788 2221 5848; x_wconf 83' lang='lat' dir='ltr'><strong>primam</strong></span> <span class='ocrx_word' id='word_1_826' title='bbox 2266 5799 2515 5845; x_wconf 82' lang='lat' dir='ltr'><strong>revocata</strong></span> <span class='ocrx_word' id='word_1_827' title='bbox 2546 5801 2665 5845; x_wconf 86' lang='lat' dir='ltr'><strong>cst:</strong></span> <span class='ocrx_word' id='word_1_828' title='bbox 2710 5795 3040 5859; x_wconf 78' lang='lat' dir='ltr'><strong>posteriores</strong></span> <span class='ocrx_word' id='word_1_829' title='bbox 3080 5793 3203 5847; x_wconf 74' lang='lat' dir='ltr'><strong>dua:</strong></span> <span class='ocrx_word' id='word_1_830' title='bbox 3224 5795 3291 5848; x_wconf 87' lang='lat' dir='ltr'><strong>de</strong></span> <span class='ocrx_word' id='word_1_831' title='bbox 3318 5795 3570 5849; x_wconf 71' lang='lat' dir='ltr'><strong>divitibus</strong></span> 
     </span>
    </p>
   </div>
  </div>
