3962 6180
421 304 522 366 εει

875 311 968 366 AD
997 311 1280 368 PARTEM
1313 311 1576 367 PRIMAM
1608 312 1886 370 CPERUM
1923 313 1980 368 Mt

2094 314 2466 373 ERCATORIS
2499 314 2848 372 APPENDIX
2876 314 3219 372 SECUNDA.

3577 316 3687 376 632

416 423 831 501 etim-amento,
857 435 1074 501 propter
1094 426 1474 501 incredibilem
1497 441 1648 501 suam
1671 429 1788 501 sive
1809 429 1997 484 absur—
2029 433 2074 489 A
2103 444 2260 499 quam
2315 430 2456 486 facto
2511 433 2702 497 probat
2752 434 3102 501 Augustinus.

419 495 663 559 ditatem,
699 497 814 550 sive
842 495 1343 556 admirabilitatem.
1377 507 1436 551 ut
1466 497 1535 551 ab
1577 499 1832 554 omnibus
1859 515 1993 555 con-

418 575 658 639 temptae,
687 569 757 619 ita
781 583 810 618 a
833 567 945 639 suis
967 566 1195 639 desertae
1221 580 1348 620 sunt
1374 584 1388 639 ς
1414 567 1638 636 reliquie
1660 571 1778 622 dine
1805 574 1996 639 ingens

415 637 688 704 negotium
745 635 1028 690 catholica:
1060 636 1318 691 Ecclesia:
1366 635 1632 702 fecerunt,
1675 656 1795 694 cum
1827 635 1995 695 a'suis

415 707 729 759 auctoribus
764 708 1108 770 pertinaciter
1147 707 1594 772 defenderentur,
1625 719 1679 764 et
1720 711 1994 764 mentibus

415 790 610 850 parum
635 776 859 850 eruditis
886 793 950 829 eo
983 778 1197 850 facilius
1236 779 1705 850 persuaderentur,
1737 797 1844 850 quo
1877 781 1995 835 lon-

412 847 531 911 gius
586 846 736 908 fides,
781 863 885 916 qua
919 848 1156 903 creditur
1209 849 1404 903 divinae
1451 850 1636 916 gratite
1671 846 1989 916 necessitas,

412 929 625 983 qunque
667 927 944 984 peccatum
976 919 1224 988 originis,
1258 921 1544 973 binnanam
1585 920 1992 992 intelligentiam

411 997 656 1052 superat.

487 1057 702 1112 Duobus
727 1059 844 1113 istis
872 1059 1024 1129 quasi
1047 1061 1312 1126 capitibus
1333 1059 1606 1116 contineri
1634 1070 1798 1116 totam
1823 1064 1993 1118 hatre-

412 1127 536 1202 sitn,
567 1145 684 1202 qua:
713 1145 741 1184 a
764 1127 988 1202 l’cla'gio
1017 1146 1214 1186 nomen
1243 1134 1474 1198 accepit,
1505 1131 1704 1187 docent
1730 1142 1996 1202 quotquot

410 1199 583 1264 quinti
615 1201 802 1255 saeculi
833 1199 1126 1269 scriptores
1155 1217 1272 1255 eam
1309 1204 1623 1271 attigerunt.
1661 1199 1991 1271 Augustinus

413 1278 577 1340 touun
602 1271 1082 1340 comprehendisse
1111 1273 1212 1328 sibi
1242 1275 1389 1326 visus
1411 1281 1494 1326 est
1517 1272 1616 1328 hac
1640 1289 1744 1327 una
1769 1285 1994 1329 senten-

410 1341 483 1393 tia
516 1338 652 1410 (Lib.
685 1338 749 1395 de
780 1341 907 1397 Nat.
937 1353 986 1397 et
1015 1341 1166 1397 Grat.
1200 1359 1246 1396 c.
1285 1342 1341 1411 6)
1378 1360 1392 1396 :
1437 1341 1695 1396 Naturam
1729 1344 1993 1398 hominum

411 1427 571 1483 neque
599 1412 654 1466 in
684 1411 910 1480 paruulis
932 1413 1150 1483 medico,
1171 1414 1294 1481 quia
1317 1430 1445 1466 sana
1467 1424 1578 1478 est;
1611 1431 1768 1482 neque
1797 1417 1850 1469 in
1882 1432 1995 1468 ma-

409 1481 634 1564 joribus,
662 1485 846 1564 gratia:
874 1481 1142 1557 adjutorio'
1165 1499 1332 1556 egere,
1365 1485 1486 1552 quia
1522 1485 1618 1538 sibi
1641 1481 1894 1555 sufﬁciens
1917 1497 1992 1540 est

410 1550 478 1602 ad
509 1550 777 1609 iustitiam.
938 1550 955 1557 ⁷
1194 1550 1214 1556 ’
1318 1550 1350 1603 λ

500 1622 809 1696 Vincentius
843 1624 1162 1680 Lirinensis.
1211 1624 1340 1690 Quis
1377 1641 1620 1696 umquam
1657 1634 1774 1679 ante
1814 1629 1993 1696 profa-

411 1708 534 1768 num
555 1694 700 1768 illum
723 1694 994 1768 Pelagium
1017 1698 1473 1768 tantamrvirtutem
1495 1695 1643 1749 liberi
1668 1694 1992 1765 prmsumpsit

409 1763 629 1835 arbitrii,
662 1775 736 1832 ut,
789 1763 982 1821 ad'hoc
1029 1767 1080 1820 in
1109 1767 1253 1820 bonis
1284 1767 1432 1820 rebus
1457 1782 1545 1834 per
1584 1763 1726 1820 actus
1755 1763 1986 1835 singulos

409 1834 795 1907 adjuvattdum,
837 1837 1174 1892 necessariam
1211 1837 1303 1890 Dei
1342 1839 1564 1907 gratiam
1604 1853 1705 1907 non
1749 1834 1986 1907 putaret!

415 1902 544 1968 Quis
589 1915 706 1959 ante
754 1902 1109 1977 prodigiosum
1151 1902 1464 1974 discipulum
1511 1909 1623 1977 ejus
1669 1902 1984 1972 Ctelestittm,

409 1983 555 2026 reatu
588 1978 1020 2043 prtevaricationis
1049 1977 1176 2031 Adae
1206 1994 1352 2031 omne
1381 1995 1543 2047 genus
1571 1978 1850 2031 humanum
1894 1995 1985 2033 ne-

408 2048 542 2119 gavjt
567 2048 834 2119 astrictum
861 2047 950 2119 (In
978 2047 1282 2119 Commonit.
1318 2061 1456 2119 cont:
1490 2049 1616 2102 ha’r.
1647 2065 1694 2102 c.
1735 2050 1839 2104 56s
1872 2051 1914 2117 ).

483 2114 672 2189 Patres
692 2114 1136 2189 carthaginensis
1153 2120 1390 2189 concili.
1413 2117 1733 2174 Generaliter
1756 2114 1990 2189 quicum-

408 2200 506 2251 que
533 2188 867 2258 dogmatizat,
895 2199 943 2242 et
968 2189 1185 2259 afﬁrmat
1215 2188 1494 2259 humanam
1522 2190 1619 2242 sibi
1643 2189 1712 2241 ad
1741 2192 1989 2244 vincenda

411 2253 620 2321 peccata
663 2269 708 2312 et
739 2259 834 2313 Dei
861 2253 1106 2312 mandata
1107 2259 1372 2382 gacienda
1399 2253 1627 2330 iit/ﬁcere
1656 2275 1805 2328 posse
1834 2272 1988 2314 natu-

411 2342 540 2382 ram.
571 2336 619 2382 et
640 2345 698 2382 eo
722 2329 873 2382 modo
898 2332 1079 2382 oratiu:
1159 2331 1225 2382 ei.
1252 2346 1366 2382 aute
1387 2341 1683 2382 sanctorum
1704 2331 1987 2382 evidentius

407 2342 540 2401 ram,
571 2336 619 2382 et
640 2345 698 2401 eo
722 2329 873 2384 modo
898 2332 1079 2401 gratia:
1107 2329 1225 2401 Dei,
1252 2346 1366 2400 qua:
1387 2329 1683 2384 sanctorum
1704 2331 1987 2385 evidentius

409 2399 724 2454 orationibus
752 2399 1066 2466 declaratur,
1112 2399 1438 2472 adversarius
1466 2401 1735 2472 invenitur,
1753 2415 1772 2453 :
1799 2411 1846 2454 et
1872 2402 1989 2472 qui-

410 2482 629 2543 cumque
653 2480 801 2543 negat
830 2472 1070 2543 parvulos
1101 2485 1188 2538 per
1219 2471 1524 2541 baptismum
1546 2469 1737 2525 Christi
1757 2487 1788 2524 a
1816 2469 1988 2542 perdi-

407 2538 548 2612 tione
571 2538 798 2606 liberari,
825 2538 874 2596 et
899 2538 1402 2612 salutempereipere
1428 2538 1824 2612 sempiternam,
1851 2558 1983 2596 ana-

407 2608 578 2683 thema
604 2614 668 2665 sit
696 2612 933 2683 (Patrol.
966 2622 1087 2666 tom.
1125 2610 1242 2677 XX,
1269 2608 1376 2683 564
1395 2612 1435 2681 ).

480 2680 671 2736 Patres
706 2679 1046 2751 Milevitana:
1097 2679 1407 2750 provinciae.
1458 2679 1584 2734 ch
1631 2681 1758 2746 duo,
1803 2681 1984 2751 quibus

410 2751 617 2804 omnino
640 2762 799 2806 totum
821 2753 954 2812 quod
977 2750 1259 2806 Christiani
1282 2767 1458 2804 sumus
1482 2753 1716 2804 nituntur
1735 2761 1980 2819 evertere,

404 2837 522 2888 qum
543 2823 719 2890 ﬁdelia
741 2824 896 2876 corda
917 2821 1188 2881 sustinent.
1217 2838 1320 2874 non
1347 2835 1456 2893 esse
1477 2821 1768 2893 rogandum
1791 2821 1978 2891 Deum,

405 2902 461 2963 ut
490 2901 668 2945 contra
689 2894 884 2963 peccati
907 2893 1098 2945 malum
1121 2903 1271 2958 atque
1294 2892 1363 2963 ad
1383 2891 1697 2963 operandam
1717 2893 1982 2962 justitiam

405 2961 471 3012 sit
501 2973 671 3015 noster
691 2961 920 3028 aliutor,
967 2973 1011 3016 et
1040 2979 1141 3015 non
1173 2961 1419 3032 apitulari
1450 2962 1679 3032 parvulis
1708 2961 1776 3015 ad
1805 2979 1984 3017 conse-

405 2981 471 3012 su
501 2981 671 3015 noster
691 2981 920 3028 aqutor,
967 2981 1011 3016 et
1040 2981 1141 3015 non
1173 2981 1418 3084 almum-1
1450 2981 1679 3032 parvum
1708 2981 1774 3015 aa
1805 2981 1981 3017 conse-

405 3033 662 3104 quendam
691 3043 847 3086 vitam
880 3042 1128 3087 teternam
1157 3033 1194 3087 (ἐ
1213 3033 1459 3087 tristiante
1483 3033 1664 3104 gratia:
1689 3049 1981 3088 sacramen-

409 3111 519 3175 tum
551 3103 743 3170 (Epist.
768 3105 860 3169 92,
886 3105 1017 3159 inter
1046 3103 1512 3175 Augustinianas)‘.

2172 501 2354 556 Solius
2387 519 2479 569 per
2509 518 2566 556 se
2593 505 2934 558 timlcsuante
2967 504 3246 557 historiam
3289 512 3475 557 texere
3509 506 3680 558 nostri

2099 573 2311 626 Consilii
2343 583 2444 634 est,
2497 573 2935 643 quandoquidem
2965 573 3100 627 hanc
3131 589 3287 626 unam
3320 575 3496 642 attigit
3542 574 3679 629 Mcr-

2097 653 2269 706 cator,
2297 644 2380 695 cui
2411 643 2791 706 allabnramus,
2817 654 2871 698 et
2899 660 2965 699 ex
2996 659 3058 698 ea
3090 654 3376 712 propagata
3401 654 3486 698 est
3521 645 3678 698 l‘ela-

2095 712 2276 781 giana,
2310 713 2451 780 quod
2483 723 2662 782 postea
2688 714 2978 769 videbitur.
3016 714 3308 768 Historiam
3342 730 3475 769 vero
3501 717 3677 770 visum

2097 789 2200 845 est,
2233 799 2336 854 non
2366 782 2471 838 alio
2495 784 2656 838 modo
2679 799 2904 840 narrare
2925 801 3082 853 quam
3108 800 3214 854 quo
3239 783 3443 854 physici
3477 787 3676 847 solent,

2098 867 2220 906 eum
2281 853 2536 924 dicuntur
2601 855 2810 908 arboris
2858 853 3138 909 historiam
3192 853 3470 920 scribere,
3525 857 3680 924 cujus

2097 937 2291 991 nempe
2318 923 2580 989 referunt,
2613 934 2664 978 et
2685 925 2859 980 solum
2886 929 2937 978 in
2963 941 3070 995 quo
3094 925 3354 990 nascitur,
3384 935 3440 980 et
3466 923 3680 994 tempus

2095 1007 2392 1065 causasque
2425 996 2700 1058 nascendi,
2732 1005 2787 1050 et
2826 997 3146 1050 incrementi
3191 997 3428 1060 modum,
3469 1005 3527 1049 et
3557 1012 3680 1065 pro-

2095 1063 2437 1135 pagatinnem
2483 1080 2861 1135 ramorumque
2909 1066 3164 1120 silvosam
3227 1063 3675 1132 multitudinem;

2096 1133 2194 1189 fuit
2221 1135 2364 1189 enim
2400 1138 2512 1190 ba-c
2538 1133 2950 1191 lueresis'veluti
2984 1137 3145 1190 arbor
3172 1136 3416 1204 qmedant
3447 1137 3678 1190 infelici-

2093 1213 2177 1258 ter
2209 1206 2357 1267 felix,
2399 1223 2518 1275 qute
2546 1208 2776 1260 obscuro
2803 1208 2919 1260 loco
2943 1216 3088 1275 nata,
3130 1218 3183 1261 et
3215 1206 3438 1276 ignobili
3469 1219 3674 1272 satore,

2095 1276 2405 1330 fallentibus
2427 1288 2602 1330 tamen
2629 1277 2994 1342 incrementis,
3025 1278 3376 1344 improboque
3402 1278 3670 1331 cultorum

2093 1344 2301 1413 labore,
2349 1347 2403 1401 in
2447 1355 2646 1401 tantam
2704 1348 2904 1404 sobolis
2954 1347 3356 1403 multitudinem
3405 1351 3675 1411 excrevit,

2093 1426 2344 1482 quantum
2401 1418 2627 1487 prodigii
2670 1418 2842 1474 instar
2888 1427 2990 1485 est,
3037 1435 3104 1474 ex
3151 1434 3253 1473 una
3309 1419 3456 1472 tenui
3495 1420 3676 1474 radice

2094 1500 2431 1556 provenisse.

2165 1557 2582 1632 fl‘enuisautem
2613 1558 2702 1613 illa
2751 1557 2902 1632 radix
2934 1575 3039 1612 non
3086 1557 3186 1612 alia
3214 1557 3314 1632 fuit
3342 1573 3500 1632 quam
3530 1560 3671 1627 quod

2091 1627 2450 1700 Adamussive
2488 1640 2737 1700 peccaret,
2767 1631 2871 1684 sive
2896 1647 3000 1684 non
3027 1627 3260 1700 peccaret
3304 1630 3485 1698 fuisset
3519 1633 3675 1683 mori-

2092 1708 2255 1753 turus.
2301 1699 2434 1753 l-linc
2483 1699 2627 1753 enim
2674 1710 2800 1754 nata
2843 1711 2947 1764 est,
2991 1699 3134 1764 quod
3167 1701 3344 1764 ﬁdocct
3381 1700 3670 1764 Mercator,

2023 1801 2060 1860 Β
2092 1769 2295 1860 peccati
2325 1771 2612 1860 originalis
2626 1769 2940 1860 albnegatio,
2960 1770 3010 1824 id
3037 1777 3243 1860 'est,ltit
3273 1771 3346 1851 ait
3383 1769 3673 1860 datiserii'ns

2093 1839 2346 1906 lprensis,
2369 1841 2524 1894 totius
2567 1838 2940 1908 Pelagianismi
2970 1842 3131 1910 origo.
3164 1841 3296 1895 Cum
3333 1841 3495 1908 igitur
3522 1841 3671 1894 Pela-

2091 1910 2386 1976 gianismus
2434 1912 2645 1965 duabus
2682 1912 2833 1979 quasi
2874 1911 3248 1980 negationibus
3303 1915 3666 1978 c0ntineatur,

2090 1981 2258 2035 altera
2294 1982 2494 2050 peccati
2530 1981 2827 2051 originalis,
2874 1983 3040 2036 altera
3075 1983 3412 2036 necessitatis
3441 1984 3672 2038 interna

2088 2052 2296 2117 gratiae,
2331 2051 2444 2106 sive
2489 2053 2796 2105 atixiliantis
2832 2051 2896 2104 ad
2945 2052 3184 2121 singulos
3230 2061 3382 2107 actus
3428 2054 3666 2119 pietatis,

2089 2121 2203 2173 sive
2235 2121 2615 2190 przevenientis
2645 2122 2873 2175 liberum
2907 2123 3190 2177 arbitrium
3241 2124 3294 2175 in
3343 2125 3561 2186 negotio
3586 2141 3672 2175 sn-

2089 2191 2252 2245 lutis:
2286 2191 2427 2247 hunc
2469 2208 2594 2261 ego,
2628 2192 2729 2246 nisi
2762 2192 2935 2259 fallor,
2979 2191 3262 2246 manifeste
3288 2195 3581 2246 ostendero
3603 2210 3666 2249 ex

2089 2275 2150 2314 ea
2183 2277 2343 2327 quam
2373 2263 2481 2316 dixi
2513 2264 2694 2317 radice
2737 2275 2909 2317 ortum
2962 2279 3108 2326 esse,
3149 2263 3192 2316 si
3214 2262 3376 2318 certis
3424 2277 3664 2318 veterum

2091 2333 2413 2386 testimoniis
2469 2335 2774 2398 confecero,
2829 2334 3058 2400 primum
3104 2334 3240 2388 lianc
3287 2335 3664 2402 quznstionem,

2087 2418 2153 2472 an
2183 2402 2414 2472 Adamus
2443 2413 2644 2456 creatus
2667 2405 2730 2457 sit
2760 2404 3013 2468 mortalis,
3045 2404 3284 2457 omnium
3318 2406 3544 2472 primatu
3568 2422 3666 2459 ex-

2086 2471 2318 2535 stitisse;
2345 2474 2540 2528 deinde
2574 2489 2641 2529 ex
2665 2473 2783 2542 ejus
2811 2476 3104 2543 agitatione
3138 2471 3350 2528 enatam
3379 2476 3561 2536 aliam,
3597 2478 3663 2530 de

2090 2552 2309 2608 peccato
2347 2553 2403 2598 et
2433 2544 2702 2612 baptismo
2746 2544 3123 2612 parvulorum;
3175 2554 3284 2599 tum
3317 2560 3384 2598 ex
3420 2546 3518 2598 ista
3553 2555 3663 2598 ter-

2087 2613 2321 2680 tiam,de
2345 2613 2712 2668 imbecillitate
2736 2629 2941 2668 natura:
2967 2618 3030 2669 ad
3058 2630 3221 2681 opera
3254 2616 3489 2684 pietatis,
3507 2626 3664 2683 atque

2085 2687 2424 2756 necessitate,
2453 2687 2639 2753 gratiae
2686 2685 2882 2740 divinae
2934 2687 3000 2739 ad
3030 2687 3272 2756 singulos
3302 2694 3484 2752 actus;
3515 2685 3665 2742 deni-

2085 2767 2278 2826 qneex
2310 2755 2462 2810 tertia
2490 2765 2760 2826 quartam,
2788 2757 2854 2810 de
2871 2758 3038 2826 gratia
3064 2755 3449 2825 prteveniente.

2162 2823 2389 2890 Verum,
2411 2823 2729 2898 priusquam
2755 2823 3237 2898 bzec'tcstinioniis
3261 2837 3500 2898 veterum
3536 2843 3659 2898 pro-

2083 2892 2298 2960 bentur,
2335 2892 2545 2950 videtur
2571 2892 2707 2950 ratio
2738 2896 2997 2951 doctrina:
3023 2897 3240 2962 exigere
3271 2909 3327 2951 ut
3353 2892 3664 2953 describan-

2084 2972 2174 3018 tur
2193 2983 2311 3033 tgna:
2339 2968 2501 3019 liabet
2542 2967 2807 3021 Mercator
2833 2968 2901 3022 de
2938 2968 3324 3036 qutestionibus
3350 2971 3659 3035 propositis,

2085 3049 2152 3089 ne
2201 3038 2383 3098 lector,
2432 3038 2651 3092 fallente
2691 3040 2972 3103 memoria,
3029 3038 3379 3107 prohibeatur
3431 3041 3658 3094 fructum

2082 3120 2298 3178 capere,
2329 3117 2583 3177 quantum
2627 3110 2788 3164 debet
2814 3109 3128 3178 maximum,
3162 3124 3233 3163 ex
3274 3108 3373 3163 hac
3403 3109 3656 3166 disserta-

483 3172 726 3244 I’elagius
770 3177 877 3246 ipse
903 3175 1089 3241 (verba
1117 3172 1244 3246 sunt
1294 3172 1600 3243 Augustini)
1645 3174 1868 3246 scribens
1913 3177 1981 3230 ad
2010 3181 2054 3244 ρ
2087 3172 2250 3231 tione.

407 3243 565 3317 beata:
615 3243 876 3301 memoria:
902 3261 1096 3317 papam
1124 3243 1509 3317 Innocentium,
1555 3245 1678 3296 dicit
1705 3262 1811 3298 esse
1855 3249 1978 3310 duo,

410 3331 430 3364 ι
471 3313 535 3367 de
559 3317 741 3384 quibus
783 3313 1157 3370 eumvltomines
1190 3314 1442 3384 infamare
1472 3325 1721 3368 conantur
1743 3331 1763 3369 :
1796 3332 1978 3381 unum,

405 3386 541 3457 quod
573 3395 716 3457 neget
748 3388 972 3457 parvulis
1002 3385 1238 3452 baptismi
1282 3394 1684 3457 sacramentum,
1721 3397 1766 3438 et
1796 3389 1982 3457 absque

407 3454 751 3523 redemptione
779 3454 968 3510 Christi
1015 3456 1273 3523 aliquibus
1303 3471 1464 3526 regna
1495 3455 1738 3508 ctelorum
1771 3454 1980 3520 promit-

408 3535 522 3579 tat:
549 3528 716 3593 aliud,
748 3528 883 3591 quod
909 3529 983 3580 ita
1015 3527 1174 3595 dicat,
1206 3525 1638 3595 possehominem
1676 3527 1832 3578 vitare
1859 3544 1978 3596 pec-

406 3607 596 3662 catum,
633 3609 686 3650 ut
720 3597 815 3654 Dei
845 3597 1084 3654 excludat
1115 3598 1387 3660 auxilium,
1421 3607 1466 3650 et
1506 3598 1560 3649 in
1599 3605 1792 3649 tantum
1825 3598 1980 3652 libero

405 3667 633 3741 conﬁdat
654 3669 891 3741 arbitrio,
936 3679 993 3722 ut
1019 3669 1198 3741 gratia:
1235 3667 1467 3735 repudiet
1494 3666 1810 3738 adjutorium
1837 3669 1975 3741 (Lib.

405 3737 469 3788 de
488 3736 642 3809 [ἔται.
669 3737 859 3793 Christ.
892 3754 938 3792 ο.
969 3736 1137 3809 56).)

475 3806 764 3864 Ctelestins
804 3813 1001 3878 etiam,
1040 3806 1106 3862 ad
1150 3807 1526 3876 compendium
1577 3823 1784 3874 ponens
1816 3818 1976 3864 totam

404 3893 576 3942 suam,
611 3881 726 3936 sive
769 3881 820 3934 in
853 3881 1152 3935 catholicos
1178 3880 1531 3942 calumniam,
1564 3881 1678 3934 sive
1724 3881 1775 3934 in
1821 3881 1981 3936 di~si~

406 3949 658 4018 nudanda
689 3950 886 4006 haeresi
940 3952 1431 4018 vaniloquentiam:
1481 3949 1712 4004 Gratiam
1767 3950 1974 4018 Christi,

401 4017 598 4087 inquit,
627 4022 861 4076 omnibus
893 4017 1253 4084 necessariam,
1281 4029 1327 4072 et
1355 4020 1666 4089 majoribus,
1713 4031 1762 4073 et
1793 4039 1950 4085 part'tt

401 4091 466 4142 lis
495 4091 820 4158 confitemur,
847 4101 895 4146 et
921 4108 1005 4161 eos
1033 4093 1118 4159 qui
1161 4089 1338 4161 dicunt
1377 4088 1442 4161 de
1476 4088 1676 4161 duobus
1713 4093 1977 4161 baptizatis

401 4169 578 4232 natam
611 4178 716 4215 non
741 4162 928 4232 debere
962 4160 1235 4229 baptizari,
1271 4159 1930 4232 anathematizamusf(Lib.
1961 4177 1980 4216 ι

401 4229 672 4302 ad‘Donif.
705 4248 818 4302 cap.
847 4229 959 4302 ‘22).

477 4299 592 4354 lluc
632 4298 774 4371 facit
807 4301 1007 4355 Juliani
1050 4299 1269 4367 querela
1321 4298 1526 4371 (Apud.
1564 4298 1783 4371 August.
1833 4301 1872 4355 ι.
1920 4318 1978 4357 ιιι

403 4381 582 4422 contra
617 4368 823 4424 Julian.
854 4385 900 4422 ο.
936 4372 986 4441 1)
1015 4389 1027 4424 :
1058 4371 1119 4428 Si
1151 4373 1262 4441 quis
1302 4368 1392 4424 aut
1425 4368 1730 4424 liberum’in
1759 4371 1979 4427 homini-

403 4443 494 4493 bus
524 4441 814 4504 arbitrium,
847 4451 935 4494 aut
980 4442 1140 4495 Deum
1178 4458 1286 4495 esse
1316 4442 1631 4495 nascentium
1665 4442 1977 4497 conditorem

402 4511 607 4581 (timerit,
643 4507 954 4581 Pelagianus
974 4521 1020 4564 et
1043 4511 1375 4566 Calestiunus
1401 4511 1681 4581 vocabitur.

474 4580 789 4652 Utramque
821 4582 1028 4637 erroris
1071 4591 1276 4653 partem
1309 4581 1554 4651 Pelagius
1584 4580 1976 4653 Calestiusqne

401 4655 711 4719 tuebantur,
746 4668 854 4707 non
895 4663 1100 4717 tamen,
1131 4652 1272 4721 quod
1302 4661 1462 4707 antea
1487 4654 1814 4714 monuimus,
1856 4652 1973 4722 pari

401 4725 614 4789 studio;
639 4739 791 4779 suam
816 4723 958 4782 enim
987 4722 1174 4778 habuit
1201 4721 1564 4792 unusquisque
1595 4722 1761 4776 veluti
1789 4721 1977 4779 susce-

401 4803 565 4860 ptam,
597 4809 758 4867 quam
789 4811 900 4866 pra:
924 4795 1028 4867 alia
1066 4791 1401 4867 defenderet.
1442 4791 1687 4867 Pelagius
1718 4794 1976 4867 adversus

397 4862 628 4933 gratiam
656 4862 904 4936 Dei,'pro
936 4865 1166 4919 humana
1195 4864 1503 4930 voluntate;
1526 4862 1819 4936 C(elestius
1847 4879 1974 4918 con-

400 4948 480 4989 tra
515 4946 792 5006 peceatum
811 4935 1099 5006 originale,
1125 4949 1222 5004 pro
1262 4943 1452 4988 natura
1489 4935 1765 5006 pugnavit.
1797 4936 1975 5004 Atque

398 5005 526 5061 hinc
562 5007 760 5064 factum
790 5018 848 5062 ut
880 5005 1039 5076 prout
1081 5009 1308 5075 quisque
1337 5005 1692 5076 sectariornm
1733 5005 1856 5060 huic
1892 5006 1975 5062 vel

398 5077 472 5148 illi
515 5077 640 5148 duci
688 5079 858 5148 magis
881 5072 1233 5141 adhaereret,
1274 5077 1346 5131 ita
1392 5073 1478 5131 vel
1500 5072 1860 5131 Ctelestianus
1889 5077 1974 5132 vel

397 5146 716 5216 Pelagianos
742 5146 1036 5202 diceretur.

466 5215 707 5288 Singula:
735 5231 895 5286 porro
939 5226 1121 5288 partes
1153 5217 1267 5272 ista:
1298 5216 1350 5271 in
1388 5215 1522 5288 duas
1555 5215 1755 5271 iterum
1788 5215 1974 5288 divisa:

394 5298 522 5343 sunt
545 5287 709 5352 {nam
741 5287 1078 5358 prima,'qn:e
1107 5288 1453 5347 C(elestiana.
1485 5287 1620 5341 duas
1647 5287 1975 5355 quaestiones

393 5359 880 5428 complectebatur,
926 5359 996 5415 de
1047 5360 1374 5414 mortalitate
1411 5359 1603 5413 Adami
1654 5369 1710 5412 et
1755 5369 1975 5426 peccato

393 5429 676 5500 originali,
735 5446 858 5485 cum
904 5430 1018 5484 suis
1066 5445 1494 5497 unamquamque
1539 5428 1970 5497 appendicibus;

392 5501 527 5554 duas
553 5503 745 5556 iterum
773 5502 1058 5570 posterior,
1087 5517 1208 5573 quae
1240 5501 1552 5573 Pelagiana,
1575 5501 1644 5555 de
1668 5500 1846 5573 gratia
1881 5501 1972 5573 Dei

391 5573 686 5627 auxiliante
711 5569 1184 5638 et’prtevenien-te,
1206 5586 1326 5626 cum
1350 5569 1463 5625 suis
1487 5572 1649 5625 etiam
1681 5569 1968 5636 adjunctis.

392 5644 524 5708 Quae
552 5658 680 5699 vero
711 5643 877 5698 videri
911 5653 1094 5713 posset
1119 5646 1306 5714 quinta
1341 5644 1408 5698 de
1450 5641 1832 5714 iinpeccantia,
1866 5642 1972 5714 vel,

391 5724 452 5767 ut
492 5715 664 5791 (Ξκςοί
721 5711 926 5779 dicunt,
968 5711 1350 5791 ᾀνᾳμταλοτησίᾳ.
1387 5714 1635 5791 pertinet
1681 5711 1744 5762 ad
1787 5712 1971 5791 gratia:

392 5787 794 5858 necessitatem,
844 5787 983 5857 σμιυὰ
1017 5781 1214 5857 nbiq'nc
1257 5781 1457 5856 passim
1505 5799 1612 5838 non
1660 5793 1766 5837 tam
1809 5781 1974 5837 verbo

2162 3248 2383 3311 Quwstio
2428 3259 2605 3302 contra
2658 3249 2959 3304 catholicam
3010 3250 3164 3317 ﬁdem
3211 3249 3353 3319 apud
3387 3251 3658 3306 nonnullos

2087 3315 2356 3386 Syrorum,
2397 3332 2444 3372 et
2475 3322 2729 3384 prtecimte
2755 3321 2809 3373 in
2839 3315 3018 3374 Cilicia
3045 3337 3077 3373 a
3109 3315 3373 3372 Theodoro
3404 3322 3659 3387 quondam

2081 3390 2318 3459 episcopo
2364 3392 2540 3460 Oppidi
2583 3390 2946 3458 Mopsuesteni,
2979 3391 3282 3455 iamdudum
3320 3400 3480 3456 mota,
3526 3409 3659 3445 nunc

2083 3474 2242 3528 usque
2271 3477 2422 3528 penes
2451 3476 2640 3526 paucos
2667 3477 2844 3514 eorum
2883 3463 3162 3514 admodum
3193 3462 3387 3514 occulte
3411 3465 3656 3525 traditur,

2084 3544 2174 3580 nec
2201 3546 2260 3582 ea
2288 3530 2461 3599 palum
2500 3534 2798 3602 profertur;
2829 3532 3017 3602 sed_ab
3045 3533 3168 3601 ipsis
3199 3533 3287 3602 qui
3317 3532 3380 3582 de
3409 3549 3468 3584 ea
3493 3536 3658 3588 corni-

2083 3608 2286 3664 cantur,
2302 3603 2435 3654 velut
2452 3600 2734 3667 catholicis,
2754 3603 2886 3654 intra
2900 3600 3161 3655 Ecclesms
3176 3600 3377 3656 interim
3392 3604 3653 3659 retinetur.

2153 3668 2558 3726 PROGENITHBES
2585 3687 2861 3726 VIDELICET
2893 3688 3088 3726 BUIIANI
3119 3687 3371 3733 GENERIS,
3406 3673 3559 3728 ΛΙιΛΜ
3593 3691 3656 3729 ΕΤ

2083 3739 2273 3803 Ενλιι,
2326 3758 2601 3796 ιιυιιτλιιεε
2659 3759 2690 3796 Α
2741 3743 2853 3796 Deo
2902 3757 3175 3804 caunos;
3228 3758 3327 3796 διεο
3369 3759 3656 3806 queuouu

2081 3826 2421 3868 POSTERWRUN
2445 3828 2527 3867 SUI
2545 3828 3015 3868 PREVARICATIONE
3039 3829 3388 3878 TRANSGRESSI
3415 3830 3655 3878 LESISSE.

2081 3897 2177 3934 εει)
2223 3897 2319 3936 SIBI
2369 3899 2586 3937 TANTUM
2633 3897 2921 3946 Νοευιςδες
2971 3899 3032 3936 SE
3072 3900 3304 3938 MANDATI
3345 3899 3480 3938 BEOS
3526 3901 3655 3941 APUD

2085 3951 2236 4005 DEU!
2268 3968 2478 4007 FECISSE
2499 3995 2512 4012 .
2542 3969 2788 4007 ALTERUM
2817 3969 3035 4007 PENITUS
3063 3970 3295 4008 NULLUII.

2153 4021 2308 4075 Hanc
2344 4027 2588 4094 ineptam,
2623 4034 2668 4077 et
2713 4040 2815 4076 non
2849 4026 3015 4077 minus
3049 4025 3310 4077 inimicam
3352 4033 3507 4079 recte
3541 4027 3656 4092 ﬁdei

2079 4094 2426 4160 quastionem,
2465 4094 2558 4148 sub
2602 4105 2790 4147 sancta:
2828 4095 3196 4148 recordationis
3236 4098 3510 4150 Anastasio
3550 4098 3656 4150 Ro-

2081 4179 2246 4238 mana:
2293 4161 2781 4238 Ecclesia:_sunnno
2830 4166 3093 4238 pontiﬁce,
3140 4165 3360 4234 Rufinus
3418 4169 3655 4238 quidam,

2081 4235 2285 4285 natione
2315 4233 2500 4302 Syrus,
2534 4234 2750 4288 Romam
2777 4238 2969 4300 primus
2998 4237 3210 4290 invexit.

2154 4301 2220 4356 Et
2251 4313 2305 4356 ut
2335 4301 2442 4357 erat
2481 4317 2720 4373 argutus,
2765 4322 2818 4358 se
2846 4305 3050 4374 quidem
3089 4307 3153 4359 ab
3184 4308 3294 4375 ejus
3323 4305 3518 4360 invidia
3546 4323 3657 4359 mu-

2080 4373 2247 4446 niens,
2304 4391 2395 4442 per
2437 4390 2490 4429 se
2519 4376 2748 4444 proferre
2801 4373 2904 4429 non
2931 4392 3111 4440 ausus,
3173 4373 3468 4442 Pelagium,
3510 4390 3657 4446 gente

2079 4441 2410 4516 Britannum,
2439 4441 2747 4516 monachum
2775 4457 2892 4500 tunc
2923 4446 3148 4516 decepit,
3179 4441 3391 4516 eumque
3429 4441 3655 4512 ad'prte-

2081 4513 2269 4566 dictam
2312 4517 2543 4583 apprime
2572 4515 2750 4568 imbuit
2785 4526 2933 4584 atque
2961 4513 3178 4569 instituit
3207 4513 3419 4581 impiam
3459 4519 3654 4570 vanita-

2081 4592 2214 4646 tem;
2238 4585 2424 4655 quique
2461 4601 2580 4640 mea:
2607 4602 2765 4639 ausus
2809 4588 2862 4640 in
2907 4588 3198 4655 apostolum
3245 4585 3468 4640 Paulum
3507 4587 3656 4642 Com-

2051 4691 2055 4696 -
2082 4654 2356 4708 mentarios
2379 4656 2613 4717 condere,
2643 4672 2756 4708 cum
2783 4660 2851 4709 ad
2870 4654 3019 4710 illum
3049 4656 3218 4710 locum
3241 4659 3562 4712 notissimum
3590 4659 3657 4711 ad

2079 4723 2344 4797 Romanos
2373 4727 2590 4778 venisset
2631 4724 2899 4797 Epistolte,
2932 4727 3016 4779 ubi
3047 4729 3119 4781 ita
3156 4730 3485 4782 continetur:
3519 4727 3656 4781 Pro-

2080 4804 2251 4868 pterea
2275 4796 2405 4868 sicut
2437 4813 2528 4864 per
2557 4796 2715 4849 unum
2758 4796 3014 4850 hominem
3067 4812 3325 4868 precatum
3363 4799 3575 4851 intrarit
3603 4816 3656 4854 tn

2077 4864 2211 4935 htmc
2240 4867 2506 4929 mundum,
2537 4877 2585 4920 et
2614 4882 2700 4933 per
2729 4879 2989 4934 peccatum
3014 4864 3171 4935 mors,
3202 4879 3247 4921 et
3278 4869 3351 4920 ita
3391 4870 3442 4921 in
3485 4885 3656 4922 omnes
3721 4917 3724 4923 .

2077 4933 2306 4990 homines
2333 4939 2644 5004 pertransiit,
2669 4933 2769 4991 etc.
2799 4938 2974 5004 (Rom.
3001 4933 3185 5007 v.12),
3215 4938 3405 4991 ibidem
3429 4955 3515 4991 eos
3543 4947 3656 4992 tan-

2081 5015 2188 5079 tum
2217 5023 2329 5060 reos
2359 5007 2512 5075 dixit,
2543 5017 2695 5074 atque
2723 5009 2968 5065 obnoxios
3005 5009 3098 5061 illa
3131 5009 3552 5079 pravaricatione
3585 5019 3656 5062 te-
3715 5052 3718 5055 .

2078 5078 2208 5149 neri,
2230 5079 2316 5145 qui
2346 5079 2484 5130 hunc
2504 5084 2558 5131 in
2583 5079 2980 5149 prteuaricandis
3010 5079 3102 5132 Dei
3126 5078 3383 5134 mandatis
3413 5079 3656 5135 voluerint

2077 5147 2305 5210 imitari;
2338 5163 2462 5220 anon
2510 5147 2704 5211 omnes,
2734 5151 2823 5216 qui
2862 5165 2926 5202 ea:
2973 5152 3083 5220 ejus
3111 5161 3230 5204 sunt
3260 5165 3352 5220 per
3378 5150 3657 5220 successio-

2080 5233 2198 5268 num
2247 5219 2441 5290 seriem
2478 5222 2667 5290 semine
2719 5221 2949 5290 generati
2978 5219 3001 5272 :7
3053 5231 3203 5290 atque
3247 5219 3367 5272 hinc
3413 5220 3571 5272 latius
3595 5219 3657 5273 do

2076 5289 2402 5360 sequentibus
2423 5288 2550 5342 locis
2573 5288 2732 5359 hujus
2756 5290 2984 5356 epistola:
3004 5288 3232 5356 disputat
3258 5301 3304 5342 et
3335 5293 3654 5360 pronuntiat,

2084 5374 2104 5408 s
2133 5357 2334 5432 nultum
2384 5357 2650 5432 hominem
2693 5376 3036 5432 prorsusper
3076 5357 3451 5432 generationem
3485 5357 3657 5415 lcesutn

2078 5429 2257 5497 fuisse,
2291 5444 2382 5500 nec
2409 5427 2529 5500 (redi
2561 5431 2686 5481 Atla:
2733 5430 2928 5500 peccati
2959 5427 3380 5500 transgressione,
3403 5434 3504 5485 sed
3544 5434 3657 5485 imi-

2078 5501 2286 5562 tatione,
2313 5498 2504 5572 inquit,
2537 5500 2660 5566 quia
2691 5498 2833 5572 prior
2861 5500 2950 5553 ille
2992 5502 3044 5553 in
3075 5498 3255 5568 genere
3277 5504 3507 5555 humano
3538 5519 3648 5572 pec-

2077 5572 2229 5636 cavit,
2271 5581 2316 5622 et
2343 5569 2492 5622 illum
2522 5585 2661 5622 reum
2685 5578 2731 5621 et
2762 5571 3038 5642 obnoxium
3067 5575 3200 5635 fieri,
3227 5573 3312 5641 qui
3363 5575 3499 5625 hunc
3538 5569 3654 5642 pro-

2077 5641 2191 5714 pria
2237 5641 2519 5706 voluntate,
2570 5657 2673 5693 non
2722 5640 2999 5705 nascendo,
3054 5642 3143 5692 sed
3173 5645 3452 5712 peccando,
3505 5640 3655 5714 fuant

2075 5711 2325 5764 imitatus.
2367 5729 2386 5762 ι

2149 5779 2289 5835 Huic
2319 5780 2527 5854 Pelagio
2549 5780 2767 5836 adha'sit
2793 5780 3052 5837 Ctetestius
3077 5782 3260 5841 nobilis
3284 5796 3400 5839 natu
3427 5783 3648 5857 quidem,
