3962 6180
454 351 561 409 635

915 346 1006 405 AD
1036 345 1316 404 PARTEM
1351 343 1610 401 ΡΠΙΜᾹΜ
1640 344 1921 401 OPERUM
1952 343 2019 397 Μ.
2056 341 2501 399 MERCATORIS
2532 341 2877 397 AI’PENDIX
2906 342 3248 400 SECUNDA.

3611 340 3715 395 656

456 465 619 520 etiam
656 462 1122 531 antiquiorestut
1183 459 1401 513 Paulum
1453 459 1882 519 Samosatenum,
1919 456 2036 511 Ori-
2068 458 2114 517 A
2141 456 2195 509 ni
2227 454 2481 524 peccandi
2516 455 2905 531 possibilitate;
2930 470 3104 531 neque
3161 471 3256 524 per
3308 464 3535 511 mortem
3596 456 3727 511 Adae

457 550 667 606 genem,
690 534 997 597 Photinum,
1028 530 1393 595 Joviniaoum,
1425 540 1559 597 etc.,
1590 538 2034 585 commemorant.

1070 642 1297 698 CAPUT
1337 643 1401 698 ll.

462 739 578 805 Qua
624 736 823 790 ratione
862 749 925 789 ea:
972 749 1075 787 uno
1122 748 1295 786 errore
1338 734 1522 804 reliqui
1566 742 1667 787 tres
1731 732 2039 803 principales

991 804 1243 875 originem
1264 806 1527 858 duxerint.

526 896 874 951 Ostendimus
894 897 1072 966 capite
1101 896 1457 965 praecedente,
1484 904 1712 963 quatuor
1729 893 1890 948 fuisse.
1906 908 2041 962 prae-

456 967 611 1036 cipua
641 968 890 1037 dogmata
919 967 1138 1022 haeresis
1161 967 1481 1037 Pelagianae.
1501 967 1771 1035 Drigiuem
1803 968 2037 1037 omnium

456 1035 525 1093 ei
554 1053 661 1093 uno
690 1035 977 1107 descripsit
1002 1035 1311 1106 ingeniose
1336 1038 1586 1107 Prosper,
1635 1037 1759 1090 dum
1784 1035 1927 1107 using
1954 1035 2038 1107 la,

460 1052 525 1093 ex
554 1053 661 1093 uno
690 1052 1280 1107 aescrtpsntngentose
1336 1052 1467 1091 i'ros
1507 1053 1586 1100 er,
1635 1052 1759 1090 cum
1810 1052 1927 1105 sing
1954 1052 2038 1095 ·ι;ι,

460 1123 563 1233 ipa
597 1111 747 1233 violat
778 1108 1043 1250 itt)ascendi
1074 1107 1419 1173 conditione,
1456 1052 1719 1177 disposuit
1745 1103 1942 1178 (Carm.
1980 1105 2042 1157 de

531 1196 622 1250 gra
648 1221 663 1235 .
732 1220 746 1234 .
842 1219 855 1232 .

496 1189 663 1250 ngrat.
698 1196 746 1234 ο.
778 1189 855 1250 1).

554 1312 738 1375 Dogma
764 1311 892 1375 qttod
909 1311 1334 1375 antiquisatiatunt
1357 1308 1472 1357 felle
1497 1310 1741 1375 draconis,

556 1371 804 1423 Pestit'ero
830 1375 1010 1435 vomuit
1031 1371 1236 1421 coluber
1266 1384 1498 1435 sermone
1521 1371 1794 1435 Britannus.

558 1436 663 1485 Hac
682 1437 862 1495 primos
878 1432 1101 1483 homines
1124 1442 1288 1483 cretos
1312 1433 1500 1483 ditiooe
1524 1432 1734 1495 ferebat,

562 1497 624 1545 Ut
645 1494 737 1546 seu
762 1500 1096 1558 praescriptum
1127 1496 1406 1558 mandatum
1431 1494 1892 1554 transgrederentur

558 1559 677 1607 Sive
702 1556 933 1620 inculpati
952 1565 1147 1607 servata
1167 1556 1284 1618 lege
1305 1563 1585 1620 manerent,

555 1620 762 1669 Mortem
788 1615 929 1668 istam
956 1632 1171 1681 prorsus,
1196 1615 1291 1680 qua
1317 1631 1513 1666 carnem
1536 1618 1631 1665 vita
1647 1615 1903 1681 relinquit,

558 1682 871 1743 ()ppeterent
899 1695 911 1729 :
935 1679 1044 1743 qua:
1073 1679 1166 1727 non
1189 1679 1387 1743 peccato
1403 1687 1558 1740 parta,
1583 1679 1671 1743 sed
1696 1679 1800 1741 ipso

565 1740 857 1792 ltistituente
880 1740 984 1791 Deo
1000 1755 1165 1792 comes
1188 1740 1323 1790 esset
1347 1740 1438 1787 fixa
1462 1742 1657 1789 creatis.

560 1804 856 1865 Progenitos
878 1806 1029 1861 igitur
1053 1804 1235 1850 nullum
1261 1804 1468 1865 traxisse
1493 1810 1683 1849 reatum

563 1864 637 1927 De
656 1862 875 1927 patribus
896 1879 908 1914 :
937 1878 1099 1926 neqtte
1114 1863 1374 1927 dissimiles
1398 1874 1523 1927 nunc
1540 1865 1727 1913 nascier
1750 1862 1833 1911 illo

560 1925 686 1975 Ortu
704 1928 985 1987 primorum,
1014 1925 1098 1987 qui
1124 1926 1351 1973 libertate
1374 1925 1501 1987 male
1522 1927 1597 1973 usi

562 1986 853 2045 Peccarunt,
873 1989 1019 2037 t‘orma
1036 1986 1194 2045 nocui,
1216 2000 1310 2034 non
1332 1986 1524 2034 semine.
1550 1986 1686 2047 proli.

562 2048 716 2097 Posse
734 2055 898 2097 autem
922 2051 1141 2097 insontes
1160 2061 1330 2096 omnes
1352 2048 1545 2097 virtutis
1569 2050 1617 2095 in
1641 2060 1754 2098 arce

561 2109 721 2158 Vitam
743 2123 917 2172 agere,
942 2118 995 2158 et
1013 2112 1164 2158 menti
1187 2111 1455 2169 ingenitum
1476 2122 1680 2161 servare
1703 2111 1934 2160 decorem

564 2172 805 2234 Arbitrio,
826 2173 1050 2234 quoniam
1074 2173 1305 2220 subsistat
1329 2180 1463 2219 recta
1490 2172 1695 2221 volentis

562 2231 805 2294 Naturalis
828 2231 998 2291 honos,
1023 2234 1207 2294 lexque
1232 2234 1371 2281 insita
1394 2234 1616 2281 cordibus
1639 2234 1769 2281 intus

565 2293 907 2366 [loc_moneat_,
935 2295 1061 2366 quod
1083 2293 1266 2366 scripta
1291 2294 1407 2342 foris
1431 2296 1545 2366 :“cui
1566 2298 1719 2366 gratia
1737 2295 1912 2345 Christi

563 2355 761 2419 addita,
783 2355 1061 2417 perfugium
1083 2355 1228 2419 lapsis
1253 2358 1556 2419 generaliter
1584 2359 1630 2404 in
1650 2371 1707 2407 se

562 2417 859 2477 Condiderit,
883 2431 1025 2467 sacro
1051 2420 1093 2468 si
1121 2417 1307 2467 vellent
1329 2418 1462 2467 t‘onte
1488 2421 1672 2476 novari,

567 2479 633 2543 Ut
654 2486 829 2542 sponte
852 2486 1105 2530 attractum
1131 2480 1273 2543 venia
1296 2480 1521 2529 solvente
1555 2487 1770 2543 reatum,

565 2541 752 2603 Sponte
775 2554 860 2589 sua
880 2543 929 2589 in
948 2544 1077 2590 vires
1100 2541 1319 2603 proprias
1342 2548 1509 2603 natura
1534 2541 1743 2591 rediret.

563 2602 772 2664 Quoque
798 2616 886 2663 per
904 2610 1255 2664 erroresesset
1285 2602 1483 2664 spoliata
1510 2603 1698 2662 vigore,

562 2662 707 2713 Hunc
730 2662 935 2713 servare
960 2662 1530 2725 semetiposset'purgata
1556 2671 1760 2725 receptu

563 2726 683 2775 Tam
703 2727 985 2786 dives_vero
1000 2724 1091 2773 hoc
1113 2724 1289 2786 donum
1313 2725 1610 2786 baptismatis
1632 2724 1766 2786 ease,

564 2738 594 2775 ἰ
607 2738 683 2773 am
703 2738 843 2775 dives
866 2738 985 2773 vero
1002 2738 1091 2773 uoc
1113 2738 1289 2772 conum
1314 2738 1369 2773 ba
1408 2738 1610 2773 ttsmaus
1632 2738 1766 2786 esse,

564 2786 629 2837 Et
648 2794 746 2835 tam
768 2784 915 2834 multa
940 2786 1120 2834 homini
1141 2784 1350 2833 conferri
1371 2738 1558 2835 findere
1584 2788 1629 2835 in
1654 2789 1768 2847 isto,

566 2848 632 2909 Ut
653 2849 834 2909 parvis,
860 2850 1005 2896 etiam
1030 2849 1246 2908 vitioque
1270 2848 1556 2895 carentibus
1579 2850 1707 2896 omni

566 2908 830 2970 Qongruat,
858 2915 913 2970 ut
934 2909 1017 2970 qui
1040 2917 1155 2970 sunt
1171 2909 1326 2968 geniti
1352 2910 1503 2967 bene,
1526 2911 1626 2957 sint
1648 2909 1901 2969 meliores,

564 2969 862 3030 Naturaeque
878 2969 1057 3018 bouum
1081 2969 1272 3030 adjecto
1304 2970 1569 3020 illustretur
1595 2973 1800 3019 honore.

565 3030 762 3093 ljiullum
784 3038 948 3080 autem
970 3044 1033 3080 ex
1060 3033 1250 3093 cunctis
1268 3040 1518 3082 exsortem
1545 3034 1765 3082 muneris
1785 3030 1952 3093 hujus,

568 3091 758 3156 ._ittdicio
777 3094 999 3154 genitum
1016 3105 1129 3143 esse
1153 3092 1267 3154 Dei,
1292 3096 1381 3143 sed
1408 3108 1654 3156 quemque
1678 3091 1864 3144 mereri

563 3152 818 3217 Libertate
841 3166 946 3215 sua,
975 3164 1027 3204 ut
1049 3156 1204 3217 capiat
1227 3152 1456 3215 promissa
1478 3152 1706 3217 vocantis,

566 3216 687 3276 Quae
709 3219 810 3267 sint
833 3218 1018 3265 aversis
1040 3216 1271 3277 indebita,
1295 3217 1460 3266 debita
1480 3219 1645 3267 rectis.

547 3341 661 3407 Qua
693 3356 824 3397 vero
851 3343 1062 3396 ratione
1092 3341 1143 3395 id
1193 3340 1333 3409 quod
1363 3340 1557 3396 asserit
1586 3338 1820 3408 Prosper
1847 3356 1905 3395 re
1946 3341 2058 3410 ipsa

477 3413 786 3482 contigerit,
820 3412 1165 3467 manifestum
1195 3414 1330 3466 forte
1355 3427 1419 3467 ex
1455 3412 1540 3465 his
1568 3411 1779 3465 evadet.

548 3481 810 3537 omnibus
841 3482 951 3537 fere
981 3485 1313 3549 temporibus
1350 3482 1633 3552 quaesitum
1664 3491 1746 3535 est
1778 3481 1916 3536 unde
1949 3498 2060 3536 ma-

480 3553 614 3618 lum,
640 3552 755 3606 sive
780 3552 962 3618 animi,
988 3554 1131 3622 quod
1168 3562 1441 3620 peccatum
1473 3560 1584 3617 est;
1641 3554 1753 3606 sive
1794 3555 2057 3621 corporis,

479 3639 600 3691 qua:
624 3636 791 3685 mors.
824 3622 875 3676 id
899 3632 1002 3684 est,
1033 3625 1192 3675 anitni
1211 3638 1242 3693 a
1272 3638 1496 3691 corpore
1524 3625 1741 3677 solutio.
1769 3624 1909 3678 Oriri
1936 3639 2061 3693 pec-

478 3703 659 3747 catum
692 3708 721 3747 a
754 3703 940 3747 natura
970 3692 1271 3757 Manichzri,
1306 3709 1333 3746 a
1368 3694 1641 3747 voluntate
1696 3694 1922 3747 humana
1967 3709 2059 3748 ca-

480 3762 975 3903 tholici)senserttnt
1004 3764 1157 3835 (Aug.
1183 3764 1327 3818 libris
1367 3764 1431 3817 de
1452 3764 1567 3819 Lib.
1592 3763 1834 3831 Arbitrio,
1866 3775 1912 3818 et
1938 3765 2061 3819 alibi

483 3852 673 3903 passim
704 3874 719 3887 .

483 3852 719 3903 passim).

552 3906 846 3971 Quaesitum
894 3904 1171 3974 deinceps,
1222 3904 1364 3960 unde
1407 3919 1575 3971 mors,
1630 3919 1726 3960 seu
1770 3906 2061 3961 necessitas

484 3976 746 4031 moriendi
775 3976 1077 4030 communis
1100 3976 1374 4029 hominum
1408 3993 1420 4028 ε
1456 3984 1630 4029 utrum
1660 3990 1688 4029 a
1722 3984 1933 4040 natura,
1962 3992 2062 4030 ru—

480 4046 567 4114 jus
582 4046 829 4101 conditor
861 4047 1031 4112 Deus;
1059 4055 1233 4099 utrum
1250 4063 1278 4098 a
1299 4058 1538 4114 peccato,
1564 4045 1717 4114 cujus
1740 4060 1932 4115 parens
1961 4062 2061 4100 vo-

481 4117 681 4176 luntas.
714 4116 1029 4171 Theodorus
1058 4117 1468 4184 Mopsuestenus
1488 4132 1515 4168 a
1547 4128 1729 4169 natura
1757 4126 1927 4170 ortam
1969 4132 2062 4171 vo-

482 4189 606 4253 tuit,
634 4188 881 4242 catholici
911 4203 939 4239 a
967 4197 1186 4256 peccato
1214 4203 1227 4239 :
1254 4187 1623 4256 quamobrem,
1652 4189 1949 4256 quaestione
1994 4187 2062 4243 ad

482 4262 713 4326 primum
757 4258 1026 4312 hominem
1059 4257 1325 4319 traducta,
1354 4257 1670 4311 Theodorus
1697 4258 1832 4311 dixit
1862 4256 1952 4327 (In
1974 4274 2063 4312 ea:-

480 4331 667 4395 cerptis
696 4330 836 4396 apud
866 4328 1081 4382 Mercat.
1110 4339 1155 4382 et
1182 4328 1233 4381 in
1268 4330 1301 4383 5
1326 4328 1563 4399 synodo),
1594 4326 1757 4380 Adam
1795 4326 2062 4382 mortalem

481 4400 556 4453 ita
570 4399 780 4465 factum,
800 4408 854 4450 ut
878 4400 979 4451 sive
999 4407 1247 4467 peccaret,
1264 4400 1368 4452 sive
1397 4415 1497 4452 non
1516 4408 1764 4468 peccaret,
1787 4402 2064 4455 moriturus

480 4475 652 4540 esset;
681 4469 927 4540 catholici
967 4480 1178 4528 contra.
1211 4470 1402 4540 factum
1431 4471 1524 4533 ita,
1556 4478 1611 4540 ut
1657 4471 1757 4521 nisi
1784 4479 2061 4540 peccasset,

483 4539 766 4591 moriturus
787 4538 994 4591 omnino
1024 4555 1125 4592 non
1153 4536 1333 4610 fuisset
1357 4539 1516 4612 (Aug.
1547 4536 1639 4593 lib.
1667 4536 2060 4611 tde'peccator.

486 4607 662 4663 Merit.
696 4625 811 4674 cap.
841 4610 924 4674 2).

548 4617 662 4662 erit.
696 4625 811 4679 cap.
841 4617 924 4674 2).

556 4678 831 4735 Aﬂ‘erehat
873 4678 1189 4732 Theodorus
1245 4694 1583 4733 communem
1641 4694 1761 4734 esse
1819 4682 2068 4737 omnibus

484 4752 748 4806 moriendi
798 4751 1192 4813 necessitatem,
1247 4764 1344 4803 nec
1400 4759 1578 4805 tamen
1622 4766 1742 4804 esse
1782 4768 2069 4807 commune

482 4832 782 4890 peccatum,
812 4820 1076 4890 siquidem
1107 4821 1308 4889 parvuli
1330 4836 1475 4890 saepe
1492 4821 1579 4875 vel
1611 4821 1662 4874 in
1691 4824 1819 4889 ipsis
1841 4832 2065 4876 matrum

483 4894 651 4947 uteris
682 4894 996 4948 innocentes
1046 4892 1363 4945 moriantur.
1424 4891 1766 4958 Exceperuut
1820 4894 2069 4948 catholici

482 4962 618 5019 istos
641 4978 859 5033 quoque
886 4976 1179 5031 pauc-orum
1209 4963 1414 5033 dierum
1444 4962 1691 5016 homines
1722 4973 1941 5030 peccato
1965 4965 2073 5031 pri-

484 5034 557 5088 tni
587 5032 824 5104 parentis
853 5034 1043 5095 teneri,
1080 5046 1178 5086 nec
1230 5032 1453 5101 proinde
1484 5035 1630 5086 nasci
1679 5041 1785 5087 tam
1818 5036 2073 5089 innocen-

484 5113 565 5159 tes
586 5103 746 5175 quam
779 5104 983 5174 primus
1010 5104 1170 5156 homo
1195 5103 1437 5156 conditus
1458 5111 1559 5175 est.
1586 5105 1914 5173 Excepernnt
1939 5120 2072 5174 quo-

480 5190 589 5243 que
610 5174 860 5227 naturam
893 5174 1180 5227 humanam
1235 5174 1634 5228 immortalitate
1675 5176 1886 5244 quidem
1914 5191 2069 5229 crea-

484 5246 649 5299 tionis
678 5245 831 5299 initio
880 5244 1156 5307 donatam,
1186 5244 1279 5298 sed
1304 5246 1401 5299 hac
1452 5246 1587 5311 ipsa,
1640 5245 1691 5298 in
1721 5246 1909 5299 Adami
1944 5262 2069 5313 pec-

481 5318 686 5369 catoris
743 5324 918 5369 morte
968 5316 1248 5382 privatam,
1302 5315 1358 5370 in
1422 5314 1622 5370 Christi
1676 5321 2072 5373 resurrectione

482 5387 677 5441 iterum
710 5385 1039 5439 donandam.

555 5459 637 5512 Ad
671 5458 788 5512 Itzec
816 5456 1134 5511 Theodorus
1158 5454 1336 5526 (Apud
1362 5455 1578 5529 Μίνωι.
1608 5456 1661 5510 in
1688 5457 1840 5529 praef.
1866 5456 2074 5513 Sulmo-

480 5529 779 5599 tationum),
816 5529 1017 5599 primos
1048 5538 1311 5599 parentes
1347 5528 1614 5581 neminem
1654 5528 1749 5582 sua
1776 5540 2077 5599 transgres-

481 5602 640 5654 sione
660 5597 882 5659 lteSisse,
907 5598 1001 5653 sed
1025 5599 1171 5653 solos
1201 5612 1261 5651 se
1290 5597 1482 5653 feclsse
1512 5613 1663 5663 reos;
1696 5597 1947 5653 infantes
1966 5611 2071 5653 tam

482 5670 803 5727 inttocentes
828 5670 972 5739 gigni
1003 5686 1030 5721 a
1052 5668 1366 5735 parentibus
1404 5684 1561 5738 quam
1614 5679 1828 5725 creatus
1879 5685 1910 5723 a
1964 5672 2073 5725 Deo

481 5742 687 5812 primus
719 5742 880 5796 homo
902 5752 1016 5803 e5t;
1042 5740 1330 5805 Adamum,
1361 5754 1481 5793 cum
1503 5749 1800 5806 crearetur,
1828 5755 1932 5794 non
1958 5743 2073 5809 plus

482 5814 799 5872 innocentia:
833 5812 1087 5869 habuisse
1116 5827 1275 5883 quam
1324 5811 1559 5867 infantes
1606 5812 1693 5881 qui
1727 5823 1910 5869 careut
1951 5829 2069 5868 om-

2143 540 2304 579 omne
2321 540 2489 594 genus
2516 526 2788 579 hominum
2815 528 2971 591 tuori,
3001 542 3120 579 cum
3154 541 3327 595 neque
3357 541 3452 594 per
3483 543 3727 582 resurre-

2146 599 2381 667 ctionem
2412 595 2608 650 Christi
2633 612 2793 667 omne
2821 611 2994 666 genus
3022 596 3295 650 hominum
3327 607 3590 667 resurgat,
3630 599 3726 652 sed

2142 665 2243 721 soli
2277 666 2387 733 pii;
2419 681 2591 734 neque
2623 665 2875 729 infantes,
2904 669 2947 720 si
2990 667 3099 719 fato
3149 667 3435 735 fungantur
3486 665 3619 723 ante
3643 669 3728 724 bas

2145 736 2396 805 ptismum
2425 745 2755 803 perceptum,
2790 737 2990 803 privari
3022 749 3222 791 atterna
3253 742 3382 792 vita.

2213 804 2567 860 Causantibus
2596 808 2895 871 catholicis,
2922 807 3153 876 primum
3181 808 3413 861 hominis
3440 817 3725 876 peccatum

2146 876 2200 931 itt
2232 886 2477 947 posteros
2499 877 2705 946 origine
2727 871 2956 941 traduci,
2977 892 3179 947 eosque
3206 878 3405 932 idcirco
3433 871 3544 932 dici
3574 891 3730 932 natn-

2145 961 2202 1001 ra
2260 946 2397 1000 ﬁlios
2436 949 2527 1001 ira:
2568 955 2827 1015 paternzr;
2873 949 3122 1014 parvulos
3178 964 3347 1016 lamna:
3398 952 3589 1003 mortis
3627 952 3729 1002 oh~
3779 997 3784 1003 .

2140 1017 2337 1070 "noxios
2362 1017 2541 1079 nasci,
2566 1019 2686 1086 quia
2716 1029 2834 1070 sunt
2870 1019 3163 1086 participes
3214 1030 3450 1085 paternre
3505 1021 3680 1087 culpae
3712 1038 3727 1074 :

2147 1096 2257 1140 tum
2304 1088 2357 1141 in
2388 1096 2626 1155 apertam
2660 1087 2906 1141 ltmresim
2946 1104 2976 1140 a
3010 1089 3275 1142 Theodori
3318 1091 3559 1142 scutariis
3596 1092 3728 1144 itum

2144 1166 2226 1212 est
2263 1157 2387 1227 (Ap.
2420 1157 2636 1212 Μοῖσαι.
2666 1168 2905 1227 επεν-μω
2934 1158 2968 1211 4
2988 1175 3051 1211 ea:
3081 1160 3169 1211 tib.
3213 1161 3436 1228 quinque
3468 1160 3730 1214 Theodori

2144 1228 2468 1300 adversitas.
2500 1230 2883 1300 Augustinum),
2923 1230 3251 1300 jactantihus
3291 1232 3515 1293 scilicet,
3542 1231 3732 1283 Eccle-

2144 1300 2237 1351 βίω
2264 1297 2607 1353 traditionem
2638 1298 2707 1354 de
2745 1297 2990 1367 originali
3019 1310 3261 1367 peccato,
3317 1301 3402 1354 vel
3435 1301 3500 1353 ad
3554 1301 3729 1356 Mani-

2146 1368 2281 1423 chzei
2314 1369 2572 1440 insaniam
2592 1378 2836 1423 naturam
2855 1370 3083 1424 dicentis
3107 1371 3331 1434 malam;
3357 1371 3439 1424 vel
3459 1370 3524 1424 ad
3544 1372 3733 1440 Origeo

2148 1440 2231 1515 nis
2263 1441 2469 1515 somnia
2499 1439 2568 1494 de
2592 1442 2994 1515 προΰπᾲρξρι-ει
3020 1452 3241 1515 peccato
3270 1441 3571 1515 animorum
3604 1439 3733 1496 ante

2147 1510 2667 1577 incorporationem';
2694 1512 2781 1565 vel
2807 1510 2877 1563 'ad
2906 1510 3225 1565 Tertulliani
3253 1526 3492 1565 errorem
3518 1512 3588 1565 de
3620 1521 3730 1565 tra-

2149 1579 2284 1633 duce
2303 1580 2600 1633 anintorutn
2632 1582 2926 1649 pertinere.
2959 1581 3093 1635 Hinc
3143 1591 3253 1636 tres
3306 1593 3439 1635 ortae
3480 1584 3723 1649 quaestio-

2153 1665 2269 1721 nes.
2316 1653 2398 1721 An
2446 1650 2722 1705 Manichari
2773 1652 2950 1706 forent
3000 1652 3089 1719 qui
3137 1660 3416 1720 peccatum
3467 1653 3732 1721 originale

2153 1719 2467 1775 detendunt.
2483 1726 2561 1775 Att
2584 1723 2775 1776 anima:
2800 1722 3042 1792 quotidie
3057 1719 3309 1777 creentur
3331 1738 3359 1772 a
3385 1723 3514 1787 Deo,
3537 1719 3620 1777 vel
3640 1740 3734 1776 an.

2154 1799 2207 1845 te
2238 1792 2722 1860 incorporationem
2768 1794 3097 1849 exstiterint.
3148 1796 3229 1847 An
3262 1793 3574 1846 “animarum
3606 1809 3733 1861 per-

2152 1861 2275 1915 inde
2304 1878 2365 1917 ac
2394 1877 2678 1932 corporum
2713 1864 2903 1917 tradux
2939 1873 3102 1917 esset.
3132 1863 3238 1919 Sed
3268 1864 3600 1933 qumstiones
3628 1866 3731 1918 illa:

2145 1934 2505 2003 exiaccidenti
2535 1944 2693 1987 mota:
2715 1944 2858 1987 sunt.
2895 1934 2996 1987 Ista
3028 1950 3121 2003 per
3140 1951 3221 1988 se.

2216 2002 2350 2056 Nam
2373 2019 2488 2067 cur,
2521 2002 3035 2069 aiebantcatholici,
3082 2005 3419 2073 baptizantur
3470 2004 3727 2069 infantes,

2145 2072 2190 2126 si
2215 2075 2473 2127 maculam
2505 2090 2610 2128 non
2638 2075 2836 2129 habent
2859 2076 2883 2128 τ
2909 2075 3016 2127 Cur
3045 2075 3095 2127 in
3126 2072 3500 2129 remissionem
3542 2091 3731 2140 pecca-

2148 2154 2347 2213 tortttn,
2376 2145 2422 2197 si
2444 2146 2602 2198 modo
2633 2147 2942 2200 innocentes
2967 2143 3077 2200 ?Ut
3105 2160 3170 2199 ex
3218 2146 3392 2209 bouis,
3437 2146 3732 2211 responde-

2146 2212 2274 2267 bant
2301 2212 2557 2281 hmretici,
2592 2218 2841 2269 meliores
2870 2216 2901 2268 fi
2921 2226 3019 2280 int,
3050 2226 3107 2269 ut
3154 2215 3476 2284 adoptentur
3516 2217 3612 2270 lilii
3642 2216 3733 2270 ho-

2148 2287 2353 2356 mitium
2399 2286 2452 2339 in
2480 2286 2616 2340 ﬁlios
2652 2286 2767 2348 Dei,
2792 2293 2852 2340 ut
2874 2288 3017 2356 regni
3051 2286 3307 2340 caelorum
3340 2286 3583 2340 [Heredes
3602 2289 3727 2340 sint.

2148 2353 2330 2426 Neque
2352 2357 2514 2421 enim,
2541 2358 2584 2411 si
2604 2368 2729 2411 ante
2752 2353 3073 2425 baptismum
3099 2362 3206 2410 tato
3227 2371 3326 2410 suo
3350 2356 3731 2426 defungantur,

2098 2432 2103 2445 ‘
2148 2425 2256 2478 vita
2288 2436 2484 2480 aeterna
2531 2429 2748 2481 carituri
2773 2435 2918 2491 sunt,
2972 2427 3067 2480 sed
3122 2436 3327 2480 tantum
3374 2425 3539 2493 regno
3593 2428 3728 2481 Dei:

2147 2497 2271 2565 quia
2304 2497 2429 2551 licet
2455 2498 2562 2551 sint
2592 2498 2833 2552 innocuae
2874 2498 3117 2567 quaedam
3148 2497 3243 2551 Dei
3274 2497 3553 2566 imagines,
3589 2498 3732 2551 ideo-

2148 2580 2254 2633 que
2285 2577 2501 2633 propter
2524 2568 2978 2622 immortalitatem
3010 2569 3332 2630 animarum,
3366 2572 3526 2621 vitam
3576 2576 3732 2621 teter—

2150 2651 2271 2690 nam
2305 2637 2500 2692 habere
2527 2638 2794 2703 debeant;
2844 2638 2962 2691 lidci
3006 2647 3182 2691 tamen
3228 2646 3573 2692 sacramento
3627 2653 3730 2692 non

2149 2716 2273 2759 sunt
2295 2708 2518 2761 instituti
2550 2709 2858 2763 cohzeredes
2881 2709 3106 2777 Christi,
3130 2708 3432 2777 cujusmodi
3468 2708 3601 2762 solis
3637 2709 3735 2763 Pa-

2150 2777 2217 2831 tri
2223 2779 2576 2848 _complacuit
2602 2779 2731 2832 dare
2754 2794 2998 2848 regnum.

2222 2844 2498 2902 Tunc‘ttna
2526 2849 2751 2913 quaestio
2776 2844 3028 2919 in'plures
3076 2848 3428 2917 multiplicata
3474 2856 3583 2914 est,
3636 2850 3731 2905 sed

2150 2930 2341 2971 omnes
2381 2920 2634 2987 paulatim
2674 2921 2987 2974 coaluerunt
3022 2919 3075 2973 in
3114 2921 3358 2983 unicam,
3430 2936 3499 2971 an
3550 2922 3735 2986 posteri

2152 2988 2338 3040 Adumi
2367 3000 2645 3043 nascantur
2682 2991 2777 3058 ﬁlii
2807 2992 2916 3054 ine,
2949 2991 3054 3055 vel,
3084 2998 3142 3044 ttt
3177 2990 3411 3053 aiebant,
3441 3006 3507 3041 an
3536 2992 3603 3042 sit
3631 3000 3731 3043 tra-

2152 3060 2260 3110 dita:
2279 3063 2491 3129 peccati.
2515 3060 2863 3114 Afﬁrmabant
2889 3060 3159 3122 catholici,
3177 3062 3442 3129 negabant
3462 3060 3698 3114 haeretici
3716 3078 3731 3124 ;

2152 3129 2326 3182 ambae
2356 3140 2552 3197 partes,
2585 3133 2733 3197 quasi
2758 3145 2852 3199 pro
2875 3143 3081 3184 summa
3110 3131 3211 3195 rei,
3242 3141 3352 3185 tota
3389 3132 3735 3186 contentione

2076 3202 2121 3263 ο
2154 3200 2473 3264 animorum,
2505 3211 2609 3254 tota
2635 3241 2648 3264 ,
2670 3216 2771 3270 qua
2802 3210 3063 3269 poterant,
3094 3212 3534 3265 argumentorum
3558 3202 3607 3254 vi
3638 3218 3734 3267 pu-

2158 3282 2407 3338 gnarunt.
2432 3273 2877 3341 Argumentorum
2903 3287 3029 3325 vero
3061 3271 3391 3325 incredibilis
3417 3272 3569 3333 conia
3613 3273 3734 3324 inti-

2162 3341 2299 3393 nitas
2321 3356 2529 3411 quoque
2563 3342 3127 3411 peperitquaastiones,
3158 3342 3350 3406 versis,
3381 3355 3432 3395 ut
3458 3344 3537 3406 lit,
3579 3344 3629 3395 in
3663 3343 3738 3396 al-

2165 3412 2401 3465 tercandi
2437 3415 2714 3466 materiem
2746 3411 3185 3477 resitondentium
3202 3411 3382 3465 dictis.

2235 3480 2347 3552 Duo
2379 3482 2710 3552 potissimum
2736 3485 2995 3551 urgebant
3039 3482 3318 3536 haeretici:
3370 3484 3599 3536 alterum
3648 3483 3739 3538 ad-

2163 3551 2302 3605 mitti
2330 3551 2432 3606 tton
2467 3567 2624 3621 posse
2656 3553 2930 3607 traducem
2960 3552 3164 3621 peccati
3189 3553 3305 3606 sine
3329 3554 3738 3606 condemnatio-

2162 3638 2230 3675 tte
2255 3624 2588 3691 nuptiarum;
2614 3624 2999 3686 alterum,-etsi
3035 3631 3214 3692 posset
3234 3623 3485 3687 maxime,
3522 3639 3628 3675 non
3654 3624 3740 3678 de-

2163 3692 2293 3763 bere
2324 3708 2526 3756 tameti,
2582 3702 2803 3763 propter
2847 3704 3264 3763 consequentem
3291 3708 3357 3747 ex
3387 3708 3451 3747 ea
3479 3694 3739 3748 infinitam

2162 3762 2580 3888 absurditatem,
2630 3765 2796 3818 immo
2859 3775 2914 3821 et
2974 3763 3429 3835 blasphemiarum
3496 3766 3738 3819 multitu-

2203 3848 2366 3888 mem.

2203 3848 2366 3889 mem.

2233 3903 2492 3960 Catholici
2520 3904 2773 3961 continuo
2793 3904 3155 3959 distinxerunt
3183 3920 3336 3959 usum
3375 3905 3681 3974 nuptiarum
3710 3920 3738 3958 a

2164 3973 2409 4042 libidine,
2435 3990 2527 4031 seu
2558 3976 3025 4045 concupiscentia;
3057 3976 3228 4041 illum,
3255 3985 3317 4029 ut
3346 3992 3371 4027 a
3399 3973 3509 4029 Deo
3535 3986 3639 4037 est,
3672 3977 3739 4029 ita

2164 4045 2445 4116 honestum
2492 4062 2635 4111 esse,
2699 4062 2762 4100 ac
2814 4050 3108 4100 naturalem
3160 4046 3390 4100 ﬁliorum
3444 4047 3736 4116 originem;

2164 4115 2342 4183 istam,
2378 4126 2485 4170 uta
2520 4127 2738 4186 peccato
2764 4118 2991 4181 exstitit,
3019 4117 3089 4169 ita
3142 4117 3408 4179 vitiosam,
3437 4126 3497 4170 et
3544 4121 3739 4184 peccati

2166 4186 2459 4241 traducem.
2489 4188 2738 4241 llaaretici
2762 4198 2970 4253 contra,
3001 4186 3276 4240 libidinem
3316 4202 3410 4240 seu
3454 4188 3738 4257 conjugmn

2163 4258 2494 4324 voluptatem
2514 4299 2529 4321 ,
2570 4267 2629 4313 ut
2650 4257 2927 4323 dicebant,
2978 4273 3082 4311 non
3110 4266 3315 4311 tantum
3346 4260 3628 4311 honestam
3658 4270 3740 4311 at-

2164 4342 2269 4395 que
2308 4329 2649 4395 laudabilem,
2687 4330 2781 4383 sed
2829 4343 2965 4396 epus
2987 4327 3100 4393 Dei,
3144 4328 3297 4393 cujus
3353 4329 3558 4382 nullum
3607 4344 3741 4395 opus

2166 4413 2273 4451 nott
2306 4401 2598 4467 perfectum
2621 4400 2712 4464 sit,
2739 4399 2939 4452 nullum
2977 4398 3047 4451 sit
3074 4398 3497 4452 erubescendum
3542 4417 3556 4451 :
3585 4409 3742 4467 atque

2166 4469 2251 4522 hic
2271 4480 2454 4591 slextus
2486 4471 2708 4524 haeresis
2744 4485 2949 4537 ramus,
2999 4468 3261 4523 libidinem
3301 4486 3407 4523 esse
3447 4471 3636 4523 bonum
3662 4486 3741 4522 na-

2168 4548 2281 4591 tura
2307 4556 2353 4591 e.

2168 4548 2353 4593 turate.

2089 4578 2143 4639 Β
2168 4578 2503 4664 Μδῗιῖιοιίοἰ
2533 4609 2597 4664 ad
2627 4609 3051 4665 conﬁrmandam
3084 4610 3241 4664 [idem
3264 4612 3471 4678 peccati
3510 4611 3743 4681 origina-

2170 4680 2259 4746 lis,
2287 4690 2481 4749 prteter
2508 4683 2881 4734 auctoritatem
2916 4681 3230 4749 Scripturte,
3265 4680 3615 4737 traditionem
3644 4683 3742 4736 Pa-

2173 4760 2690 4820 trutn,communcm
2716 4750 2967 4805 Ecclesia!
2980 4761 3293 4816 sensum,ct
3308 4754 3564 4820 baptismi
3593 4754 3741 4815 ritus,

2169 4836 2238 4876 eo
2284 4823 2583 4889 przesertim
2633 4829 2948 4890 argumento
2998 4822 3322 4885 utebantur,
3355 4822 3499 4889 quod
3556 4833 3743 4875 natura

2174 4895 2225 4945 in
2257 4893 2410 4947 nobis
2442 4907 2548 4947 non
2575 4893 2773 4946 existat
2799 4891 3043 4959 ejusdem
3074 4894 3218 4946 modi
3262 4892 3417 4961 cujus
3460 4895 3513 4945 in
3538 4895 3743 4947 Adamo

2173 4962 2275 5017 fuit
2314 4972 2439 5018 ante
2473 4971 2774 5031 peccatum,
2809 4962 2922 5015 vitii
2952 4978 3171 5031 eXpers,
3204 4972 3370 5023 recta,
3405 4964 3662 5032 proclivis
3691 4966 3741 5017 in

2176 5032 2398 5098 bonum,
2425 5035 2598 5103 imago
2632 5034 2723 5087 Dei
2748 5033 2976 5102 integra,
3007 5048 3252 5102 opusque
3290 5048 3387 5087 suo
3412 5035 3633 5102 dignum
3662 5049 3746 5087 ar-

2178 5104 2352 5170 tifice;
2378 5108 2541 5158 imtno
2576 5103 2720 5174 quod
2757 5104 3056 5174 ignorantia
3085 5104 3221 5167 veri,
3254 5104 3387 5159 recti
3430 5104 3738 5171 difficultas,

2178 5177 2391 5229 caecitas
2422 5172 2637 5234 mentis,
2686 5172 2980 5228 voluntatis
3023 5174 3327 5237 inllrmitas,
3368 5175 3604 5228 servitus
3647 5174 3745 5228 sub

2179 5253 2443 5312 potestate
2478 5245 2700 5307 diaboli,
2726 5245 2939 5313 aliaque
2979 5244 3103 5299 talia
3151 5246 3434 5312 imaginem
3466 5246 3561 5298 Dei
3592 5244 3744 5314 quasi

2177 5315 2514 5377 decolorent,
2539 5328 2592 5369 et
2621 5323 2929 5382 corruptam
2960 5316 3335 5370 demonstrent
3368 5333 3380 5368 :
3410 5330 3533 5369 cum
3566 5324 3743 5369 tamen

2177 5388 2350 5454 ipsam
2377 5386 2520 5440 aliud
2566 5387 2698 5440 nihil
2742 5400 3091 5456 corrumpere
3120 5386 3375 5455 potuerit,
3398 5396 3603 5454 przeter
3628 5400 3743 5455 pec-

2177 5464 2376 5516 catum,
2409 5456 2552 5526 quod
2592 5456 2676 5511 vel
2702 5458 2752 5509 in
2798 5467 3043 5511 naturam
3085 5456 3484 5525 quodammodo
3530 5470 3746 5511 versum

2178 5527 2356 5594 fuerit,
2389 5527 2470 5581 vel
2500 5537 2647 5582 certe
2674 5527 2928 5581 nascendi
2957 5526 3266 5583 conditione
3290 5538 3639 5597 propagetur.

2250 5598 2347 5652 Hic
2376 5598 2568 5652 iterum
2602 5600 2652 5651 in
2685 5597 3023 5652 manifestam
3070 5595 3321 5652 haeresim
3366 5595 3544 5667 erupit
3585 5595 3747 5664 perti-

2178 5685 2279 5723 nax
2321 5670 2695 5723 haereticorum
2734 5668 2987 5736 superbia
3016 5685 3031 5722 :
3061 5682 3188 5721 ausa
3234 5676 3319 5723 est
3356 5669 3565 5723 scilicet
3593 5683 3745 5721 asse~

2177 5757 2298 5796 rere
2328 5739 2590 5795 Adamum
2646 5755 2752 5792 non
2802 5740 2905 5792 alia
2942 5739 3252 5793 conditione
3298 5750 3538 5793 creatum
3586 5752 3745 5807 quam

2178 5828 2319 5868 nunc
2370 5824 2740 5881 procreemur,
2773 5829 2891 5869 cum
2933 5810 3072 5865 idem
3118 5809 3187 5865 sit
3230 5824 3601 5880 utrorumque,
3636 5810 3745 5863 sive
