3980 6182
260 292 363 346 835

783 283 1089 346 DISSERT.
1128 285 1235 341 VII.
1270 285 1358 340 DE
1388 284 1575 339 ORTU
1611 282 1700 337 ET
1731 281 2196 338 INCREMEVTIS
2230 281 2550 338 llASRESlS
2576 282 3015 342 PELAGIAN/E.

3422 290 3522 351 616

258 420 380 462 cum
410 413 485 458 srt
506 415 671 473 purus
701 400 929 472 peccati,
964 414 1137 473 neque
1169 398 1381 473 Enoch,
1412 411 1522 466 pra:
1541 395 1669 473 aliis
1700 409 1832 449 san—
1866 402 1909 455 A
1944 397 2317 473 Mercatorem,
2369 397 2659 473 sementim
2690 413 2791 473 qua
2822 398 2890 453 de
2935 400 3133 473 agitur,
3168 402 3370 473 prtcligi
3398 419 3527 459 con.

257 465 540 539 rtioribus,
571 465 975 525 immortalitate
998 465 1280 523 donandus
1313 465 1521 539 luisset.
1541 465 1723 520 Primo
1745 482 1833 521 re-

256 546 493 615 spondet
520 537 869 611 Augustinus.
904 540 1208 615 Secundum
1238 554 1333 607 per
1360 552 1419 593 se
1440 537 1561 592 leve
1575 547 1689 615 est,
1709 551 1833 615 cum

257 605 379 672 fleo
405 605 701 668 innumera:
736 620 1023 680 suppetant
1051 612 1173 664 alia:
1212 605 1411 674 causas,
1449 622 1552 680 cur
1575 605 1757 680 Enoch
1784 617 1837 660 et

258 688 439 741 El'iam
469 686 701 738 voluerit
742 674 1070 736 conservare
1095 682 1363 734 immunes
1393 678 1587 733 mortis
1618 674 1768 744 (Lib.
1799 692 1837 731 ιι

257 760 321 811 de
353 772 496 828 pecc.
531 753 808 828 Meritis_c.
838 751 909 807 29
936 752 1126 828 et__50).

333 816 593 881 Nonnulli
627 823 863 883 tandem,
905 816 1219 891 quibuscum
1261 820 1546 891 Mercator,
1575 816 1834 884 conﬂixit,

260 901 434 953 immo
464 908 517 951 et
546 896 614 948 de
641 907 867 961 quorum
900 892 1284 960 quastionibus
1324 890 1680 961 Augustinum
1701 902 1839 961 con-7

258 969 435 1023 suluit
458 1011 473 1033 ,
506 956 757 1018 videntur
786 956 930 1017 hunc
958 963 1072 1017 fere
1116 963 1187 1033 in_
1219 956 1434 1033 moduni
1483 958 1735 1028 argutati.
1782 956 1838 1013 Si

229 1041 236 1065 ⁷
262 1031 569 1092 mortalitas
592 1045 865 1089 Contracta
890 1040 978 1086 est
998 1034 1155 1101 primi
1178 1031 1410 1101 hominis
1424 1039 1841 1101 peccato,opor-

260 1119 340 1164 tet
365 1117 443 1172 ut,
467 1104 917 1177 quemadmodum
943 1100 1129 1156 omnes
1156 1101 1224 1177 ab
1236 1100 1669 1177 Adamoprenati
1687 1107 1832 1177 sunt,

262 1183 335 1233 ita
369 1168 529 1231 nemo
560 1192 665 1229 non
698 1175 987 1236 moriatur,
1030 1172 1268 1226 maxime
1296 1186 1418 1225 cum
1452 1173 1567 1239 ipse
1594 1168 1840 1224 Christus

263 1249 462 1303 mortis
497 1246 662 1301 fatum
706 1253 963 1312 expertus
990 1242 1078 1296 sit.
1130 1244 1288 1310 Atqui
1320 1241 1612 1312 Apostolus
1653 1239 1837 1312 docet,

263 1320 476 1388 aliquos
506 1316 607 1370 sub
640 1309 798 1368 tinem
815 1313 1003 1388 mundi
1027 1309 1239 1388 obviam
1272 1312 1441 1388 ituros
1462 1310 1676 1388 tjhristo
1700 1309 1834 1388 suis,

263 1398 324 1441 ut
343 1377 498 1443 erunt
524 1388 787 1451 viventes,
812 1387 862 1437 in
892 1384 1215 1452 corporibus
1245 1400 1257 1436 :
1308 1382 1562 1447 Quoniam
1592 1381 1698 1452 ipse
1726 1377 1838 1452 Ιζοέ

263 1460 435 1513 minus
473 1460 523 1511 in
546 1460 704 1529 jussu
727 1496 741 1518 ,
771 1449 825 1509 et
855 1456 909 1507 in
935 1449 1051 1507 voce
1078 1452 1409 1529 archangeli,
1440 1462 1484 1529 et
1514 1454 1566 1504 in
1596 1451 1713 1503 tuba
1738 1449 1842 1523 Dei

263 1522 633 1583 descendet'de
664 1532 807 1588 caelo,
832 1534 881 1578 et
912 1524 1121 1583 mortui,
1152 1523 1235 1587 qui
1265 1528 1318 1575 in
1350 1522 1552 1575 (Ihristo
1578 1531 1697 1574 sunt
1716 1522 1743 1589 ,⁷
1762 1537 1844 1574 re-

263 1609 477 1670 surgant
502 1598 673 1668 primi.
724 1595 917 1670 Deinde
946 1610 1063 1658 uos,
1093 1592 1570 1670 qui-vioirnushqui
1597 1592 1841 1670 relinqui-

264 1662 417 1735 mur,
470 1662 622 1723 simul
671 1665 932 1736 rapiemur
960 1680 1074 1717 cum
1115 1663 1220 1716 illis
1264 1664 1316 1716 in
1343 1662 1594 1736 nubibus,
1646 1662 1841 1736 obuiam

264 1730 472 1793 Christo
499 1739 553 1791 in
581 1730 745 1791 Μαί
774 1734 838 1788 Et
885 1736 959 1789 sic
987 1750 1184 1805 seraper
1226 1749 1344 1787 cum
1390 1730 1613 1787 Domino
1653 1733 1841 1786 erimus

265 1811 309 1878 (Ι
340 1809 518 1863 Thess.
549 1824 620 1872 tv,
650 1808 716 1861 15
740 1813 785 1859 et
810 1806 918 1875 i6).

234 1898 237 1901 ‘
271 1872 282 1878 ’
338 1879 450 1935 Sed
494 1878 753 1932 hactenus
784 1872 916 1931 satis
966 1874 1033 1929 de
1063 1874 1359 1944 qumstione
1395 1874 1508 1940 ipsa
1539 1872 1839 1945 principali,

266 1950 423 2018 cujus
452 1948 777 2018 appendices
821 1946 1033 2001 luerunt
1076 1945 1325 2018 undecim
1357 1945 1674 2018 Pelagianos
1703 1947 1844 2018 inter

266 2015 647 2073 et'catholiens
686 2019 1089 2073 controversiae.
1142 2016 1197 2067 l°
1244 2017 1327 2070 An
1376 2015 1553 2069 morbi
1582 2031 1647 2071 ex
1686 2017 1841 2080 culpa

266 2104 529 2153 oriantur,
558 2092 638 2143 vel
662 2105 727 2143 ex
750 2098 960 2141 natura.
991 2092 1054 2138 κιο
1106 2085 1186 2140 An
1232 2095 1483 2154 partuum
1514 2086 1730 2142 dolores
1758 2085 1842 2138 fu-

266 2166 372 2214 turi
402 2170 587 2214 essent
612 2160 661 2213 in
692 2159 957 2227 paradiso.
992 2157 1054 2211 5°
1081 2161 1160 2211 An
1186 2157 1456 2211 laboriosa
1482 2158 1600 2212 sine
1622 2166 1845 2228 peccato

266 2231 604 2301 agricolatio.
648 2228 710 2282 4°
740 2231 825 2301 An
867 2229 1009 2301 Deus
1050 2229 1612 2301 sit_»auct_or_mortis.
1668 2229 1731 2301 5°
1764 2230 1843 2280 An

268 2297 418 2356 ninrs
464 2303 673 2355 censeri
719 2300 911 2354 debeat
950 2299 1004 2351 in
1036 2298 1212 2368 malis.
1264 2298 1325 2352 6°
1354 2297 1436 2351 An
1479 2312 1574 2351 sua
1618 2299 1847 2368 quisque

267 2373 427 2437 culpa
470 2373 681 2440 propria
724 2373 999 2424 moriatur.
1050 2369 1112 2440 7f
1149 2366 1257 2440 Cur
1288 2370 1420 2436 justi
1450 2366 1769 2440 moriantur,
1800 2367 1845 2419 si

268 2436 422 2496 ﬂlttl'S
452 2436 519 2496 sit
543 2436 745 2510 peccati
780 2455 953 2508 pinna.
984 2445 1046 2493 δο
1076 2436 1183 2492 Cur
1199 2439 1447 2510 Christus
1478 2438 1593 2508 ipse
1616 2452 1846 2493 mortem

265 2526 462 2583 passus
483 2508 553 2566 sit
577 2512 886 2583 aliquando.
909 2510 971 2563 9°
991 2513 1069 2563 An
1094 2524 1283 2561 omnes
1304 2508 1548 2562 morituri
1572 2510 1698 2583 sint,
1725 2523 1845 2564 cum

265 2581 457 2639 esuries
499 2582 690 2637 eodem
736 2583 961 2650 originis
1011 2593 1231 2647 peccato
1281 2588 1583 2634 teneantur.
1612 2581 1733 2650 κίοο
1766 2584 1845 2634 An

263 2668 462 2707 omnes
481 2670 573 2719 per
589 2652 785 2706 Christi
808 2649 1260 2705 resurrectionem
1287 2665 1570 2719 resurgere
1590 2649 1845 2715 debeant,

263 2734 362 2777 aut
399 2724 498 2777 soli
523 2724 673 2791 jUSli.
730 2724 823 2777 il°
855 2726 935 2775 Au
984 2723 1307 2774 resurrectio
1356 2736 1454 2790 per
1484 2734 1544 2776 se
1572 2719 1766 2776 debeat
1796 2722 1849 2775 in

264 2795 431 2849 bonis
460 2794 751 2849 numerari.

886 2860 1110 2916 CAPUT
1137 2859 1226 2914 IV.

271 2957 508 3023 Quwstio
535 2957 599 3010 de
627 2964 829 3024 peccato
867 2953 1128 3025 originali,
1155 2961 1267 3005 orta
1295 2966 1358 3025 ea:
1387 2951 1577 3019 priore,
1602 2953 1853 3020 plurimas

343 3028 475 3081 alios
508 3022 723 3095 peperit,
755 3036 801 3079 et
829 3022 1171 3095 eam'quidem
1199 3022 1495 3095 maximam,
1520 3025 1582 3095 de
1602 3024 1852 3090 baptismo

343 3091 695 3168 parvulorum,
712 3091 999 3165 eorumque
1022 3093 1367 3163 redemptione
1394 3108 1483 3160 per
1510 3091 1789 3148 Christum.

350 3210 616 3267 Secundae
646 3208 960 3276 quaestionis
990 3206 1251 3276 originem
1294 3221 1363 3261 ex
1405 3206 1585 3275 priore
1631 3208 1856 3276 exponit

276 3282 614 3352 Augustinus
650 3281 702 3334 in
728 3295 917 3352 opere
935 3293 1064 3352 _quu
1109 3277 1340 3352 primum
1373 3280 1623 3352 pugnavit
1644 3280 1855 3352 scripto

275 3346 542 3406 adversus
565 3351 877 3421 Pelagianos
902 3348 1038 3421 (Lib.
1065 3348 1175 3421 ide
1197 3363 1336 3421 pecc.
1370 3346 1541 3401 Merit.
1569 3359 1615 3401 et
1635 3346 1853 3405 Remus.

276 3442 327 3478 e.
357 3422 436 3493 9).
469 3423 601 3477 Cum
625 3417 770 3493 enim
796 3422 863 3493 de
894 3417 1228 3493 mortalitate
1240 3417 1596 3493 disputasset,
1626 3434 1857 3493 eamque

276 3510 346 3549 ex
381 3487 601 3561 peccato
634 3492 785 3559 primi
817 3490 1049 3544 hominis
1072 3487 1337 3561 pluribus
1373 3488 1668 3561 scripturae
1709 3487 1857 3544 teSti-

277 3558 481 3618 moniis
500 3558 671 3616 ortam
695 3562 997 3631 probasset,
1021 3558 1263 3631 adhibuit
1288 3558 1499 3631 tandem
1527 3571 1855 3625 postremum

279 3635 426 3688 istud
451 3634 602 3702 quasi
626 3627 986 3686 decretorium
1019 3647 1030 3682 :
1068 3629 1168 3682 Per
1205 3644 1365 3681 unum
1393 3627 1645 3681 hominem
1682 3646 1860 3697 pecca-

282 3717 389 3758 tum
432 3705 635 3757 intravit
664 3704 718 3755 in
748 3703 994 3756 mundum
1023 3710 1069 3753 et
1096 3716 1185 3770 per
1208 3709 1470 3766 peccatum
1511 3716 1645 3751 mors
1666 3744 1679 3766 ,
1713 3710 1759 3752 et
1786 3702 1859 3752 ita

279 3779 333 3827 in
366 3791 539 3828 omnes
568 3774 792 3827 homines
821 3788 955 3825 mors
979 3771 1300 3841 pertransiit,
1332 3772 1383 3822 in
1414 3785 1514 3839 quo
1545 3786 1713 3823 omnes
1743 3786 1858 3840 pec-

280 3855 523 3898 caverunt
554 3842 728 3913 (Rom.
762 3858 817 3907 ν,
852 3840 1253 3913 ii).Adhihui_t
1290 3854 1435 3913 vero
1457 3855 1564 3892 non
1600 3842 1712 3905 ipse
1751 3841 1829 3913 pri

282 3931 408 3969 mus
434 3933 445 3966 :
479 3910 599 3967 nam
630 3928 749 3968 cum
780 3912 969 3967 eodem
990 3912 1098 3978 jam
1128 3910 1332 3979 pridem
1358 3910 1436 3964 usi
1467 3921 1647 3964 essent
1676 3912 1859 3964 catho-

283 3988 399 4051 lici,
432 3985 784 4039 leestianns
814 3985 1090 4049 excepisse
1119 3980 1283 4034 refert
1305 3979 1464 4048 (Loco
1494 3996 1613 4032 mox
1640 3983 1794 4034 citato
1817 3982 1859 4048 ),

281 4057 425 4125 quod
455 4072 588 4108 mors
617 4056 715 4108 ista
739 4093 756 4119 ,
796 4069 910 4120 qua:
937 4055 1043 4106 illic
1072 4063 1467 4125 commemorata
1513 4059 1587 4103 est
1611 4092 1628 4125 ,_
1669 4068 1768 4125 non
1797 4052 1863 4106 sit

282 4122 539 4196 corporis.
564 4141 717 4195 quam
739 4126 1131 4196 Adampeccato
1157 4138 1257 4173 non
1283 4122 1498 4185 meruit,
1541 4122 1630 4174 sed
1654 4124 1858 4187 animm,

280 4194 405 4266 qua:
433 4197 487 4247 in
516 4194 627 4261 ipso
658 4204 861 4266 peccato
879 4195 977 4266 sit;
1004 4202 1049 4247 et
1086 4194 1269 4266 ipsum-
1294 4200 1576 4266 peccatum,
1607 4208 1864 4266 nonupro-

281 4262 562 4337 pagatione
597 4262 812 4337 in'alios
842 4264 1067 4337 homines
1082 4304 1104 4337 ,Α
1126 4262 1213 4316 sed
1252 4262 1537 4337 imitatione
1564 4264 1864 4337 transiisse;

284 4333 451 4405 nrgue
488 4337 540 4388 in
577 4335 807 4404 parvulis
842 4350 929 4401 per
965 4333 1273 4405 baptismum
1309 4333 1436 4384 solvi
1464 4334 1712 4405 originale
1752 4349 1868 4399 pec-

283 4402 480 4470 eaittm,
511 4402 647 4476 quod
676 4407 729 4458 in
768 4405 1087 4457 nascentibus
1132 4403 1329 4455 nullum
1359 4402 1562 4455 omnino
1591 4417 1699 4457 esse
1745 4419 1867 4457 con-

284 4477 409 4531 tend
414 4486 523 4535 unt.

360 4545 739 4615 Intelligebant
778 4543 981 4598 scilicet
1005 4584 1018 4605 ,
1054 4543 1293 4615 Apostoli
1337 4540 1647 4615 testimonio
1692 4543 1862 4598 asseri

285 4613 566 4686 quatuor.‘
598 4615 836 4686 Primum
858 4656 876 4681 ,
930 4629 1024 4686 per
1063 4628 1227 4667 unum
1257 4613 1549 4686 hominem
1584 4622 1861 4678 peccatum

287 4682 522 4740 intrasse
549 4686 599 4738 in
644 4684 901 4738 mundum
918 4682 942 4749 ;'
965 4684 1213 4747 alterum,
1256 4682 1485 4737 intrasse
1524 4698 1738 4752 quoque
1767 4698 1865 4754 per

226 4811 233 4817 ,
287 4766 575 4823 peccatum
603 4764 828 4809 mortem
855 4770 871 4819 ;
905 4754 1141 4818 tertium,
1174 4762 1404 4807 mortem
1439 4756 1579 4808 hanc
1606 4754 1659 4807 in
1691 4770 1862 4807 omnes

288 4827 528 4897 homines
542 4896 549 4897 ί
564 4827 923 4897 pertransisse
962 4823 1461 4897 (quageneralitate
1492 4838 1681 4897 vocum
1700 4838 1861 4897 (com-

288 4895 555 4963 prehendi
598 4906 809 4964 oportet
848 4893 1157 4965 infantes)’;
1210 4904 1537 4965 postremum
1589 4894 1820 4961 denique
1846 4936 1863 4960 ,

288 4962 484 5021 attines
524 4967 575 5019 in
618 4962 724 5019 uno
766 4966 989 5020 homine
1026 4962 1303 5033 peccasse.
1348 4962 1586 5017 Primum
1634 4964 1865 5019 libenter

286 5037 647 5096 admiserunt,
675 5036 883 5104 reliqua
910 5041 1007 5089 tria
1031 5037 1299 5103 perversis
1330 5034 1865 5103 interpretationibus

288 5110 589 5161 obscurare
618 5107 717 5160 nisi
742 5117 905 5170 sunt;
940 5107 1032 5161 sed
1060 5106 1294 5161 Ecclesia
1327 5106 1644 5159 temerarios
1685 5107 1864 5161 niten-

291 5180 428 5231 tium
450 5187 671 5231 conatus
700 5177 1045 5231 damnatione
1067 5191 1161 5229 sua
1186 5176 1405 5231 retudit.

366 5248 499 5300 Eam
526 5250 596 5303 ob
627 5263 739 5301 rem
764 5246 1057 5317 quisquise
1082 5248 1352 5301 veteribus
1373 5246 1621 5315 dogmata
1646 5244 1869 5301 bteresis

287 5318 596 5385 Pelagianae
617 5362 631 5384 ,
666 5318 747 5370 vel
779 5316 1079 5379 recensuit,
1122 5317 1208 5371 vel
1252 5317 1601 5386 impugnavit,
1629 5317 1871 5372 secundo

289 5390 415 5443 loco
449 5391 627 5455 posuit
655 5388 729 5451 id,
758 5388 900 5455 quod
929 5387 995 5441 de
1022 5396 1244 5456 peccato
1270 5387 1516 5455 originali
1545 5394 1647 5441 est.
1696 5390 1876 5456 Atque

291 5471 349 5511 ut
385 5459 456 5512 de
476 5459 777 5513 Mercatore
803 5469 856 5513 et
882 5458 1147 5524 Prospero
1172 5459 1414 5511 omittam
1441 5459 1636 5512 iterum
1665 5456 1870 5527 dicere,

294 5529 555 5583 Paulinus
585 5527 842 5583 leestio
867 5529 1160 5584 secundum
1186 5527 1331 5582 istud
1366 5526 1564 5596 objecit
1588 5568 1604 5593 ,
1635 5526 1876 5598 quoniam

294 5610 558 5667 peccatum
586 5598 711 5652 Adtz
738 5601 904 5669 ipsum
936 5599 1102 5669 solum
1142 5599 1362 5669 (merit,
1394 5610 1443 5653 st
1472 5614 1572 5651 non
1599 5615 1756 5669 genus
1780 5598 1876 5653 hu-

295 5686 504 5723 manum
528 5670 662 5740 (Lib.
695 5667 923 5723 deaest.
950 5668 1162 5723 Palam.
1202 5667 1410 5740 et“).
1441 5670 1521 5723 Ad
1550 5667 1672 5737 qua:
1712 5671 1876 5725 verba

298 5744 491 5796 iterum
534 5738 787 5807 observa,
817 5742 869 5793 in
919 5740 1231 5795 testimonio
1267 5738 1511 5806 Paulini,
1537 5751 1593 5794 ut
1637 5748 1693 5795 et
1735 5743 1875 5811 apud

1938 468 2284 540 junctinnem
2315 468 2584 540 causalem
2611 470 2893 535 quoniam,
2938 486 3046 540 quo
3070 468 3226 540 signo
3258 468 3528 529 indicatur

1941 539 2188 613 probatio
2225 540 2421 613 prioris
2467 539 2698 613 alicujus
2724 539 3261 613 alteritrs’sententite
3293 560 3308 597 :
3353 561 3527 613 quate

1941 610 2362 681 utprohationis
2404 611 2663 681 q‘urcstio,
2712 610 2757 662 si
2802 624 2924 679 quae
2965 612 3255 678 aliquando
3296 610 3523 681 incidit,

1939 680 2111 753 oritur
2150 695 2215 733 ex
2256 679 2561 753 quaestione
2594 689 2818 753 propter
2853 696 3011 749 quam
3053 683 3368 753 solvendam
3400 679 3525 753 pro-

1943 751 2087 803 batio
2131 750 2462 824 assumitur,
2494 750 2846 817 qua-stionem
2889 754 3069 818 procul
3102 751 3268 807 dubio
3297 754 3366 809 de
3399 750 3525 824 pec-

1941 829 2060 873 cato
2108 819 2352 888 originali
2381 828 2561 891 natam
2600 834 2723 874 esse
2753 830 2969 890 oportet
3012 837 3076 875 ex
3118 819 3417 891 quaestione
3451 826 3526 880 de

1943 890 2265 1013 mitraalitate
2304 890 2519 959 generis
2551 890 2815 959 humani,
2866 890 3283 959 quoniam’hzcc
3323 910 3388 949 ex
3427 896 3520 950 illa

1943 977 2036 1013 Di‘tl
2080 971 2217 1013 :tlllt‘.
3016 994 3021 999 ·

1980 971 2217 1017 rubalur.
3016 994 3021 999 -

2006 982 2018 1008 ε
2080 982 2087 1009 :
2204 1002 2217 1017 ,
3016 994 3021 999 -

1940 977 2326 1105 ρςὲἒὲιξιιζιιιιιη
2371 1030 2758 1105 Hypognostes
2795 1031 3122 1105 numeravit
3156 1038 3199 1084 :‘
3231 1034 3358 1086 Item
3385 1037 3521 1105 quod

1941 1112 2204 1172 percolunt
2247 1101 2373 1155 Adae
2411 1101 2702 1165 neminem,
2752 1101 2855 1172 nisi
2895 1102 3063 1154 solum
3104 1102 3304 1168 ipsum,
3354 1101 3523 1159 nocuit

1942 1170 2128 1243 (Praef.
2168 1171 2535 1242 llypognost.).
2562 1172 2691 1226 ltem
2727 1189 2740 1223 :
2771 1170 3046 1243 Peccatum
3084 1172 3231 1234 Adae,
3262 1176 3519 1243 inquiunt,

1942 1242 2190 1296 neminem
2220 1242 2413 1304 nocuit,
2449 1243 2546 1294 nisi
2572 1242 2737 1294 solum
2764 1242 2953 1309 ipsum.
2991 1242 3370 1308 Respondemus
3390 1260 3410 1298 :
3460 1247 3523 1300 Si

1942 1327 2207 1383 peccatum
2227 1314 2509 1383 primorum
2526 1310 2930 1383 hominumsolis
2954 1312 3113 1381 obfuit
3130 1312 3253 1379 illis,
3268 1325 3313 1367 et
3334 1316 3526 1369 nemini

1943 1381 2191 1465 nostrum,
2223 1393 2331 1438 etc.
2366 1382 2713 1455 (Hypognost.
2743 1381 2836 1434 lib.
2869 1397 2927 1449 tt,
2960 1399 3073 1454 cap.
3104 1384 3179 1451 1).
3209 1384 3525 1441 Memoravit

1942 1464 2124 1509 etiam.

2016 1524 2229 1595 Relellit
2260 1533 2409 1595 certe
2449 1522 2743 1578 secundum
2773 1523 3101 1595 Augustinus
3139 1523 3191 1595 in
3224 1539 3391 1595 opere
3418 1541 3524 1595 quo

1947 1595 2174 1661 primum
2204 1594 2255 1647 in
2296 1594 2618 1662 Pelagianos
2669 1607 2730 1647 se
2756 1593 3018 1648 exercuit.
3066 1593 3286 1649 Relellit
3333 1605 3390 1651 et
3434 1593 3523 1651 se-

1945 1666 2123 1719 eundo
2145 1666 2348 1735 pariter
2374 1665 2514 1718 libro
2536 1664 2933 1736 llypognostes,
2959 1666 3275 1736 cumprime
3294 1667 3361 1720 de
3384 1683 3525 1722 mor-

1948 1736 2014 1789 tis
2043 1733 2254 1807 origitte
2285 1733 2743 1805 tractasset'(Lib
2769 1750 2785 1787 ι
2813 1734 2876 1787 de
2900 1750 3039 1806 pecc.
3072 1734 3242 1789 Merit.
3268 1776 3282 1804 ,
3333 1753 3379 1792 c.
3412 1736 3445 1792 9
3474 1749 3523 1793 et

1946 1822 2135 1859 ποσή.

1998 1811 2298 1930 qlgainnavit
2328 1872 2577 1947 Africana
2607 1874 2845 1946 synodus
2873 1889 3084 1947 canone
3121 1875 3186 1941 2,
3220 1886 3518 1947 postquam

1946 1946 2119 2015 primo
2156 1947 2224 2001 de
2253 1946 2583 2001 mortalitate
2609 1947 2835 2000 dixisset
2863 1946 2955 2019 :AI
2962 1958 3059 1999 tem
3090 1949 3279 2015 placuit
3310 1946 3519 2019 utqui-

1944 2033 2158 2087 cumquc
2188 2018 2428 2083 parvulos
2450 2028 2670 2088 recentes
2695 2020 2756 2069 ab
2778 2016 2935 2069 uteris
2958 2028 3175 2071 matrum
3195 2016 3530 2088 baptizandus

1945 2098 2127 2159 nrgat,
2177 2097 2265 2159 aut
2298 2087 2541 2159 rdicit_in_
2567 2088 2916 2159 remissionem
2958 2089 3159 2159 quidem
3204 2087 3526 2158 peccatorum

1945 2155 2329 2231 eosbaptizari,
2357 2157 2446 2210 sed
2467 2155 2597 2231 nihil
2618 2173 2681 2231 ea;
2707 2156 2872 2231 Atiam
2900 2157 3106 2231 trahere
3129 2155 3394 2229 originalis
3410 2178 3523 2231 pec~

1946 2230 2084 2292 cati,
2126 2227 2268 2297 quod
2312 2228 2704 2297 regenerationis
2739 2228 2945 2299 lavacro
2988 2227 3254 2293 expietur,
3289 2227 3422 2283 unde
3465 2232 3527 2299 fit

1946 2314 2273 2366 consequens,
2306 2308 2361 2350 ut
2387 2300 2438 2349 in
2456 2299 2526 2350 eis
2557 2298 2725 2364 [arma
2744 2297 3080 2361 baptismatis.
3103 2300 3154 2351 in
3181 2297 3526 2355 remissionem

1948 2380 2293 2439 peccatorum,
2326 2384 2428 2420 non
2450 2384 2588 2439 vera,
2617 2369 2705 2420 sed
2728 2366 2863 2439 falsa
2886 2368 3223 2439 intelligatur,
3252 2370 3531 2426 anathema

1947 2435 2046 2511 sit;
2068 2438 2309 2511 quoniam
2327 2454 2428 2491 non
2455 2435 2605 2511 aliter
2631 2435 3017 2511 intelligendum
3043 2435 3112 2491 est
3140 2441 3275 2509 quod
3295 2444 3367 2494 ait
3387 2442 3527 2511 Apo-

1947 2508 2107 2563 stolus
2137 2525 2157 2563 :
2197 2509 2300 2563 Per
2343 2522 2509 2562 unum
2552 2509 2821 2562 hominem
2872 2508 3159 2577 peccatum
3202 2508 3529 2567 intravit‘in.

1950 2579 2231 2644 mundum,
2259 2588 2314 2633 et
2345 2593 2442 2648 per
2474 2587 2747 2643 peccatum
2789 2592 2970 2643 mors,
3016 2586 3072 2633 et
3119 2580 3189 2633 ita
3242 2581 3296 2634 in
3335 2595 3529 2637 omnes

1954 2649 2201 2704 homines
2219 2648 2548 2718 pertransiit,
2565 2649 2615 2701 in
2631 2665 2742 2771 suo
2763 2654 2952 2702 omnes
2976 2651 3526 2720 peccaveruntUiom.

1954 2735 2006 2771 v-
2040 2720 2176 2771 12).
2202 2719 2299 2771 nisi
2328 2719 2627 2771 aumadmo
2670 2736 2755 2771 um
2794 2718 3023 2771 Ecclesia
3061 2720 3315 2771 catholica
3345 2723 3526 2771 ubfane

1953 2735 2006 2791 v,
2029 2720 2176 2791 j2),
2202 2719 2299 2773 nisi
2328 2718 2763 2791 quemadmodum
2794 2718 3023 2772 Ecclesia
3061 2720 3315 2775 catholica
3345 2718 3533 2791 ubique

1953 2788 2144 2863 cli/fusa
2181 2805 2380 2863 semper
2416 2788 2944 2863 intelleagit.__lfropter
2980 2791 3111 2842 hanc
3136 2792 3268 2863 enim
3297 2788 3532 2863 regulam

1954 2861 2099 2934 ﬁdei,
2127 2861 2278 2914 etiam
2299 2860 2523 2934 parvuli,
2546 2860 2629 2928 qui
2657 2859 2786 2911 nihil
2803 2869 3129 2934 peccatorum
3168 2861 3221 2915 in
3248 2859 3531 2934 semetipsis

1953 2930 2121 2984 adhuc
2147 2931 2457 2984 committere
2483 2938 2772 2998 potuerunt,
2796 2930 2914 2983 ideo
2934 2930 2984 2981 in
3000 2940 3324 3000 peccatorum
3355 2930 3533 2987 remis—

1954 3002 2148 3075 sionem
2171 3001 2414 3075 veraciter
2439 3000 2794 3075 baptizantur,
2845 3009 2900 3051 ut
2946 3000 2998 3052 in
3038 3002 3109 3053 eis
3154 3004 3541 3075 regemratione

1957 3073 2247 3135 mandetur,
2277 3070 2414 3140 quod
2439 3072 2763 3140 generatione
2791 3079 3077 3123 traxerunt.

1880 3139 1926 3201 C
2031 3140 2186 3197 Unde
2204 3138 2494 3196 Jansenius
2532 3138 2788 3209 lptensis.
2824 3149 3102 3208 postquam
3133 3140 3346 3195 dixerat
3380 3142 3539 3197 Pela-

1994 3212 2235 3266 ianorum
2265 3211 2493 3278 capitale
2520 3210 2712 3279 dogma
2741 3220 2797 3264 et
2817 3210 3045 3263 aliorum
3074 3212 3227 3279 quasi
3256 3213 3531 3268 cardinem
3580 3214 3583 3215 ⁷

1994 3227 2235 3266 tanorum
2265 3227 2493 3278 capitale
2520 3227 2712 3279 dogma
2741 3227 2797 3264 et
2817 3227 3045 3263 auorum
3074 3227 3227 3279 quast
3256 3227 3531 3268 cardinem

1955 3227 2142 3344 ﬁnisse,
2169 3280 2305 3351 quod
2330 3282 2557 3333 Adamus
2584 3281 2815 3334 mortalis
2836 3281 2908 3332 ita
2938 3281 3103 3349 factus
3147 3291 3298 3338 esset.
3330 3292 3388 3335 ut
3430 3285 3535 3337 sive

1956 3362 2203 3418 peccaret.
2229 3352 2331 3404 sive
2356 3367 2459 3404 non
2486 3360 2747 3420 peccaret.
2780 3352 3056 3404 moriturus
3086 3361 3216 3405 esset
3245 3351 3393 3420 (Lib.
3428 3368 3444 3407 ι
3472 3356 3544 3407 de

1957 3422 2106 3478 Uter.
2136 3421 2316 3493 Pelag.
2349 3437 2394 3473 c.
2427 3419 2554 3490 l3);
2589 3422 2747 3490 paulo
2776 3428 2903 3493 post
2928 3422 3066 3474 istud
3099 3420 3176 3475 ait
3212 3423 3384 3477 instar
3409 3439 3539 3478 esse

1958 3495 2104 3548 basis
2130 3491 2372 3565 omnium
2403 3500 2746 3554 Cattcrorum,
2769 3491 2904 3565 quod
2935 3494 3059 3546 Adcc
3085 3504 3343 3561 peccatum
3368 3494 3541 3565 ipsum

1957 3564 2121 3617 solum
2161 3564 2379 3627 lceserit,
2414 3572 2459 3615 et
2492 3578 2593 3615 non
2635 3561 2793 3631 genus
2822 3561 3105 3633 humanum
3140 3579 3156 3615 :
3204 3567 3288 3618 cui
3338 3561 3533 3633 nempe

1957 3642 2381 3689 consentaneum
2410 3642 2562 3696 erat,
2604 3629 2739 3700 quod
2773 3629 2994 3698 infantes
3033 3649 3197 3702 nuper
3231 3637 3337 3687 nati
3383 3635 3437 3687 in
3469 3629 3546 3687 eo

1958 3713 2095 3757 statu
2136 3704 2237 3756 sint
2299 3704 2354 3755 in
2395 3718 2494 3771 quo
2537 3702 2701 3755 Adam
2750 3703 2845 3770 fuit
2883 3712 2998 3755 ante
3037 3706 3536 3770 pravaricatiouem,

1958 3785 2120 3843 atque
2151 3774 2223 3844 ita
2254 3773 2400 3825 nullo
2433 3781 2714 3844 teneantur
2743 3781 2963 3844 peccato
3001 3775 3248 3841 originali
3279 3774 3424 3844 (Lib.
3458 3792 3547 3841 tu,

1959 3860 2004 3897 c.
2033 3841 2108 3910 ἰ).
2157 3842 2492 3910 Quamquam
2522 3841 2803 3906 scriptoris
2832 3841 2990 3908 hujus
3022 3857 3128 3897 non
3160 3841 3346 3912 magna
3385 3845 3534 3899 vide-

1962 3923 2047 3968 tur
2072 3928 2193 3968 esse
2220 3913 2515 3966 auctoritas
2562 3912 2662 3966 hac
2708 3912 2759 3965 in
2788 3920 2968 3974 parte,
3001 3926 3120 3965 cum
3166 3914 3540 3969 inconstanter

1963 3985 2233 4052 loquatur,
2264 3993 2318 4037 et
2346 3981 2504 4036 modo
2536 3982 2660 4047 hoc,
2690 3981 2848 4037 modo
2877 3982 3038 4044 illud,
3071 3994 3227 4049 prout
3269 3984 3535 4050 abripitur

1962 4053 2271 4122 disputandi
2310 4062 2481 4118 aestu,
2527 4053 2827 4123 Pelagiana:
2871 4054 3093 4107 haeresis
3126 4054 3536 4108 [uuidamentutn

2038 4134 2148 4177 nat.

1964 4141 2221 4250 p0gibbis
2252 4193 2543 4261 redarguas
2570 4192 2816 4249 Vossinm
2841 4234 2854 4257 ,
2886 4194 2975 4261 qui
3007 4193 3161 4263 (Lib.
3187 4209 3226 4248 tt
3262 4194 3401 4247 (list.
3434 4193 3537 4248 Pe-

1967 4266 2072 4335 lag.
2104 4273 2237 4333 part.
2270 4265 2307 4332 ι)
2336 4265 2585 4331 opinatur
2630 4265 2982 4335 quiestionent
3023 4265 3089 4317 de
3123 4272 3342 4331 peccato
3379 4268 3544 4333 origi-

1967 4333 2074 4389 nali
2099 4352 2203 4389 non
2229 4346 2401 4387 ortam
2428 4348 2491 4387 ex
2517 4336 2810 4401 qutestione
2830 4333 2897 4386 de
2918 4336 3264 4399 mortalitate,
3289 4338 3382 4389 sed
3405 4336 3542 4390 hanc

1968 4421 2033 4460 ex
2067 4406 2153 4458 illa
2182 4405 2395 4469 ;virnm
2440 4404 2626 4457 fefellit
2652 4403 3002 4473 quorumdam
3037 4417 3277 4460 veterum
3301 4411 3539 4461 auctori-

1896 4507 1949 4566 Β
1975 4485 2083 4566 tas,
2114 4477 2202 4544 qui
2224 4489 2351 4566 funi
2370 4474 2859 4566 peccantumhdami
2888 4477 3165 4566 prppagari
3189 4478 3248 4566 lin
3273 4488 3541 4566 posteros.

1973 4546 2097 4602 inde
2128 4547 2374 4615 probent,
2399 4545 2538 4612 quod
2570 4544 2669 4612 ipsi
2693 4545 2854 4598 etiam
2895 4544 3150 4609 infantes,
3189 4544 3312 4601 licet
3346 4550 3544 4600 nullius

1965 4632 2077 4671 sua:
2104 4618 2275 4684 culpa:
2300 4615 2398 4677 rei,
2426 4616 2751 4685 moriantur;
2782 4630 2880 4669 nec
2902 4618 3041 4668 ullus
3066 4626 3245 4671 tamen
3279 4618 3379 4671 sub
3395 4618 3549 4685 justo

1967 4688 2078 4741 Deo
2110 4689 2390 4749 moriatur,
2422 4684 2522 4737 nisi
2553 4686 2746 4739 merito
2788 4686 3013 4753 peccati.
3044 4686 3154 4740 Visi
3188 4698 3313 4740 sunt
3354 4684 3550 4741 vossio

1967 4758 2153 4824 hujus,
2180 4756 2223 4810 si
2272 4756 2397 4827 licet
2440 4757 2512 4815 ita
2544 4756 2710 4825 loqui,
2757 4755 3087 4827 genealogite
3114 4772 3224 4810 non
3254 4759 3385 4810 satis
3420 4773 3546 4827 pru-

1965 4828 2110 4881 denti
2142 4867 2155 4887 ,
2196 4826 2481 4881 omendere
2510 4826 2981 4896 quidqutestiouis
3028 4842 3089 4879 es
3125 4826 3545 4896 quzrstionena-

1966 4906 2075 4951 tum
2100 4898 2194 4957 sit.
2223 4912 2329 4950 non
2370 4896 2498 4949 item
2532 4895 2663 4967 quid
2689 4899 2766 4949 rei
2800 4912 2861 4951 ex
2896 4911 2975 4959 re,
3008 4895 3252 4965 quamvis
3288 4899 3401 4951 hac
3440 4899 3556 4951 duo

1975 4969 2131 5037 longe
2154 4968 2363 5021 diversa
2390 4968 2517 5020 sint.
2568 4966 2834 5036 Deceptus
2879 4966 3101 5021 Vossius
3145 4967 3401 5036 imposuit
3429 4969 3550 5022 aliis

1969 5053 2074 5092 non
2099 5038 2311 5105 paucis,
2331 5051 2468 5106 quos
2495 5051 2675 5091 secum
2705 5037 2926 5091 abduxit
2946 5052 2972 5088 a
3001 5053 3153 5090 vero.

2042 5108 2362 5162 Incredibile
2383 5114 2560 5161 satam
2582 5118 2685 5171 est,
2710 5120 2839 5177 quot
2866 5110 3197 5171 tiowstiones
3223 5122 3287 5162 ex
3312 5108 3548 5163 secunda

1972 5179 2101 5243 ista,
2145 5180 2311 5233 veluti
2357 5178 2675 5246 propagines
2716 5194 2746 5232 e
2777 5178 2984 5240 radice,
3015 5178 3334 5244 pullularint
3374 5220 3387 5232 .
3419 5182 3551 5233 dum

1972 5250 2113 5304 enim
2147 5248 2272 5302 hinc
2297 5259 2351 5303 et
2378 5248 2501 5301 inde
2532 5251 2725 5301 acriter
2755 5256 3054 5317 pugnatur,
3096 5264 3200 5318 qua
3231 5250 3563 5303 testimoniis

1973 5320 2287 5388 Scriptum.
2327 5333 2428 5387 qua
2457 5319 2771 5386 cogentibus
2800 5319 3153 5388 argumentis,
3176 5328 3230 5374 et
3251 5321 3561 5389 pra-sertinn

1979 5390 2338 5445 consectariis
2384 5403 2445 5442 ac
2493 5390 2752 5442 connexis
2798 5404 2920 5442 cum
2968 5392 3225 5443 alterutra
3274 5391 3560 5456 Opinione,

1980 5460 2316 5522 Calestiani,
2347 5468 2403 5513 ut
2433 5459 2538 5512 vim
2556 5459 2952 5514 adversantium
2972 5458 3362 5515 catholicorum
3390 5459 3554 5515 dechc

1983 5539 2195 5593 narem,
2228 5530 2389 5583 multa
2428 5532 2603 5583 coacti
2631 5539 2757 5601 sunt
2796 5530 2999 5594 dicere,
3029 5546 3149 5600 qua:
3179 5532 3372 5601 partim
3400 5532 3558 5584 dam-

1984 5612 2105 5656 nata
2131 5610 2256 5655 sunt
2285 5608 2467 5669 postea
2500 5601 2552 5652 in
2573 5600 2839 5667 conciliis,
2861 5602 3055 5670 partim
3081 5615 3111 5655 a
3144 5601 3393 5657 Patribus
3418 5604 3556 5669 reje-

1984 5683 2093 5735 cts,
2120 5671 2268 5725 velut
2296 5671 2531 5737 antiquas
2559 5681 2613 5724 et
2656 5672 2724 5723 ab
2754 5672 2990 5726 Ecclesia
3031 5681 3265 5740 recepta:
3297 5672 3560 5726 doctrinae

1984 5742 2273 5798 contraria.
2313 5740 2421 5797 Sed
2452 5741 2703 5796 catholici
2734 5742 2965 5798 vicissim
2989 5758 3017 5797 a
3046 5742 3386 5815 Calestianis
3408 5753 3557 5794 com-
