3962 6180
423 305 531 359 617

891 303 984 358 AD
1016 298 1291 355 PARTES!
1324 295 1588 351 PRHHM
1619 295 1904 352 OPERUM
1938 296 2009 349 Μ.
2044 291 2491 348 MERCATOMS
2522 290 2869 346 Al’PENDlX
2899 290 3241 347 SECUNIEA.

3590 292 3695 345 διςι

423 416 562 485 pulsi
601 423 724 470 sunt
774 414 826 467 in
873 428 933 463 ea
968 425 1142 463 causa!
1189 410 1541 485 instrumenta
1580 405 1899 485 diligentius
1928 406 2011 485 in-
2038 407 2084 464 Λ
2112 402 2204 470 20)
2238 420 2251 455 :
2290 401 2489 469 Filius,
2524 403 2686 484 inquit
2706 444 2732 485 ,.
2755 402 3465 485 non.accipietiniquitatem
3500 406 3696 485 patris,

420 476 664 556 quirere,
713 499 831 551 qua:
862 484 1197 556 aliquatenus
1231 480 1485 541 latebant,
1514 478 1662 529 velut
1688 492 1715 529 a
1744 476 2007 556 pacilicis.

424 546 488 609 tit
519 558 596 616 iit.
630 546 1025 620 possessoribus
1054 550 1330 620 neglecta;
1375 560 1629 615 armaque
1677 546 1789 600 suis
1818 560 1850 601 e
1879 546 2009 600 locis

427 618 648 681 eruere.
678 624 867 690 quibus
897 630 1253 688 oppugnatam
1283 618 1439 690 ﬁdi-ui
1473 628 1769 690 tuerentur.

499 684 1237 758 'l'ribus'igiturai'guntentts
1259 687 1507 741 catholici
1538 702 1631 754 pro
1659 695 1877 755 peccato
1898 684 2014 739 ori-

422 764 586 833 ginali
616 768 949 841 pugnarunt;
982 760 1306 812 anetoritale
1342 758 1636 841 Scriptura:
1678 772 1884 841 sacras,
1907 769 2009 841 nra-

433 826 574 886 iione
610 826 770 896 petita
804 846 866 883 ex
909 841 1057 897 parte
1099 841 1207 883 tum
1242 829 1618 896 parvulorum,
1654 837 1763 878 tum
1796 826 2011 897 adulto-

427 919 568 967 ruiu,
602 912 655 954 et
692 896 1013 953 testimoniis
1040 899 1280 957 Patrum.
1311 898 1503 966 quibus
1530 897 1614 950 vel
1655 896 2011 963 perpetuitas,

429 973 511 1024 vel
547 966 920 1024 univer-alitas
960 971 1237 1023 sententia:
1278 968 1558 1022 catholica:
1589 966 2011 1020 demonstratur.

500 1042 745 1095 Totidem
800 1048 1165 1109 repugnarunt
1220 1037 1457 1091 haeretici
1502 1054 1515 1088 ι
1568 1053 1688 1088 nam
1740 1048 1795 1090 et
1844 1035 2016 1109 sac_ris

429 1113 629 1167 litteris
657 1112 807 1164 abusi
846 1103 999 1172 sunt,
1033 1122 1086 1162 et
1115 1111 1351 1162 rationes
1388 1114 1885 1176 congesserunt,et
1915 1103 2017 1157 Pa-

436 1196 576 1236 trum
616 1181 775 1233 vcrha
802 1196 951 1233 suain
994 1181 1045 1232 in
1090 1182 1411 1232 sententiam
1444 1175 1694 1243 torquere
1723 1175 1825 1229 nisi
1864 1184 2009 1228 sunt.

440 1254 518 1306 De
546 1252 769 1320 singulis
810 1250 927 1303 istis
950 1263 1382 1317 argumentorum
1414 1247 1702 1316 generibus
1730 1245 2013 1320 dicendum

438 1318 693 1383 breviter,
728 1321 822 1374 sed
855 1321 945 1383 ita,
983 1328 1037 1373 ut
1063 1322 1150 1372 vix
1192 1321 1521 1385 attingantur
1542 1332 1661 1384 qua:
1689 1326 1807 1384 post
1837 1318 2019 1385 Angit:

438 1394 670 1452 stinntn,
706 1392 869 1445 inuno
914 1407 1030 1458 qua:
1074 1404 1191 1454 poSL
1234 1384 1430 1441 Zosimi
1479 1387 1796 1441 sententiam
1837 1384 2017 1437 aﬂerri

436 1471 755 1531 cmperunt;
820 1478 879 1513 ea
934 1460 1267 1535 potissimum
1323 1468 1853 1535 coittmt‘tltnt'tfnllll'o.
1899 1471 2019 1522 (lu-"3

448 1528 568 1601 post
602 1532 747 1584 initia
781 1532 1047 1601 nascentis
1080 1531 1298 1601 hatresis
1328 1540 1378 1601 et
1410 1536 1532 1579 ante
1574 1528 2017 1596 proscriptionem

443 1598 472 1655 εἰ
501 1603 627 1656 sede
654 1598 946 1671 apostolica
979 1600 1172 1654 factam
1201 1599 1436 1652 adhibita
1469 1607 1613 1650 sunt.

439 1723 467 1787 §
490 1723 529 1772 1.
568 1722 753 1780 Quibus
777 1723 1067 1787 testimoniis
1088 1721 1351 1787 Scriptura?
1377 1726 1641 1787 pugnatum
1682 1718 1792 1765 sita
1814 1716 2021 1765 catholi—

504 1773 602 1842 cis‘;
632 1797 740 1846 qua:
766 1783 917 1831 allatae
936 1796 961 1830 a
985 1773 1259 1845 Pelagianis
1279 1773 1651 1842 responsiones;
1681 1791 1791 1841 qua:
1816 1793 1877 1827 ex
1902 1792 2021 1828 cou-
2055 1773 2096 1829 Β

502 1846 633 1894 ﬂictu
659 1847 956 1907 quaestiones
978 1854 1112 1891 ortae.

516 1948 918 2003 Observandum
950 1958 1031 2000 est
1061 1946 1248 2016 primis
1284 1944 1615 2010 temporibus
1643 1951 1873 2016 quatuor
1903 1952 2020 2016 tan-

446 2030 557 2072 tum
589 2019 874 2085 Scriptum:
901 2014 1215 2071 testimoniis
1246 2017 1572 2075 Catholicos';
1608 2014 1777 2065 tribus
1808 2014 2021 2072 potissi-

450 2106 593 2143 mum
645 2084 925 2141 lueretiros
957 2102 1221 2155 pugnasse
1260 2104 1271 2137 :
1309 2086 1394 2137 illa
1433 2084 1739 2155 complexus
1771 2091 1884 2155 est,
1915 2098 2019 2133 uno

442 2161 595 2230 quasi
631 2159 790 2222 fasce,
815 2154 1218 2230 Hieronymus;
1242 2157 1343 2230 ista
1374 2155 1599 2230 Rutilius
1626 2154 1963 2230 Palmstinus.

519 2232 605 2283 Sic
629 2245 757 2297 ergo
788 2222 1141 2297 llieronyinus
1164 2226 1300 2293 (Lib.
1328 2227 1493 2297 sivin
1529 2224 1710 2275 lizeclt.
1745 2239 1791 2274 c.
1828 2222 2017 2287 smn),

448 2318 573 2354 ann.
608 2295 733 2353 illi.
771 2299 896 2364 Quis
923 2295 1056 2351 enim
1088 2298 1348 2350 hominum
1382 2295 1595 2364 gloriari
1629 2302 1786 2362 potest
1823 2304 2022 2344 castum

446 2388 499 2423 se
527 2371 707 2422 habere
738 2354 822 2421 οὖν
853 2369 1036 2439 (Prov.
1074 2384 1141 2420 xx
1162 2412 1175 2433 ,
1204 2371 1282 2433 υ),
1317 2354 1403 2439 rel
1419 2366 1484 2417 ad
1513 2354 1661 2439 cujus
1686 2372 2021 2439 mentenrper

449 2443 715 2492 oculorum
749 2431 995 2507 feturstras
1023 2431 1608 2507 mors»concupiscuntur
1640 2450 1738 2507 non
1772 2431 2018 2507 introibit,

450 2520 518 2571 et,
550 2520 605 2562 ut
634 2504 812 2576 parum
840 2511 1035 2569 dicunt,
1063 2509 1219 2560 animi
1249 2507 1515 2559 titillatio?
1544 2504 1933 2576 .l!ttn:.’us_cnim
1968 2506 2022 2555 in

454 2574 673 2647 maligno
699 2580 888 2643 positus
916 2588 987 2632 est
1016 2580 1057 2649 (Ι
1085 2577 1243 2629 Joan.
1270 2593 1320 2636 v,
1352 2578 1532 2649 t9),_ct
1555 2593 1585 2625 (ι
1606 2574 2021 2649 ριιεγὶιὶᾳᾳᾳρρο-

452 2643 604 2702 situm
636 2659 707 2702 est
744 2666 831 2700 cor
862 2643 1081 2701 hominis
1105 2649 1171 2699 ad
1202 2651 1391 2699 nmium
1420 2646 1625 2711 (Genus.
1662 2659 1785 2709 vni,
1813 2643 1933 2712 2|);
1968 2652 2022 2694 ut

453 2737 515 2772 nv
544 2721 692 2772 unius
720 2720 922 2784 quidem
954 2720 1053 2771 diei
1074 2762 1087 2783 ,
1121 2736 1150 2768 a
1184 2718 1466 2769 nativitatis
1500 2731 1602 2766 sua:
1643 2715 1884 2773 exordio,
1915 2714 2025 2766 sine

454 2800 661 2859 peccato
687 2791 748 2842 sit
776 2790 1003 2859 humana
1028 2788 1277 2839 conditio.
1315 2786 1530 2859 Undert
1566 2787 1725 2835 David
1757 2786 2026 2848 confitetur

454 2857 505 2911 in
533 2861 731 2927 psalmo
762 2875 780 2911 :
810 2857 940 2909 Ecce
967 2860 1104 2909 enim
1132 2859 1181 2908 in
1211 2857 1567 2925 iniquitatibus
1597 2866 1866 2927 conceptus
1888 2870 2021 2927 sum,

455 2938 501 2979 et
534 2922 585 2981 in
614 2928 829 2997 peccatis
865 2930 1093 2988 concepit
1124 2945 1201 2978 me
1235 2922 1391 2997 mater
1420 2942 1527 2976 mra
1560 2924 1677 2997 (l’s.
1710 2940 1760 2979 L.
1788 2925 1865 2997 7).
1906 2922 2024 2997 Non

454 2998 509 3050 in
532 2994 881 3067 iniquitatibus
914 3000 1090 3049 mafris
1114 3014 1267 3061 metu,
1298 2995 1373 3049 vel
1404 3006 1536 3067 certe
1561 2995 1681 3046 meis
1699 3035 1713 3058 ,
1736 2999 1822 3046 sed
1848 2994 2025 3067 inini-

453 3064 727 3131 quitatibus
773 3067 1011 3120 humana:
1057 3068 1380 3120 conditionis.
1432 3064 1579 3119 Unde
1618 3074 1661 3116 et
1708 3066 1978 3131 Apostolus
2006 3079 2025 3115 :

2113 489 2275 542 neque
2307 484 2451 543 pater
2481 475 2697 543 accipiet
2716 474 3034 541 iniquitatem
3065 474 3182 539 /ilii.
3214 472 3275 525 Et
3297 475 3478 526 iterum
3506 472 3697 543 (Ibid.,

2112 544 2219 609 50)
2256 560 2267 594 :
2320 542 2737 612 Unumqueinque
2779 554 3004 612 vestrum
3050 545 3326 595 secundum
3374 546 3503 597 viam
3551 562 3701 596 suam

2103 613 2357 683 judicabo
2381 611 2521 683 Δυτιες
2579 613 2763 683 domus
2816 611 3013 678 Israel,
3069 614 3193 665 dicit
3251 614 3513 666 Dominus.
3570 614 3703 667 Cum

2114 683 2323 755 (lusisset
2369 681 2556 755 Deus_:
2594 682 2721 755 Viro
2750 697 2874 755 ego.
2908 684 3119 755 sirultra
3158 684 3315 751 fuerit
3364 687 3499 737 dicta
3546 702 3699 751 para-

2114 752 2233 805 bola
2280 753 2377 804 ista
2419 754 2473 804 in
2505 750 2693 816 Israel,
2726 750 2899 823 aperte
2942 754 3135 819 docuit,
3160 750 3268 805 non
3308 770 3391 806 eos
3423 756 3473 805 in
3521 750 3703 806 eadem

2115 823 2459 893 imprudentia
2503 838 2817 891 permanere.
2854 822 2977 875 Post
3006 823 3113 875 ha'c
3150 824 3307 892 igitur
3342 824 3435 875 Dei
3473 829 3705 876 testimo-

2116 894 2223 963 nia,
2256 893 2514 945 insaniunt
2544 893 2631 961 qui
2670 909 2758 963 per
2796 910 2951 945 unum
2991 894 3243 945 hominem
3285 895 3452 945 Adam
3497 910 3703 946 onmem

2117 961 2286 1013 orbem
2339 971 2595 1014 terrarum
2651 961 2939 1032 iniquitatis
2992 964 3409 1035 ﬂagiriorumque
3455 965 3704 1017 condem-

2117 1040 2261 1084 nant.

2188 1100 2587 1172 Observandum
2619 1102 2818 1172 pariter
2856 1102 2922 1154 ab
2968 1103 3265 1172 Augustino
3305 1103 3544 1156 adhibita
3575 1113 3703 1157 octo

2118 1170 2220 1225 alia
2270 1170 2755 1240 testimonia,’qua3
2792 1171 3036 1225 Julianus
3058 1170 3267 1239 partim
3314 1175 3431 1227 sine
3472 1187 3705 1241 respoit-

2092 1241 2268 1294 'sione
2313 1242 2558 1305 reliquit,
2613 1244 2804 1310 partim
2860 1243 3184 1310 detorquere
3234 1252 3457 1296 conatus
3506 1256 3589 1296 εει
3649 1245 3701 1296 in

2118 1313 2322 1364 alienos
2376 1312 2585 1380 sibique
2641 1311 2952 1365 commodos
3001 1326 3230 1375 sensus;
3282 1313 3519 1366 adhibita
3578 1323 3705 1366 sunt

2119 1383 2282 1435 etiam
2322 1396 2347 1431 a
2373 1379 2585 1435 Iuliano
2616 1384 2891 1447 quautam,
2923 1395 3043 1448 qua:
3079 1383 3405 1451 Augustinus
3435 1382 3707 1450 interpre-

2123 1461 2263 1523 tatus
2292 1461 2394 1523 est.
2438 1452 2542 1505 Sed
2574 1467 2743 1517 neque
2787 1453 2898 1504 lia-c
2929 1452 3158 1515 .luliani,
3191 1468 3366 1523 neque
3395 1453 3486 1506 illa
3520 1457 3705 1523 Augu-

2121 1522 2247 1575 stini
2279 1522 2501 1575 multum
2534 1524 2601 1574 ab
2628 1523 2744 1573 aliis
2777 1523 2973 1589 prioris
3004 1523 3101 1576 aevi
3139 1523 3562 1591 distiutatoribus
3592 1522 3705 1575 dis-

2119 1605 2275 1645 cussa
2327 1600 2480 1658 sunt,
2532 1592 2646 1645 sive
2692 1593 2811 1661 quia
2854 1607 3239 1657 spernerentur
3282 1608 3391 1661 pra:
3438 1595 3702 1661 reliquis,

2121 1661 2234 1715 sive
2280 1663 2402 1727 quia
2455 1662 2688 1715 nondum
2741 1663 2792 1714 in
2855 1674 3086 1715 mentem
3136 1664 3427 1716 venissent.
3481 1663 3704 1718 Photius

2124 1739 2270 1784 certe
2302 1732 2351 1784 in
2382 1733 2598 1799 synopsi
2632 1732 2892 1785 librorum
2936 1732 3171 1797 quinque
3207 1732 3479 1788 Theodori
3510 1734 3708 1787 adver-

2127 1816 2218 1852 sus
2244 1801 2593 1869 Augustinum
2628 1803 2782 1854 ttnius
2816 1812 3017 1853 tantum
3050 1817 3303 1864 expresse
3333 1805 3602 1871 meminit,
3637 1819 3703 1857 ex

2123 1872 2327 1937 psalmo
2358 1888 2387 1924 ι.
2419 1888 2432 1923 :
2472 1871 2599 1924 Ecca
2636 1874 2771 1924 enim
2806 1873 2856 1923 in
2884 1873 3238 1941 iniquitatibus
3268 1885 3538 1942 conceptus
3564 1891 3699 1937 sum,

2122 1942 2241 2011 etin
2274 1942 2495 2008 peccatis
2525 1944 2749 2011 concepit
2793 1958 2872 1995 me
2910 1953 3074 1994 mater
3117 1959 3258 2000 mea:
3288 1946 3364 1995 sic
3394 1944 3536 1997 enim
3569 1949 3706 1997 scri-

2125 2006 2201 2062 bit
2227 2028 2238 2061 :
2271 2006 2469 2075 A/ferre
2497 2024 2665 2063 autem
2680 2006 2809 2065 illos
2844 2021 2891 2065 et
2916 2013 3047 2064 illud
3074 2014 3146 2065 ait
3179 2030 3198 2066 :
3228 2012 3360 2066 Ecce
3388 2014 3439 2065 in
3464 2014 3704 2077 iniquita~

2123 2081 2256 2134 tibus
2286 2093 2557 2152 conceptus
2585 2097 2729 2154 sum;
2758 2092 2806 2134 et
2840 2082 3022 2154 siqua:
3047 2095 3174 2154 sunt
3202 2086 3399 2154 generis
3426 2085 3653 2153 ejusdem
3684 2098 3706 2137 :

2123 2166 2443 2219 quamquam
2479 2153 2762 2220 postremis
2803 2153 2980 2207 verbis
3009 2153 3111 2206 alia
3144 2153 3399 2208 indicavit
3451 2170 3555 2207 uoti
3601 2159 3703 2206 0b-

2124 2235 2300 2273 scure.

2195 2292 2595 2347 Observandum
2630 2294 2807 2351 tertio.
2836 2295 3077 2364 ignotum
3110 2309 3231 2348 esse
3258 2292 3382 2359 quid
3416 2294 3705 2361 postremis

2127 2359 2416 2427 Scriptum
2447 2364 2767 2417 testimoniis
2804 2359 2879 2417 ab
2900 2366 3193 2431 Augustino
3225 2365 3398 2417 allatis
3420 2359 3701 2433 Pelagiani

2125 2433 2502 2496 responderint
2541 2451 2554 2484 :
2590 2433 2846 2502 siquidem
2888 2436 3015 2488 nihil
3045 2436 3112 2487 ah
3150 2436 3278 2502 ipsis
3318 2434 3454 2487 hanc
3495 2435 3545 2486 in
3589 2450 3702 2486 rem

2124 2502 2381 2567 scriptum
2432 2502 2718 2565 habemus,
2753 2506 2851 2556 nisi
2881 2505 3019 2571 quod
3064 2504 3305 2559 Julianus
3337 2505 3485 2557 libris
3518 2506 3701 2572 Augu-

2127 2572 2275 2635 stini,
2308 2574 2389 2626 vel
2420 2574 2592 2625 tribus
2619 2576 2683 2626 ad
2721 2575 3084 2629 Marcellinum
3117 2575 3418 2638 tribunum,
3448 2577 3527 2627 vel
3559 2577 3695 2626 duu-

2128 2641 2225 2694 bus
2255 2642 2318 2695 ad
2343 2642 2612 2696 Valerium
2637 2647 2910 2709 comitem,
2934 2647 3019 2699 vel
3042 2656 3270 2713 quatuor
3286 2646 3349 2696 ad
3374 2645 3703 2697 Bonifacium

2129 2726 2318 2783 papam
2362 2713 2573 2777 retulit;
2625 2730 2945 2783 quamquam
2993 2718 3121 2769 solis
3169 2732 3261 2782 per
3290 2732 3347 2768 se
3388 2715 3596 2768 duobus
3637 2716 3704 2767 ad

2133 2781 2435 2853 Yalerium,
2465 2781 2687 2853 reliquis
2733 2794 2931 2838 tantum
2962 2786 3102 2839 velut
3144 2781 3317 2839 obiter
3353 2785 3703 2837 contradixit.

2129 2850 2284 2906 Situit
2316 2868 2443 2907 vero
2485 2854 2549 2907 de
2577 2850 2729 2917 aliis.
2758 2857 2917 2908 etiam
2949 2856 3017 2909 de
3057 2858 3231 2924 Opere
3273 2855 3708 2907 elaboratissinm

2130 2938 2225 2994 se;
2277 2924 2562 2989 librorum,
2615 2926 2809 2993 quibus
2855 2927 3182 2994 Augustinus
3233 2938 3461 2993 quatuor
3508 2924 3705 2978 Juliani

2130 2992 2362 3060 refellit,
2411 2994 2524 3047 sive
2572 2992 2715 3062 ipsos
2764 2992 3051 3061 numquam
3103 2996 3329 3058 viderit,
3379 2994 3520 3062 quod
3566 2995 3708 3048 forte

2133 3064 2385 3137 mentitur
2426 3063 2563 3137 apud
2608 3064 2957 3137 Mercatoretn
2996 3064 3084 3137 (In
3122 3068 3269 3137 prie].
3314 3067 3380 3117 ad
3408 3064 3705 3137 (Subnot.);

504 3139 706 3208 egnavit
734 3154 870 3191 mors
900 3139 960 3188 ab
992 3139 1155 3190 Adam
1178 3153 1333 3202 usque
1365 3139 1432 3189 ad
1462 3134 1677 3197 Mascm,
1701 3138 2029 3208 etiamsttper
2058 3142 2103 3203 ί]
2132 3134 2275 3208 sive,
2309 3133 2450 3208 quod
2491 3137 2692 3202 mquius
2738 3135 2980 3208 opinari,
3005 3133 3443 3189 'disSimulaverit
3488 3147 3709 3206 propter

452 3206 558 3270 eos,
591 3210 677 3274 qui
704 3226 801 3260 non
827 3218 1154 3274 peccaverunt
1175 3211 1225 3260 in
1248 3208 1632 3261 similitudinem
1654 3206 2031 3274 prwvaricatio-

453 3278 684 3350 πίε-Δάας
713 3277 887 3350 (Rom.
920 3293 971 3340 ν,
1006 3280 1117 3342 14).

524 3344 760 3417 ldipsum
793 3350 1081 3416 scripserat
1109 3359 1233 3401 ante
1255 3362 1422 3400 annos
1448 3346 1631 3413 viginti
1655 3344 1744 3397 lih.
1778 3359 1813 3396 tt
1844 3351 2027 3417 contra

456 3415 818 3490 loviuiauuin,
845 3434 966 3490 cuin
992 3419 1225 3490 haeretici
1250 3421 1404 3483 huius
1433 3415 2030 3490 azvauugmaiavacriter

458 3488 829 3555 impugnaret,
863 3497 920 3540 ut
956 3488 1079 3541 inde
1110 3491 1344 3556 prudens
1389 3485 1555 3540 let'ttii'
1582 3485 1752 3538 obiter
1784 3485 2033 3556 observet

454 3568 652 3626 quanta
683 3559 751 3611 sit
784 3558 1091 3626 utriusque,
1115 3555 1229 3612 sive
1259 3559 1595 3627 Qtlﬂ’SllﬂﬂlS,
1628 3557 1739 3608 sive
1769 3555 2031 3622 dogmatis

457 3628 525 3682 de
557 3638 775 3694 peccato
804 3629 1045 3696 originali
1079 3638 1131 3683 et
1162 3629 1507 3697 iinpectztutia
1538 3627 1806 3695 cognatio.

530 3698 753 3751 Rulinus
780 3714 906 3751 vero
938 3699 989 3751 in
1024 3698 1169 3752 Fidei
1201 3696 1310 3751 sine
1340 3699 1515 3751 libello
1547 3698 1734 3766 (Man.
1767 3696 1858 3755 '57,
1890 3696 1958 3745 ’58
1984 3704 2029 3747 et

456 3767 582 3835 39),
620 3778 742 3821 ante
786 3784 911 3821 ann.
955 3767 1083 3824 400.
1119 3768 1236 3821 Non
1280 3786 1398 3837 ergo
1448 3767 1550 3820 Eva
1600 3776 1805 3833 propter
1851 3766 2032 3837 liberos

455 3838 738 3891 salvabitur
763 3855 903 3901 suos,
930 3855 1089 3906 neque
1125 3842 1234 3905 eius
1274 3835 1469 3891 soboles
1493 3842 1668 3889 matris
1701 3853 1855 3887 causa
1883 3835 2031 3887 dum-

456 3910 681 3969 nabitur.
713 3920 800 3960 aut
832 3909 992 3979 patris
1023 3911 1209 3972 Adam,
1242 3910 1373 3979 sicut
1393 3909 1791 3977 imprudentium
1812 3906 2032 3979 instituat

453 3980 719 4043 opinatio;
770 3976 886 4031 na‘m
936 3980 1278 4046 unusquisque
1332 3978 1629 4037 hominum.
1681 3980 1825 4040 quasi
1888 3976 2033 4027 liberi

453 4050 656 4102 arbitrii
685 4050 771 4113 sit,
795 4064 857 4101 ex
887 4065 1097 4101 suorum
1125 4049 1372 4116 qualitate
1392 4058 1663 4116 gestarum.
1691 4056 1776 4097 aut
1808 4046 2028 4096 laudan-

453 4119 550 4172 dus
582 4122 765 4182 nintis,
810 4129 897 4171 aut
946 4121 1316 4183 vituperandus
1347 4115 1628 4169 habebitur.
1664 4115 1835 4169 Simili
1880 4118 2031 4167 modo

454 4192 605 4260 etiam
634 4191 685 4242 in
719 4190 799 4241 die
821 4191 1031 4258 judicii,
1060 4200 1146 4242 aut
1171 4188 1540 4260 justiﬁcandus
1570 4187 1683 4260 erit.
1715 4194 1803 4260 aut
1836 4188 2029 4260 suppli-

454 4259 533 4313 cio
579 4255 959 4328 sultjuqatidus,
1013 4262 1137 4313 sicut
1171 4255 1230 4311 ἐι
1280 4259 1457 4311 beatus
1503 4256 1701 4309 Paulus
1750 4255 1913 4315 docet.
1960 4257 2032 4307 ita

453 4330 626 4381 dicens
668 4345 686 4381 :
740 4330 922 4383 Omnes
966 4333 1103 4384 enim
1151 4346 1243 4382 nos
1290 4328 1612 4397 mamfcstari
1664 4334 1861 4390 oportet
1915 4337 2032 4378 ante

455 4400 678 4450 tribunal
710 4397 927 4457 Christi.
960 4411 1013 4452 ut
1054 4401 1241 4465 referat
1288 4400 1637 4466 unusquisque
1678 4397 1889 4467 propria
1920 4411 2035 4447 cor-

455 4469 616 4533 poris,
649 4476 795 4534 prout
827 4470 997 4534 qessit.
1030 4472 1133 4521 sive
1163 4473 1365 4533 bonum,
1398 4472 1499 4521 sire
1528 4470 1719 4519 malum
1744 4467 1808 4535 (ll
1831 4466 1950 4517 Cor.
1977 4483 2025 4531 v,

2134 3203 2496 3257 difﬁcultatem
2530 3205 2909 3272 respondendi.

2207 3274 2520 3347 Ambrosius
2552 3275 2707 3347 igitur
2749 3285 2802 3330 et
2834 3277 3217 3347 llleronymns.
3246 3276 3346 3347 ille
3374 3277 3426 3329 in
3456 3274 3598 3347 libro
3639 3277 3708 3329 de

2131 3343 2265 3396 Arca
2295 3353 2349 3397 et
2372 3343 2513 3405 Noe,
2547 3346 2631 3397 hic
2657 3345 2709 3397 in
2749 3343 3145 3400 Commentario
3190 3346 3257 3399 ad
3297 3357 3453 3415 caput
3480 3344 3549 3397 47
3580 3347 3712 3399 Eze-

2130 3415 2342 3478 cuielis,
2366 3418 2720 3481 argumentati
2746 3426 2870 3470 sunt
2891 3418 3049 3470 verba
3077 3417 3188 3469 ha-c
3213 3416 3442 3471 Genesis
3468 3433 3479 3467 :
3519 3416 3712 3468 γὶάιοιη

2131 3482 2291 3549 Deus,
2309 3486 2443 3553 quod
2463 3486 2627 3539 multa
2657 3488 2856 3538 malitia
2887 3488 3106 3541 hominis
3122 3498 3247 3539 esset
3267 3488 3318 3539 in
3343 3496 3497 3548 terra,
3523 3496 3567 3538 et
3585 3502 3713 3538 cnn-

2131 3565 2212 3606 cta
2231 3556 2472 3626 cogitatio
2488 3556 2656 3626 cordis
2675 3561 2868 3610 intenta
2886 3567 3008 3611 esset
3026 3558 3079 3609 in
3097 3558 3287 3609 malum
3305 3559 3442 3610 omni
3458 3566 3707 3626 tempore,

2131 3632 2237 3678 etc.
2260 3624 2413 3693 (Gen.
2438 3640 2515 3689 Vt,
2539 3624 2621 3695 5),
2643 3627 2989 3694 feceruntque
3021 3630 3069 3680 iti
3090 3643 3155 3681 eo
3172 3630 3300 3693 vim,
3324 3626 3465 3695 quod
3488 3624 3707 3692 intelligi

2134 3709 2237 3747 tt0u
2283 3696 2451 3761 possit
2491 3698 2762 3766 quomodo
2801 3697 3063 3757 hominis.
3114 3714 3271 3766 quem
3322 3699 3464 3750 Deus
3504 3708 3708 3751 rectum

2132 3765 2369 3817 condidit
2396 3766 2462 3819 ab
2487 3765 2661 3828 initio,
2691 3777 2879 3820 cuncta
2912 3765 3169 3833 cogitatio
3197 3768 3375 3822 cordis
3404 3767 3611 3820 intenta
3641 3769 3711 3821 sit

2133 3834 2183 3887 in
2226 3835 2422 3889 malum
2453 3836 2597 3889 omni
2631 3846 2899 3903 tempore,
2932 3839 3031 3890 nisi
3075 3851 3263 3892 natura
3297 3838 3456 3891 fuerit
3487 3837 3669 3889 vitiata
3692 3880 3707 3901 ,

2134 3922 2232 3957 nec
2251 3906 2360 3974 jam
2394 3907 2524 3961 tales
2549 3918 2896 3975 procreeutur
2925 3908 3167 3962 homines
3189 3924 3219 3963 e
3243 3908 3558 3970 seminibus,
3581 3924 3711 3976 qna-

2135 3976 2199 4029 lis
2230 3979 2431 4041 primus
2458 3990 2671 4030 creatus
2700 3991 2778 4031 est
2811 3992 2838 4030 a
2872 3979 2977 4032 Deo
3000 3993 3031 4031 e
3062 3979 3209 4032 limo.

2204 4045 2574 4119 Locumliunc
2600 4046 2811 4101 videtur
2845 4048 2946 4100 sibi
2982 4049 3227 4119 Pelagius
3257 4046 3525 4115 obiecisse
3565 4050 3619 4100 in
3654 4048 3712 4099 li-

2134 4115 2232 4169 bro
2275 4117 2343 4169 de
2385 4117 2607 4179 Natura,
2645 4133 2766 4170 cum
2817 4120 3073 4171 scriberet
3095 4115 3307 4187 [primo
3347 4118 3410 4169 de
3437 4134 3496 4170 eo
3534 4123 3712 4183 (ItSptt-

2134 4187 2349 4237 tandum
2385 4203 2492 4239 esse
2528 4190 2664 4253 quod
2705 4204 2796 4256 per
2823 4200 3087 4255 peccatum
3128 4189 3389 4242 debilitata
3429 4189 3621 4239 dicitur
3665 4202 3711 4240 et

2134 4260 2400 4329 immunita
2431 4268 2637 4329 natura,
2670 4270 2775 4312 etc.
2810 4260 2984 4327 (Apud
3010 4261 3235 4329 (August.
3268 4259 3306 4314 l.
3341 4261 3403 4329 dc
3434 4257 3641 4311 Natura
3663 4272 3709 4309 et

2134 4324 2318 4378 Gratia
2350 4342 2395 4378 c.
2428 4325 2533 4393 l9).
2569 4330 2775 4393 Ulijecit
2807 4324 2936 4381 Vero
2976 4324 3426 4382 siuevadversarii
3468 4330 3705 4389 timuinc,

2137 4410 2351 4468 propter
2380 4402 2754 4459 reverentiam,
2778 4401 2962 4463 credo,
2990 4400 3278 4460 Ambrosii.
3303 4413 3460 4468 quem
3488 4397 3711 4451 laudare

2136 4466 2324 4519 solitus
2354 4477 2502 4530 erat;
2536 4470 2744 4534 negavit
2790 4484 2981 4537 pomi,
3018 4470 3205 4521 saltem
3253 4466 3533 4536 implicito,
3571 4470 3711 4521 hunc

458 4516 566 4606 iit).
601 4516 755 4600 bitat!
779 4516 943 4589 autem
975 4516 1118 4590 liberi
1149 4556 1246 4591 non
1278 4516 1369 4608 pro
1401 4538 1694 4606 parentibus
1725 4516 2027 4609 puniantur:
2060 4516 2110 4574 D
2133 4551 2254 4590 esse
2280 4516 2502 4590 sensuni
2528 4516 2840 4609 Sciipturare.
2868 4516 3286 4607 ψιίόιςειὺίιιιιτ,
3315 4516 3578 4605 έίψιίιιέηι
3616 4556 3708 4589 na-

456 4624 612 4676 neque
644 4618 875 4678 parentes
899 4624 990 4673 pro
1021 4608 1213 4671 liberis,
1238 4605 1410 4678 aperte
1440 4624 1616 4660 rursus
1643 4605 1843 4660 edocuit
1870 4605 2028 4678 Deus,

452 4694 565 4730 cum
598 4684 663 4730 ad
700 4676 908 4747 Moysen
944 4682 1242 4747 prophetam
1273 4676 1458 4729 diceret
1490 4678 1665 4747 (Deut.
1702 4692 1827 4729 xxiv
1850 4721 1861 4735 .
1894 4676 1984 4745 16)
2015 4696 2028 4731 :

460 4748 577 4801 Non
617 4750 894 4818 morientur
932 4758 1102 4818 patres
1148 4764 1241 4814 pro
1271 4747 1423 4814 ﬁliis,
1458 4764 1620 4817 neque
1663 4748 1760 4814 ﬁlii
1807 4763 1897 4818 pro
1941 4765 2032 4813 pu-

452 4819 676 4871 rcntibus
735 4815 1090 4889 Unusquisque
1118 4819 1170 4869 in
1208 4828 1414 4887 peccato
1442 4815 1541 4870 suo
1568 4819 1826 4889 morietur.
1864 4815 2029 4889 Porro

451 4898 619 4941 autem
652 4892 865 4956 urgueris
893 4887 1031 4939 Deus
1064 4889 1459 4957 imprudentiam
1490 4888 1717 4953 ﬁliorum
1753 4887 1939 4952 Israel,
1971 4905 2029 4941 eo

454 4970 673 5025 tempore
719 4976 816 5028 quo
862 4958 1001 5029 apud
1044 4956 1343 5014 Chaldazos.
1376 4960 1648 5009 secundum
1680 4958 1870 5010 sceltra
1900 4975 2025 5020 sua,

452 5031 587 5092 rapti
621 5030 638 5081 i
668 5039 843 5093 erant,
876 5028 920 5080 et
953 5032 1323 5087 causabantur.
1359 5045 1458 5079 non
1489 5028 1551 5080 de
1590 5045 1643 5079 se
1676 5032 1908 5091 penitus,
1942 5030 2027 5081 sed

452 5098 516 5149 tle
562 5102 850 5162 parentibus
887 5101 1031 5159 suis.
1075 5101 1218 5166 quasi
1268 5099 1344 5150 illi
1395 5099 1547 5157 totius
1593 5115 1770 5151 eorum
1817 5100 2029 5165 nefandi

451 5169 652 5219 sceleris
694 5172 907 5234 fuissent
953 5186 1104 5220 causa
1126 5210 1140 5230 ,
1190 5167 1351 5221 Deum
1383 5169 1445 5220 de
1482 5169 1772 5228 captivitate
1799 5184 1893 5220 sua
1923 5175 2025 5220 cri-

454 5238 777 5291 minabantur
818 5240 1036 5309 injuste,
1079 5256 1193 5291 cum
1232 5241 1452 5292 dicerent
1486 5254 1501 5291 :
1542 5238 1639 5290 Via
1683 5239 1883 5290 Domini
1928 5257 2027 5290 non

451 5318 521 5359 est
565 5318 737 5373 recta,
781 5311 1024 5375 quoniam
1072 5318 1242 5374 patres
1294 5312 1452 5362 nostri
1504 5311 1831 5362 comederunt
1876 5326 2028 5361 urant

450 5378 713 5443 acerbam,
771 5388 819 5431 et
873 5379 1098 5445 ﬁliorum
1155 5386 1331 5433 dentes
1384 5380 1750 5446 obstupuerunt
1803 5380 2024 5445 (Ezech.

450 5448 707 5520 xv1u.__2).
746 5448 880 5503 Dicit
910 5451 978 5501 ad
1009 5467 1092 5503 eos
1123 5467 1215 5519 per
1249 5451 1486 5503 Ezechiel
1516 5452 1813 5520 praphetam
1840 5449 2028 5512 (lbid..

449 5520 505 5586 5)
539 5535 551 5569 :
587 5516 717 5591 Vivo
747 5536 858 5591 ego,
890 5521 1017 5574 dicit
1048 5516 1313 5583 Dominus,
1338 5523 1383 5573 si
1414 5516 1548 5573 ultra
1579 5516 1729 5587 fuerit
1751 5522 1863 5589 jam
1893 5522 2031 5573 dicta

449 5588 693 5656 parabola
740 5588 837 5642 ista
881 5591 933 5643 in
978 5591 1178 5658 Israel,
1212 5595 1450 5658 quoniam
1483 5608 1653 5643 omnes
1694 5588 1880 5643 animm
1908 5607 2032 5643 metu

447 5670 583 5719 sunt.
611 5660 738 5713 sicut
769 5662 938 5715 aninta
968 5665 1149 5731 patris,
1184 5664 1259 5716 sic
1288 5674 1331 5715 et
1364 5664 1537 5731 anima
1569 5662 1690 5728 lilii,
1725 5677 1847 5714 meat
1874 5672 2030 5731 sunt;

440 5748 617 5782 «ηἰηιςι
661 5748 770 5799 qna'
812 5730 1003 5798 peccat,
1053 5735 1164 5801 ipsa
1198 5736 1456 5785 morietur.
1494 5730 1561 5785 Et
1607 5733 1790 5783 iterum
1837 5730 2024 5799 (litim,

2134 4615 2250 4659 tura
2281 4609 2392 4675 ipsa
2421 4619 2660 4675 peccato.
2688 4609 2829 4677 quod
2869 4624 2961 4678 per
2992 4625 3051 4664 se
3087 4619 3231 4663 caret
3256 4612 3578 4674 substantia,
3610 4612 3712 4659 int-

2133 4683 2326 4730 mtttari
2357 4695 2460 4730 tton
2492 4680 2682 4745 possit.

2210 4746 2403 4800 Verum
2454 4750 2599 4801 locus
2629 4749 2730 4801 iste
2772 4748 3043 4803 Geneseos
3084 4766 3187 4802 non
3218 4748 3425 4803 videtur
3465 4764 3491 4799 a
3524 4751 3710 4802 callio-

2133 4817 2249 4869 licis
2277 4820 2453 4885 tuagni
2485 4819 2675 4883 lactus,
2706 4820 2773 4871 ab
2802 4821 3101 4887 Augustino
3130 4830 3276 4873 certe
3303 4820 3578 4879 neglectus
3606 4831 3709 4875 est.

2135 4887 2259 4940 lude
2289 4902 2461 4941 tamen
2492 4890 2619 4942 oriri
2664 4892 2835 4955 potuit
2864 4892 3109 4953 qumstio.
3140 4894 3333 4957 agitata
3378 4891 3709 4957 frequentium

2134 4967 2351 5024 postea,
2382 4972 2555 5011 utrutn
2591 4960 2790 5024 peccati
2825 4960 2957 5013 foret
2989 4963 3162 5027 aliqua
3196 4960 3497 5012 substantia
3519 5002 3534 5023 ,
3568 4961 3708 5030 quod

2130 5032 2491 5095 Augustinus,
2523 5031 2913 5099 llypognostes,
2941 5031 3138 5097 aliique
3168 5031 3527 5098 disputarunt.

2200 5099 2441 5152 Credidit
2484 5100 2808 5167 Augusnnus
2854 5101 3071 5167 majoris
3123 5114 3245 5153 esse
3290 5101 3354 5152 ad
3407 5101 3548 5153 hanc
3598 5116 3707 5153 rem

2132 5172 2388 5223 momenti
2428 5174 2736 5223 mandatum
2782 5171 2873 5224 Dei
2918 5172 2987 5224 de
3029 5171 3478 5223 circumcidendis
3515 5182 3707 5220 ot-tavo

2130 5240 2217 5292 die
2247 5240 2480 5307 parvulis
2509 5258 2523 5294 :
2558 5240 2825 5293 Masculus
2846 5282 2860 5303 ,
2888 5244 3035 5311 cujus
3076 5241 3315 5309 pra-putii
3345 5256 3465 5292 caro
3494 5243 3711 5291 cirrum~

2131 5312 2238 5361 cisa
2270 5328 2368 5362 non
2400 5313 2585 5379 fuerit,
2618 5312 2868 5364 delebitur
2907 5312 3078 5363 anima
3126 5311 3218 5381 illa
3258 5312 3319 5362 de
3351 5313 3542 5381 popqu
3588 5327 3708 5369 sun,

2131 5382 2253 5449 quia
2285 5392 2485 5446 pactum
2516 5397 2683 5433 meum
2715 5382 2913 5433 irritum
2946 5384 3063 5449 fecit
3094 5380 3247 5449 (Gen.
3282 5380 3558 5447 nm”).
3609 5381 3707 5432 Sed

2135 5456 2282 5503 locus
2310 5451 2414 5514 hic,
2442 5466 2539 5504 nec
2566 5466 2594 5503 a
2626 5452 2809 5520 primis
2841 5453 3262 5517 displtlzllollltus
3288 5450 3578 5518 produt-tus
3601 5463 3708 5511 est;

2135 5536 2233 5575 nec
2263 5522 2331 5574 ab
2353 5522 2647 5590 Augustino
2680 5524 2751 5574 ita
2775 5525 3073 5585 expositus,
3107 5532 3161 5574 ut
3190 5522 3592 5574 consentientes
3623 5521 3712 5570 lia—

2128 5591 2283 5659 berct
2312 5592 2467 5657 alios,
2492 5594 2650 5645 etiam
2679 5594 2973 5646 catholicos
3003 5594 3350 5660 interpretes;
3382 5608 3478 5643 nec
3503 5590 3711 5643 Juliano

2130 5664 2281 5714 visus
2302 5671 2383 5714 est
2408 5663 2757 5731 responsione
2778 5664 2991 5728 dignus,
3018 5678 3137 5715 cum
3163 5673 3338 5715 tamen
3363 5662 3429 5713 ab
3452 5676 3517 5714 eo
3544 5665 3711 5710 tectus

2134 5744 2300 5797 esset,
2331 5734 2524 5801 quippe
2576 5735 2626 5785 in
2668 5736 2904 5787 secundo
2950 5735 3084 5787 libro
3124 5734 3191 5787 de
3222 5732 3429 5800 Nuptiis
3476 5733 3661 5783 allatus
3698 5770 3706 5778 .
