3962 6180
263 255 367 310 osa

793 260 1108 318 Dl-SSEBT.
1141 260 1251 316 VH.
1286 262 1373 317 DE
1401 261 1586 318 ORTb
1622 263 1708 317 ET
1753 262 2218 319 INCREMENTIS
2250 262 2565 320 HERESIS
2596 262 2707 320 PEl
2727 265 3035 352 AGlANAE.

3435 275 3536 330 (ῖὶο

261 387 430 453 tutare
455 385 554 428 nec
581 372 740 428 ullam
769 376 956 446 genuit
981 376 1336 447 qutestioncm
1376 376 1444 431 de
1474 376 1844 432 circumcisio-
1873 383 1916 440 A
1949 385 2226 445 peccatum
2259 389 2543 430 com-mune
2567 374 2807 453 omnium
2834 379 3140 453 mortalium
3169 395 3229 435 ex
3264 393 3533 440 communi

259 444 343 497 uis
373 444 500 498 ﬁne.

331 513 636 587 llludrvero
680 515 823 579 .lohi,
871 518 1011 584 quod
1057 518 1206 586 juxta
1264 517 1404 571 LXX
1461 517 1530 571 ita
1582 517 1778 587 legitur
1829 535 1843 572 :

261 585 388 649 Quis
417 586 550 639 enim
581 588 803 641 mundus
842 597 916 641 est
947 606 977 640 a
1007 585 1196 641 sorde?
1224 590 1314 641 sed
1345 606 1521 655 nemo,
1568 585 1660 642 etsi
1693 590 1846 642 unius

253 657 360 708 diei
390 659 456 708 sit
483 658 584 709 vita
613 661 724 726 ejus
755 674 909 726 super
939 671 1126 711 terram
1159 660 1302 723 (Jobi
1340 675 1447 719 xiv,
1475 661 1553 725 ι).
1585 660 1842 713 adhibue-

253 738 382 780 runt
423 727 782 797 llicronymus
824 732 874 782 in
916 741 1077 797 caput
1122 745 1264 782 xun
1310 729 1632 789 Ezechielis.
1667 732 1846 799 Augu-

250 800 433 870 stinus
458 799 548 870 lib.
568 813 640 870 _\'t
668 799 726 870 in
759 800 1173 870 .lulianumicap.
1211 801 1298 862 i2,
1331 800 1570 870 alibique
1601 805 1799 867 passim
1827 818 1841 854 :

248 867 346 922 sed
380 868 510 921 illud
559 867 677 921 .lobi
729 884 903 938 neque
947 885 976 922 a
1027 869 1328 938 Pelagianis
1374 867 1690 938 responsum
1731 887 1845 926 meo

246 941 432 992 ruisse
464 947 614 1008 puto,
647 955 822 1008 neque
855 941 1024 1007 potttit
1049 940 1398 994 vehi-menter
1431 952 1555 994 tunc
1588 944 1842 1008 temporis

247 1009 458 1076 urgeri,
487 1010 750 1077 siquidem
789 1011 1046 1064 Ecclesia:
1079 1019 1398 1064 tractatores
1441 1013 1552 1066 fere
1592 1026 1837 1066 ωιιιιιιιιιο

245 1082 390 1131 ιιὶιιιι·
423 1080 759 1143 interpretati
791 1090 919 1132 sunt
945 1081 1104 1134 verba
1152 1081 1265 1134 hazc
1297 1083 1347 1135 in
1393 1083 1556 1135 alium
1598 1097 1836 1136 sensum.

242 1147 403 1203 Unde
433 1149 918 1222 Ambrosius(Lib.
952 1167 966 1205 t
999 1152 1063 1204 de
1094 1150 1291 1220 lnterp.
1324 1151 1443 1204 Jobi
1472 1169 1517 1205 c.
1555 1149 1670 1222 vn):
1712 1152 1840 1207 Vere

242 1222 554 1274 miserabilis
585 1221 808 1274 conditio
828 1264 842 1286 ,
879 1231 932 1274 ut
955 1222 1118 1289 ‘honto
1153 1222 1346 1290 peccati
1375 1224 1454 1276 sui
1475 1263 1488 1286 ,
1515 1221 1651 1292 quod
1681 1225 1838 1277 vitare

241 1307 346 1343 non
387 1292 567 1362 possit,
601 1294 846 1344 rationem
876 1305 1122 1361 prtvstare
1153 1303 1385 1362 cogatur,
1411 1293 1603 1345 introre
1629 1294 1682 1346 in
1711 1310 1833 1347 con-

239 1375 426 1429 spectu
465 1359 705 1428 Domini,
738 1371 786 1413 et
805 1359 1066 1431 judicium
1097 1359 1267 1416 subire
1294 1362 1666 1430 Omnipotentis
1697 1381 1836 1416 com-

241 1433 494 1496 pellatur,
527 1433 679 1504 edere
711 1448 890 1484 causas
914 1450 1130 1504 suorum
1160 1444 1446 1504 gestorum,
1478 1449 1590 1501 qua:
1621 1444 1692 1486 tot
1721 1436 1834 1487 vita:

237 1519 347 1555 sua!
375 1502 612 1556 motibus
641 1503 962 1572 percmrnit,
998 1521 1111 1555 σωκ
1143 1502 1366 1555 mundus
1392 1521 1422 1556 a
1444 1513 1648 1574 peccato
1671 1507 1832 1572 quivis

237 1589 348 1626 esse
391 1591 490 1625 non
523 1575 702 1642 possit,
738 1581 790 1622 ut
819 1574 880 1626 ab
911 1573 1036 1642 ipsis
1067 1575 1316 1626 cunabilis
1349 1573 1490 1640 prius
1515 1575 1717 1644 obrepat
1747 1576 1830 1627 in-

237 1645 423 1714 fantia:
448 1649 635 1714 culpa,
665 1659 819 1714 quam
847 1643 912 1714 sit
941 1643 1080 1696 ullus
1108 1660 1282 1696 sensus
1313 1647 1520 1697 erroris.
1566 1643 1830 1714 Quamque

237 1706 373 1764 illud
407 1706 696 1766 miserabile
711 1706 736 1776 ,’
759 1723 814 1765 ut
856 1713 1016 1766 brevis
1059 1716 1120 1767 sit
1153 1717 1251 1766 vita
1281 1715 1418 1780 eius,
1450 1706 1613 1768 dulci}
1661 1706 1829 1767 illece-

1954 462 2133 516 pmna,
2165 463 2285 517 qua:
2318 461 2464 524 mors
2493 455 2595 512 est,
2628 448 3361 524 Conclutlebatttr.(Quartum
3398 460 3534 524 pati.

1954 527 2035 571 ter
2064 534 2127 572 ex
2177 534 2262 594 eo
2292 517 2516 594 petitum
2536 557 2564 594 ._
2583 518 2722 586 quod
2770 519 2940 594 simus
2970 522 3099 576 dicti
3130 517 3211 577 Vah
3244 517 3496 594 Aposlo'o
3518 570 3532 588 ,

1951 598 2132 640 natura
2303 589 2396 664 ira!
2435 584 2652 664 (Ep/tes.
2686 604 2755 654 Η,
2790 589 2879 659 5),
2917 608 3075 647 neno
3120 604 3242 647 ante
3285 584 3532 664 Augusti:

1951 673 2075 735 imm
2107 659 2382 735 adhibuit;
2434 659 2549 726 ipse
2569 673 2708 735 vero
2749 677 2813 713 eo
2846 677 2971 735 usus
3002 675 3118 728 est,
3152 659 3433 735 antequam
3467 670 3531 722 de

1950 725 2142 805 hau-esi
2177 725 2779 805 Pelagianaquidquam
2811 725 3122 797 audivisset,
3157 735 3207 788 iu
3241 725 3414 805 Opere
3447 742 3528 789 ni-

1947 799 2140 876 mirum
2174 797 2587 876 quod__nerduni
2623 800 2900 876 presbyter
2934 805 3195 876 absolvit;
3231 797 3356 861 us'os
3398 825 3528 876 quo-

1945 884 2050 934 que
2083 875 2134 921 in
2169 867 2436 935 prioribus
2459 868 2719 923 adversus
2753 867 2999 925 haeresim
3029 867 3525 932 elttcn’bralionitms

1945 937 2086 1018 (Lib.
2111 954 2174 1018 ⁵ιιι
2205 939 2268 991 de
2294 936 2409 1018 Lib.
2441 939 2564 991 Arb.
2599 955 2642 990 c.
2672 940 2760 1008 19)
2788 959 2799 991 :
2830 957 2996 1018 quare
3028 945 3192 1018 latere
3216 952 3525 1018 nou-potuit

1944 1007 2392 1089 Pelagium,__cui
2451 1019 2665 1089 constat
2712 1007 2860 1089 visos
2918 1014 3080 1089 tuisse
3135 1017 3298 1089 libros
3344 1007 3523 1089 Ᾱιιεη.

1941 1081 2065 1156 stini
2098 1082 2172 1156 de
2210 1080 2401 1156 Libero
2439 1080 2706 1142 Arbitrio.
2744 1081 2841 1156 hos
2868 1084 3021 1156 enim
3067 1087 3244 1141 lttttdal
3285 1080 3519 1156 (Libftle

1943 1148 2210 1228 Natura);
2233 1153 2492 1228 __ignotutn
2516 1161 2716 1228 _tat_nen
2742 1153 2879 1228 quid
2921 1169 3205 1228 expresse,
3240 1148 3322 1211 vel
3370 1163 3515 1228 ip~e,

1940 1221 2022 1296 vel
2048 1220 2264 1275 sectarii
2299 1220 2699 1296 responderim.
2733 1220 3063 1292 Quamquam
3093 1225 3355 1296 Pelagius.
3389 1220 3511 1281 cum

1939 1289 2553 1368 interpretareturhunc
2593 1292 2804 1368 locum,
2837 1289 3077 1362 Apostoli
3108 1289 3325 1352 semitm
3359 1301 3514 1368 longe

1937 1360 2044 1437 alio
2074 1361 2325 1437 abduxit;
2358 1361 2594 1437 ait-enim
2621 1361 2710 1433 (In
2739 1360 3008 1418 comment.
3032 1369 3099 1418 ad
3124 1384 3167 1418 c.
3187 1383 3222 1421 ιι
3253 1368 3416 1437 Epist.
3446 1360 3515 1422 «th

1937 1429 2161 1502 Ephes.)
2203 1449 2214 1483 :
2250 1431 2472 1502 Quando
2501 1429 2641 1486 mens
2675 1444 2846 1486 nostra
2875 1437 3023 1488 rebus
3069 1429 3364 1493 terrenis'et
3403 1458 3515 1492 car-

1935 1500 2149 1555 nalibus
2174 1500 2486 1565 inluvrebat,
2519 1518 2620 1555 non
2648 1504 2816 1556 solum
2847 1505 3261 1563 desiderabamus
3282 1552 3296 1573 ,
3338 1515 3426 1563 sed
3467 1522 3514 1564 et

1935 1573 2251 1649 [aciebamus
2297 1587 2631 1649 quacumque
2673 1575 2810 1649 mala
2854 1579 3094 1646 coyitatio
3146 1584 3509 1649 suggessissct;

1932 1644 2007 1695 ita
2038 1659 2130 1697 nos
2161 1653 2390 1719 paterna:
2417 1644 2711 1719 traditionis
2737 1644 3064 1719 consuetudo
3107 1644 3420 1719 pusEedt-rat.
3456 1644 3509 1704 ut

1933 1729 2107 1765 omnes
2135 1715 2203 1766 ad
2233 1714 2610 1766 damnationem
2639 1715 2746 1766 nati
2792 1718 3079 1770 videremur
3159 1720 3296 1775 Deus
3336 1734 3508 1774 autem

236 1785 347 1859 bra,
385 1760 948 1859 inultiplcxucrumna,
979 1785 1248 1859 iracundia
1277 1760 1607 1854 quotidiana!
1643 1783 1826 1859 Itaque
1859 1760 1906 1819 Β
1934 1783 2380 1859 ηιῇοςνὶεοηνθο.
2411 1784 2541 1859 Qua:
2565 1784 2734 1859 videri
2763 1798 2937 1859 potest
2963 1793 3241 1858 reSponsio
3262 1760 3505 1859 tiu'rtlam

235 1855 287 1924 in
335 1857 529 1924 exigua
585 1853 922 1906 delectatione
968 1855 1257 1907 amaritudo
1290 1853 1559 1924 perpetua
1619 1865 1711 1908 est.
1770 1857 1822 1908 in

234 1923 645 1978 Couttn’entatio
674 1935 846 1977 tamen
875 1925 939 1978 ad
984 1924 1073 1978 illa
1103 1923 1413 1978 Psalmistm
1442 1927 1602 1979 verba
1637 1943 1649 1978 :
1692 1924 1826 1979 Ecce

234 1996 288 2046 in
323 1994 984 2065 iniquitatibusconceptus
1013 2012 1125 2048 sum
1157 1993 1274 2063 (Ps.
1305 2011 1357 2060 ι,
1398 1995 1486 2064 7);
1519 1996 1825 2050 testimonio

234 2065 358 2118 .Iobi
392 2064 581 2126 utitor.
611 2064 724 2136 sed,
753 2074 811 2117 ut
842 2075 964 2118 tunc
992 2074 1146 2119 erant
1171 2077 1433 2134 tempora,
1462 2066 1730 2136 implicate
1758 2069 1824 2122 de

237 2152 298 2190 re
334 2137 577 2189 nondum
610 2135 740 2187 satis
767 2136 1050 2204 explicata.

301 2206 427 2258 Jatn
461 2221 587 2260 vero
615 2203 874 2259 famosum
913 2206 1042 2259 illud
1071 2203 1261 2275 pSalmi
1287 2221 1316 2259 ι.
1349 2220 1362 2260 :
1393 2203 1525 2258 Ecce
1554 2205 1606 2257 in
1638 2205 1826 2275 iniqui-

233 2278 430 2329 tatibus
485 2284 756 2344 conceptus
810 2293 946 2343 sum,
1005 2286 1053 2329 et
1109 2277 1161 2329 in
1210 2277 1427 2342 peccatis
1470 2277 1698 2337 concepit
1748 2292 1826 2330 me

233 2358 399 2400 mater
450 2363 561 2398 mea
614 2344 732 2413 (Ps.
764 2361 814 2408 ι..
858 2347 944 2411 7),
992 2347 1060 2400 ab
1104 2347 1353 2400 omnibus
1395 2346 1507 2400 fere
1545 2346 1824 2401 catholicis

231 2419 560 2484 productum
592 2425 672 2470 est
694 2457 707 2476 ,
745 2417 812 2469 ab
845 2416 1044 2471 llilario
1076 2417 1127 2470 in
1162 2419 1349 2485 psalm.
1378 2431 1570 2482 cxvut,
1599 2418 1826 2471 Ambio-

230 2488 316 2539 sio
347 2489 442 2541 lib.
489 2503 504 2541 t
540 2488 606 2542 de
653 2486 939 2541 Ptenitent.
968 2503 1085 2557 cap.
1118 2487 1184 2550 2,
1235 2487 1561 2555 llierouymo
1603 2491 1651 2539 in
1701 2502 1825 2553 cap.

229 2573 377 2612 van
405 2558 626 2622 Ezech.,
655 2560 953 2628 Augustino
983 2559 1074 2612 lib.
1101 2573 1136 2611 ιι
1160 2558 1323 2628 Oper.
1348 2557 1564 2625 Imperi.
1591 2572 1710 2626 cap.
1734 2559 1822 2624 73,

229 2641 287 2682 et
322 2630 422 2683 lit».
456 2645 512 2682 tn
541 2643 658 2694 cap.
688 2628 773 2681 12.
807 2627 1024 2693 Verum,
1052 2644 1172 2683 cum
1208 2627 1356 2681 locus
1393 2630 1496 2681 istc
1527 2628 1705 2682 atferri
1733 2643 1823 2682 so-

229 2697 395 2761 leret,
432 2710 487 2752 ut
517 2716 580 2752 ex
611 2698 897 2768 Theodoro
941 2699 1082 2767 apud
1124 2698 1378 2768 Pholium
1425 2701 1822 2768 cognoscimus,

230 2785 344 2822 nou
393 2777 607 2824 constat
643 2767 770 2839 quid
819 2766 1188 2838 responsionis
1219 2785 1247 2821 a
1297 2766 1599 2840 Pelagianis
1642 2770 1822 2824 datum

310 2910 666 2977 Augustinus,
700 2925 820 2964 cum
848 2909 971 2967 alibi
1002 2923 1164 2980 sape,
1193 2917 1302 2964 tum
1333 2909 1564 2964 maxime
1595 2909 1647 2964 in
1681 2919 1826 2966 utro-

228 2995 344 3048 que
375 2984 554 3048 Opere
585 2989 772 3034 contra
810 2979 1115 3046 Juliauutn,
1165 2990 1270 3050 tota
1303 2983 1556 3036 orationis
1589 2982 1639 3035 vi
1669 2998 1826 3050 argn-

227 3063 513 3105 meutatnr
561 3050 688 3105 illud
742 3052 1104 3105 Ecclesiastici
1161 3067 1172 3102 :
1225 3049 1392 3104 Grave
1434 3055 1624 3122 jugum
1670 3049 1826 3120 super

1930 1855 1994 1928 {td
2031 1855 2214 1928 loetth
2237 1858 2476 1928 Apostoti
2514 1854 2566 1928 in
2598 1854 2750 1928 libris
2779 1857 2844 1910 de
2873 1854 3066 1911 Libero
3109 1854 3344 1914 Arbitrio
3379 1881 3506 1928 pro-

1931 1924 2095 1976 latum
2129 1942 2141 1974 :
2175 1925 2436 1994 siquidem
2461 1925 2644 1992 scripti
2673 1936 2797 1978 situt
2817 1942 2845 1980 a
2874 1928 3090 1996 Pelagio
3116 1924 3504 1988 Comntcnturii

1928 2003 2052 2062 post
2079 1995 2237 2047 hosce
2263 1997 2448 2058 libros,
2478 1997 2632 2049 annis
2653 1996 2840 2052 saltem
2869 1999 3169 2054 duodecim.

2002 2063 2299 2132 Pugnatum
2329 2074 2411 2118 est
2432 2066 2592 2134 igitur
2611 2079 2639 2118 a
2663 2068 2944 2121 catholicis
2967 2073 3164 2126 invicte
3193 2071 3506 2126 testimonio

1927 2131 2171 2209 _Apostoli
2223 2131 2574 2209 ;_Sicut'per_
2620 2152 2779 2187 unum
2825 2137 3084 2192 hominem
3133 2153 3396 2209 peccatum
3453 2145 3506 2196 in

1926 2203 2066 2276 hunc
2106 2205 2352 2276 mundum
2388 2206 2623 2266 intravit,
2657 2214 2705 2257 et
2734 2223 2823 2275 per
2848 2203 3324 2276 peccatum'ntors,
3358 2226 3402 2266 et
3434 2215 3506 2266 i:a

1926 2274 1978 2326 in
2006 2291 2179 2328 omnes
2203 2275 2432 2350 homines
2464 2274 2939 2350 ntors_pert'raitsiit,
2958 2280 3020 2350 in
3050 2295 3149 2346 quo
3180 2274 3351 2335 omnes
3382 2301 3506 2350 pec-

1924 2354 2161 2420 caverunt
2212 2345 2388 2420 (Rom.
2430 2363 2506 2420 χ,
2561 2345 2685 2414 12);
2721 2357 2774 2420 et
2812 2365 2822 2399 :
2859 2349 2964 2402 Sed
3001 2345 3227 2420 regnavit
3269 2345 3406 2408 mors
3441 2356 3505 2408 ab

1925 2413 2092 2468 Adam
2122 2413 2281 2494 usque
2309 2413 2650 2494 ad__illogsent
2670 2457 2684 2482 ,
2710 2417 2860 2469 etiam
2899 2422 2950 2494 in
2984 2413 3100 2494 eos,
3129 2423 3219 2494 qui
3248 2439 3360 2494 non
3389 2442 3507 2494 pec-

1925 2497 2168 2561 caverunt
2198 2491 2254 2561 in
2266 2485 2664 2561 similitudinem
2693 2485 3283 2561 prtevaricationis'Adir
3306 2485 3501 2561 (Ibid,

1930 2557 2053 2634 id);
2083 2568 2181 2634 et_:
2218 2555 2360 2634 Sicut
2393 2572 2483 2626 per
2504 2558 2657 2634 unius
2685 2557 2950 2625 delictum,
2980 2561 3029 2634 in
3057 2577 3224 2634 omnes
3248 2555 3501 2634 homines,

1925 2626 1978 2678 in
2019 2629 2346 2700 condemnati
2384 2628 2648 2700 ιιεῃιίδὶο
2684 2635 2740 2700 et
2787 2645 2878 2695 per
2923 2631 3072 2682 unius
3112 2633 3402 2700 justitiam,
3449 2626 3502 2689 in

1925 2711 2099 2750 amnes
2142 2697 2401 2762 homines,
2445 2697 2496 2749 in
2528 2699 2951 2768 justi/irationem
2996 2697 3125 2754 vitai
3177 2703 3323 2757 Sicut
3371 2697 3503 2759 enim

1927 2784 2017 2834 per
2045 2768 2435 2820 inobedientiant
2467 2767 2617 2818 uinus
2655 2767 2875 2840 hominis
2918 2782 3203 2840 peccatores
3245 2779 3505 2832 constituti

1925 2847 2046 2889 sunt
2077 2840 2226 2892 multi
2241 2857 2269 2912 ,j
2289 2841 2359 2912 ita
2388 2847 2432 2889 ct
2461 2837 2754 2912 per__unius_
2779 2837 3117 2912 obeditionem
3146 2846 3282 2912 justi
3316 2851 3505 2900 consti-

1927 2917 2131 2980 tuentur
2163 2909 2332 2975 ntuiti,
2367 2907 2702 2980 etc.(lbid.,
2738 2910 2802 2961 18
2834 2922 2880 2961 et
2910 2910 3024 2978 19).
3063 2907 3196 2966 llinc
3227 2918 3366 2970 enim
3402 2920 3500 2972 tria

1927 2978 2168 3034 Confecta
2211 2991 2334 3032 sunt
2369 2996 2379 3030 :
2412 2978 2673 3046 primum.
2708 2989 2933 3033 mortem
2981 2983 3181 3035 idcirco
3223 2985 3271 3036 itt
3317 3003 3505 3042 omnes

1929 3054 2562 3123 pertransis~e,propter
2589 3048 2779 3102 Adami
2815 3061 3090 3117 peccatum
3113 3097 3126 3120 ,
3161 3057 3280 3122 quia
3317 3071 3504 3123 βοείῃ-

225 3122 375 3189 ﬁlios
407 3123 573 3175 Adam
602 3140 632 3174 a
655 3123 738 3176 die
758 3123 922 3174 exitus
946 3137 1116 3174 eorum
1142 3124 1204 3174 de
1228 3134 1397 3174 ventre
1423 3120 1600 3176 ntairis
1627 3139 1821 3193 eorum,
1854 3124 1898 3186 (ζ
1933 3132 2040 3172 tum
2083 3120 2421 3193 pertransiit,
2467 3122 2514 3171 id
2546 3127 2658 3193 est,
2697 3133 3045 3193 pt-Opagatum
3093 3120 3206 3188 est}
3239 3120 3465 3180 alterum
3485 3170 3502 3193 ,

226 3208 407 3264 usque
448 3194 502 3246 in
541 3193 673 3246 diem
703 3193 982 3262 sepultura:
1021 3193 1076 3245 in
1117 3193 1329 3245 matrem
1371 3209 1597 3246 annuum
1631 3191 1822 3264 (Eccli.

227 3278 316 3317 ιι..
359 3267 442 3317 1).

299 3263 732 3402 λέἐίιιιιεηιιιιιιι-
770 3340 824 3387 et
867 3331 1006 3390 istud
1049 3330 1339 3400 Sapientiae
1372 3349 1385 3385 :
1421 3331 1542 3386 Non
1581 3333 1824 3404 ignorans

226 3407 484 3474 quoniam
515 3419 732 3472 nequam
762 3415 831 3457 est
861 3405 1000 3456 natio
1027 3418 1225 3467 eorum,
1261 3412 1306 3456 et
1333 3406 1584 3457 naturalis
1626 3406 1823 3458 malitia

227 3476 492 3544 ipsorum,
523 3485 566 3528 et
598 3475 837 3540 quoniam
867 3491 968 3528 non
999 3486 1194 3544 poterat
1225 3475 1410 3526 mutari
1437 3476 1679 3541 cogitatio
1704 3475 1823 3528 illo-

226 3563 344 3597 rum
389 3547 446 3598 in
480 3553 812 3614 perpetuum;
855 3562 1022 3598 semen
1061 3546 1198 3597 enim
1241 3556 1346 3597 erat
1383 3548 1715 3614 maledictum
1759 3547 1821 3599 ab

225 3615 382 3667 initio
427 3613 584 3684 (Sap.
627 3629 729 3679 xu,
776 3617 881 3684 10).
918 3615 1010 3670 Sic
1039 3615 1179 3668 enim
1211 3615 1285 3667 ait
1316 3631 1328 3666 :
1365 3613 1563 3682 Nempe
1603 3617 1666 3669 de
1704 3619 1820 3683 qui-

225 3686 548 3752 buscumque
589 3686 730 3737 dicat
771 3686 899 3747 ista,
947 3689 1008 3737 de
1048 3685 1335 3738 hominibus
1375 3686 1536 3749 dicit;
1564 3687 1821 3754 quomodo

224 3767 301 3808 est
344 3772 471 3824 ergo
504 3755 768 3826 cujuslibet
799 3755 1018 3808 hominis
1049 3755 1247 3808 malitia
1279 3756 1551 3820 naturalis,
1579 3764 1624 3808 et
1652 3771 1821 3808 semen

226 3825 568 3880 maledictum
606 3827 668 3878 ab
697 3825 866 3891 initio,
902 3827 998 3879 nisi
1042 3829 1109 3879 ad
1149 3827 1280 3879 illud
1313 3826 1640 3890 respiciatur,
1683 3827 1821 3893 quod

223 3915 316 3963 per
350 3915 517 3949 unum
548 3897 804 3949 hominem
836 3907 1099 3964 peccatum
1131 3897 1337 3949 intravit
1370 3899 1421 3948 in
1467 3895 1737 3959 mundum,
1773 3907 1819 3949 et

223 3985 318 4033 per
353 3978 619 4034 peccatum
649 3983 804 4031 mors,
834 3977 877 4019 et
908 3969 979 4018 ita
1010 3968 1062 4020 in
1093 3983 1266 4019 omnes
1298 3967 1528 4019 homines
1556 3979 1819 4033 pertrans-

223 4039 317 4109 iit,
367 4040 423 4091 in
453 4054 554 4107 quo
599 4053 770 4109 omnes
808 4050 1135 4107 peccaverunt
1179 4037 1330 4109 (Lib.
1377 4053 1412 4092 tt
1454 4039 1516 4090 de
1561 4035 1726 4105 Nupt.
1772 4045 1819 4090 et

222 4108 465 4178 Concup.
503 4125 548 4161 c.
583 4108 678 4178 8)?

293 4165 551 4234 Julianus
582 4165 719 4248 (Lib.
758 4193 806 4229 tv
838 4177 936 4248 0p.
971 4175 1190 4247 Imperi.
1225 4193 1270 4230 c.
1318 4177 1438 4246 125)
1479 4187 1818 4248 argumenta-

222 4253 441 4305 timtetu
476 4251 756 4320 Augustini
789 4260 955 4320 vexat,
972 4252 1189 4314 acriter,
1221 4249 1512 4320 nititurque
1544 4265 1609 4302 ex
1633 4264 1694 4302 ea
1718 4248 1818 4318 ipsi

219 4319 589 4376 Manichmam
637 4319 894 4384 altlngere
945 4319 1274 4388 impietatem
1323 4319 1388 4372 de
1419 4330 1606 4372 natura
1638 4320 1812 4383 mala;

220 4399 397 4461 negat.
439 4406 568 4444 vero
617 4391 739 4444 inde
784 4390 1363 4461 peccatumgoriginale
1413 4391 1656 4458 probari,
1688 4391 1813 4458 quia

221 4459 458 4529 perinde
487 4476 517 4514 a
547 4461 800 4528 Sapiente
828 4459 1470 4522 dicitanhananworum
1499 4475 1668 4512 semen
1708 4477 1817 4512 ma-

220 4532 502 4594 ledictum,
532 4533 601 4584 ab
631 4532 812 4594 initio,
848 4542 1008 4599 atque
1039 4531 1106 4584 ab
1137 4531 1270 4586 Isaia
1299 4531 1616 4583 benedictum
1645 4545 1816 4583 semen

219 4601 597 4672 Israelitarum
628 4599 780 4672 (Isai.
806 4617 932 4664 va,
959 4601 1060 4665 22,
1092 4605 1244 4670 iusta
1274 4599 1467 4670 LXX).
1502 4599 1654 4654 Unde
1684 4615 1817 4672 cou-

219 4671 404 4726 clndit
433 4670 658 4726 seminis
687 4673 1023 4726 conditiones
1052 4673 1170 4724 illas
1190 4713 1204 4733 ,
1236 4688 1354 4726 cum
1388 4673 1494 4724 siut
1523 4670 1817 4738 oppositae,

219 4744 292 4798 ad
350 4751 636 4811 peccatum
681 4741 967 4811 originale,
1000 4744 1140 4810 quod
1171 4742 1421 4810 generale
1470 4741 1632 4795 debet
1673 4755 1817 4807 esse,

219 4824 400 4884 atque
440 4829 543 4866 una
589 4813 642 4867 in
690 4814 940 4868 omnibus
987 4828 1055 4868 ex
1103 4828 1264 4868 causa
1310 4813 1469 4877 oriri,
1503 4825 1608 4865 non
1654 4815 1822 4879 perti-

217 4901 386 4939 nere.

295 4957 485 5024 Atque
515 4953 629 5009 hac
663 4953 774 5010 fere
805 4963 928 5007 sunt
974 4968 1091 5021 quze
1122 4953 1186 5007 ad
1220 4951 1376 5006 fidem
1423 4953 1624 5024 perciti
1656 4953 1824 5023 origi-

218 5029 371 5078 nalis
397 5022 848 5096 propugnandam
878 5025 1128 5080 catholici
1159 5041 1222 5096 ex
1257 5032 1438 5079 vetere
1477 5022 1821 5096 Testamento

216 5096 536 5150 aﬂ'erebaut
581 5096 766 5162 primis
817 5096 921 5148 illis
969 5095 1302 5164 temporibus
1344 5095 1744 5164 {protulerunt
1789 5111 1821 5151 e

216 5183 375 5220 novo
406 5166 584 5235 (Rom.
617 5181 712 5230 vn,
746 5165 836 5234 t7)
867 5165 969 5219 alia
1000 5163 1266 5235 quinque,
1302 5163 1396 5218 sed
1431 5178 1655 5230 quorum
1689 5167 1818 5231 duo,

217 5253 354 5303 qua“:
405 5238 598 5305 partim
648 5251 713 5290 ex
742 5242 1014 5291 communi
1057 5242 1173 5305 tege
1213 5235 1494 5302 baptismi,
1530 5239 1724 5302 partim
1755 5252 1820 5290 ex

215 5319 458 5375 peccato
505 5307 777 5360 habitante
825 5308 878 5360 in
929 5309 1186 5359 membris
1215 5316 1428 5372 sumpta
1467 5313 1625 5370 sunt,
1659 5313 1822 5374 perti-

218 5393 366 5432 nere
397 5377 568 5446 magis
609 5377 856 5430 videntur
899 5378 962 5430 ad
997 5377 1228 5430 rationes
1268 5376 1629 5430 conﬁciendas
1659 5392 1816 5446 quam

217 5447 290 5500 ad
331 5464 448 5502 rem
482 5463 578 5500 suo
608 5450 725 5500 solo
757 5447 991 5514 pondere
1023 5447 1357 5500 lirmtndam.
1392 5447 1632 5500 Tertium
1665 5463 1812 5512 vero,

218 5519 376 5585 quod
426 5517 493 5571 de
538 5529 710 5572 morte
740 5523 976 5570 omnium
1009 5517 1061 5570 in
1104 5517 1345 5580 Adamn,
1385 5517 1732 5584 omniumque
1765 5520 1815 5571 ιη

221 5589 451 5640 t.’hristo
499 5590 896 5642 resurrectione
927 5600 1079 5642 antea
1114 5597 1470 5641 metitoratum
1509 5599 1590 5642 est
1621 5589 1662 5652 (l
1695 5589 1812 5642 Cor.

226 5672 322 5720 sv,
368 5657 483 5726 22),
518 5674 630 5711 rem
665 5674 758 5725 per
795 5676 854 5714 se
903 5675 1007 5710 non
1056 5659 1352 5722 eihi-iebat,
1403 5659 1495 5712 scd
1549 5660 1814 5712 ratiocinii

231 5735 445 5782 tantum
477 5729 823 5794 adminiculo,
857 5747 964 5800 quo
996 5744 1180 5794 causa,
1214 5741 1272 5783 ut
1301 5735 1470 5798 aiunt,
1502 5745 1565 5782 cs
1598 5732 1813 5798 ellectu,

525 5825 812 5885 PATROL.-
849 5827 1122 5888 XLVIII.

1845 4492 1898 4552 D

1930 3189 2288 3256 pertransisse
2331 3189 2696 3260 peccatumiin
2725 3204 2819 3244 eos
2847 3192 3005 3245 etiam
3050 3193 3140 3260 qui
3185 3211 3289 3248 non
3329 3189 3504 3251 unita;

1928 3261 2070 3314 tione
2111 3268 2499 3334 peccaverunt,
2542 3259 2634 3334 sed
2676 3259 3076 3330 propagatione
3106 3266 3252 3330 sola;
3296 3279 3505 3334 postre-

1927 3346 2095 3404 mum,
2128 3331 2449 3404 multospcr
2470 3330 2722 3404 delictum
2747 3334 2878 3386 Atta:
2915 3334 2964 3386 itt
2997 3330 3353 3401 perditione-tn
3385 3355 3504 3404 pcr-

1924 3402 2126 3481 venire,
2163 3401 2384 3481 perinde
2414 3416 2475 3456 ac
2512 3401 2665 3456 multi
2709 3416 2803 3470 per
2828 3404 3028 3458 Christi
3068 3405 3333 3473 justitiam
3372 3401 3502 3477 justi

1921 3480 2194 3525 constituti
2226 3482 2373 3528 sunt.

1994 3546 2381 3617 Argumentum
2427 3541 2527 3596 hoc
2569 3541 2865 3617 adhibitum
2894 3555 2998 3617 est,
3027 3545 3139 3613 jam
3174 3546 3296 3601 inde
3329 3563 3353 3599 a
3390 3550 3502 3617 pri-

1923 3611 2025 3664 mis
2057 3614 2387 3688 temporibus
2417 3619 2687 3688 nascentis
2716 3614 2954 3688 lneresis,
3067 3627 3170 3680 est,
3201 3630 3326 3672 ante
3349 3611 3504 3688 quiu-

1925 3694 2036 3760 tum
2071 3685 2382 3760 _sa;-‘cu|_um_;
2444 3682 2651 3760 fuitque
2705 3687 2864 3760 velnt_
2908 3682 3506 3760 tundamcntutn,'quo

1922 3753 2117 3806 deinde
2146 3754 2389 3807 Ecclesia
2416 3755 2738 3806 sententiam
2762 3755 3083 3809 catholicam
3114 3753 3506 3814 deﬁnitionem-

1921 3837 2026 3900 que
2051 3838 2206 3900 suam
2235 3823 2462 3900 stabiliri
2486 3825 2677 3900 _voluit.
2703 3823 2835 3900 Illud
2865 3826 3345 3900 cerlelililevilana
3378 3847 3504 3900 syn-

1921 3893 2056 3946 odus
2089 3897 2138 3945 in
2163 3894 2367 3960 litteris
2388 3893 2454 3946 ad
2485 3891 2853 3948 lunocentiunt
2894 3893 2912 3946 l
2947 3912 2962 3958 ;
3008 3895 3135 3949 ιιιυά
3163 3891 3424 3953 Africana
3451 3905 3502 3953 in

1922 3977 2127 4035 canone
2155 3964 2212 4028 2,
2246 3965 2574 4035 Arausicaua
2606 3966 2841 4018 secunda
2891 3965 2939 4016 in
2973 3981 3183 4019 canone
3233 3969 3413 4022 itidem
3445 3974 3503 4035 ‘2,

1922 4031 2236 4087 Tridentina
2267 4033 2318 4086 iu
2353 4035 2595 4088 sessione
2641 4036 2857 4103 quin:a.
2891 4035 3139 4090 Zosimus
3172 4039 3418 4093 Pontifex
3451 4031 3500 4092 iu

1924 4106 2200 4177 tractoria,
2247 4104 2603 4174 GelasiuSque
2635 4107 2684 4158 iu
2719 4107 2948 4174 epistola
2995 4108 3251 4161 decretali
3286 4109 3350 4163 ad
3386 4111 3504 4177 epi-

1920 4189 2116 4298 scopols
2143 4176 2359 4240 Picazni,
2391 4185 2660 4246 tamquam
2693 4189 2938 4246 apertum
2975 4177 3095 4232 lidei
3134 4180 3384 4233 testituon
3413 4176 3500 4233 tun

1920 4258 2076 4298 uretu
2103 4258 2163 4298 tt.

1919 4258 2163 4314 promtu.

1994 4318 2062 4368 Et
2091 4331 2237 4382 vero,
2267 4316 2436 4386 ipsius
2458 4315 2508 4369 vi
2542 4331 2661 4370 cum
2693 4316 3042 4372 vehementer
3067 4333 3126 4373 se
3155 4319 3324 4387 premi
3354 4319 3506 4372 Pela-

1919 4387 2064 4455 giani
2095 4389 2380 4450 sentirent,
2430 4387 2560 4441 nihil
2611 4401 2714 4439 non
2760 4391 3156 4457 exciigitarunt,
3217 4389 3348 4443 nihil
3398 4407 3504 4444 non

1923 4457 2201 4528 dixerunt,
2228 4473 2334 4526 quo
2367 4457 2800 4528 videripossent,
2824 4469 2879 4513 et
2907 4461 3030 4514 Inde
3053 4477 3114 4514 se
3145 4462 3423 4528 expedire,
3452 4471 3509 4515 et

1926 4526 2351 4594 simplicioribus
2379 4527 2647 4581 mentibus
2677 4530 3028 4597 persuadere,
3053 4548 3117 4584 eo
3148 4526 3273 4595 loci,
3300 4548 3405 4584 non
3439 4534 3506 4586 de

1929 4598 2128 4670 peccati
2162 4598 2515 4670 traduce,4ut
2558 4607 2684 4651 tunc
2731 4599 2989 4669 temporis
3034 4601 3281 4670 aiebant,
3315 4603 3408 4656 sed
3443 4605 3510 4657 de

1927 4668 2227 4722 imitatione
2255 4668 2603 4735 quaestionem
2627 4683 2768 4723 esse.

2001 4738 2252 4810 Singulas
2279 4755 2408 4809 ergo
2438 4741 2656 4792 voculas
2679 4742 2972 4795 consectati
3004 4750 3154 4809 sunt,
3189 4741 3508 4810 singulaque

1930 4809 2184 4877 adjuncta
2213 4812 2568 4879 argumentati
2596 4811 2645 4862 in
2677 4826 2786 4864 rem
2816 4827 2987 4866 suam.
3023 4812 3281 4866 Dixerunt
3310 4809 3506 4879 primo,

1935 4893 2212 4949 peccatum
2252 4881 2446 4934 Adami
2493 4895 2613 4934 cum
2655 4880 2858 4948 justitia
2902 4882 3095 4936 Chiisti
3142 4882 3210 4934 ab
3248 4882 3508 4950 Apostolo

1933 4951 2215 5018 componi,
2245 4955 2513 5019 amboque
2545 4953 2743 5018 aequari
2772 4968 2783 5003 :
2810 4968 2977 5021 quare
3006 4952 3198 5005 Adami
3230 4961 3506 5019 peceatum

1931 5022 1983 5076 in
2011 5036 2198 5075 omnes
2243 5036 2348 5074 non
2384 5021 2663 5085 transisse,
2692 5022 2815 5090 quia
2853 5038 2952 5077 nec
2978 5023 3184 5090 jusntia
3222 5021 3420 5075 Christi
3453 5024 3506 5075 in

1931 5106 2120 5147 omnes
2169 5093 2410 5155 transiit;
2460 5094 2620 5156 idque
2663 5093 2887 5147 iudicari
2930 5095 3184 5148 volebant
3231 5106 3365 5147 voce
3407 5092 3511 5146 hac

1929 5164 2100 5225 multi,
2132 5178 2232 5233 qua
2258 5177 2388 5218 usus
2418 5173 2502 5217 est
2533 5165 2841 5230 Apostolus,
2883 5167 3132 5219 consulto
3163 5163 3444 5217 abstinens
3476 5179 3504 5215 a

1928 5236 2292 5304 generaliore.
2329 5235 2591 5287 Dixerunt
2620 5233 2840 5298 deinde,
2874 5248 3146 5304 peccatum
3193 5235 3259 5286 ad
3309 5240 3506 5288 multos

1930 5309 2067 5357 istos
2109 5307 2401 5370 transisse,
2437 5319 2542 5357 non
2586 5307 3002 5373 prepagatioue,
3034 5306 3127 5360 sed
3170 5305 3508 5359 imitatione:

1930 5376 2183 5429 nocuisse
2211 5379 2356 5428 enim
2393 5375 2624 5443 posteris
2652 5375 2938 5440 Adamum,
2965 5380 3101 5432 sicut
3129 5377 3330 5444 proluit
3358 5377 3512 5427 (ξιιιὶ-

1925 5455 2064 5506 stus.
2089 5447 2342 5514 exemplo
2363 5446 2591 5507 scilicet,
2623 5448 2766 5513 quod
2793 5447 2885 5499 ille
2917 5447 3064 5504 mali.
3097 5449 3195 5501 iste
3231 5447 3356 5500 boui
3382 5461 3511 5513 0pc-

1925 5520 2004 5570 ris
2036 5517 2286 5582 prxbnit.
2313 5518 2572 5569 Dixerunt
2603 5527 2809 5582 postea,
2837 5518 3178 5586 Apostolum.
3213 5520 3256 5570 si
3286 5517 3351 5570 de
3381 5533 3508 5581 pro-

1927 5587 2210 5655 pagatione
2255 5587 2399 5654 loqui
2444 5587 2724 5652 VuluisSCl,
2769 5601 2872 5641 non
2916 5589 3182 5641 dicturum
3221 5588 3382 5639 fuisse
3412 5601 3508 5653 per

1929 5663 2086 5710 unius
2104 5658 2358 5726 delictum
2385 5670 2661 5723 peccatum
2694 5658 2944 5721 intrasse,
2966 5675 3084 5712 cuin
3107 5667 3506 5726 propagationis

1927 5744 2060 5797 opus
2084 5729 2153 5782 sit
2171 5731 2422 5782 duorum.
2447 5728 2569 5784 llaec
2590 5727 2835 5782 Julianus
2859 5732 3081 5798 prolixe,
3109 5730 3242 5783 libro
3267 5733 3504 5780 bCClllth

2963 5827 3035 5884 21
