3962 6180
398 278 512 336 655

862 275 955 332 Αἱ)
983 273 1269 331 PARTEM
1301 267 1566 328 PRIMA)!
1595 267 1883 325 OPERUM
1914 267 1986 323 11.
2019 266 2471 327 MERCATORIS
2500 269 2849 327 APPENDIX
2879 269 3223 329 SECUNDA.

3580 277 3687 335 656

403 409 528 447 esse
568 407 729 462 quam
774 398 1098 446 renoventur
1121 431 1134 455 ,
1186 387 1457 462 Christum
1488 386 1693 462 induti,
1740 398 1989 462 novaque
2017 384 2064 445 Α
2093 392 2211 437 sunt
2234 384 2474 462 fidelibus
2497 387 2753 462 proereati
2765 427 2792 462 ,_
2806 386 2945 462 sicut
2961 386 3135 462 beatus
3164 386 3365 444 Paulus
3390 390 3561 459 docet,
3591 395 3682 448 hoc

406 466 530 521 lacti
561 457 613 519 in
664 465 878 519 Christo
904 469 1169 514 creatura.
1207 459 1350 512 Mors
1390 466 1570 511 autem
1621 458 1709 511 illa
1741 457 1939 521 prasvia
1968 496 1983 520 ,

410 553 515 590 non
543 545 624 589 est
654 535 895 605 profecto
924 534 1187 605 corporis,
1218 529 1311 583 sed
1344 528 1569 594 animm,
1614 528 1757 597 quod
1791 540 1989 595 pecca-

409 616 553 671 tum;
597 601 693 659 nec
729 605 830 656 alia
858 601 1083 669 cogitari
1131 610 1307 671 potest
1344 609 1624 671 vetustas,
1678 612 1839 668 quam
1884 610 1989 666 qua

413 679 504 731 Dei
538 669 711 743 imago
737 672 961 743 homini,
992 686 1111 743 cum
1136 688 1163 722 a
1210 670 1321 743 Deo
1349 669 1664 739 ﬁngeretur,
1700 672 1989 739 impressa,

408 759 461 802 et
487 760 615 813 pecc
632 741 703 797 tio
731 742 879 813 quasi
898 741 1215 813 decolorata
1248 741 1339 813 si-t.

479 808 704 881 Quarto,
729 808 850 869 v‘ere
876 812 1011 866 dixit
1036 812 1329 878 Apostolus
1358 829 1370 864 :
1404 812 1723 881 Quicumque
1749 808 1991 879 baptisati

407 902 580 940 sumus
607 889 659 938 in
683 884 884 938 Christo
904 883 932 935 ,Ι
942 900 1053 945 esu,
1074 883 1130 935 in
1151 892 1310 935 morte
1333 883 1493 952 ipsius
1517 881 1761 952 baptizati
1790 895 1989 952 sumus,

407 968 453 1011 et
481 956 765 1025 consepulti
788 969 903 1008 cum
932 954 1022 1007 illo
1053 967 1142 1023 per
1164 950 1469 1025 baptismum
1490 954 1546 1025 in
1572 950 1781 1025 mortem
1807 950 1986 1025 Rom:

410 1043 483 1091 Vl,
509 1019 737 1098 3).Cutn
757 1027 958 1098 ergoin
984 1019 1158 1078 morte
1178 1022 1375 1098 Christi
1405 1022 1663 1092 baptizari
1691 1022 1821 1098 nihil
1845 1019 1990 1098 aliud

408 1100 479 1152 sit
506 1092 665 1167 quam
715 1092 934 1166 perinde
964 1105 1184 1167 peccato
1215 1094 1394 1167 muri,
1442 1108 1505 1147 ac
1532 1108 1695 1167 carne
1745 1092 1992 1167 Christus

411 1163 653 1222 mortuus
682 1163 785 1229 est,
822 1163 1033 1233 parvuli
1060 1166 1243 1234 procul
1266 1163 1454 1229 dubio,
1484 1179 1605 1217 cum
1631 1164 1990 1231 baptizantur,

412 1252 633 1308 peccato
684 1238 986 1291 moriuntur
1040 1254 1052 1289 :
1094 1235 1179 1290 cui
1226 1247 1429 1300 autem,
1476 1234 1740 1304 siquidem
1783 1234 1992 1300 origine

412 1312 612 1365 nnllutn
646 1308 957 1363 traxerunt?

478 1382 697 1447 Quinto,
728 1379 1017 1434 conﬁtetur
1050 1375 1287 1447 Ecclesia
1310 1417 1323 1435 .
1355 1391 1515 1429 unum
1546 1375 1798 1447 baptisma
1818 1375 1885 1447 in
1905 1390 1988 1447 re-_

408 1444 699 1505 missionem
749 1458 1069 1515 peccaturum
1123 1462 1141 1501 :
1190 1446 1322 1499 nulli
1374 1461 1505 1515 ergo
1551 1446 1712 1500 alteri
1756 1444 1994 1498 conferri

413 1533 609 1591 potest,
635 1521 736 1575 nisi
762 1521 899 1575 forte
922 1518 1131 1573 dicatur
1156 1532 1350 1591 vanum
1379 1515 1648 1591 quoddam
1679 1524 1734 1570 et
1762 1516 1991 1571 mendax

410 1588 733 1663 symbolum,
753 1604 911 1657 quam
940 1589 1242 1663 peccaturi;
1270 1588 1477 1655 parvuli
1500 1602 1630 1657 ergo
1655 1596 1992 1657 peccatores,

412 1660 518 1718 non
553 1664 858 1725 voluntate,
891 1661 984 1716 sed
1016 1660 1243 1727 origine.

479 1735 613 1789 Cum
672 1734 884 1787 tandem
933 1731 985 1786 in
1029 1728 1295 1798 baptismo
1348 1728 1733 1783 exorcizentnr
1780 1727 1989 1796 parvuli

409 1814 570 1873 atque
603 1803 975 1863 insnl‘ﬂentur,
1012 1811 1106 1854 aut
1135 1801 1569 1873 vanisuntquos
1611 1800 1849 1873 Ecclesia
1897 1799 1987 1873 Dei

407 1869 545 1929 ritus
572 1874 831 1936 adhibet,
874 1878 962 1925 aut
994 1886 1023 1925 a
1072 1870 1310 1941 parvulis
1332 1870 1576 1924 diabolus
1605 1870 1858 1939 abigitur,
1890 1869 1991 1941 sub

405 1946 564 2013 cujus
595 1945 852 2007 hactenus
897 1938 1165 2012 potestate
1201 1939 1427 2013 fuerint,
1460 1938 1850 2013 veltamtpuun
1894 1938 1988 2013 lilii

411 2009 504 2070 ini:
551 2015 779 2079 divinae,
809 2009 1195 2082 vel—tamquam
1224 2012 1368 2067 servi
1398 2010 1510 2082 sub
1538 2010 1758 2082 domino
1798 2009 1991 2082 mortis

411 2099 570 2155 atque
625 2085 851 2155 peccati.
903 2080 1066 2140 Unde
1109 2083 1436 2151 Augustinus
1484 2080 1992 2155 Pelagiana§__allo-

410 2149 581 2223 quens
606 2149 638 2220 ,’
676 2170 798 2209 cum
853 2156 954 2210 hoc
996 2149 1679 2223 argumentum_tractarL-t
1735 2149 1906 2223 (Lib,
1934 2166 1990 2205 ιιι

400 2220 601 2296 prioris
626 2226 806 2294 Operis
827 2236 1006 2278 contra
1024 2220 1139 2296 .ljtl.
1168 2238 1216 2277 c.
1247 2224 1305 2296 5)
1328 2239 1341 2275 :
1372 2220 1600 2296 Pergite,
1627 2231 1674 2275 et
1701 2220 1841 2296 sicut
1856 2222 1990 2275 dici-

409 2292 473 2349 tis
518 2313 537 2351 :
579 2295 644 2350 In
674 2292 998 2349 sacramento
1042 2294 1327 2349 Salvatoris
1367 2292 1719 2361 baptiznntur,
1752 2293 1841 2345 sed
1888 2309 1991 2346 non

403 2368 691 2433 salvantur;
721 2367 1062 2430 redimuntur,
1101 2365 1190 2419 sed
1210 2363 1332 2417 “non
1381 2362 1692 2427 liberantur;
1721 2362 1988 2429 lavantur,

400 2438 498 2490 sed
526 2454 629 2491 non
655 2436 958 2503 abluuntur;
993 2436 1348 2490 exorcisantur
1376 2442 1423 2487 et
1451 2434 1802 2503 exsufﬂantur,
1831 2434 1920 2488 sed
1960 2450 1991 2486 a

408 2516 657 2574 potestate
683 2507 876 2561 diaboli
905 2523 1006 2560 non
1033 2513 1307 2570 eruuntur;
1337 2505 1409 2557 sic
1432 2506 1585 2557 etiam
1607 2504 1760 2557 dicite
1783 2520 1801 2557 :
1832 2503 1993 2557 Fun-

408 2577 548 2631 ditur
574 2595 666 2649 pro
697 2579 767 2632 eis
792 2578 1002 2648 sanguis
1027 2578 1078 2649 in
1118 2577 1465 2649 remissionem
1493 2584 1817 2649 peccatorum
1841 2614 1857 2641 ,
1902 2575 1992 2628 sed

398 2643 601 2703 nullius
634 2651 828 2714 peccati
857 2643 1153 2703 rémissione
1187 2647 1522 2699 mandantur.
1555 2643 1692 2698 Mira
1722 2657 1839 2697 sunt
1878 2660 1992 2708 qua:

407 2720 612 2786 dicitis;
638 2736 767 2774 nova
797 2730 911 2773 sunt
940 2733 1054 2787 qua:
1080 2717 1247 2771 dicitis
1270 2733 1288 2782 ;
1329 2715 1463 2787 falsa
1490 2726 1760 2787 suntque:
1796 2716 1990 2770 dicitis.

406 2789 549 2843 Mira
573 2799 858 2857 stupemus,
890 2786 1018 2842 nava
1041 2804 1297 2852 cavemus,
1324 2786 1457 2855 falsa
1486 2786 1851 2841 convincimus.
1884 2787 1993 2841 0b-

406 2875 562 2915 serva
602 2862 874 2930 quomodo
916 2868 1135 2930 sanctus
1180 2858 1370 2912 doctor
1415 2866 1792 2930 argumentum
1837 2872 1991 2930 suum

410 2930 589 2985 ﬁrmet
619 2927 943 2984 traditionis
994 2928 1230 2998 pondere
1260 2969 1275 2994 ,
1331 2942 1452 2982 cum
1509 2927 1761 2983 novitatis
1816 2929 1993 2998 arguit

406 2999 819 3070 Pelagianorum
845 3012 1173 3055 commenta.

478 3068 759 3126 PoStremo
780 3071 1037 3139 denique,
1059 3085 1177 3125 cum
1205 3085 1345 3125 unus
1367 3070 1460 3136 sit,
1484 3069 1599 3126 sive
1618 3068 1709 3139 qui
1732 3068 1989 3137 parvulis,

2091 462 2246 508 modo
2280 457 2449 510 dicens
2474 471 2492 510 :
2516 456 2723 527 Alioqui
2756 458 2854 525 ﬁlii
2890 460 3041 512 vestri
3068 460 3321 514 immundi
3347 472 3468 515 sunt
3490 504 3506 527 ,
3548 456 3684 519 nunc

2092 541 2210 598 vero
2231 530 2394 598 sancti
2414 537 2531 581 sunt
2555 529 2595 598 (l
2626 528 2747 581 Cor.
2779 529 3011 598 γυνη).
3047 528 3301 584 Similiter
3325 543 3499 587 autem
3527 537 3683 589 etiam

2097 596 2271 650 beatus
2295 596 2525 651 Joannes
2554 596 2773 672 dicitde
2793 596 3127 672 procreandis
3151 602 3276 668 filiis
3296 644 3312 666 ,
3361 608 3482 672 quia
3531 608 3690 660 simul

2092 677 2242 736 atque
2294 678 2590 739 nascuntur
2637 670 3069 723 illuminationem
3127 670 3554 739 sanctificationis
3624 680 3689 730 ab

2093 738 2362 811 unigenito
2393 738 2559 811 Verbo
2586 741 2897 811 percipiunt,
2925 757 3038 794 cum
3062 742 3186 793 dicit
3219 759 3235 795 :
3280 738 3405 798 Erat
3437 746 3533 799 lux
3570 764 3689 802 vera

2090 823 2208 876 quae
2233 809 2494 863 illuminat
2524 809 2734 864 omnem
2752 810 3008 864 hominem
3032 814 3312 868 venientem
3348 816 3403 869 in
3433 818 3689 871 mundum

2096 876 2277 948 (Joan.
2310 879 2429 956 t,_9)
2454 878 2726 956 Baptisma
2760 882 2921 956 igitur
2941 882 3168 951 infantes
3198 900 3299 937 non
3331 896 3542 954 propter
3572 906 3693 956 pec-

2093 960 2207 1023 cata
2232 951 2550 1021 percipiunt,
2579 954 2670 1005 sed
2706 962 2761 1004 ut
2790 953 3116 1023 spiritualem
3150 951 3691 1021 procreationem—Isa-

2095 1018 2303 1092 bentes,
2339 1018 2488 1092 quasi
2532 1038 2617 1088 per
2652 1018 2908 1091 baptisma
2950 1025 3004 1076 in
3053 1018 3258 1078 Christo
3309 1040 3584 1088 creentur.
3640 1042 3690 1084 et

2091 1091 2257 1165 ipsius
2286 1093 2433 1165 regni
2463 1093 2681 1165 celestis
2702 1095 2980 1165 participes
3005 1095 3158 1163 ﬁant,
3178 1097 3309 1150 sicut
3335 1098 3512 1152 beatus
3543 1098 3693 1153 Pau-

2095 1160 2177 1214 lus
2204 1160 2357 1216 docet'
2382 1161 2479 1217 hoc
2510 1162 2660 1216 modo
2686 1160 2709 1217 :7
2746 1162 2807 1219 Si
2843 1160 2945 1230 qua
2972 1160 3026 1218 in
3055 1166 3256 1220 Christo
3281 1183 3409 1221 nova
3450 1182 3693 1225 creatura

2096 1231 2165 1308 (ll
2187 1230 2307 1308 Cor.
2337 1250 2393 1299 v,
2430 1234 2541 1308 17).
2577 1233 2646 1308 Et
2671 1236 2854 1308 iterum
2880 1251 2899 1289 :
2928 1236 3025 1308 Sin
3052 1247 3222 1290 autem
3244 1237 3344 1308 filii
3363 1249 3410 1293 et
3432 1241 3688 1308 heredes,

2100 1304 2335 1381 hatrede_s_
2351 1305 2557 1381 quidem
2578 1304 2683 1381 Dei
2707 1349 2721 1370 ,
2745 1306 3040 1381 colonel-edes
3062 1304 3251 1381 autem
3271 1307 3465 1364 Christi
3500 1304 3682 1381 (Rom.

2095 1388 2218 1447 vttt,
2253 1372 2367 1447 i7).
2399 1374 2548 1430 Unde
2568 1372 2836 1431 Cornelius
2861 1375 2997 1445 (Act.
3022 1377 3102 1445 ι),
3137 1378 3224 1447 qui
3249 1372 3544 1435 testimonio
3570 1382 3688 1442 Dei.

2087 1445 2569 1518 jttstitiawnitebat,
2614 1447 2801 1515 quique
2854 1447 3104 1518 baptisma
3140 1445 3411 1517 Spiritus,
3456 1453 3596 1506 sicut
3642 1465 3692 1507 et

2094 1517 2352 1592 Apostoli,
2384 1526 2702 1592 perceperat,
2733 1528 2779 1570 et
2805 1517 2968 1571 sancti
2994 1518 3224 1586 Spiritus
3251 1525 3511 1592 particeps
3546 1536 3689 1591 erat,

2094 1602 2194 1654 quo
2226 1586 2280 1639 in
2318 1586 2755 1653 seinhabitante,
2798 1600 3064 1658 peccatum
3114 1586 3313 1653 penitus
3357 1586 3546 1648 habere
3586 1586 3688 1648 non

2096 1664 2321 1725 poterat,
2366 1661 2653 1733 necessario
2678 1666 2846 1733 tamen
2868 1660 3037 1733 etiam
3059 1660 3156 1713 illo
3186 1660 3489 1732 baptismate
3506 1705 3525 1728 ,
3549 1666 3690 1733 quod

2096 1743 2188 1799 per
2215 1743 2401 1799 aquam
2429 1730 2673 1793 traditur,
2706 1728 2895 1799 dignus
2921 1730 3126 1784 habitus
3153 1728 3261 1799 est,
3294 1742 3371 1797 ut,
3403 1728 3692 1789 secundum

2096 1745 2188 1796 per
2215 1745 2401 1796 aquam
2429 1745 2673 1793 traauur,
2706 1745 2758 1781 at
2800 1745 2895 1782 nus
2921 1745 3126 1784 uacuus
3153 1745 3261 1799 est,
3294 1745 3371 1797 ut,
3403 1745 3692 1789 secundum

2096 1796 2303 1873 beutum
2328 1797 2579 1873 Beatum,
2602 1745 2984 1873 compztnIatus
3014 1811 3222 1873 propter
3263 1814 3476 1857 mortem
3504 1807 3693 1859 simili-

2095 1868 2288 1941 tudinis
2329 1868 2522 1941 Christi
2551 1911 2568 1935 ,
2625 1872 2781 1941 etiam
2820 1871 2981 1941 ipsius
3028 1868 3414 1928 resurrectionis
3461 1877 3692 1933 conteres

2093 1940 2327 1993 existeret
2358 1940 2536 2011 (Rom.
2570 1956 2640 2007 vt,
2673 1940 2752 2006 5).

2168 2010 2229 2064 Et
2262 2022 2448 2083 postea
2498 2012 2649 2083 (Cap.
2684 2027 2778 2077 νη,
2804 2028 2946 2068 num.
2974 2012 3067 2083 l8)
3098 2032 3112 2068 :
3151 2013 3250 2067 llis
3275 2015 3362 2081 qui
3392 2016 3611 2070 credunt
3638 2022 3692 2071 in

2092 2080 2262 2156 ipsum
2288 2080 2610 2156 spiritualem
2627 2083 2979 2156 adoptionem
3008 2080 3231 2156 largitur
3256 2080 3304 2138 et
3333 2087 3495 2149 dona,
3538 2095 3587 2140 et
3614 2089 3691 2155 ef-

2093 2151 2201 2217 ﬁcit
2240 2154 2385 2225 regni
2422 2154 2506 2225 sui
2541 2153 2753 2207 cmlestis
2792 2153 3052 2218 lueredes,
3088 2151 3223 2209 sicut
3263 2158 3374 2225 ipse
3432 2151 3690 2211 Dominus

2093 2230 2262 2293 noster
2285 2221 2439 2277 Jesus
2469 2223 2702 2278 Christus
2728 2226 2915 2277 docens
2948 2226 3074 2279 dicit
3106 2242 3124 2279 :
3160 2221 3321 2280 Amen
3340 2267 3356 2293 ,
3384 2244 3536 2281 amen
3572 2230 3687 2282 dico

2092 2292 2213 2357 tibi,
2240 2295 2284 2348 si
2319 2295 2434 2367 quis
2461 2310 2561 2367 non
2591 2294 2757 2347 denuo
2775 2304 2945 2367 gnatus
2974 2297 3159 2365 fuerit,
3195 2314 3298 2350 non
3329 2292 3492 2367 potest
3520 2301 3692 2353 ridere

2091 2378 2306 2444 regnum
2328 2363 2424 2418 Dei
2452 2364 2633 2434 (Joan.
2665 2380 2743 2444 ttt,
2772 2366 2849 2435 '5).
2875 2363 3025 2444 Unde
3053 2368 3280 2444 infantes
3313 2363 3473 2444 quiin
3506 2386 3687 2437 pecca-

2093 2436 2157 2508 tis
2187 2444 2464 2508 transuat,
2505 2443 2765 2490 merentur
2788 2446 2954 2508 tamen
2983 2436 3306 2502 baptismatis
3335 2436 3563 2508 gratiam
3583 2484 3598 2505 ,
3636 2450 3691 2493 ut

2092 2502 2394 2579 in_Christo
2432 2521 2565 2579 nova
2592 2506 3108 2579 generationeereati
3130 2549 3145 2573 ,
3190 2502 3354 2562 etiam
3385 2511 3531 2578 regni
3578 2502 3690 2579 ejus

2091 2572 2383 2645 cohteredes
2421 2572 2721 2645 efficiantur,
2746 2578 3028 2631 secundum
3057 2580 3260 2633 beatum
3307 2572 3535 2634 Paulum
3573 2572 3685 2636 {Si

2092 2660 2195 2718 quq
2222 2645 2273 2718 iu
2298 2644 2500 2702 Chrile
2523 2663 2651 2701 nova
2679 2657 2916 2701 creatura
2946 2647 3013 2716 (ll
3043 2648 3165 2703 Cor.
3199 2666 3251 2714 ν,
3284 2650 3395 2718 17).

2166 2715 2445 2785 Pelagius,
2489 2733 2612 2773 cum
2649 2718 2847 2772 litteris
2890 2730 3213 2788 quereretur
3240 2715 3382 2788 apud
3437 2730 3686 2777 sanctum

2093 2784 2463 2861 innocentium
2497 2804 2558 2844 se
2589 2784 3033 2861 infamari",qnod
3077 2784 3301 2861 negaret
3326 2793 3566 2857 parvulis
3600 2794 3692 2847 ha-

2096 2858 2275 2931 ptismi
2307 2868 2734 2931 sacramentum,
2760 2869 2816 2913 et
2842 2860 3044 2929 absque
3088 2858 3459 2931 redemptione
3486 2862 3690 2918 Christi

2094 2927 2361 3000 aliquibus
2407 2944 2574 3000 regna
2625 2930 2888 2985 ctelorum
2932 2927 3291 2998 promitteret
3328 2949 3343 2987 :
3388 2931 3693 2999 Numquam

2095 3014 2211 3073 ego,
2247 2999 2440 3073 inquit,
2469 2999 2548 3055 vel
2584 3002 2799 3073 impium
2826 3000 3049 3073 aliquem
3078 3002 3375 3057 hereticum
3399 3005 3579 3057 audivi
3605 3009 3693 3073 qui

2100 3070 2199 3121 hoc
2234 3070 2371 3143 quod
2402 3072 2647 3143 proposui
2686 3071 2751 3124 de
2778 3072 3002 3142 parvulis
3030 3075 3259 3139 diceret;
3283 3074 3396 3143 quis
3441 3075 3581 3127 enim
3619 3070 3697 3129 ita

406 3140 524 3214 sive
578 3143 669 3212 qui
724 3141 1017 3214 majoribus
1059 3140 1336 3214 confertur
1383 3141 1722 3209 baptismus;
1768 3155 1995 3214 cumque
2023 3140 2069 3204 C
2103 3140 2410 3214 evangelicae
2449 3140 2680 3196 lectionis
2705 3140 2915 3214 ignarus
2946 3150 3051 3210 est,
3085 3147 3173 3213 qui
3199 3140 3583 3214 hoc'aﬁirmare
3607 3163 3695 3199 co-

410 3210 605 3266 iisdem'
640 3210 965 3268 sacramenti
999 3211 1174 3266 verbis
1205 3213 1256 3266 in
1288 3221 1515 3280 utraque
1558 3218 1718 3265 actate
1747 3212 1993 3266 celebre-

408 3293 526 3347 tur,
578 3285 824 3338 eamdem
877 3285 1077 3352 pariter
1105 3284 1209 3335 vim
1241 3283 1402 3336 habet
1451 3282 1505 3336 in
1528 3280 1811 3349 utriusque
1844 3281 1991 3335 modi

408 3353 747 3419 hominibus;
772 3363 932 3422 atque
956 3353 1049 3413 ita,
1080 3369 1185 3406 nntt
1208 3353 1384 3407 minus
1410 3352 1462 3405 in
1487 3352 1724 3420 parvulis
1749 3366 1909 3422 quam
1940 3356 1990 3406 tn

408 3425 705 3491 majoribus
752 3421 984 3477 animam
1016 3422 1185 3475 abluit
1223 3437 1253 3476 a
1292 3422 1495 3476 macula
1550 3422 1798 3490 peccati,
1832 3421 1993 3492 idque

406 3506 665 3563 aperatur
689 3495 831 3564 quod
859 3492 1152 3548 ahlutiOnis
1175 3493 1476 3564 symbolum
1511 3492 1771 3564 loquitur.

480 3562 774 3635 Pelagiani,
805 3580 927 3619 cum
961 3576 1179 3634 propter
1206 3562 1336 3617 hinc
1356 3572 1668 3635 argumenta
1689 3605 1705 3628 ,
1726 3562 1838 3635 jam
1860 3562 1993 3619 inde

412 3650 436 3690 δ
472 3633 660 3705 primis
692 3633 972 3690 motarum
995 3635 1352 3703 quaestionum
1399 3633 1992 3705 temporibus,7intole-

407 3704 575 3760 randa
612 3706 843 3775 quidam
874 3705 1074 3760 invidia
1102 3704 1422 3774 ﬂagrarent,
1463 3705 1701 3775 ipsorum
1744 3704 1850 3759 vim
1884 3705 1995 3758 suis

406 3777 637 3844 artibus,
662 3776 712 3831 id
731 3788 834 3841 esst,
859 3776 1314 3838 cavillationibus.
1338 3775 1659 3839 mendaciis,
1682 3782 1735 3829 et
1753 3775 1994 3844 generali

409 3863 599 3902 vocum
652 3847 1000 3916 ambiguitate
1048 3846 1321 3900 declinare
1371 3847 1549 3899 conati
1601 3856 1755 3910 sunt,
1799 3847 1993 3913 partim

406 3916 771 3988 retorquendo
823 3932 920 3971 sua
952 3918 1004 3972 in
1043 3917 1346 3971 catholicos
1384 3918 1491 3971 tela
1515 3956 1529 3978 .
1564 3916 1756 3983 partim
1801 3916 1997 3971 distin-

406 3990 646 4043 ctionum
691 3988 989 4044 subtilitate
1035 3988 1376 4056 infringenda
1404 4002 1524 4057 quae
1549 3990 1853 4057 retorqueri
1886 4003 1993 4043 non

447 4070 649 4115 essent.

406 4074 687 4186 poi’riiiiis
728 4130 888 4202 igitur
923 4130 1132 4202 erroris
1167 4141 1368 4197 parens
1398 4125 1759 4202 Theodorus,
1804 4135 1863 4202 ut
1908 4142 1995 4183 re-

406 4202 699 4270 sponderet
745 4197 1112 4273 quaerentibus
1138 4215 1298 4273 quare
1338 4199 1486 4270 pueri
1512 4197 1849 4273 sanctissimis
1884 4215 1996 4269 mg-

406 4267 574 4351 sleriis
600 4267 1002 4351 communicant,
1034 4288 1129 4351 cur
1152 4267 1479 4351 bttptismate.
1495 4267 1640 4351 digni
1661 4267 1992 4351 judicantu'r,

407 4343 509 4395 nisi
537 4345 661 4413 quia
688 4351 733 4396 et
769 4345 870 4411 ipsi
903 4344 1120 4411 peccatis
1150 4339 1435 4413 abundant,
1462 4339 1629 4413 insito,
1656 4339 1709 4392 in
1756 4350 1995 4413 naturam

407 4410 575 4479 ipsam
600 4422 828 4483 peccato,
870 4410 923 4483 in
962 4421 1285 4479 peccatorum
1314 4412 1449 4465 enim
1493 4411 1601 4464 hth
1644 4410 1994 4483 remissionem

408 4480 775 4551 conferuntur,
823 4501 842 4534 ‹
886 4482 1016 4535 duas
1052 4499 1158 4537 esse
1193 4492 1516 4551 peccatorum
1555 4480 1873 4551 remissiones
1910 4498 1993 4535 as-

407 4549 567 4608 seruit
604 4570 623 4608 :
674 4555 890 4607 alteram
929 4553 1134 4620 quidem
1171 4549 1233 4605 de
1274 4552 1589 4614 commissis;
1626 4549 1841 4605 alterunt
1876 4567 1991 4607 vero

408 4625 799 4696 impeccantiam
828 4625 1024 4692 ipsam,
1071 4638 1160 4696 seu
1200 4636 1303 4696 non
1332 4621 1557 4691 amplius
1604 4637 1852 4696 peccare,
1904 4638 1990 4676 ve-

409 4691 645 4766 rnamque
685 4691 965 4766 perfectam
985 4700 1081 4766 ,uet
1107 4691 1391 4746 absolutum
1423 4694 1615 4766 peccati
1644 4693 1925 4766 interitum.
1968 4712 1986 4745 ι

409 4765 540 4820 Haec
561 4760 732 4838 ἐιερἱ
771 4760 825 4838 se
852 4764 1184 4838 manifestare
1209 4778 1277 4838 ea;
1316 4778 1426 4838 quo
1455 4760 1729 4838 Christush
1739 4763 1993 4838 Dominus

408 4854 613 4894 carnem
639 4833 825 4910 induit,
853 4844 901 4890 ct
931 4835 1074 4889 nobis
1103 4833 1305 4910 dadis
1330 4833 1623 4910 ἀρῥρςϐῶνος
1656 4835 1832 4910 suist;
1877 4851 1994 4903 per-

408 4909 536 4974 fecte
559 4925 674 4964 vero
713 4908 887 4970 datur,
919 4915 965 4960 et
997 4922 1089 4976 pro
1123 4905 1270 4958 bonis
1300 4904 1571 4976 operibus,
1613 4916 1659 4958 et
1697 4907 1749 4957 in
1796 4905 1992 4957 instau-

407 4979 604 5033 ratione
628 4987 742 5049 post
772 4974 1220 5049 resurrectionem,
1250 4990 1348 5042 qua
1378 4983 1432 5049 ut
1464 4974 1740 5049 poliamur,
1781 4983 1829 5028 et
1862 4990 1953 5029 nos
1974 5018 1989 5043 ,

409 5058 455 5100 et
483 5044 705 5119 infantes
734 5044 1269 5119 bapr'izanturiU’hot.
1303 5045 1417 5098 cod.
1454 5045 1601 5113 177).

486 5118 705 5181 Ruﬁnus
734 5115 1005 5173 Theodori
1044 5116 1340 5185 discipulus
1376 5125 1500 5171 ante
1544 5130 1672 5168 ann.
1721 5115 1849 5171 100.
1895 5116 1993 5171 Sin

408 5202 565 5257 vero”
586 5189 758 5256 tnqu‘it
785 5187 877 5257 (In
904 5186 1043 5241 libel.
1087 5183 1242 5240 Fidei
1266 5201 1312 5239 c.
1340 5186 1546 5257 Gnum.
1575 5184 1691 5255 40),
1724 5192 1859 5255 quod
1892 5186 1994 5253 ipsi

408 5249 1072 5330 asscrhntladversatttes
1118 5256 1425 5330 catholici),
1479 5249 1687 5330 propter
1728 5249 1991 5326 peccatum

408 5331 576 5382 Adam
622 5328 911 5381 moriuntur
956 5328 1213 5396 infantes,
1270 5328 1441 5380 dicunt
1495 5328 1637 5380 nobis
1684 5344 1775 5380 cur
1821 5331 1993 5380 statim

408 5400 653 5465 baptizati
691 5408 906 5454 mortem
933 5409 1137 5468 gustare
1181 5399 1546 5465 permittuntur
1588 5413 1606 5451 :
1643 5402 1832 5468 quippe
1875 5414 1993 5451 cum

408 5484 603 5533 omnes,
625 5470 710 5538 qui
733 5466 976 5536 baptizati
998 5479 1138 5532 sunt,
1163 5480 1209 5521 et
1257 5481 1463 5540 propler
1484 5469 1582 5522 hoc
1604 5470 1700 5535 ﬁlii
1724 5466 1820 5522 Dei
1846 5471 1992 5540 facti,

407 5551 667 5605 peccatum
712 5541 891 5595 habere
939 5556 1041 5594 non
1094 5540 1306 5607 possint.
1352 5538 1438 5593 'Et
1487 5540 1740 5609 siquidem
1789 5538 1995 5609 propter

405 5619 671 5682 peccatum
692 5609 858 5682 Adam
878 5611 1203 5682 baptizantur
1223 5610 1468 5679 infantes,
1497 5611 1587 5680 qui
1613 5626 1676 5665 ex
1695 5611 1995 5682 parentibus

407 5680 709 5736 Christianis
743 5681 849 5735 nati
895 5689 1014 5735 sunt
1058 5681 1310 5748 baptizari
1364 5682 1568 5735 minime
1616 5680 1898 5746 debebunt,
1944 5690 1994 5734 et

411 5754 556 5824 quasi
588 5754 752 5810 sancti
798 5754 1016 5825 proinde
1057 5750 1399 5821 habebuntur,
1427 5752 1548 5824 quia
1584 5751 1648 5806 de
1701 5753 1993 5822 parentibus

2098 3213 2285 3265 uetur?
2331 3213 2486 3266 immo
2517 3214 2605 3281 qui
2632 3213 2712 3266 vel
2751 3214 2926 3267 leviter
2946 3214 3115 3268 dicere
3136 3255 3150 3278 ,
3181 3224 3271 3268 aut
3316 3215 3505 3269 sentire
3536 3219 3694 3269 etiam

2094 3282 2296 3356 possit?
2326 3281 2523 3356 Deinde
2550 3286 2665 3353 quis
2691 3291 2796 3335 tam
2817 3284 3030 3353 impius,
3067 3286 3157 3355 qui
3185 3286 3431 3356 parvulos
3463 3298 3697 3340 exsortes

2096 3354 2242 3424 regni
2291 3354 2531 3407 caelorum
2571 3370 2679 3408 esse
2718 3356 2867 3418 velit,
2910 3364 2960 3407 et
2990 3371 3093 3408 non
3145 3354 3229 3409 eos
3253 3356 3513 3424 baptisari
3562 3368 3609 3410 et
3648 3360 3697 3411 in

2098 3420 2305 3494 Christo
2336 3425 2534 3478 renasci
2555 3436 2721 3494 putet,
2755 3440 2871 3478 cum
2900 3436 3075 3493 aperte
3101 3426 3239 3479 dicat
3268 3420 3507 3481 Christus
3531 3443 3548 3479 :
3578 3427 3695 3482 Nisi

2095 3493 2211 3559 quis
2261 3503 2469 3567 renatus
2508 3493 2664 3563 fuerit
2716 3511 2780 3548 ea:
2807 3511 2955 3567 aqua
2987 3505 3035 3567 et
3094 3497 3295 3567 Spiritu
3323 3510 3541 3562 sancto,
3597 3516 3696 3551 non

2096 3573 2259 3637 potest
2286 3566 2500 3637 introire
2540 3567 2593 3619 in
2618 3582 2831 3637 regnum
2854 3563 2960 3637 Dei
2985 3563 3167 3635 (Joan.
3195 3583 3275 3631 ttt,
3313 3568 3410 3636 3')?
3453 3569 3584 3633 Quis
3610 3571 3696 3622 ille

2097 3641 2201 3685 tam
2230 3635 2417 3706 impius
2436 3647 2539 3699 est,
2569 3637 2657 3707 qui
2677 3635 2946 3707 cujuslibet
2977 3639 3146 3690 (etatis
3168 3640 3381 3707 paruulo
3414 3639 3695 3692 inter-dicat

2096 3719 2415 3759 communem
2442 3705 2652 3760 humani
2681 3705 2879 3777 generis
2909 3705 3308 3775 redemptionem
3339 3718 3386 3763 et
3431 3710 3488 3761 in
3516 3726 3694 3776 perpe-

2097 3783 2235 3851 tuam
2265 3785 2559 3851 certamque
2596 3779 2750 3833 vitam
2779 3779 2980 3832 renasci
3008 3779 3139 3832 nolit
3168 3795 3286 3841 eum
3317 3781 3407 3851 qui
3438 3788 3599 3834 natus
3628 3783 3693 3834 sit

2096 3844 2167 3898 ad
2195 3844 2482 3902 incertam?

2171 3916 2234 3969 Et
2263 3919 2311 3971 in
2347 3917 2525 3973 libello
2553 3917 2702 3973 Fidei
2737 3916 2915 3990 (Part.
2946 3933 3027 3984 ιιι,
3059 3935 3205 3973 num.
3243 3919 3331 3988 17)
3377 3938 3390 3973 :
3420 3919 3693 3990 Baptisma

2101 4001 2263 4039 unum
2302 4000 2528 4044 tenemus
2548 4030 2561 4054 ,
2599 3991 2736 4057 quod
2784 3988 2968 4043 iisdem
2996 3992 3308 4044 sacramenti
3335 3988 3511 4044 verbis
3528 3994 3581 4045 in
3614 3993 3692 4045 in-

2093 4058 2329 4181 [abnrtibt‘t’s
2357 4059 2537 4129 quibus
2572 4065 2723 4113 etiam
2760 4059 2816 4114 in
2855 4060 3139 4129 majoribus
3166 4062 3444 4116 asserimus
3476 4079 3585 4117 esse
3615 4080 3693 4117 ce-

2121 4144 2148 4181 ε
2207 4144 2270 4181 an
2314 4145 2419 4181 um.

2121 4144 2397 4183 curandum
2406 4168 2419 4182 .

2170 4198 2505 4272 Quinetiam,
2545 4212 2669 4272 cum
2701 4200 3125 4272 interrogaretur
3161 4217 3188 4255 a
3230 4202 3336 4272 piis
3365 4202 3690 4269 quibusdam

2098 4269 2487 4341 catholicisque
2502 4271 2708 4335 amicis,
2739 4269 3177 4341 respondituib.
3206 4269 3272 4326 de
3302 4270 3454 4326 Crat.
3494 4272 3688 4328 Christ.

2097 4355 2145 4416 ς.
2173 4337 2264 4416 52)
2299 4358 2311 4392 :
2339 4337 2578 4416 Infantes
2604 4343 2658 4395 in
2690 4337 3051 4416 remissionem
3074 4352 3396 4416 peccatorum
3427 4346 3695 4416 percipere

2099 4409 2435 4483 baptismum.
2459 4413 2589 4478 Quae
2619 4428 2741 4467 eum
2774 4415 3046 4469 retulisset
3067 4409 3437 4477 Augustinus,
3465 4409 3695 4483 subjun-

2019 4512 2074 4573 n
2097 4480 2188 4573 sit.
2202 4480 2657 4573 adplicari!
2674 4486 2735 4573 ‘3',
2752 4484 2949 4573 iis“?
2967 4485 3303 4573 ferietur
3320 4480 3654 4573 ρεςφεοτίξηε
3676 4529 3690 4573 τ

2098 4552 2188 4606 sed
2214 4568 2301 4607 eos
2331 4553 2580 4625 baptizari
2607 4554 2659 4607 in
2687 4554 2855 4622 ipsam
2901 4557 3252 4609 remissionem
3279 4552 3546 4623 confessus
3578 4564 3694 4620 est;

2098 4631 2146 4676 et
2170 4632 2358 4696 tamen,
2390 4626 2435 4678 si
2473 4626 2535 4677 ab
2557 4639 2619 4678 eo
2642 4625 2943 4692 quiereretis
2969 4626 3095 4695 quid
3133 4626 3325 4696 peccati
3354 4626 3426 4677 eis
3452 4628 3693 4679 credatur

2099 4695 2321 4761 remitti,
2354 4711 2457 4748 non
2480 4711 2566 4748 eos
2589 4696 2788 4761 aliquid
2817 4697 3014 4763 peccati
3042 4695 3228 4749 habere
3264 4696 3621 4751 contenderet.

2169 4763 2456 4819 Caelestius
2482 4765 2540 4818 in
2569 4766 2754 4821 libello
2780 4765 2960 4830 Fidei,
2992 4782 3111 4820 cum
3148 4767 3373 4820 totidem
3404 4769 3589 4820 verbis
3626 4767 3693 4820 de

2102 4832 2373 4906 baptismo
2415 4836 2611 4906 quibus
2658 4836 2906 4906 Pelagius
2949 4837 3179 4891 dixisset
3218 4835 3422 4889 addidit
3480 4836 3551 4891 de
3592 4852 3691 4889 suo

2104 4904 2293 4973 (Num.
2326 4906 2413 4975 18)
2442 4924 2454 4958 :
2485 4904 2720 4977 Infantes
2740 4904 2911 4961 autem
2940 4907 3121 4961 debere
3157 4906 3409 4976 baptizari
3436 4908 3487 4959 in
3512 4909 3695 4961 remis-

2098 4977 2296 5046 sionem
2347 4987 2708 5046 peccatorum,
2764 4977 3045 5031 secundum
3095 4978 3329 5044 regulam
3388 4978 3695 5031 universalis

2101 5045 2353 5101 Ecclesia!
2373 5089 2386 5107 ,
2428 5057 2483 5120 ες
2498 5048 2776 5101 secundum
2812 5047 3080 5120 Evangelii
3105 5047 3446 5120 sententiam,
3482 5049 3696 5120 con/Stet

2100 5133 2236 5179 mur,
2284 5120 2407 5188 quia
2448 5117 2701 5171 Dominus
2743 5120 2923 5173 statuit
2953 5117 3164 5186 regnum
3194 5119 3442 5171 caelorum
3482 5118 3696 5171 nonnisi

2100 5188 2366 5258 baptizatis
2389 5205 2536 5259 posse
2559 5190 2784 5259 conferri
2819 5205 2837 5241 :
2864 5188 3001 5258 quod
3035 5190 3157 5257 quia
3196 5190 3328 5241 vires
3357 5197 3558 5242 natura:
3588 5205 3694 5259 non

2099 5259 2305 5319 habent,
2343 5257 2562 5329 conferri
2596 5257 2798 5313 necesse
2836 5257 2908 5312 est
2936 5274 3026 5329 per
3054 5260 3235 5328 gratia:
3271 5259 3589 5327 largitatem.
3626 5257 3695 5310 In

2098 5331 2445 5382 remissionem
2461 5338 2635 5384 autem
2657 5339 2985 5399 peccatorum
2997 5329 3333 5399 baptizandos
3348 5330 3574 5397 infantes
3590 5346 3694 5381 non

2100 5398 2290 5453 idcirco
2312 5401 2553 5464 dicimus,
2584 5409 2639 5452 ut
2664 5410 2925 5467 peccatum
2947 5415 3009 5453 ea:
3037 5398 3251 5453 traduce
3282 5399 3491 5469 ﬁrmare
3519 5401 3697 5452 videa-

2101 5486 2235 5533 mur,
2284 5472 2425 5539 quod
2456 5474 2605 5542 longe
2632 5487 2664 5523 a
2693 5469 2958 5542 catholico
2994 5486 3147 5542 sensu
3178 5469 3411 5542 alienum
3460 5479 3534 5522 est
3569 5469 3698 5540 quia

2100 5552 2365 5608 peccatum
2393 5558 2493 5594 non
2537 5539 2653 5593 cum
2680 5540 2884 5594 homine
2910 5540 3156 5601 nascitur,
3194 5539 3332 5609 quod
3362 5539 3699 5607 postmodum

2100 5623 2362 5664 exercetur
2389 5615 2451 5666 ab
2475 5612 2676 5665 homine
2696 5614 2815 5678 quia
2838 5627 2941 5664 non
2968 5620 3173 5664 natura:
3202 5611 3447 5663 delictum
3470 5620 3574 5668 est.
3605 5628 3641 5662 s.
3661 5614 3699 5661 ά

2101 5681 2376 5735 voluntatis
2417 5699 2523 5737 esse
2563 5684 2959 5736 demonstratur.
3007 5679 3069 5733 Et
3111 5680 3244 5735 illud
3286 5696 3409 5751 ergo
3444 5680 3700 5751 conﬁteri

2102 5765 2383 5825 congruum
2405 5762 2501 5822 est,
2525 5769 2589 5808 ne
2629 5754 2829 5809 diversa
2865 5752 3186 5821 baptismatis
3212 5750 3394 5822 genera
3427 5750 3596 5820 facere
3624 5752 3700 5806 si-
