3962 6180
256 368 356 423 657

768 360 1089 419 DISSERT.
1123 361 1235 417 VH.
1269 362 1356 419 DE
1386 362 1572 420 ORTU
1608 362 1695 418 ET
1727 360 2194 423 INCREMENTIS
2226 364 2549 424 IIA'ZRESIS
2580 365 3021 424 PELAGLiN/E.

3421 377 3485 429 6::
3494 376 3535 428 8-

254 487 498 549 deamur;
543 492 588 557 et
616 483 711 536 hoc
751 480 1060 557 prtemunire
1085 481 1451 557 necessarium,
1490 498 1559 557 ne
1593 498 1683 550 per
1724 498 1841 551 mg-
1867 483 1917 542 Α
2028 484 2355 557 contrariam
2381 494 2619 557 partem:
2655 500 2754 540 uec
2781 495 3075 555 co_tantum
3108 488 3267 542 modo
3289 504 3397 557 quo
3423 492 3529 544 Rue-

250 558 391 611 sterii
413 555 753 625 occasionem,
776 556 844 604 ad
869 551 1124 625 Creatoris
1152 552 1835 625 injuriam,_malum,unte-

252 644 401 693 quam
426 625 519 694 fiat
544 624 605 677 ab
626 624 846 685 homine,
872 623 1009 694 tradi
1030 622 1231 694 dicatur
1251 622 1445 675 homini
1467 640 1556 692 per
1567 634 1836 694 naturam.

320 690 565 752 Julianus
596 696 651 747 in
682 695 870 749 libello
905 692 1053 746 Fidei
1082 690 1267 761 (Parte
1292 707 1332 755 t,
1358 690 1503 745 num.
1532 691 1621 760 15)
1655 710 1668 746 :
1700 691 1838 761 Bap-

249 770 424 831 tisma,
448 766 726 818 secundum
744 782 884 818 eaem
891 762 1033 831 plum
1056 763 1302 817 Ecclesia
1317 772 1363 815 et
1382 772 1695 831 prteceptum
1720 762 1836 827 Dei,

247 855 409 890 unum
440 841 680 907 fatemur,
711 836 851 903 quod
879 834 1110 907 omnibus
1136 833 1292 887 simul
1325 834 1563 887 cctatibus
1597 849 1835 887 necessa-

250 911 387 961 rium
410 906 675 970 veraciter,
710 915 759 959 et
785 906 1037 959 tradinms
1066 916 1111 958 et
1140 914 1398 969 tenemus;
1427 912 1474 956 et
1497 907 1690 957 veniam
1719 921 1837 973 prc-

244 989 481 1033 catorum
511 978 576 1030 ad
618 975 1114 1059 regnum‘catlprum
1150 975 1371 1059 dicimus
1418 975 1644 1027 invenire
1678 975 1839 1028 nenti-

244 1067 355 1103 nem
382 1064 560 1118 posse,
592 1045 693 1100 nisi
720 1050 806 1115 qui
832 1047 1141 1118 baptismum
1170 1045 1669 1118 fuerit‘consecutus.

317 1115 591 1188 Iri—priore
631 1117 808 1184 Opere
832 1116 1094 1172 adversus
1127 1115 1517 1188 Augustinum,
1553 1127 1835 1184 postquam

242 1186 567 1260 gravissime
608 1186 1264 1260 questusrcstbaptiSuIi
1319 1187 1676 1260 q_u:e_s_tionem
1724 1199 1836 1240 sate

246 1254 390 1325 parti
424 1260 566 1328 apud
607 1254 822 1328 ignaros
853 1254 1171 1328 invidiosam
1204 1254 1507 1328 mendaciis
1541 1256 1838 1328 adversan-

246 1335 379 1385 tium
411 1327 602 1383 laetam
633 1329 818 1385 fuisse.
849 1327 1106 1392 Gratiam,
1136 1327 1329 1393 inquit,
1352 1327 1675 1393 baptismatis
1703 1327 1838 1379 dici-

241 1419 380 1470 mus,
416 1417 519 1454 non
552 1417 645 1465 pro
681 1401 852 1453 causis
881 1416 990 1454 esse
1016 1399 1346 1470 mutandam,
1369 1398 1505 1463 quod
1536 1398 1652 1470 ipsa
1698 1396 1837 1451 dona

241 1489 335 1525 sua
367 1469 461 1539 pro
506 1471 855 1524 accedentium
892 1472 1182 1537 capacitate
1206 1509 1221 1529 ,
1268 1469 1529 1535 dispensat
1559 1485 1578 1522 :
1625 1469 1839 1535 ideoque

244 1544 502 1605 Christus,
533 1541 622 1610 qui
643 1550 715 1594 est
738 1541 903 1613 operis
923 1542 1015 1613 sui
1033 1541 1520 1613 redemptor,_auget
1541 1539 1677 1592 circa
1704 1539 1836 1613 ima-

241 1619 416 1684 ginem
442 1610 859 1684 suamcontinua
887 1612 1124 1684 largitate
1152 1610 1431 1684 beneﬁcia;
1460 1618 1508 1684 et
1541 1625 1670 1678 quos
1695 1611 1836 1684 fece-

242 1680 321 1737 rat
339 1683 665 1761 “condendo
688 1683 846 1737 bonos
873 1725 905 1761 ,_
930 1680 1057 1761 facit
1082 1680 1396 1761 _innovando
1443 1680 1839 1761 adoptandoqtte

246 1754 508 1807 meliores.
541 1753 621 1807 Ad
653 1753 767 1808 hmo
796 1749 982 1813 verba,
1012 1752 1130 1806 vide
1168 1750 1295 1821 quid
1331 1749 1661 1819 Augustinus
1693 1749 1831 1821 (Lib.

244 1840 297 1878 ut
330 1835 517 1877 contra
543 1822 656 1876 Jul.
690 1841 738 1895 c.
786 1822 867 1894 ὃ),
907 1832 1070 1895 atque
1110 1823 1273 1879 etiam
1307 1822 1571 1877 Mercator
1595 1822 1649 1877 in
1696 1822 1834 1878 Sub-

246 1896 621 1949 notationibus
658 1894 867 1952 all‘erat.

312 1966 375 2019 in
440 1966 738 2032 posteriore
781 1965 956 2034 Opere
988 1965 1131 2019 hunc
1176 1964 1350 2027 ipsum
1399 1962 1599 2033 prioris
1643 1962 1839 2031 Operis

245 2036 425 2089 lacum
451 2044 769 2106 retractans,
795 2033 871 2092 ait
892 2036 1029 2106 (Lib.
1057 2054 1098 2100 t,
1120 2051 1168 2089 c.
1191 2034 1303 2096 55):
1328 2033 1455 2089 Cum
1476 2034 1723 2106 dixissem
1743 2051 1839 2088 au-

241 2116 438 2161 storem
469 2105 631 2183 Deum
656 2109 769 2183 ι·φεί
796 2118 841 2183 et
871 2104 1378 2175 terrtz,omniumque
1396 2120 1510 2174 quae
1530 2106 1581 2158 in
1604 2104 1674 2159 eis
1693 2115 1837 2183 sunt,

241 2195 299 2230 ac
330 2193 430 2244 per
479 2179 572 2230 hoc
601 2189 647 2230 et
692 2177 991 2241 hominum,
1038 2187 1246 2246 prapter
1295 2191 1421 2243 quos
1474 2183 1658 2229 cuncta
1701 2176 1839 2241 facta

240 2260 402 2311 sunt;
448 2265 549 2301 non
580 2258 751 2301 autem
780 2266 858 2302 me
901 2250 1052 2318 fugit.
1079 2248 1274 2314 inquio.
1301 2262 1419 2300 cum
1460 2246 1567 2299 haec
1595 2246 1836 2318 dicimus,

241 2319 379 2371 illud
408 2320 471 2371 de
497 2320 638 2373 nobis
659 2315 1099 2374 disseminatidum
1119 2334 1245 2377 esse.
1264 2318 1384 2385 quia
1410 2318 1629 2389 gratiam
1648 2315 1839 2389 Christi

248 2389 466 2442 Domini
494 2393 832 2443 necessariam
855 2390 1084 2456 parvulis
1116 2406 1217 2442 non
1250 2386 1505 2453 putemus,
1531 2387 1666 2457 quod
1691 2386 1839 2442 Chri-

240 2463 443 2513 stianos
480 2462 697 2531 populos
726 2461 1055 2515 laudabiliter
1091 2470 1137 2512 et
1183 2459 1499 2531 vehementer
1528 2457 1760 2526 offendit,
1794 2461 1839 2514 si

241 2541 418 2583 L‘ttttelt
450 2529 575 2583 dicti
601 2548 690 2598 per
720 2549 773 2586 se
822 2533 1008 2599 nefarii
1039 2547 1142 2583 non
1184 2546 1276 2582 nos
1317 2529 1691 2583 arbitrarentur
1745 2547 1841 2584 ttu-

239 2612 436 2654 ctores.
468 2599 545 2654 Eo
572 2604 707 2655 enim
735 2598 894 2656 modo
914 2618 1004 2656 nec
1044 2600 1107 2654 de
1145 2599 1389 2671 fratribus
1419 2602 1526 2654 suis
1556 2598 1692 2669 falsa
1730 2617 1841 2656 cre-

240 2672 420 2724 dendo
445 2673 633 2725 crimen
655 2674 998 2735 incurrerent,
1021 2681 1067 2725 et
1094 2672 1352 2726 studiosos
1378 2687 1430 2723 se
1453 2672 1589 2724 circa
1611 2687 1837 2726 amorem

239 2744 371 2810 ﬁdei
396 2746 805 2810 comprobarent.
834 2743 890 2798 Μ
897 2742 1123 2797 unienda
1148 2743 1305 2813 igitur
1329 2741 1470 2813 nobis
1493 2743 1590 2794 ista
1613 2759 1735 2811 pars
1764 2754 1839 2813 est

240 2823 429 2866 contra
457 2814 699 2883 impetum
725 2816 985 2875 vanitatis,
1010 2825 1059 2867 ct
1088 2812 1409 2882 confessione
1452 2812 1587 2865 brevi
1619 2829 1675 2866 os
1697 2812 1840 2868 oblo-

238 2885 516 2956 quentium
540 2886 911 2956 contuendum.
945 2884 1058 2956 Nos
1097 2886 1264 2956 igitur
1283 2883 1338 2935 in
1371 2890 1572 2956 tantum
1616 2886 1838 2953 gratiam

238 2954 575 3024 baptismatis
628 2956 862 3010 omnibus
902 2955 1077 3010 utilem
1106 2953 1341 3009 uitalibus
1379 2953 1684 3023 conﬁtemur
1708 2996 1723 3019 ,
1783 2966 1840 3011 ut

238 3036 485 3086 cunctos,
510 3026 598 3091 qui
626 3025 770 3080 illam
792 3044 892 3081 non
916 3026 1277 3089 necessariam,
1304 3024 1458 3079 etiam
1482 3025 1711 3091 parrulis
1739 3042 1838 3091 pu-

238 3105 390 3159 tant,
421 3105 613 3148 teterno
644 3097 888 3164 feriamus
915 3096 1260 3150 anathemate.
1287 3096 1400 3166 (Sed
1442 3097 1574 3148 hanc
1618 3098 1840 3166 gratiam

239 3167 553 3232 locupletent
604 3168 954 3236 spiritualibus
1001 3168 1149 3221 donis
1177 3165 1465 3231 credimus,
1519 3165 1635 3235 quae
1663 3167 1839 3221 multis

1866 1860 1913 1919 Β

1946 554 2107 616 linus,
2141 554 2235 607 sed
2266 554 2368 627 isto
2398 556 2560 609 etiam
2592 573 2698 625 quo
2724 556 3035 612 leestius.
3064 557 3123 613 Si
3155 554 3387 627 peccator
3417 580 3528 626 pecs

1940 633 2178 700 calorem
2205 626 2401 694 genuit,
2433 638 2486 700 ut
2515 627 2735 697 parvulo
2766 632 2876 700 ejus
2904 626 3163 699 peccatum
3197 632 3446 699 originale
3477 635 3539 686 in-

1942 691 2545 773 baptismi-susceptione
2570 691 2839 773 solvatur;
2861 691 3038 767 justus
3085 691 3422 773 ergorjuvstum
3455 705 3529 773 gi-

1939 779 2093 834 gnere
2115 764 2307 818 debuit.
2342 766 2439 819 Et:
2474 766 2535 821 Si
2562 770 2841 838 baptismus
2861 764 3074 824 mundat
3103 764 3374 837 antiquum
3394 764 3527 827 illud

1938 843 2355 909 veternosumque
2371 849 2652 909 peccatum,
2686 841 2775 909 qui
2804 841 2866 892 de
2892 840 3087 893 duobus
3118 841 3403 907 baptizatis‘
3423 845 3529 897 na'i

1940 907 2131 981 fuerint
2178 905 2357 959 debent
2372 905 2479 959 hoc
2497 905 2959 981 carere'peccato;
2991 928 3093 964 non
3130 905 3265 964 enim
3292 923 3528 981 poterunt

1940 976 2007 1050 ad
2034 985 2261 1050 posteros
2294 979 2637 1050 transmittere
2663 976 2800 1050 quod
2846 982 2943 1050 ipsi
2985 982 3190 1033 minime
3233 976 3525 1038 habuerint.

1941 1044 2121 1116 Variis
2172 1046 2335 1116 igitur
2366 1044 2767 1104 elocutionibus
2807 1044 2967 1104 unam
3001 1052 3256 1105 dixerunt
3305 1064 3527 1109 Senten-

1942 1115 2100 1169 tiam:
2134 1119 2228 1189 sed
2262 1117 2386 1171 inde
2414 1134 2658 1187 magnam
2716 1122 2819 1176 sibi
2863 1120 3170 1175 conﬂarunt
3222 1121 3483 1177 invidiam
3509 1167 3524 1189 ,

1938 1191 2089 1253 quasi
2123 1186 2268 1241 ﬁlios
2302 1188 2399 1256 ipsi
2430 1186 2667 1244 ﬁdelium
2696 1201 3009 1245 asserereut
3033 1207 3137 1245 non
3169 1208 3330 1258 egere
3358 1186 3538 1262 baptiL‘

1938 1271 2093 1321 suto;
2139 1273 2244 1327 qua
2275 1267 2455 1312 tamen
2490 1262 2725 1315 vicissim
2776 1263 2970 1315 imidia
3004 1262 3301 1318 catholicos
3333 1281 3527 1319 onera-

1938 1336 2086 1395 runt,
2120 1329 2346 1396 perinde
2377 1346 2438 1383 ac
2466 1331 2516 1385 si
2541 1348 2607 1386 ex
2639 1333 2887 1399 dogmate
2922 1333 3046 1388 lidei
3077 1346 3396 1399 sequeretur
3419 1352 3524 1390 non

1938 1411 2100 1474 egere
2118 1399 2389 1474 baptismo
2408 1400 2547 1455 ﬁlios
2571 1402 2831 1457 ﬁdelium.
2846 1405 3023 1470 Quare
3044 1405 3320 1474 reciproca
3336 1407 3526 1461 istlnrc

1937 1468 2224 1523 altercatio
2275 1472 2389 1524 visa
2447 1479 2533 1526 est
2580 1468 2881 1528 continere
2927 1476 3090 1529 totius
3141 1468 3526 1541 disttutatiouis

1938 1553 2226 1615 summam,
2258 1543 2352 1596 sed
2387 1541 2687 1615 Pelagianis
2737 1545 3063 1615 adverSam:
3113 1555 3275 1615 atque
3322 1547 3537 1601 idcirco-

1939 1606 2288 1681 Innocentius
2318 1606 2676 1668 constituisse
2705 1614 2923 1681 dicitur,
2956 1606 3214 1670 adversus
3250 1616 3523 1681 Pelagium

1938 1687 1995 1755 et
2019 1679 2340 1755 Cﬁmlestium
2370 1681 2461 1753 (In
2492 1684 2585 1737 lib.
2619 1679 2934 1754 Ponti/ia),
2970 1697 3023 1739 ut
3048 1688 3135 1755 qui
3176 1697 3327 1739 natus
3368 1679 3537 1755 ﬁteritt

1938 1749 2003 1825 de
2033 1747 2533 1825 Christianaidenue
2576 1757 2718 1809 nasci
2748 1747 2929 1810 debeat
2945 1771 3034 1825 per
3059 1747 3402 1825 baptismum.
3440 1759 3523 1813 ld-

1940 1821 2088 1896 circo
2138 1823 2301 1896 etiam
2334 1824 2584 1880 Julianus
2629 1821 2955 1882 essecratur
2997 1821 3257 1896 cumqui
3302 1830 3426 1882 dicit
3461 1833 3524 1881 de

1944 1890 2142 1945 duobus
2190 1894 2459 1965 baptizatis
2511 1908 2707 1959 natum,
2762 1898 2840 1951 vel
2892 1898 2955 1951 de
2999 1890 3213 1951 muliere
3265 1898 3534 1965 baptizata.

1944 1916 2142 1945 uuuuus
2190 1916 2459 1965 oupuzaus
2511 1916 2707 1959 uatum,
2762 1916 2837 1951 eet
2892 1916 2955 1951 ac
2999 1916 3213 1951 munere
3265 1916 3325 1950 ou
3370 1916 3521 1953 nsum

1941 1971 2238 2038 pronatum,
2270 1967 2589 2038 baptismatis
2618 1969 2782 2038 gratia
2805 1986 2905 2021 non
2936 1985 3081 2037 egere
3104 1966 3193 2037 (In
3222 1916 3393 2022 [ἰόεῇο
3426 1968 3521 2024 Fi-

1941 2033 2044 2110 dei,
2061 2045 2205 2110 parte
2228 2033 2469 2110 m).Qua
2494 2033 2714 2093 exsecra
2726 2040 2873 2093 tione
2892 2033 3125 2095 conatus
3145 2050 3227 2095 est
3251 2039 3521 2110 objectutu

1939 2104 2045 2177 sibi
2061 2104 2296 2177 crimen
2313 2108 2365 2161 in
2394 2116 2647 2163 auctores
2674 2124 2949 2177 regerere.

2011 2174 2417 2231 Observandum
2470 2180 2699 2247 pariter,
2739 2174 3066 2248 Pelagianos
3113 2179 3401 2235 catholicis
3439 2181 3524 2235 in-

1942 2247 2345 2319 terrogantibus
2374 2263 2474 2302 cur
2505 2247 2758 2312 infantes,
2799 2248 2845 2302 si
2868 2247 3087 2303 cari-ant
3120 2251 3370 2319 originali
3408 2268 3522 2305 ma-

1940 2316 2081 2381 cula,
2114 2328 2307 2387 egeant
2355 2319 2565 2390 lavacro
2614 2320 2864 2389 baptismi
2893 2360 2908 2384 ,
2943 2316 3242 2390 magnaque
3272 2324 3321 2375 vi
3348 2325 3517 2377 ratio-

1940 2401 2069 2458 num
2098 2389 2486 2456 pugnantibus,
2510 2392 2857 2458 respondisse
2876 2393 2968 2456 ita,
2997 2389 3056 2444 ut
3078 2389 3522 2449 distinctionibus

1938 2456 2238 2528 infringere
2265 2469 2537 2516 tentarent
2557 2456 2661 2514 vim
2695 2462 2961 2514 rationum
2988 2477 3003 2522 ;
3026 2461 3121 2517 sed
3147 2463 3520 2519 distinctiones

1941 2527 2126 2581 videri
2146 2529 2349 2603 vellent
2376 2546 2445 2585 ex
2480 2531 2699 2586 ltomilia
2722 2531 3099 2603 Chrysoston'ti
3120 2532 3186 2587 ad
3219 2534 3523 2603 neophytos

1938 2612 2180 2663 sumere,
2210 2600 2300 2673 ubi
2335 2616 2576 2670 pugnans
2608 2604 2699 2657 ille
2728 2600 2993 2657 adversus
3034 2603 3304 2673 Quosdam
3329 2600 3523 2660 ecule-

1939 2679 2075 2723 stem
2093 2671 2323 2739 gratiam
2346 2673 2594 2740 baptismi
2611 2672 2665 2726 in
2690 2674 2801 2727 sola
2829 2671 3176 2741 peccatorum
3197 2675 3521 2732 remissione

1940 2744 2362 2813 constituentes.
2385 2756 2500 2810 post
2522 2744 2759 2801 honores
2775 2744 2909 2796 alios
2925 2745 3110 2799 decem
3143 2754 3482 2813 computatos
3504 2765 3517 2800 :

1942 2808 2060 2884 [lac
2087 2812 2150 2884 de
2171 2828 2346 2877 causa,
2379 2808 2573 2882 inquit,
2604 2814 2885 2884 infantulos
2909 2815 3247 2881 baptizamus,
3269 2808 3385 2868 cum
3416 2833 3521 2871 non

1938 2880 2045 2957 sint
2072 2882 2385 2957 coinquinati
2411 2880 2670 2957 peccatis,
2690 2895 2742 2938 ut
2784 2886 2855 2940 eis
2898 2886 3122 2957 addatur
3144 2880 3409 2950 sanctitas,
3427 2889 3522 2957 ju-

1941 2953 2101 3029 stitia,
2151 2956 2385 3029 adoptio,
2427 2954 2746 3029 hafreditus,_
2758 2957 3052 3029 fraternitas
3079 2955 3293 3029 Christi,
3320 2967 3375 3009 ut
3405 2953 3518 3029 ejus

1944 3024 2172 3097 membra
2196 3026 2319 3088 sint,
2345 3033 2392 3078 et
2431 3026 2638 3095 spiritus
2670 3026 2975 3080 inhabitatio
3001 3027 3147 3095 ﬁunt.
3184 3027 3332 3081 Ilanc
3359 3024 3445 3097 poi
3461 3045 3522 3083 ro

1939 3091 2362 3164 Chrysostomus
2392 3091 2668 3151 ho'miliam
2690 3097 2828 3152 dixit
2850 3091 3175 3160 Antiochia}.
3196 3091 3522 3164 atque'adeo

1941 3173 2065 3235 ante
2095 3178 2213 3218 ann.
2245 3167 2371 3232 598,
2401 3181 2508 3235 quo
2536 3169 2602 3221 ad
2630 3167 2883 3223 Ecclesiaa
2910 3168 3520 3235 ConstantinOpulitana:

239 3239 423 3311 opima
456 3234 769 3311 muneribus,
801 3255 860 3292 ac
884 3237 1161 3293 reverenda
1190 3237 1459 3291 virtutibus
1482 3276 1498 3301 ,
1534 3234 1632 3311 pro
1680 3240 1832 3307 inﬁr-
1864 3237 1910 3301 C
1942 3234 2195 3311 thronum
2225 3234 2473 3311 accessit.
2505 3237 2597 3293 Usi
2625 3248 2752 3311 sunt
2793 3249 2976 3311 autem
3016 3237 3233 3311 ipsimet
3269 3234 3518 3311 ’Cln'ysog

240 3309 483 3360 mitatum
511 3310 777 3375 generibus
796 3351 812 3376 ,
845 3324 888 3363 et
914 3310 1256 3363 humanorum
1282 3315 1505 3362 statuam
1532 3308 1838 3364 dit'ersitati-

240 3380 362 3442 bus,
398 3394 502 3431 una
527 3390 626 3432 tam
656 3381 996 3434 remediorum
1017 3380 1354 3434 consolatricc
1376 3395 1530 3449 quam
1566 3395 1834 3435 munerum

240 3451 435 3501 virtute
471 3451 773 3504 medicatur.
810 3452 939 3519 Quae
972 3467 1089 3504 cum
1114 3451 1438 3514 admovetur,
1476 3466 1579 3503 non
1621 3459 1694 3502 est
1725 3469 1838 3505 mu-

246 3519 417 3572 tanda
445 3535 542 3588 pro
592 3523 755 3575 causis
799 3540 816 3581 :
836 3526 953 3589 jam
977 3522 1111 3574 enim
1139 3521 1255 3589 ipsa
1282 3520 1418 3574 dona
1445 3536 1540 3573 sua
1570 3536 1662 3589 pro
1691 3538 1839 3577 acce-

246 3543 417 3572 tttuuu
445 3543 542 3588 pro
592 3543 755 3575 causis
799 3543 816 3581 .'
869 3543 953 3575 um
977 3543 1111 3574 emm
1139 3543 1255 3589 Ipsa
1282 3543 1418 3574 uana
1445 3543 1540 3573 sua
1570 3543 1662 3589 pro
1691 3543 1835 3577 acce-

246 3590 463 3642 dentum
492 3593 775 3659 capacitate
813 3543 1091 3663 dispensat.
1136 3591 1283 3646 Sicut
1308 3592 1442 3645 enim
1470 3602 1604 3646 artes
1632 3607 1835 3661 omnes,

244 3677 357 3712 non
386 3676 482 3731 pro
511 3663 803 3718 diversitate
833 3662 1186 3730 materiarum,
1232 3678 1359 3731 quas
1388 3662 1641 3731 arripiunt
1685 3679 1837 3717 exco-

244 3730 453 3804 lendas,
478 3733 605 3801 ipsa:
632 3751 849 3804 quoque,
876 3744 963 3787 aut
990 3730 1313 3799 detrimenta,
1337 3744 1424 3786 aut
1448 3743 1718 3803 augmenta
1747 3753 1839 3804 pa-

245 3802 476 3875 tiuntur,
502 3803 593 3875 scd
621 3802 797 3858 eodem
816 3821 1011 3875 semper
1030 3814 1177 3869 atque
1204 3820 1307 3857 uno
1330 3803 1477 3857 modo
1498 3802 1554 3875 se
1575 3802 1835 3875 habentes,

241 3872 525 3942 multiplici
557 3876 863 3930 decorentur
886 3872 1101 3942 effectu;
1142 3875 1216 3927 ita
1258 3884 1334 3938 et,
1367 3874 1648 3927 secundum
1692 3872 1835 3942 Αροὲ

239 3941 465 4008 stolam,
510 3960 614 3998 una
644 3946 795 4014 ﬁdes,
826 3941 982 4001 unum
1004 3945 1277 4015 baptisma,
1308 3955 1356 3999 et
1400 3942 1834 4015 multiplicantur,

238 4024 289 4066 et
321 4016 615 4068 dilatantur
642 4016 697 4070 in
722 4020 890 4083 donis,
919 4032 1009 4070 nec
1034 4029 1200 4069 tamen
1228 4017 1282 4068 in
1322 4015 1676 4085 mysteriorum
1728 4031 1840 4069 mu-

241 4094 428 4158 tantur
454 4087 736 4141 ordinibus.
768 4088 872 4143 Sed
903 4086 1011 4141 haec
1038 4087 1206 4158 gratia
1232 4104 1332 4139 non
1368 4086 1662 4158 adversatur
1681 4088 1838 4155 justi-

239 4157 357 4227 tite,
390 4172 505 4223 qua:
535 4159 765 4211 maculas
793 4159 919 4213 eluit
960 4156 1248 4227 ittiquitatis
1272 4173 1291 4220 ;
1322 4173 1412 4227 nec
1443 4156 1567 4226 facit
1598 4168 1835 4225 peccata,

241 4226 340 4279 sed
371 4238 581 4308 purgat,-
623 4244 736 4295 qute
761 4226 1133 4308 absolvitreos,
1167 4244 1277 4308 non
1312 4226 1663 4308 calumniatur
1687 4228 1840 4281 inno-

239 4313 374 4349 cuos
406 4313 422 4348 .'
452 4298 683 4369 Christus
704 4340 718 4360 .
767 4301 941 4365 enim,
970 4300 1057 4368 qui
1083 4308 1154 4353 est
1196 4299 1277 4351 sui
1315 4299 1480 4367 operis
1525 4298 1837 4369 redemptor,

238 4375 402 4441 auget
431 4367 566 4421 circa
598 4371 870 4441 imaginem
907 4367 1053 4425 suam
1092 4370 1335 4441 continua
1364 4369 1606 4441 largitate
1649 4367 1837 4438 beneﬁ-

242 4438 368 4510 cia;
393 4446 446 4489 et
487 4456 612 4506 quos
644 4438 830 4509 fecerat
860 4441 1128 4495 condendo
1167 4438 1346 4506 bonos,
1377 4438 1502 4510 facit
1548 4440 1837 4494 innovando

238 4509 649 4580 adoptandoque
678 4512 932 4567 meliores.

373 4586 392 4631 t
424 4579 581 4647 paulo
616 4590 735 4652 post
760 4581 912 4652 (Cap.
944 4582 1067 4649 54):
1119 4580 1249 4635 Ecce
1280 4589 1471 4651 quanta
1500 4579 1834 4648 confessionis

242 4646 365 4724 luce
384 4646 431 4700 et
459 4664 546 4703 eos
569 4646 655 4724 qui
677 4646 927 4722 baptisma
950 4646 1175 4724 parvulis
1202 4646 1532 4724 denegarem,
1560 4646 1608 4705 et
1636 4670 1720 4706 vos
1748 4653 1834 4722 qui

240 4719 364 4806 ejus
384 4723 688 4791 prajudicio
706 4719 969 4806 justitiam
998 4723 1094 4777 Dei
1122 4719 1627 4805 audetis'maculare,
1661 4719 1836 4806 repro-

241 4790 396 4853 buvi;
428 4790 721 4857 protestans
737 4794 880 4847 aliud
925 4810 1003 4848 me
1030 4810 1132 4846 non
1182 4803 1348 4846 tenere
1398 4809 1551 4862 quam
1603 4790 1837 4848 instituta

244 4862 495 4928 mysteria
541 4863 721 4919 iisdem
774 4865 956 4931 quibus
1008 4864 1200 4917 tradita
1247 4873 1364 4916 sunt
1402 4862 1565 4916 verbis
1610 4864 1665 4918 in
1698 4866 1837 4919 omni

245 4946 465 4995 prorsus
491 4942 644 4987 atlate
672 4950 779 4988 esse
806 4935 1099 5000 tractanda,
1133 4950 1223 4986 nec
1243 4949 1336 5001 pro
1364 4949 1635 4986 causarum
1674 4936 1838 4989 varic-

246 5002 567 5073 tatedebere
610 5007 841 5067 mutari;
878 5020 1053 5057 verum
1099 5004 1209 5073 ﬁeri
1251 5015 1566 5071 peccatorem
1606 5021 1667 5058 ea:
1698 5006 1837 5060 malo

245 5072 473 5139 perfecte
504 5076 687 5128 bonum
711 5092 731 5140 ;
758 5076 1077 5129 innocentem
1100 5072 1300 5140 autem,
1340 5075 1427 5140 qui
1456 5074 1657 5128 nullum
1684 5074 1836 5129 habet

247 5146 451 5195 malum
486 5146 711 5214 propria:
739 5147 1037 5210 voluntatis,
1061 5162 1123 5198 ea:
1151 5146 1282 5198 bono
1327 5144 1440 5213 fieri
1466 5146 1748 5210 meliorem,
1780 5147 1836 5200 id

243 5222 342 5271 est,
360 5215 629 5280 Optimum,
649 5226 705 5268 ut
729 5216 876 5270 ambo
896 5217 1096 5283 quidem
1126 5217 1176 5269 in
1199 5214 1392 5269 Christi
1419 5214 1643 5269 membra
1668 5226 1835 5270 trans-

244 5293 369 5357 eant
418 5288 726 5357 consecrati,
777 5289 866 5342 sed
912 5304 1043 5357 unus
1069 5287 1413 5357 deprehensus
1442 5286 1495 5338 in
1524 5287 1660 5341 mala
1702 5289 1832 5352 vita,

243 5355 380 5405 alter
409 5356 460 5407 in
499 5358 630 5410 bona
660 5367 867 5412 natura.
901 5356 1004 5411 Ille
1041 5355 1179 5413 enim
1223 5359 1561 5421 innocentem,
1594 5374 1742 5426 quam
1772 5374 1836 5412 ea:

246 5433 377 5499 ortu
397 5438 679 5499 acceperat,
706 5445 865 5499 prava
910 5430 1110 5483 actione
1150 5427 1424 5499 corrupil_;
1450 5427 1538 5499 hic
1558 5445 1696 5499 vero,
1723 5430 1835 5483 sine

248 5492 424 5568 laude.
456 5492 565 5552 sine
599 5492 809 5555 criniine
850 5499 1149 5558 voluntatis.
1192 5500 1286 5552 hoc
1308 5492 1485 5551 solum
1518 5496 1670 5551 habet
1692 5500 1830 5568 quod

247 5580 290 5640 ᾳ,
318 5562 423 5640 βω
441 5569 706 5640 conditore
734 5571 952 5640 suscepit
978 5571 1105 5640 ;qui
1134 5569 1365 5635 infucata
1391 5562 1830 5640 primtevitate‘fe-

251 5631 423 5712 licior,
455 5631 1013 5712 bonumsimpﬁcitatis
1030 5631 1145 5712 sate
1169 5631 1346 5712 vitiare
1367 5631 1468 5693 non
1495 5640 1683 5712 potuit.

327 5709 471 5764 tsi-ires
505 5710 619 5766 haec
649 5709 1027 5767 haereticorum
1057 5711 1223 5773 dicta,
1254 5710 1655 5765 observandum
1697 5710 1827 5764 mihi

252 5775 462 5856 videtur
509 5784 700 5849 primo,
747 5784 1062 5856 Pelagianos
1094 5793 1471 5856 argumentum
1499 5797 1528 5835 a
1559 5783 1834 5856 baptismo

253 5853 477 5914 rentum
509 5868 608 5923 pro
632 5865 854 5924 peccato
884 5854 1133 5926 originali
1162 5853 1481 5920 astruendo,
1511 5853 1832 5929 adhibuisse

1940 3307 2099 3379 statui
2145 3308 2325 3362 verbis
2369 3308 2671 3379 Pelagiani,
2723 3318 2780 3363 et
2821 3309 3088 3377 imprimis
3121 3307 3521 3375 Ruﬁnus,'sed

1937 3375 2185 3449 Julianus
2205 3379 2459 3445 maxime,
2486 3375 2574 3449 (Ῑυὶ
2601 3380 2655 3434 in
2677 3375 2929 3436 omnibus
2952 3393 3065 3434 SOIS
3086 3380 3352 3449 Operibus
3380 3380 3523 3436 hanc

1938 3448 2176 3503 obtrudit
2208 3450 2504 3504 homiliam.

2009 3520 2419 3574 ObScrvandum
2445 3521 2635 3588 etiam,
2669 3521 2894 3578 eosdem
2942 3520 3253 3585 haereticos,
3284 3530 3344 3576 ut
3372 3537 3523 3577 com-

1938 3604 2156 3643 munem
2208 3590 2447 3645 ﬁdelium
2496 3595 2741 3647 omnium
2781 3593 3137 3647 olleusioncm
3186 3592 3518 3661 effugerent,

1939 3661 2098 3727 longe
2127 3662 2358 3731 plurima
2389 3663 2441 3717 in
2468 3663 2704 3731 speciem
2726 3663 2990 3717 catholica
3021 3662 3307 3717 admisisse
3331 3681 3342 3715 :
3370 3679 3521 3718 com-

1939 3746 2157 3801 munem
2191 3730 2443 3786 videlicet
2470 3730 2709 3787 omnium
2732 3775 2746 3799 ,
2790 3733 2954 3785 etiam
2990 3732 3340 3801 parvulorum
3366 3774 3383 3799 ,
3431 3749 3521 3788 re-

1938 3799 2307 3874 demptionem
2331 3817 2361 3856 a
2385 3803 2623 3869 Christo,
2656 3801 2877 3874 Pelag;
2910 3799 3009 3871 pro
3035 3803 3271 3871 parvulis
3288 3818 3521 3874 quoque

1938 3870 2214 3943 Christum
2256 3888 2377 3943 esse
2426 3884 2736 3937 mortuum,
2790 3870 2855 3927 ac
2905 3870 3227 3943 sanguinem
3279 3870 3517 3940 ludlsse,

1937 3939 2183 4014 Iuliam;
2211 3942 2431 4014 eosdem
2466 3958 2558 4012 per
2588 3943 2912 4012 baptismum
2941 3939 3270 4014 regenerari,
3305 3939 3520 4011 [iu/im,-

1939 4012 2177 4087 renasci,
2231 4012 2449 4087 Pelag.;
2478 4024 2533 4087 et
2563 4029 2759 4069 novatn
2810 4015 2924 4069 lieri
2956 4012 3022 4087 id
3042 4013 3260 4068 Christo
3289 4022 3524 4087 creatu-

1940 4098 2076 4145 ram,
2124 4082 2626 4153 liuﬁn.;'umuibus
2675 4100 2811 4154 Opus
2840 4101 2965 4140 esse
3015 4086 3230 4138 lavacro
3278 4082 3520 4147 Christi,

1939 4170 2143 4226 omnes;
2174 4160 2336 4210 etiam
2367 4156 2549 4226 justis,
2582 4168 2640 4211 ut
2670 4154 2950 4222 Cornelio,
2988 4154 3205 4226 Ruﬁm;
3236 4155 3400 4210 etiam
3428 4171 3525 4209 na-

1941 4225 2010 4294 tis
2031 4241 2096 4278 ex
2124 4225 2658 4293 ﬁdelibus,.lulian.;
2685 4227 3008 4294 baptismum
3036 4225 3253 4279 unicum
3282 4240 3381 4293 pro
3405 4240 3523 4279 tua:

1933 4293 2147 4368 joribus
2190 4297 2571 4368 et_inl'antibus
2602 4314 2629 4349 a
2660 4293 2878 4368 (inrisu)
2919 4296 3265 4368 institutum,
3309 4294 3520 4368 Pelag.,

1940 4367 2142 4420 Caelest.
2170 4407 2185 4433 ,
2237 4364 2473 4433 Iuliam;
2516 4368 2606 4437 qui
2655 4366 2847 4422 iisdem
2894 4368 3079 4421 verbis
3124 4367 3421 4435 ritibusque
3444 4364 3521 4420 'in

1942 4445 2165 4506 utraque
2194 4448 2354 4491 actate
2406 4438 2676 4493 celebrari
2721 4438 2935 4501 debeat,
2973 4437 3189 4507 Pclag.;
3235 4440 3437 4507 quique
3468 4438 3523 4492 in

1937 4508 2317 4562 remissionem
2353 4520 2695 4575 peccatorum
2726 4510 3055 4577 suscipiatur
3079 4506 3323 4569 ,r/me.
3344 4549 3358 4569 .
3405 4508 3523 4562 Cte-

1940 4579 2092 4641 [εδιά
2121 4589 2281 4649 atque
2321 4579 2373 4633 id
2407 4580 2522 4633 lieri
2569 4578 2863 4633 secundum
2897 4580 3156 4634 Ecclesia:
3192 4578 3439 4649 regulam
3468 4587 3527 4633 et

1941 4649 2221 4717 Evangelii
2250 4648 2498 4714 formam,
2526 4650 2724 4704 Caelest.

2008 4718 2415 4775 Observandum
2467 4734 2828 4790 poswa,.cum
2879 4719 3220 4789 postularent
3269 4718 3523 4773 catholici

1938 4805 2042 4859 qua
2076 4792 2292 4845 tandem
2321 4793 2389 4845 de
2417 4806 2577 4846 causa
2606 4791 2878 4859 Pelagiani
2907 4799 3218 4845 aSsererent
3242 4805 3377 4860 opus
3404 4804 3525 4842 esse

1939 4861 2207 4930 baptismo
2258 4862 2530 4931 parvulis,
2580 4876 2693 4916 non
2751 4861 2872 4916 aliis
2929 4860 3278 4931 respondisse
3341 4860 3524 4914 verbis

1939 4948 2101 5004 quam
2123 4930 2521 5004 Chrysostomi,
2543 4942 2602 4986 ut
2623 4935 2709 5004 eis
2729 4935 2960 4987 addatur
2987 4930 3273 5004 sanctitas,
3288 4931 3520 5000 jusntia,

1939 5003 2184 5072 adoptio,
2218 5002 2529 5058 fraternitas
2574 5002 2774 5059 Christi
2804 5021 2818 5068 ;
2853 5016 2910 5057 ut
2956 5003 3077 5071 eius
3106 5003 3345 5055 membra
3394 5004 3527 5056 liant

1940 5084 1995 5128 et
2026 5076 2197 5130 sancti
2229 5073 2462 5144 Spiritus
2497 5076 2731 5143 templa;
2764 5088 2819 5127 ut
2851 5074 3093 5129 haeredes
3123 5073 3214 5127 Dei
3242 5085 3295 5126 et
3322 5072 3524 5128 Christi

1940 5146 2204 5213 populus;
2240 5156 2300 5199 ut
2330 5161 2557 5214 regnum
2599 5145 2861 5201 caelorum
2894 5151 3330 5212 Consequautur,
3381 5144 3525 5212 quod

1938 5217 2065 5285 quia
2094 5229 2301 5271 natura:
2328 5218 2468 5270 vires
2499 5233 2610 5271 non
2646 5218 2868 5281 habent,
2921 5215 3158 5269 conterri
3190 5229 3415 5269 necesse
3442 5227 3526 5269 est

1941 5284 2034 5354 per
2061 5287 2250 5357 gratia:
2279 5288 2616 5357 largitatem;
2651 5285 2702 5341 id
2736 5295 2838 5351 est,
2874 5286 3018 5357 quod
3043 5286 3193 5340 aiunt
3221 5286 3277 5338 in
3304 5284 3526 5351 :CllOliS,

1939 5367 1997 5410 ut
2026 5356 2091 5411 ex
2122 5356 2521 5429 naturalistattt
2554 5359 2606 5412 in
2642 5357 3118 5429 supernaturalcm
3150 5356 3453 5429 elevemur.

2009 5428 2421 5504 Observandum
2452 5427 3054 5504 detritpte,'versipelles
3088 5427 3376 5504 lia-retices
3407 5440 3531 5504 cou-

1938 5507 2016 5551 tra
2044 5499 2291 5569 rationes
2314 5500 2707 5554 catholicorum
2752 5514 2845 5554 ses
2881 5498 3185 5569 prmsertim
3225 5497 3532 5551 distinctio-

1934 5569 2092 5623 nibus
2117 5584 2176 5624 se
2202 5568 2528 5625 defendisse.

2005 5639 2203 5694 Contra
2249 5640 2477 5706 primam
2521 5640 2887 5696 meminerunt
2932 5640 3161 5709 gemina:
3191 5637 3530 5709 redemptio-

1936 5710 2051 5775 nis;
2081 5711 2341 5775 alterius,
2371 5726 2473 5779 qua
2504 5713 2725 5781 proprie
2765 5708 3104 5765 redimantur
3129 5710 3360 5781 captivi;
3392 5708 3528 5781 alte-

1935 5774 2073 5856 rius,
2106 5774 2626 5856 qudquid-proprie
2664 5783 2883 5836 dicatur
2909 5781 3059 5856 emi,_
3084 5790 3142 5834 ut
3178 5774 3527 5856 inhabitanda

1937 5848 2155 5910 domus.
2188 5848 2470 5912 Christum
2496 5848 2717 5911 aiebant
2739 5868 2838 5911 suo
2872 5852 3135 5921 sanguine
3158 5848 3457 5905 redemisse
3474 5853 3527 5898 ct
