  <div class='ocr_page' id='page_1' title='image "/cluster/home/n/w/nwhite01/storage/ocr_20150623/48/hvd.32044096580691/335.png"; bbox 0 0 3962 6180; ppageno 0'>
   <div class='ocr_carea' id='block_1_1' title="bbox 418 374 522 430">
    <p class='ocr_par' dir='ltr' id='par_1_1' title="bbox 418 374 522 430">
     <span class='ocr_line' id='line_1_1' title="bbox 418 374 522 430; baseline 0.019 -4"><span class='ocrx_word' id='word_1_1' title='bbox 418 374 522 430; x_wconf 69' lang='lat' dir='ltr'><strong>ﬁ‘i‘)</strong></span> 
     </span>
    </p>
   </div>
   <div class='ocr_carea' id='block_1_2' title="bbox 873 367 3230 428">
    <p class='ocr_par' dir='ltr' id='par_1_2' title="bbox 873 367 3230 428">
     <span class='ocr_line' id='line_1_2' title="bbox 873 367 3230 428; baseline -0 -1"><span class='ocrx_word' id='word_1_2' title='bbox 873 374 964 427; x_wconf 80' lang='lat' dir='ltr'><strong>AD</strong></span> <span class='ocrx_word' id='word_1_3' title='bbox 997 371 1272 426; x_wconf 67' lang='lat' dir='ltr'><strong>PARTEM</strong></span> <span class='ocrx_word' id='word_1_4' title='bbox 1310 370 1574 424; x_wconf 64' lang='lat' dir='ltr'><strong>PRIMA.“</strong></span> <span class='ocrx_word' id='word_1_5' title='bbox 1604 368 1892 424; x_wconf 76' lang='lat' dir='ltr'><strong>OPERUM</strong></span> <span class='ocrx_word' id='word_1_6' title='bbox 1926 368 1993 422; x_wconf 80' lang='grc' dir='ltr'>Μ.</span> <span class='ocrx_word' id='word_1_7' title='bbox 2031 367 2479 425; x_wconf 76' lang='lat' dir='ltr'><strong>MERCATORIS</strong></span> <span class='ocrx_word' id='word_1_8' title='bbox 2512 368 2857 425; x_wconf 73' lang='lat' dir='ltr'><strong>APPENDIX</strong></span> <span class='ocrx_word' id='word_1_9' title='bbox 2888 370 3230 428; x_wconf 75' lang='lat' dir='ltr'><strong>SECUNDA.</strong></span> 
     </span>
    </p>
   </div>
   <div class='ocr_carea' id='block_1_3' title="bbox 3587 373 3688 429">
    <p class='ocr_par' dir='ltr' id='par_1_3' title="bbox 3587 373 3688 429">
     <span class='ocr_line' id='line_1_3' title="bbox 3587 373 3688 429; baseline 0.069 -8"><span class='ocrx_word' id='word_1_10' title='bbox 3587 373 3688 429; x_wconf 73' lang='grc' dir='ltr'><strong>6ηο</strong></span> 
     </span>
    </p>
   </div>
   <div class='ocr_carea' id='block_1_4' title="bbox 414 484 3689 558">
    <p class='ocr_par' dir='ltr' id='par_1_4' title="bbox 414 484 3689 558">
     <span class='ocr_line' id='line_1_4' title="bbox 414 484 3689 558; baseline 0 -13"><span class='ocrx_word' id='word_1_11' title='bbox 414 499 726 558; x_wconf 76' lang='lat' dir='ltr'><strong>peccatores</strong></span> <span class='ocrx_word' id='word_1_12' title='bbox 754 490 900 558; x_wconf 77' lang='lat' dir='ltr'><strong>velut</strong></span> <span class='ocrx_word' id='word_1_13' title='bbox 922 485 1191 558; x_wconf 75' lang='lat' dir='ltr'><strong>captivos,</strong></span> <span class='ocrx_word' id='word_1_14' title='bbox 1237 484 1994 558; x_wconf 25' lang='lat' dir='ltr'><strong>etintantesvelut‘templa,</strong></span> <span class='ocrx_word' id='word_1_15' title='bbox 2028 487 2075 542; x_wconf 78' lang='grc' dir='ltr'><strong>Α</strong></span> <span class='ocrx_word' id='word_1_16' title='bbox 2106 494 2345 558; x_wconf 74' lang='lat' dir='ltr'><strong>mentum</strong></span> <span class='ocrx_word' id='word_1_17' title='bbox 2381 501 2441 539; x_wconf 83' lang='lat' dir='ltr'><strong>es</strong></span> <span class='ocrx_word' id='word_1_18' title='bbox 2476 486 2744 558; x_wconf 81' lang='lat' dir='ltr'><strong>baptismo</strong></span> <span class='ocrx_word' id='word_1_19' title='bbox 2777 486 3059 540; x_wconf 77' lang='lat' dir='ltr'><strong>infantium</strong></span> <span class='ocrx_word' id='word_1_20' title='bbox 3108 504 3213 543; x_wconf 87' lang='lat' dir='ltr'><strong>non</strong></span> <span class='ocrx_word' id='word_1_21' title='bbox 3263 486 3594 557; x_wconf 74' lang='lat' dir='ltr'><strong>adhibuisse,</strong></span> <span class='ocrx_word' id='word_1_22' title='bbox 3625 492 3689 546; x_wconf 84' lang='lat' dir='ltr'><strong>ad</strong></span> 
     </span>
    </p>
   </div>
   <div class='ocr_carea' id='block_1_5' title="bbox 413 553 1999 631">
    <p class='ocr_par' dir='ltr' id='par_1_5' title="bbox 413 553 1999 631">
     <span class='ocr_line' id='line_1_5' title="bbox 413 553 1999 631; baseline -0.003 -16"><span class='ocrx_word' id='word_1_23' title='bbox 413 553 532 631; x_wconf 74' lang='lat' dir='ltr'><strong>quzc</strong></span> <span class='ocrx_word' id='word_1_24' title='bbox 559 576 653 629; x_wconf 87' lang='lat' dir='ltr'><strong>per</strong></span> <span class='ocrx_word' id='word_1_25' title='bbox 684 559 841 631; x_wconf 83' lang='lat' dir='ltr'><strong>ﬁdem</strong></span> <span class='ocrx_word' id='word_1_26' title='bbox 868 555 1485 631; x_wconf 48' lang='lat' dir='ltr'><strong>inhabitaret.itif-bant</strong></span> <span class='ocrx_word' id='word_1_27' title='bbox 1513 553 1808 631; x_wconf 87' lang='lat' dir='ltr'><strong>etiam_dici</strong></span> <span class='ocrx_word' id='word_1_28' title='bbox 1842 570 1999 631; x_wconf 71' lang='lat' dir='ltr'><strong>posse</strong></span> 
     </span>
    </p>
   </div>
   <div class='ocr_carea' id='block_1_6' title="bbox 414 626 1999 693">
    <p class='ocr_par' dir='ltr' id='par_1_6' title="bbox 414 626 1999 693">
     <span class='ocr_line' id='line_1_6' title="bbox 414 626 1999 693; baseline -0.004 -6"><span class='ocrx_word' id='word_1_29' title='bbox 414 626 609 687; x_wconf 75' lang='lat' dir='ltr'><strong>salvari</strong></span> <span class='ocrx_word' id='word_1_30' title='bbox 642 644 757 692; x_wconf 80' lang='lat' dir='ltr'><strong>eos,</strong></span> <span class='ocrx_word' id='word_1_31' title='bbox 791 630 908 681; x_wconf 77' lang='lat' dir='ltr'><strong>sive</strong></span> <span class='ocrx_word' id='word_1_32' title='bbox 929 628 1020 693; x_wconf 88' lang='lat' dir='ltr'><strong>qui</strong></span> <span class='ocrx_word' id='word_1_33' title='bbox 1051 642 1114 680; x_wconf 85' lang='lat' dir='ltr'><strong>ex</strong></span> <span class='ocrx_word' id='word_1_34' title='bbox 1136 627 1293 681; x_wconf 87' lang='lat' dir='ltr'><strong>malis</strong></span> <span class='ocrx_word' id='word_1_35' title='bbox 1318 627 1465 692; x_wconf 84' lang='lat' dir='ltr'><strong>boni,</strong></span> <span class='ocrx_word' id='word_1_36' title='bbox 1496 636 1554 679; x_wconf 92' lang='lat' dir='ltr'><strong>ut</strong></span> <span class='ocrx_word' id='word_1_37' title='bbox 1586 626 1857 693; x_wconf 74' lang='lat' dir='ltr'><strong>majores;</strong></span> <span class='ocrx_word' id='word_1_38' title='bbox 1886 627 1999 680; x_wconf 85' lang='lat' dir='ltr'><strong>sive</strong></span> 
     </span>
    </p>
   </div>
   <div class='ocr_carea' id='block_1_7' title="bbox 413 696 2000 769">
    <p class='ocr_par' dir='ltr' id='par_1_7' title="bbox 413 696 2000 769">
     <span class='ocr_line' id='line_1_7' title="bbox 413 696 2000 769; baseline -0.004 -14"><span class='ocrx_word' id='word_1_39' title='bbox 413 705 503 769; x_wconf 81' lang='lat' dir='ltr'><strong>qui</strong></span> <span class='ocrx_word' id='word_1_40' title='bbox 529 717 592 755; x_wconf 88' lang='lat' dir='ltr'><strong>ex</strong></span> <span class='ocrx_word' id='word_1_41' title='bbox 628 700 785 769; x_wconf 79' lang='lat' dir='ltr'><strong>bons</strong></span> <span class='ocrx_word' id='word_1_42' title='bbox 835 697 1089 750; x_wconf 67' lang='lat' dir='ltr'><strong>meliores</strong></span> <span class='ocrx_word' id='word_1_43' title='bbox 1123 696 1341 769; x_wconf 82' lang='lat' dir='ltr'><strong>ﬁerent,</strong></span> <span class='ocrx_word' id='word_1_44' title='bbox 1366 706 1446 769; x_wconf 73' lang='lat' dir='ltr'><strong>_nt</strong></span> <span class='ocrx_word' id='word_1_45' title='bbox 1496 696 1911 769; x_wconf 34' lang='lat' dir='ltr'><strong>pa&#39;rv&#39;itli.uQuin</strong></span> <span class='ocrx_word' id='word_1_46' title='bbox 1944 707 2000 751; x_wconf 91' lang='lat' dir='ltr'><strong>et</strong></span> 
     </span>
    </p>
   </div>
   <div class='ocr_carea' id='block_1_8' title="bbox 417 765 2001 840">
    <p class='ocr_par' dir='ltr' id='par_1_8' title="bbox 417 765 2001 840">
     <span class='ocr_line' id='line_1_8' title="bbox 417 765 2001 840; baseline -0.004 -13"><span class='ocrx_word' id='word_1_47' title='bbox 417 765 645 840; x_wconf 84' lang='lat' dir='ltr'><strong>pretium</strong></span> <span class='ocrx_word' id='word_1_48' title='bbox 671 768 976 840; x_wconf 78' lang='lat' dir='ltr'><strong>fatebantur</strong></span> <span class='ocrx_word' id='word_1_49' title='bbox 1001 768 1328 840; x_wconf 69' lang='lat' dir='ltr'><strong>pependisse</strong></span> <span class='ocrx_word' id='word_1_50' title='bbox 1353 765 1655 826; x_wconf 84' lang='lat' dir='ltr'><strong>Christum.</strong></span> <span class='ocrx_word' id='word_1_51' title='bbox 1682 766 1854 821; x_wconf 69' lang='lat' dir='ltr'><strong>cll’uso</strong></span> <span class='ocrx_word' id='word_1_52' title='bbox 1876 783 2001 821; x_wconf 89' lang='lat' dir='ltr'><strong>san-</strong></span> 
     </span>
    </p>
   </div>
   <div class='ocr_carea' id='block_1_9' title="bbox 413 838 1996 909">
    <p class='ocr_par' dir='ltr' id='par_1_9' title="bbox 413 838 1996 909">
     <span class='ocr_line' id='line_1_9' title="bbox 413 838 1996 909; baseline -0.002 -17"><span class='ocrx_word' id='word_1_53' title='bbox 413 838 613 909; x_wconf 65' lang='lat' dir='ltr'><strong>guine:</strong></span> <span class='ocrx_word' id='word_1_54' title='bbox 670 840 764 895; x_wconf 88' lang='lat' dir='ltr'><strong>sed</strong></span> <span class='ocrx_word' id='word_1_55' title='bbox 814 838 957 893; x_wconf 89' lang='lat' dir='ltr'><strong>unde</strong></span> <span class='ocrx_word' id='word_1_56' title='bbox 987 838 1079 892; x_wconf 83' lang='lat' dir='ltr'><strong>alii</strong></span> <span class='ocrx_word' id='word_1_57' title='bbox 1125 839 1453 893; x_wconf 88' lang='lat' dir='ltr'><strong>ditescerent</strong></span> <span class='ocrx_word' id='word_1_58' title='bbox 1496 851 1725 903; x_wconf 74' lang='lat' dir='ltr'><strong>tantum,</strong></span> <span class='ocrx_word' id='word_1_59' title='bbox 1784 847 1996 907; x_wconf 81' lang='lat' dir='ltr'><strong>utpar-</strong></span> 
     </span>
    </p>
   </div>
   <div class='ocr_carea' id='block_1_10' title="bbox 416 909 2002 979">
    <p class='ocr_par' dir='ltr' id='par_1_10' title="bbox 416 909 2002 979">
     <span class='ocr_line' id='line_1_10' title="bbox 416 909 2002 979; baseline -0.001 -16"><span class='ocrx_word' id='word_1_60' title='bbox 416 912 561 977; x_wconf 79' lang='lat' dir='ltr'><strong>vuli;</strong></span> <span class='ocrx_word' id='word_1_61' title='bbox 599 911 692 965; x_wconf 84' lang='lat' dir='ltr'><strong>alii</strong></span> <span class='ocrx_word' id='word_1_62' title='bbox 723 910 886 965; x_wconf 88' lang='lat' dir='ltr'><strong>etiam</strong></span> <span class='ocrx_word' id='word_1_63' title='bbox 920 909 1278 965; x_wconf 89' lang='lat' dir='ltr'><strong>liberarentur</strong></span> <span class='ocrx_word' id='word_1_64' title='bbox 1304 926 1332 963; x_wconf 91' lang='lat' dir='ltr'><strong>a</strong></span> <span class='ocrx_word' id='word_1_65' title='bbox 1372 909 1631 964; x_wconf 87' lang='lat' dir='ltr'><strong>servitute</strong></span> <span class='ocrx_word' id='word_1_66' title='bbox 1671 910 1874 979; x_wconf 80' lang='lat' dir='ltr'><strong>peccati</strong></span> <span class='ocrx_word' id='word_1_67' title='bbox 1896 951 1911 976; x_wconf 96' lang='lat'><strong>,</strong></span> <span class='ocrx_word' id='word_1_68' title='bbox 1942 920 2002 963; x_wconf 90' lang='lat' dir='ltr'><strong>ut</strong></span> 
     </span>
    </p>
   </div>
   <div class='ocr_carea' id='block_1_11' title="bbox 416 998 675 1038">
    <p class='ocr_par' dir='ltr' id='par_1_11' title="bbox 416 998 675 1038">
     <span class='ocr_line' id='line_1_11' title="bbox 416 998 675 1038; baseline -0.008 -1"><span class='ocrx_word' id='word_1_69' title='bbox 416 998 675 1038; x_wconf 53' lang='lat' dir='ltr'><strong>Illitllil‘es.</strong></span> 
     </span>
    </p>
   </div>
   <div class='ocr_carea' id='block_1_12' title="bbox 485 1000 1999 1121">
    <p class='ocr_par' dir='ltr' id='par_1_12' title="bbox 485 1000 1999 1121">
     <span class='ocr_line' id='line_1_12' title="bbox 485 1000 1999 1121; baseline -0.002 -13"><span class='ocrx_word' id='word_1_70' title='bbox 716 1053 1038 1118; x_wconf 88' lang='lat' dir='ltr'><strong>secundam,</strong></span> <span class='ocrx_word' id='word_1_71' title='bbox 1081 1051 1317 1120; x_wconf 87' lang='lat' dir='ltr'><strong>spectari</strong></span> <span class='ocrx_word' id='word_1_72' title='bbox 1345 1050 1606 1121; x_wconf 87' lang='lat' dir='ltr'><strong>jubebant</strong></span> <span class='ocrx_word' id='word_1_73' title='bbox 1629 1051 1680 1104; x_wconf 92' lang='lat' dir='ltr'><strong>in</strong></span> <span class='ocrx_word' id='word_1_74' title='bbox 1709 1048 1999 1118; x_wconf 57' lang='lat' dir='ltr'><strong>baptismo.</strong></span> 
     </span>
    </p>
   </div>
   <div class='ocr_carea' id='block_1_13' title="bbox 416 1122 2004 1193">
    <p class='ocr_par' dir='ltr' id='par_1_13' title="bbox 416 1122 2004 1193">
     <span class='ocr_line' id='line_1_13' title="bbox 416 1122 2004 1193; baseline -0.003 -15"><span class='ocrx_word' id='word_1_75' title='bbox 416 1134 472 1178; x_wconf 78' lang='lat' dir='ltr'><strong>et</strong></span> <span class='ocrx_word' id='word_1_76' title='bbox 501 1126 641 1193; x_wconf 87' lang='lat' dir='ltr'><strong>quod</strong></span> <span class='ocrx_word' id='word_1_77' title='bbox 666 1127 735 1180; x_wconf 90' lang='lat' dir='ltr'><strong>sit</strong></span> <span class='ocrx_word' id='word_1_78' title='bbox 764 1127 1033 1180; x_wconf 80' lang='lat' dir='ltr'><strong>lavacrum</strong></span> <span class='ocrx_word' id='word_1_79' title='bbox 1063 1138 1238 1193; x_wconf 72' lang='lat' dir='ltr'><strong>aqum,</strong></span> <span class='ocrx_word' id='word_1_80' title='bbox 1273 1131 1326 1178; x_wconf 89' lang='lat' dir='ltr'><strong>et</strong></span> <span class='ocrx_word' id='word_1_81' title='bbox 1363 1122 1506 1189; x_wconf 84' lang='lat' dir='ltr'><strong>quod</strong></span> <span class='ocrx_word' id='word_1_82' title='bbox 1539 1122 1709 1193; x_wconf 77' lang='lat' dir='ltr'><strong>gratia</strong></span> <span class='ocrx_word' id='word_1_83' title='bbox 1754 1122 2004 1190; x_wconf 79' lang='lat' dir='ltr'><strong>adeptio-</strong></span> 
     </span>
    </p>
   </div>
   <div class='ocr_carea' id='block_1_14' title="bbox 421 1191 2000 1266">
    <p class='ocr_par' dir='ltr' id='par_1_14' title="bbox 421 1191 2000 1266">
     <span class='ocr_line' id='line_1_14' title="bbox 421 1191 2000 1266; baseline 0 -19"><span class='ocrx_word' id='word_1_84' title='bbox 421 1191 541 1251; x_wconf 60' lang='lat' dir='ltr'><strong>nis;</strong></span> <span class='ocrx_word' id='word_1_85' title='bbox 571 1202 855 1266; x_wconf 84' lang='lat' dir='ltr'><strong>utrumque</strong></span> <span class='ocrx_word' id='word_1_86' title='bbox 888 1191 1161 1266; x_wconf 70' lang='lat' dir='ltr'><strong>prodesse</strong></span> <span class='ocrx_word' id='word_1_87' title='bbox 1185 1191 1863 1266; x_wconf 67' lang='lat' dir='ltr'><strong>majoribus,__infantibus</strong></span> <span class='ocrx_word' id='word_1_88' title='bbox 1903 1208 2000 1266; x_wconf 81' lang='lat' dir='ltr'><strong>po-</strong></span> 
     </span>
    </p>
   </div>
   <div class='ocr_carea' id='block_1_15' title="bbox 423 1262 2000 1334">
    <p class='ocr_par' dir='ltr' id='par_1_15' title="bbox 423 1262 2000 1334">
     <span class='ocr_line' id='line_1_15' title="bbox 423 1262 2000 1334; baseline -0.001 -16"><span class='ocrx_word' id='word_1_89' title='bbox 423 1266 620 1321; x_wconf 83' lang='lat' dir='ltr'><strong>sterius</strong></span> <span class='ocrx_word' id='word_1_90' title='bbox 643 1262 839 1322; x_wconf 82' lang='lat' dir='ltr'><strong>solum.</strong></span> <span class='ocrx_word' id='word_1_91' title='bbox 869 1262 1018 1322; x_wconf 80' lang='lat' dir='ltr'><strong>Unde</strong></span> <span class='ocrx_word' id='word_1_92' title='bbox 1039 1262 1822 1334; x_wconf 79' lang='lat' dir='ltr'><strong>illudjactabantUlypognost.</strong></span> <span class='ocrx_word' id='word_1_93' title='bbox 1848 1265 1882 1315; x_wconf 88' lang='lat' dir='ltr'><strong>l.</strong></span> <span class='ocrx_word' id='word_1_94' title='bbox 1913 1262 2000 1333; x_wconf 88' lang='lat' dir='ltr'><strong>v):</strong></span> 
     </span>
    </p>
   </div>
   <div class='ocr_carea' id='block_1_16' title="bbox 424 1334 2002 1407">
    <p class='ocr_par' dir='ltr' id='par_1_16' title="bbox 424 1334 2002 1407">
     <span class='ocr_line' id='line_1_16' title="bbox 424 1334 2002 1407; baseline -0.002 -18"><span class='ocrx_word' id='word_1_95' title='bbox 424 1335 491 1390; x_wconf 82' lang='lat' dir='ltr'><strong>In</strong></span> <span class='ocrx_word' id='word_1_96' title='bbox 516 1337 795 1407; x_wconf 79' lang='lat' dir='ltr'><strong>infantibus</strong></span> <span class='ocrx_word' id='word_1_97' title='bbox 825 1354 925 1393; x_wconf 86' lang='lat' dir='ltr'><strong>non</strong></span> <span class='ocrx_word' id='word_1_98' title='bbox 954 1336 1102 1391; x_wconf 80' lang='lat' dir='ltr'><strong>habet</strong></span> <span class='ocrx_word' id='word_1_99' title='bbox 1123 1352 1255 1405; x_wconf 72' lang='lat' dir='ltr'><strong>aqua</strong></span> <span class='ocrx_word' id='word_1_100' title='bbox 1280 1335 1417 1405; x_wconf 87' lang='lat' dir='ltr'><strong>quod</strong></span> <span class='ocrx_word' id='word_1_101' title='bbox 1438 1335 1634 1403; x_wconf 88' lang='lat' dir='ltr'><strong>abluat,</strong></span> <span class='ocrx_word' id='word_1_102' title='bbox 1664 1334 1811 1387; x_wconf 81' lang='lat' dir='ltr'><strong>habet</strong></span> <span class='ocrx_word' id='word_1_103' title='bbox 1834 1338 2002 1404; x_wconf 86' lang='lat' dir='ltr'><strong>gratia</strong></span> 
     </span>
    </p>
   </div>
   <div class='ocr_carea' id='block_1_17' title="bbox 422 1409 813 1477">
    <p class='ocr_par' dir='ltr' id='par_1_17' title="bbox 422 1409 813 1477">
     <span class='ocr_line' id='line_1_17' title="bbox 422 1409 813 1477; baseline 0.003 -17"><span class='ocrx_word' id='word_1_104' title='bbox 422 1415 558 1477; x_wconf 77' lang='lat' dir='ltr'><strong>quod</strong></span> <span class='ocrx_word' id='word_1_105' title='bbox 586 1409 813 1477; x_wconf 76' lang='lat' dir='ltr'><strong>adap&#39;el.</strong></span> 
     </span>
    </p>
   </div>
   <div class='ocr_carea' id='block_1_18' title="bbox 496 1474 2004 1545">
    <p class='ocr_par' dir='ltr' id='par_1_18' title="bbox 496 1474 2004 1545">
     <span class='ocr_line' id='line_1_18' title="bbox 496 1474 2004 1545; baseline -0.001 -13"><span class='ocrx_word' id='word_1_106' title='bbox 496 1474 769 1533; x_wconf 74' lang='lat' dir='ltr'><strong>Adversus</strong></span> <span class='ocrx_word' id='word_1_107' title='bbox 796 1480 1031 1541; x_wconf 85' lang='lat' dir='ltr'><strong>tertiam,</strong></span> <span class='ocrx_word' id='word_1_108' title='bbox 1064 1477 1317 1533; x_wconf 65' lang='lat' dir='ltr'><strong>dixerunt</strong></span> <span class='ocrx_word' id='word_1_109' title='bbox 1342 1474 1566 1545; x_wconf 87' lang='lat' dir='ltr'><strong>cogitari</strong></span> <span class='ocrx_word' id='word_1_110' title='bbox 1599 1474 1800 1529; x_wconf 84' lang='lat' dir='ltr'><strong>debere</strong></span> <span class='ocrx_word' id='word_1_111' title='bbox 1825 1474 2004 1543; x_wconf 92' lang='lat' dir='ltr'><strong>dupli-</strong></span> 
     </span>
    </p>
   </div>
   <div class='ocr_carea' id='block_1_19' title="bbox 425 1547 2004 1619">
    <p class='ocr_par' dir='ltr' id='par_1_19' title="bbox 425 1547 2004 1619">
     <span class='ocr_line' id='line_1_19' title="bbox 425 1547 2004 1619; baseline -0.001 -19"><span class='ocrx_word' id='word_1_112' title='bbox 425 1564 542 1603; x_wconf 82' lang='lat' dir='ltr'><strong>cem</strong></span> <span class='ocrx_word' id='word_1_113' title='bbox 575 1549 808 1604; x_wconf 83' lang='lat' dir='ltr'><strong>bom&#39;nis</strong></span> <span class='ocrx_word' id='word_1_114' title='bbox 838 1552 997 1604; x_wconf 88' lang='lat' dir='ltr'><strong>unius</strong></span> <span class='ocrx_word' id='word_1_115' title='bbox 1020 1547 1787 1619; x_wconf 74' lang='lat' dir='ltr'><strong>generationem;carnalem</strong></span> <span class='ocrx_word' id='word_1_116' title='bbox 1806 1562 1967 1599; x_wconf 85' lang='lat' dir='ltr'><strong>unam</strong></span> <span class='ocrx_word' id='word_1_117' title='bbox 1990 1588 2004 1611; x_wconf 91' lang='lat'><strong>,</strong></span> 
     </span>
    </p>
   </div>
   <div class='ocr_carea' id='block_1_20' title="bbox 424 1616 2003 1687">
    <p class='ocr_par' dir='ltr' id='par_1_20' title="bbox 424 1616 2003 1687">
     <span class='ocr_line' id='line_1_20' title="bbox 424 1616 2003 1687; baseline -0.001 -16"><span class='ocrx_word' id='word_1_118' title='bbox 424 1636 526 1683; x_wconf 81' lang='lat' dir='ltr'><strong>qua</strong></span> <span class='ocrx_word' id='word_1_119' title='bbox 560 1620 701 1674; x_wconf 80' lang='lat' dir='ltr'><strong>titius</strong></span> <span class='ocrx_word' id='word_1_120' title='bbox 729 1621 799 1674; x_wconf 85' lang='lat' dir='ltr'><strong>sit</strong></span> <span class='ocrx_word' id='word_1_121' title='bbox 845 1616 1049 1676; x_wconf 64' lang='lat' dir='ltr'><strong>veteris</strong></span> <span class='ocrx_word' id='word_1_122' title='bbox 1088 1622 1288 1682; x_wconf 84' lang='lat' dir='ltr'><strong>Adam;</strong></span> <span class='ocrx_word' id='word_1_123' title='bbox 1347 1618 1691 1687; x_wconf 80' lang='lat' dir='ltr'><strong>spiritualem</strong></span> <span class='ocrx_word' id='word_1_124' title='bbox 1741 1616 2003 1687; x_wconf 81' lang='lat' dir='ltr'><strong>alterum,</strong></span> 
     </span>
    </p>
   </div>
   <div class='ocr_carea' id='block_1_21' title="bbox 426 1691 2004 1757">
    <p class='ocr_par' dir='ltr' id='par_1_21' title="bbox 426 1691 2004 1757">
     <span class='ocr_line' id='line_1_21' title="bbox 426 1691 2004 1757; baseline 0 -16"><span class='ocrx_word' id='word_1_125' title='bbox 426 1707 527 1757; x_wconf 85' lang='lat' dir='ltr'><strong>qua</strong></span> <span class='ocrx_word' id='word_1_126' title='bbox 557 1691 696 1745; x_wconf 73' lang='lat' dir='ltr'><strong>illius</strong></span> <span class='ocrx_word' id='word_1_127' title='bbox 726 1692 837 1757; x_wconf 74' lang='lat' dir='ltr'><strong>Dei,</strong></span> <span class='ocrx_word' id='word_1_128' title='bbox 868 1707 1111 1757; x_wconf 79' lang='lat' dir='ltr'><strong>novaque</strong></span> <span class='ocrx_word' id='word_1_129' title='bbox 1144 1692 1196 1745; x_wconf 91' lang='lat' dir='ltr'><strong>in</strong></span> <span class='ocrx_word' id='word_1_130' title='bbox 1223 1691 1442 1746; x_wconf 76' lang='lat' dir='ltr'><strong>Christo</strong></span> <span class='ocrx_word' id='word_1_131' title='bbox 1461 1698 1728 1753; x_wconf 78' lang='lat' dir='ltr'><strong>creatura,</strong></span> <span class='ocrx_word' id='word_1_132' title='bbox 1753 1696 1804 1742; x_wconf 92' lang='lat' dir='ltr'><strong>et</strong></span> <span class='ocrx_word' id='word_1_133' title='bbox 1831 1702 2004 1741; x_wconf 83' lang='lat' dir='ltr'><strong>mem-</strong></span> 
     </span>
    </p>
   </div>
   <div class='ocr_carea' id='block_1_22' title="bbox 427 1759 2006 1828">
    <p class='ocr_par' dir='ltr' id='par_1_22' title="bbox 427 1759 2006 1828">
     <span class='ocr_line' id='line_1_22' title="bbox 427 1759 2006 1828; baseline -0.003 -14"><span class='ocrx_word' id='word_1_134' title='bbox 427 1760 582 1814; x_wconf 83' lang='lat' dir='ltr'><strong>brum</strong></span> <span class='ocrx_word' id='word_1_135' title='bbox 623 1762 751 1816; x_wconf 60' lang='lat' dir='ltr'><strong>novi</strong></span> <span class='ocrx_word' id='word_1_136' title='bbox 790 1763 979 1818; x_wconf 81' lang='lat' dir='ltr'><strong>Adam.</strong></span> <span class='ocrx_word' id='word_1_137' title='bbox 1011 1762 1367 1817; x_wconf 73' lang='lat' dir='ltr'><strong>Posteriorcm</strong></span> <span class='ocrx_word' id='word_1_138' title='bbox 1399 1762 1452 1815; x_wconf 89' lang='lat' dir='ltr'><strong>in</strong></span> <span class='ocrx_word' id='word_1_139' title='bbox 1485 1761 1751 1828; x_wconf 85' lang='lat' dir='ltr'><strong>baptismo</strong></span> <span class='ocrx_word' id='word_1_140' title='bbox 1792 1759 2006 1813; x_wconf 82' lang='lat' dir='ltr'><strong>contin-</strong></span> 
     </span>
    </p>
   </div>
   <div class='ocr_carea' id='block_1_23' title="bbox 426 1830 2082 1926">
    <p class='ocr_par' dir='ltr' id='par_1_23' title="bbox 426 1830 2082 1926">
     <span class='ocr_line' id='line_1_23' title="bbox 426 1830 2082 1926; baseline -0.001 -41"><span class='ocrx_word' id='word_1_141' title='bbox 426 1834 697 1916; x_wconf 28' lang='lat' dir='ltr'><strong>gereaqu‘i</strong></span> <span class='ocrx_word' id='word_1_142' title='bbox 727 1833 927 1889; x_wconf 65' lang='lat' dir='ltr'><strong>idcnco</strong></span> <span class='ocrx_word' id='word_1_143' title='bbox 956 1834 1405 1914; x_wconf 56' lang='lat' dir='ltr'><strong>regenerationis,</strong></span> <span class='ocrx_word' id='word_1_144' title='bbox 1454 1830 2007 1912; x_wconf 82' lang='lat' dir='ltr'><strong>renovationis,-pro-</strong></span> <span class='ocrx_word' id='word_1_145' title='bbox 2040 1868 2082 1926; x_wconf 75' lang='grc' dir='ltr'><strong>Β</strong></span> 
     </span>
    </p>
   </div>
   <div class='ocr_carea' id='block_1_24' title="bbox 427 1903 1863 1969">
    <p class='ocr_par' dir='ltr' id='par_1_24' title="bbox 427 1903 1863 1969">
     <span class='ocr_line' id='line_1_24' title="bbox 427 1903 1863 1969; baseline -0.003 -13"><span class='ocrx_word' id='word_1_146' title='bbox 427 1905 743 1969; x_wconf 72' lang='lat' dir='ltr'><strong>creatinnis,</strong></span> <span class='ocrx_word' id='word_1_147' title='bbox 779 1914 831 1959; x_wconf 91' lang='lat' dir='ltr'><strong>et</strong></span> <span class='ocrx_word' id='word_1_148' title='bbox 854 1920 1008 1959; x_wconf 72' lang='lat' dir='ltr'><strong>nova:</strong></span> <span class='ocrx_word' id='word_1_149' title='bbox 1044 1903 1341 1957; x_wconf 76' lang='lat' dir='ltr'><strong>nativitatis</strong></span> <span class='ocrx_word' id='word_1_150' title='bbox 1372 1903 1590 1955; x_wconf 81' lang='lat' dir='ltr'><strong>nomine</strong></span> <span class='ocrx_word' id='word_1_151' title='bbox 1622 1908 1863 1953; x_wconf 85' lang='lat' dir='ltr'><strong>vocetur.</strong></span> 
     </span>
    </p>
   </div>
   <div class='ocr_carea' id='block_1_25' title="bbox 507 1970 2009 2043">
    <p class='ocr_par' dir='ltr' id='par_1_25' title="bbox 507 1970 2009 2043">
     <span class='ocr_line' id='line_1_25' title="bbox 507 1970 2009 2043; baseline -0.003 -16"><span class='ocrx_word' id='word_1_152' title='bbox 507 1974 582 2027; x_wconf 76' lang='lat' dir='ltr'><strong>Ad</strong></span> <span class='ocrx_word' id='word_1_153' title='bbox 628 1986 872 2043; x_wconf 78' lang='lat' dir='ltr'><strong>quartam</strong></span> <span class='ocrx_word' id='word_1_154' title='bbox 901 2016 916 2036; x_wconf 85' lang='lat'><strong>.</strong></span> <span class='ocrx_word' id='word_1_155' title='bbox 960 1973 1198 2029; x_wconf 80' lang='lat' dir='ltr'><strong>confessi</strong></span> <span class='ocrx_word' id='word_1_156' title='bbox 1242 1982 1367 2027; x_wconf 90' lang='lat' dir='ltr'><strong>sunt</strong></span> <span class='ocrx_word' id='word_1_157' title='bbox 1412 1986 1507 2028; x_wconf 86' lang='lat' dir='ltr'><strong>eos</strong></span> <span class='ocrx_word' id='word_1_158' title='bbox 1540 1970 1643 2043; x_wconf 79' lang='lat' dir='ltr'><strong>qui</strong></span> <span class='ocrx_word' id='word_1_159' title='bbox 1678 1970 2009 2043; x_wconf 78' lang='lat' dir='ltr'><strong>baptismum</strong></span> 
     </span>
    </p>
   </div>
   <div class='ocr_carea' id='block_1_26' title="bbox 430 2040 2011 2114">
    <p class='ocr_par' dir='ltr' id='par_1_26' title="bbox 430 2040 2011 2114">
     <span class='ocr_line' id='line_1_26' title="bbox 430 2040 2011 2114; baseline -0.003 -15"><span class='ocrx_word' id='word_1_160' title='bbox 430 2040 760 2114; x_wconf 70' lang='lat' dir='ltr'><strong>percipiunt,</strong></span> <span class='ocrx_word' id='word_1_161' title='bbox 815 2044 1208 2112; x_wconf 82' lang='lat' dir='ltr'><strong>complantatos</strong></span> <span class='ocrx_word' id='word_1_162' title='bbox 1264 2044 1382 2099; x_wconf 76' lang='lat' dir='ltr'><strong>ﬁeri</strong></span> <span class='ocrx_word' id='word_1_163' title='bbox 1432 2040 1770 2097; x_wconf 87' lang='lat' dir='ltr'><strong>similitudini</strong></span> <span class='ocrx_word' id='word_1_164' title='bbox 1821 2042 2011 2095; x_wconf 76' lang='lat' dir='ltr'><strong>mortis</strong></span> 
     </span>
    </p>
   </div>
   <div class='ocr_carea' id='block_1_27' title="bbox 429 2115 2014 2182">
    <p class='ocr_par' dir='ltr' id='par_1_27' title="bbox 429 2115 2014 2182">
     <span class='ocr_line' id='line_1_27' title="bbox 429 2115 2014 2182; baseline -0.003 -14"><span class='ocrx_word' id='word_1_165' title='bbox 429 2115 655 2179; x_wconf 61' lang='lat' dir='ltr'><strong>Christi,</strong></span> <span class='ocrx_word' id='word_1_166' title='bbox 696 2132 801 2170; x_wconf 84' lang='lat' dir='ltr'><strong>non</strong></span> <span class='ocrx_word' id='word_1_167' title='bbox 834 2126 1011 2171; x_wconf 89' lang='lat' dir='ltr'><strong>tamen</strong></span> <span class='ocrx_word' id='word_1_168' title='bbox 1040 2117 1134 2178; x_wconf 89' lang='lat' dir='ltr'><strong>ita,</strong></span> <span class='ocrx_word' id='word_1_169' title='bbox 1164 2125 1222 2170; x_wconf 91' lang='lat' dir='ltr'><strong>ut</strong></span> <span class='ocrx_word' id='word_1_170' title='bbox 1246 2129 1435 2170; x_wconf 89' lang='lat' dir='ltr'><strong>omnes</strong></span> <span class='ocrx_word' id='word_1_171' title='bbox 1472 2115 1766 2167; x_wconf 83' lang='lat' dir='ltr'><strong>moriantur</strong></span> <span class='ocrx_word' id='word_1_172' title='bbox 1796 2120 2014 2182; x_wconf 80' lang='lat' dir='ltr'><strong>propter</strong></span> 
     </span>
    </p>
   </div>
   <div class='ocr_carea' id='block_1_28' title="bbox 431 2186 2015 2256">
    <p class='ocr_par' dir='ltr' id='par_1_28' title="bbox 431 2186 2015 2256">
     <span class='ocr_line' id='line_1_28' title="bbox 431 2186 2015 2256; baseline -0.001 -18"><span class='ocrx_word' id='word_1_173' title='bbox 431 2194 749 2256; x_wconf 73' lang='lat' dir='ltr'><strong>peccatum,</strong></span> <span class='ocrx_word' id='word_1_174' title='bbox 779 2188 919 2243; x_wconf 81' lang='lat' dir='ltr'><strong>sicut</strong></span> <span class='ocrx_word' id='word_1_175' title='bbox 946 2186 1225 2251; x_wconf 78' lang='lat' dir='ltr'><strong>Christus;</strong></span> <span class='ocrx_word' id='word_1_176' title='bbox 1253 2187 1346 2241; x_wconf 90' lang='lat' dir='ltr'><strong>sed</strong></span> <span class='ocrx_word' id='word_1_177' title='bbox 1388 2196 1444 2239; x_wconf 92' lang='lat' dir='ltr'><strong>ut</strong></span> <span class='ocrx_word' id='word_1_178' title='bbox 1483 2187 1895 2256; x_wconf 7' lang='lat' dir='ltr'><strong>cunctietautum</strong></span> <span class='ocrx_word' id='word_1_179' title='bbox 1926 2199 2015 2236; x_wconf 84' lang='lat' dir='ltr'><strong>re-</strong></span> 
     </span>
    </p>
   </div>
   <div class='ocr_carea' id='block_1_29' title="bbox 432 2254 2009 2323">
    <p class='ocr_par' dir='ltr' id='par_1_29' title="bbox 432 2254 2009 2323">
     <span class='ocr_line' id='line_1_29' title="bbox 432 2254 2009 2323; baseline -0.002 -14"><span class='ocrx_word' id='word_1_180' title='bbox 432 2254 781 2312; x_wconf 68' lang='lat' dir='ltr'><strong>stirrectionis</strong></span> <span class='ocrx_word' id='word_1_181' title='bbox 827 2258 1024 2313; x_wconf 80' lang='lat' dir='ltr'><strong>Christi</strong></span> <span class='ocrx_word' id='word_1_182' title='bbox 1052 2256 1364 2312; x_wconf 72' lang='lat' dir='ltr'><strong>cohrcredes</strong></span> <span class='ocrx_word' id='word_1_183' title='bbox 1396 2257 1546 2309; x_wconf 76' lang='lat' dir='ltr'><strong>fiant.</strong></span> <span class='ocrx_word' id='word_1_184' title='bbox 1588 2254 1753 2323; x_wconf 80' lang='lat' dir='ltr'><strong>l‘lujus</strong></span> <span class='ocrx_word' id='word_1_185' title='bbox 1792 2262 2009 2308; x_wconf 83' lang='lat' dir='ltr'><strong>senten-</strong></span> 
     </span>
    </p>
   </div>
   <div class='ocr_carea' id='block_1_30' title="bbox 2104 556 3689 631">
    <p class='ocr_par' dir='ltr' id='par_1_30' title="bbox 2104 556 3689 631">
     <span class='ocr_line' id='line_1_30' title="bbox 2104 556 3689 631; baseline 0.008 -26"><span class='ocrx_word' id='word_1_186' title='bbox 2104 556 2585 631; x_wconf 78' lang='lat' dir='ltr'><strong>demonstrandum</strong></span> <span class='ocrx_word' id='word_1_187' title='bbox 2621 559 3019 631; x_wconf 12' lang='lat' dir='ltr'><strong>vitiatamresse</strong></span> <span class='ocrx_word' id='word_1_188' title='bbox 3041 569 3267 627; x_wconf 83' lang='lat' dir='ltr'><strong>peccato</strong></span> <span class='ocrx_word' id='word_1_189' title='bbox 3297 561 3349 614; x_wconf 88' lang='lat' dir='ltr'><strong>in</strong></span> <span class='ocrx_word' id='word_1_190' title='bbox 3372 562 3503 631; x_wconf 85' lang='lat' dir='ltr'><strong>ipsis</strong></span> <span class='ocrx_word' id='word_1_191' title='bbox 3529 556 3689 618; x_wconf 88' lang='lat' dir='ltr'><strong>etiam</strong></span> 
     </span>
    </p>
   </div>
   <div class='ocr_carea' id='block_1_31' title="bbox 2104 627 3292 694">
    <p class='ocr_par' dir='ltr' id='par_1_31' title="bbox 2104 627 3292 694">
     <span class='ocr_line' id='line_1_31' title="bbox 2104 627 3292 694; baseline 0.003 -14"><span class='ocrx_word' id='word_1_192' title='bbox 2104 628 2424 694; x_wconf 72' lang='lat' dir='ltr'><strong>expertibus</strong></span> <span class='ocrx_word' id='word_1_193' title='bbox 2456 627 2677 681; x_wconf 84' lang='lat' dir='ltr'><strong>rationis</strong></span> <span class='ocrx_word' id='word_1_194' title='bbox 2700 628 2992 683; x_wconf 81' lang='lat' dir='ltr'><strong>infantibus</strong></span> <span class='ocrx_word' id='word_1_195' title='bbox 3023 642 3292 684; x_wconf 84' lang='lat' dir='ltr'><strong>naturam.</strong></span> 
     </span>
    </p>
   </div>
   <div class='ocr_carea' id='block_1_32' title="bbox 2177 697 3688 770">
    <p class='ocr_par' dir='ltr' id='par_1_32' title="bbox 2177 697 3688 770">
     <span class='ocr_line' id='line_1_32' title="bbox 2177 697 3688 770; baseline 0.003 -21"><span class='ocrx_word' id='word_1_196' title='bbox 2177 697 2419 770; x_wconf 78' lang='lat' dir='ltr'><strong>Alterum</strong></span> <span class='ocrx_word' id='word_1_197' title='bbox 2451 699 2655 751; x_wconf 78' lang='lat' dir='ltr'><strong>invenit</strong></span> <span class='ocrx_word' id='word_1_198' title='bbox 2684 703 3032 768; x_wconf 84' lang='lat' dir='ltr'><strong>Augustinus,</strong></span> <span class='ocrx_word' id='word_1_199' title='bbox 3068 702 3209 768; x_wconf 89' lang='lat' dir='ltr'><strong>quod</strong></span> <span class='ocrx_word' id='word_1_200' title='bbox 3243 701 3455 770; x_wconf 78' lang='lat' dir='ltr'><strong>opinor,</strong></span> <span class='ocrx_word' id='word_1_201' title='bbox 3486 702 3688 757; x_wconf 69' lang='lat' dir='ltr'><strong>Merca-</strong></span> 
     </span>
    </p>
   </div>
   <div class='ocr_carea' id='block_1_33' title="bbox 2103 767 3691 837">
    <p class='ocr_par' dir='ltr' id='par_1_33' title="bbox 2103 767 3691 837">
     <span class='ocr_line' id='line_1_33' title="bbox 2103 767 3691 837; baseline 0.003 -20"><span class='ocrx_word' id='word_1_202' title='bbox 2103 775 2296 833; x_wconf 88' lang='lat' dir='ltr'><strong>torem,</strong></span> <span class='ocrx_word' id='word_1_203' title='bbox 2332 767 2755 837; x_wconf 79' lang='lat' dir='ltr'><strong>llypognostcm,</strong></span> <span class='ocrx_word' id='word_1_204' title='bbox 2777 767 2855 824; x_wconf 15' lang='lat' dir='ltr'><strong>iet</strong></span> <span class='ocrx_word' id='word_1_205' title='bbox 2884 767 3156 825; x_wconf 84' lang='lat' dir='ltr'><strong>auctorem</strong></span> <span class='ocrx_word' id='word_1_206' title='bbox 3201 767 3458 826; x_wconf 82' lang='lat' dir='ltr'><strong>libi-orum</strong></span> <span class='ocrx_word' id='word_1_207' title='bbox 3486 775 3554 827; x_wconf 86' lang='lat' dir='ltr'><strong>de</strong></span> <span class='ocrx_word' id='word_1_208' title='bbox 3588 773 3691 827; x_wconf 75' lang='lat' dir='ltr'><strong>Vo.</strong></span> 
     </span>
    </p>
   </div>
   <div class='ocr_carea' id='block_1_34' title="bbox 2104 838 3689 911">
    <p class='ocr_par' dir='ltr' id='par_1_34' title="bbox 2104 838 3689 911">
     <span class='ocr_line' id='line_1_34' title="bbox 2104 838 3689 911; baseline 0.008 -23"><span class='ocrx_word' id='word_1_209' title='bbox 2104 839 2315 911; x_wconf 65' lang='lat' dir='ltr'><strong>eatiotie</strong></span> <span class='ocrx_word' id='word_1_210' title='bbox 2337 838 2586 911; x_wconf 78' lang='lat' dir='ltr'><strong>Gentium</strong></span> <span class='ocrx_word' id='word_1_211' title='bbox 2612 838 2817 911; x_wconf 83' lang='lat' dir='ltr'><strong>docuit,</strong></span> <span class='ocrx_word' id='word_1_212' title='bbox 2866 842 3117 911; x_wconf 77' lang='lat' dir='ltr'><strong>quodque</strong></span> <span class='ocrx_word' id='word_1_213' title='bbox 3141 842 3312 897; x_wconf 68' lang='lat' dir='ltr'><strong>hausit</strong></span> <span class='ocrx_word' id='word_1_214' title='bbox 3336 859 3399 897; x_wconf 83' lang='lat' dir='ltr'><strong>cx</strong></span> <span class='ocrx_word' id='word_1_215' title='bbox 3419 846 3594 911; x_wconf 81' lang='lat' dir='ltr'><strong>capite</strong></span> <span class='ocrx_word' id='word_1_216' title='bbox 3625 861 3689 902; x_wconf 69' lang='lat' dir='ltr'><strong>at.</strong></span> 
     </span>
    </p>
   </div>
   <div class='ocr_carea' id='block_1_35' title="bbox 2105 907 3687 985">
    <p class='ocr_par' dir='ltr' id='par_1_35' title="bbox 2105 907 3687 985">
     <span class='ocr_line' id='line_1_35' title="bbox 2105 907 3687 985; baseline 0.004 -24"><span class='ocrx_word' id='word_1_217' title='bbox 2105 907 2476 985; x_wconf 67' lang='lat' dir='ltr'><strong>Ecclesiastici</strong></span> <span class='ocrx_word' id='word_1_218' title='bbox 2508 909 2747 985; x_wconf 58' lang='lat' dir='ltr'><strong>dicentis</strong></span> <span class='ocrx_word' id='word_1_219' title='bbox 2788 907 3097 985; x_wconf 76' lang='lat' dir='ltr'><strong>impositum</strong></span> <span class='ocrx_word' id='word_1_220' title='bbox 3144 928 3266 968; x_wconf 73' lang='lat' dir='ltr'><strong>e~se</strong></span> <span class='ocrx_word' id='word_1_221' title='bbox 3306 907 3499 985; x_wconf 76' lang='lat' dir='ltr'><strong>juguni</strong></span> <span class='ocrx_word' id='word_1_222' title='bbox 3541 931 3687 984; x_wconf 69' lang='lat' dir='ltr'><strong>grate</strong></span> 
     </span>
    </p>
   </div>
   <div class='ocr_carea' id='block_1_36' title="bbox 2103 980 3686 1047">
    <p class='ocr_par' dir='ltr' id='par_1_36' title="bbox 2103 980 3686 1047">
     <span class='ocr_line' id='line_1_36' title="bbox 2103 980 3686 1047; baseline 0.004 -16"><span class='ocrx_word' id='word_1_223' title='bbox 2103 996 2259 1046; x_wconf 82' lang='lat' dir='ltr'><strong>super</strong></span> <span class='ocrx_word' id='word_1_224' title='bbox 2287 980 2422 1047; x_wconf 81' lang='lat' dir='ltr'><strong>ﬁlios</strong></span> <span class='ocrx_word' id='word_1_225' title='bbox 2444 981 2609 1032; x_wconf 80' lang='lat' dir='ltr'><strong>Adam</strong></span> <span class='ocrx_word' id='word_1_226' title='bbox 2637 1000 2667 1032; x_wconf 81' lang='grc' dir='ltr'><strong><em>η</em></strong></span> <span class='ocrx_word' id='word_1_227' title='bbox 2695 981 2778 1035; x_wconf 87' lang='lat' dir='ltr'><strong>die</strong></span> <span class='ocrx_word' id='word_1_228' title='bbox 2804 984 2971 1035; x_wconf 76' lang='lat' dir='ltr'><strong>exitus</strong></span> <span class='ocrx_word' id='word_1_229' title='bbox 3000 984 3063 1036; x_wconf 89' lang='lat' dir='ltr'><strong>de</strong></span> <span class='ocrx_word' id='word_1_230' title='bbox 3087 995 3256 1037; x_wconf 79' lang='lat' dir='ltr'><strong>ventre</strong></span> <span class='ocrx_word' id='word_1_231' title='bbox 3285 980 3459 1038; x_wconf 68' lang='lat' dir='ltr'><strong>titan-is</strong></span> <span class='ocrx_word' id='word_1_232' title='bbox 3489 980 3686 1046; x_wconf 76' lang='lat' dir='ltr'><strong>eorum,</strong></span> 
     </span>
    </p>
   </div>
   <div class='ocr_carea' id='block_1_37' title="bbox 2103 1051 3691 1122">
    <p class='ocr_par' dir='ltr' id='par_1_37' title="bbox 2103 1051 3691 1122">
     <span class='ocr_line' id='line_1_37' title="bbox 2103 1051 3691 1122; baseline 0.006 -21"><span class='ocrx_word' id='word_1_233' title='bbox 2103 1066 2265 1117; x_wconf 84' lang='lat' dir='ltr'><strong>usque</strong></span> <span class='ocrx_word' id='word_1_234' title='bbox 2290 1052 2344 1122; x_wconf 89' lang='lat' dir='ltr'><strong>in</strong></span> <span class='ocrx_word' id='word_1_235' title='bbox 2364 1051 2498 1103; x_wconf 89' lang='lat' dir='ltr'><strong>diem</strong></span> <span class='ocrx_word' id='word_1_236' title='bbox 2522 1052 2799 1117; x_wconf 64' lang='lat' dir='ltr'><strong>sepulturae</strong></span> <span class='ocrx_word' id='word_1_237' title='bbox 2837 1055 2891 1105; x_wconf 90' lang='lat' dir='ltr'><strong>in</strong></span> <span class='ocrx_word' id='word_1_238' title='bbox 2932 1065 3144 1107; x_wconf 82' lang='lat' dir='ltr'><strong>matrem</strong></span> <span class='ocrx_word' id='word_1_239' title='bbox 3174 1057 3418 1111; x_wconf 86' lang='lat' dir='ltr'><strong>omnium.</strong></span> <span class='ocrx_word' id='word_1_240' title='bbox 3447 1056 3599 1122; x_wconf 86' lang='lat' dir='ltr'><strong>Quod</strong></span> <span class='ocrx_word' id='word_1_241' title='bbox 3636 1059 3691 1111; x_wconf 89' lang='lat' dir='ltr'><strong>iu</strong></span> 
     </span>
    </p>
   </div>
   <div class='ocr_carea' id='block_1_38' title="bbox 2107 1121 3687 1197">
    <p class='ocr_par' dir='ltr' id='par_1_38' title="bbox 2107 1121 3687 1197">
     <span class='ocr_line' id='line_1_38' title="bbox 2107 1121 3687 1197; baseline 0.006 -27"><span class='ocrx_word' id='word_1_242' title='bbox 2107 1121 2347 1197; x_wconf 80' lang='lat' dir='ltr'><strong>parvulis</strong></span> <span class='ocrx_word' id='word_1_243' title='bbox 2391 1136 2673 1197; x_wconf 62' lang='lat' dir='ltr'><strong>exponens</strong></span> <span class='ocrx_word' id='word_1_244' title='bbox 2704 1123 2909 1197; x_wconf 82' lang='lat' dir='ltr'><strong>(Epist.</strong></span> <span class='ocrx_word' id='word_1_245' title='bbox 2933 1126 3058 1197; x_wconf 14' lang='lat'><strong>1,68)</strong></span> <span class='ocrx_word' id='word_1_246' title='bbox 3086 1143 3097 1177; x_wconf 90' lang='lat'>:</span> <span class='ocrx_word' id='word_1_247' title='bbox 3146 1121 3543 1197; x_wconf 81' lang='lat' dir='ltr'><strong>Langueseunt,</strong></span> <span class='ocrx_word' id='word_1_248' title='bbox 3577 1127 3687 1194; x_wconf 88' lang='lat' dir='ltr'><strong>ait,</strong></span> 
     </span>
    </p>
   </div>
   <div class='ocr_carea' id='block_1_39' title="bbox 2105 1191 3691 1266">
    <p class='ocr_par' dir='ltr' id='par_1_39' title="bbox 2105 1191 3691 1266">
     <span class='ocr_line' id='line_1_39' title="bbox 2105 1191 3691 1266; baseline 0.005 -25"><span class='ocrx_word' id='word_1_249' title='bbox 2105 1191 2517 1266; x_wconf 70' lang='lat' dir='ltr'><strong>tegritudinibus,</strong></span> <span class='ocrx_word' id='word_1_250' title='bbox 2547 1191 2850 1262; x_wconf 86' lang='lat' dir='ltr'><strong>torquentur</strong></span> <span class='ocrx_word' id='word_1_251' title='bbox 2878 1191 3162 1260; x_wconf 74' lang='lat' dir='ltr'><strong>doloribus,</strong></span> <span class='ocrx_word' id='word_1_252' title='bbox 3202 1191 3337 1266; x_wconf 78' lang='lat' dir='ltr'><strong>fame</strong></span> <span class='ocrx_word' id='word_1_253' title='bbox 3365 1206 3412 1251; x_wconf 87' lang='lat' dir='ltr'><strong>et</strong></span> <span class='ocrx_word' id='word_1_254' title='bbox 3458 1191 3543 1251; x_wconf 85' lang='lat' dir='ltr'><strong>siti</strong></span> <span class='ocrx_word' id='word_1_255' title='bbox 3572 1191 3691 1251; x_wconf 55' lang='lat' dir='ltr'><strong>crni-</strong></span> 
     </span>
    </p>
   </div>
   <div class='ocr_carea' id='block_1_40' title="bbox 2106 1262 3683 1338">
    <p class='ocr_par' dir='ltr' id='par_1_40' title="bbox 2106 1262 3683 1338">
     <span class='ocr_line' id='line_1_40' title="bbox 2106 1262 3683 1338; baseline 0.005 -25"><span class='ocrx_word' id='word_1_256' title='bbox 2106 1263 2327 1338; x_wconf 76' lang='lat' dir='ltr'><strong>eiantur,</strong></span> <span class='ocrx_word' id='word_1_257' title='bbox 2365 1262 2695 1338; x_wconf 67' lang='lat' dir='ltr'><strong>debilitantur</strong></span> <span class='ocrx_word' id='word_1_258' title='bbox 2732 1267 2988 1329; x_wconf 81' lang='lat' dir='ltr'><strong>membris,</strong></span> <span class='ocrx_word' id='word_1_259' title='bbox 3023 1262 3291 1338; x_wconf 73' lang='lat' dir='ltr'><strong>privamur</strong></span> <span class='ocrx_word' id='word_1_260' title='bbox 3319 1269 3571 1332; x_wconf 81' lang='lat' dir='ltr'><strong>sensibus,</strong></span> <span class='ocrx_word' id='word_1_261' title='bbox 3612 1271 3683 1321; x_wconf 86' lang='lat' dir='ltr'><strong>in-</strong></span> 
     </span>
    </p>
   </div>
   <div class='ocr_carea' id='block_1_41' title="bbox 2106 1333 3692 1404">
    <p class='ocr_par' dir='ltr' id='par_1_41' title="bbox 2106 1333 3692 1404">
     <span class='ocr_line' id='line_1_41' title="bbox 2106 1333 3692 1404; baseline 0.006 -21"><span class='ocrx_word' id='word_1_262' title='bbox 2106 1335 2357 1400; x_wconf 72' lang='lat' dir='ltr'><strong>festantur</strong></span> <span class='ocrx_word' id='word_1_263' title='bbox 2380 1333 2775 1399; x_wconf 77' lang='lat' dir='ltr'><strong>adtvmonibus,</strong></span> <span class='ocrx_word' id='word_1_264' title='bbox 2807 1345 2952 1401; x_wconf 85' lang='lat' dir='ltr'><strong>etc.;</strong></span> <span class='ocrx_word' id='word_1_265' title='bbox 2999 1333 3257 1404; x_wconf 80' lang='lat' dir='ltr'><strong>quomodo</strong></span> <span class='ocrx_word' id='word_1_266' title='bbox 3304 1338 3401 1391; x_wconf 80' lang='lat' dir='ltr'><strong>ista</strong></span> <span class='ocrx_word' id='word_1_267' title='bbox 3436 1356 3546 1392; x_wconf 82' lang='lat' dir='ltr'><strong>sine</strong></span> <span class='ocrx_word' id='word_1_268' title='bbox 3586 1340 3692 1392; x_wconf 85' lang='lat' dir='ltr'><strong>ulla</strong></span> 
     </span>
    </p>
   </div>
   <div class='ocr_carea' id='block_1_42' title="bbox 2106 1405 3683 1480">
    <p class='ocr_par' dir='ltr' id='par_1_42' title="bbox 2106 1405 3683 1480">
     <span class='ocr_line' id='line_1_42' title="bbox 2106 1405 3683 1480; baseline 0.006 -27"><span class='ocrx_word' id='word_1_269' title='bbox 2106 1419 2201 1480; x_wconf 62' lang='lat' dir='ltr'><strong>sua</strong></span> <span class='ocrx_word' id='word_1_270' title='bbox 2222 1405 2688 1480; x_wconf 64' lang='lat' dir='ltr'><strong>metaeanmjuste</strong></span> <span class='ocrx_word' id='word_1_271' title='bbox 2709 1408 3012 1480; x_wconf 63' lang='lat' dir='ltr'><strong>patiuntur?</strong></span> <span class='ocrx_word' id='word_1_272' title='bbox 3043 1409 3107 1461; x_wconf 88' lang='lat' dir='ltr'><strong>Et</strong></span> <span class='ocrx_word' id='word_1_273' title='bbox 3128 1408 3237 1461; x_wconf 86' lang='lat' dir='ltr'><strong>alio</strong></span> <span class='ocrx_word' id='word_1_274' title='bbox 3269 1409 3323 1461; x_wconf 95' lang='lat' dir='ltr'><strong>in</strong></span> <span class='ocrx_word' id='word_1_275' title='bbox 3355 1410 3473 1463; x_wconf 87' lang='lat' dir='ltr'><strong>loco</strong></span> <span class='ocrx_word' id='word_1_276' title='bbox 3499 1408 3683 1480; x_wconf 82' lang='lat' dir='ltr'><strong>(Oper.</strong></span> 
     </span>
    </p>
   </div>
   <div class='ocr_carea' id='block_1_43' title="bbox 2110 1471 3689 1550">
    <p class='ocr_par' dir='ltr' id='par_1_43' title="bbox 2110 1471 3689 1550">
     <span class='ocr_line' id='line_1_43' title="bbox 2110 1471 3689 1550; baseline 0.003 -25"><span class='ocrx_word' id='word_1_277' title='bbox 2110 1471 2325 1550; x_wconf 76' lang='lat' dir='ltr'><strong>Imperi.</strong></span> <span class='ocrx_word' id='word_1_278' title='bbox 2355 1474 2441 1526; x_wconf 86' lang='lat' dir='ltr'><strong>lib.</strong></span> <span class='ocrx_word' id='word_1_279' title='bbox 2472 1490 2488 1529; x_wconf 86' lang='grc' dir='ltr'><strong>ι</strong></span> <span class='ocrx_word' id='word_1_280' title='bbox 2532 1471 2577 1528; x_wconf 75' lang='grc' dir='ltr'><strong>ἐ.</strong></span> <span class='ocrx_word' id='word_1_281' title='bbox 2614 1471 2755 1550; x_wconf 65' lang='lat'><strong>50);</strong></span> <span class='ocrx_word' id='word_1_282' title='bbox 2796 1476 2858 1532; x_wconf 90' lang='lat' dir='ltr'><strong>Si</strong></span> <span class='ocrx_word' id='word_1_283' title='bbox 2892 1478 2981 1530; x_wconf 83' lang='lat' dir='ltr'><strong>tibi</strong></span> <span class='ocrx_word' id='word_1_284' title='bbox 3019 1479 3188 1550; x_wconf 79' lang='lat' dir='ltr'><strong>placet</strong></span> <span class='ocrx_word' id='word_1_285' title='bbox 3232 1471 3527 1533; x_wconf 78' lang='lat' dir='ltr'><strong>innocentia</strong></span> <span class='ocrx_word' id='word_1_286' title='bbox 3569 1471 3689 1546; x_wconf 80' lang='lat' dir='ltr'><strong>par-</strong></span> 
     </span>
    </p>
   </div>
   <div class='ocr_carea' id='block_1_44' title="bbox 2108 1546 3687 1620">
    <p class='ocr_par' dir='ltr' id='par_1_44' title="bbox 2108 1546 3687 1620">
     <span class='ocr_line' id='line_1_44' title="bbox 2108 1546 3687 1620; baseline 0.005 -25"><span class='ocrx_word' id='word_1_287' title='bbox 2108 1548 2365 1620; x_wconf 69' lang='lat' dir='ltr'><strong>culorum,</strong></span> <span class='ocrx_word' id='word_1_288' title='bbox 2394 1561 2594 1620; x_wconf 79' lang='lat' dir='ltr'><strong>remere</strong></span> <span class='ocrx_word' id='word_1_289' title='bbox 2621 1546 2684 1599; x_wconf 92' lang='lat' dir='ltr'><strong>ab</strong></span> <span class='ocrx_word' id='word_1_290' title='bbox 2709 1548 2803 1620; x_wconf 72' lang='lat' dir='ltr'><strong>eis,</strong></span> <span class='ocrx_word' id='word_1_291' title='bbox 2822 1550 2867 1600; x_wconf 87' lang='lat' dir='ltr'><strong>si</strong></span> <span class='ocrx_word' id='word_1_292' title='bbox 2884 1546 3043 1619; x_wconf 76' lang='lat' dir='ltr'><strong>potes,</strong></span> <span class='ocrx_word' id='word_1_293' title='bbox 3070 1567 3220 1619; x_wconf 80' lang='lat' dir='ltr'><strong>grave</strong></span> <span class='ocrx_word' id='word_1_294' title='bbox 3242 1554 3429 1620; x_wconf 86' lang='lat' dir='ltr'><strong>jugum</strong></span> <span class='ocrx_word' id='word_1_295' title='bbox 3454 1554 3592 1619; x_wconf 85' lang='lat' dir='ltr'><strong>quod</strong></span> <span class='ocrx_word' id='word_1_296' title='bbox 3612 1561 3687 1603; x_wconf 85' lang='lat' dir='ltr'><strong>est</strong></span> 
     </span>
    </p>
   </div>
   <div class='ocr_carea' id='block_1_45' title="bbox 2107 1614 3691 1687">
    <p class='ocr_par' dir='ltr' id='par_1_45' title="bbox 2107 1614 3691 1687">
     <span class='ocr_line' id='line_1_45' title="bbox 2107 1614 3691 1687; baseline 0.004 -20"><span class='ocrx_word' id='word_1_297' title='bbox 2107 1630 2260 1687; x_wconf 81' lang='lat' dir='ltr'><strong>super</strong></span> <span class='ocrx_word' id='word_1_298' title='bbox 2281 1614 2418 1685; x_wconf 72' lang='lat' dir='ltr'><strong>ﬁlios</strong></span> <span class='ocrx_word' id='word_1_299' title='bbox 2446 1616 2611 1687; x_wconf 78' lang='lat' dir='ltr'><strong>Adam</strong></span> <span class='ocrx_word' id='word_1_300' title='bbox 2640 1633 2671 1668; x_wconf 92' lang='lat' dir='ltr'><strong>a</strong></span> <span class='ocrx_word' id='word_1_301' title='bbox 2692 1618 2776 1672; x_wconf 89' lang='lat' dir='ltr'><strong>die</strong></span> <span class='ocrx_word' id='word_1_302' title='bbox 2802 1614 2970 1674; x_wconf 73' lang='lat' dir='ltr'><strong>exitus</strong></span> <span class='ocrx_word' id='word_1_303' title='bbox 2991 1621 3054 1674; x_wconf 90' lang='lat' dir='ltr'><strong>de</strong></span> <span class='ocrx_word' id='word_1_304' title='bbox 3071 1614 3447 1674; x_wconf 51' lang='lat' dir='ltr'><strong>centre&#39;m&#39;atris</strong></span> <span class='ocrx_word' id='word_1_305' title='bbox 3466 1614 3691 1687; x_wconf 71' lang='lat' dir='ltr'><strong>eorum;</strong></span> 
     </span>
    </p>
   </div>
   <div class='ocr_carea' id='block_1_46' title="bbox 2106 1684 3686 1758">
    <p class='ocr_par' dir='ltr' id='par_1_46' title="bbox 2106 1684 3686 1758">
     <span class='ocr_line' id='line_1_46' title="bbox 2106 1684 3686 1758; baseline 0.003 -20"><span class='ocrx_word' id='word_1_306' title='bbox 2106 1684 2195 1738; x_wconf 84' lang='lat' dir='ltr'><strong>sed</strong></span> <span class='ocrx_word' id='word_1_307' title='bbox 2225 1696 2347 1754; x_wconf 84' lang='lat' dir='ltr'><strong>puto</strong></span> <span class='ocrx_word' id='word_1_308' title='bbox 2367 1692 2502 1754; x_wconf 87' lang='lat' dir='ltr'><strong>quod</strong></span> <span class='ocrx_word' id='word_1_309' title='bbox 2533 1686 2825 1758; x_wconf 72' lang='lat' dir='ltr'><strong>Scriptura,</strong></span> <span class='ocrx_word' id='word_1_310' title='bbox 2853 1706 2965 1756; x_wconf 68' lang='lat' dir='ltr'><strong>quis</strong></span> <span class='ocrx_word' id='word_1_311' title='bbox 2992 1690 3089 1744; x_wconf 84' lang='lat' dir='ltr'><strong>hoc</strong></span> <span class='ocrx_word' id='word_1_312' title='bbox 3118 1692 3268 1751; x_wconf 74' lang='lat' dir='ltr'><strong>dixit,</strong></span> <span class='ocrx_word' id='word_1_313' title='bbox 3296 1690 3479 1744; x_wconf 72' lang='lat' dir='ltr'><strong>melius</strong></span> <span class='ocrx_word' id='word_1_314' title='bbox 3512 1700 3561 1742; x_wconf 89' lang='lat' dir='ltr'><strong>te</strong></span> <span class='ocrx_word' id='word_1_315' title='bbox 3588 1684 3686 1743; x_wconf 55' lang='lat' dir='ltr'><strong>no;</strong></span> 
     </span>
    </p>
   </div>
   <div class='ocr_carea' id='block_1_47' title="bbox 2109 1758 3695 1832">
    <p class='ocr_par' dir='ltr' id='par_1_47' title="bbox 2109 1758 3695 1832">
     <span class='ocr_line' id='line_1_47' title="bbox 2109 1758 3695 1832; baseline 0.007 -26"><span class='ocrx_word' id='word_1_316' title='bbox 2109 1765 2248 1832; x_wconf 79' lang='lat' dir='ltr'><strong>eerat</strong></span> <span class='ocrx_word' id='word_1_317' title='bbox 2291 1758 2414 1832; x_wconf 79' lang='lat' dir='ltr'><strong>quid</strong></span> <span class='ocrx_word' id='word_1_318' title='bbox 2450 1769 2579 1832; x_wconf 76' lang='lat' dir='ltr'><strong>esset</strong></span> <span class='ocrx_word' id='word_1_319' title='bbox 2613 1759 2899 1814; x_wconf 88' lang='lat' dir='ltr'><strong>innocentia</strong></span> <span class='ocrx_word' id='word_1_320' title='bbox 2928 1774 3196 1828; x_wconf 60' lang='lat' dir='ltr'><strong>creaturat,</strong></span> <span class='ocrx_word' id='word_1_321' title='bbox 3245 1772 3292 1816; x_wconf 90' lang='lat' dir='ltr'><strong>et</strong></span> <span class='ocrx_word' id='word_1_322' title='bbox 3332 1762 3456 1829; x_wconf 88' lang='lat' dir='ltr'><strong>quid</strong></span> <span class='ocrx_word' id='word_1_323' title='bbox 3486 1764 3695 1832; x_wconf 84' lang='lat' dir='ltr'><strong>justitia</strong></span> 
     </span>
    </p>
   </div>
   <div class='ocr_carea' id='block_1_48' title="bbox 2112 1826 3694 1899">
    <p class='ocr_par' dir='ltr' id='par_1_48' title="bbox 2112 1826 3694 1899">
     <span class='ocr_line' id='line_1_48' title="bbox 2112 1826 3694 1899; baseline 0.005 -21"><span class='ocrx_word' id='word_1_324' title='bbox 2112 1826 2546 1899; x_wconf 82' lang='lat' dir='ltr'><strong>Creatoris:qnis</strong></span> <span class='ocrx_word' id='word_1_325' title='bbox 2592 1841 2762 1881; x_wconf 82' lang='lat' dir='ltr'><strong>autem</strong></span> <span class='ocrx_word' id='word_1_326' title='bbox 2805 1848 2905 1883; x_wconf 87' lang='lat' dir='ltr'><strong>non</strong></span> <span class='ocrx_word' id='word_1_327' title='bbox 2934 1834 3131 1890; x_wconf 82' lang='lat' dir='ltr'><strong>videat.</strong></span> <span class='ocrx_word' id='word_1_328' title='bbox 3172 1826 3218 1886; x_wconf 82' lang='lat' dir='ltr'><strong>si</strong></span> <span class='ocrx_word' id='word_1_329' title='bbox 3256 1826 3445 1886; x_wconf 78' lang='lat' dir='ltr'><strong>habent</strong></span> <span class='ocrx_word' id='word_1_330' title='bbox 3486 1826 3694 1899; x_wconf 73' lang='lat' dir='ltr'><strong>parvuli</strong></span> 
     </span>
    </p>
   </div>
   <div class='ocr_carea' id='block_1_49' title="bbox 2111 1898 3692 1976">
    <p class='ocr_par' dir='ltr' id='par_1_49' title="bbox 2111 1898 3692 1976">
     <span class='ocr_line' id='line_1_49' title="bbox 2111 1898 3692 1976; baseline 0.005 -29"><span class='ocrx_word' id='word_1_331' title='bbox 2111 1898 2310 1964; x_wconf 86' lang='lat' dir='ltr'><strong>qualem</strong></span> <span class='ocrx_word' id='word_1_332' title='bbox 2333 1901 2585 1976; x_wconf 69' lang='lat' dir='ltr'><strong>prazdieus</strong></span> <span class='ocrx_word' id='word_1_333' title='bbox 2610 1900 2973 1976; x_wconf 46' lang='lat' dir='ltr'><strong>innoi&#39;entiam,</strong></span> <span class='ocrx_word' id='word_1_334' title='bbox 3000 1905 3051 1955; x_wconf 82' lang='lat' dir='ltr'><strong>in</strong></span> <span class='ocrx_word' id='word_1_335' title='bbox 3078 1904 3220 1976; x_wconf 80' lang='lat' dir='ltr'><strong>gravi</strong></span> <span class='ocrx_word' id='word_1_336' title='bbox 3232 1904 3363 1976; x_wconf 84' lang='lat' dir='ltr'><strong>jugo</strong></span> <span class='ocrx_word' id='word_1_337' title='bbox 3389 1898 3569 1976; x_wconf 81' lang='lat' dir='ltr'><strong>eorum</strong></span> <span class='ocrx_word' id='word_1_338' title='bbox 3601 1902 3692 1957; x_wconf 87' lang='lat' dir='ltr'><strong>Dei</strong></span> 
     </span>
    </p>
   </div>
   <div class='ocr_carea' id='block_1_50' title="bbox 2113 1969 3693 2045">
    <p class='ocr_par' dir='ltr' id='par_1_50' title="bbox 2113 1969 3693 2045">
     <span class='ocr_line' id='line_1_50' title="bbox 2113 1969 3693 2045; baseline 0.005 -26"><span class='ocrx_word' id='word_1_339' title='bbox 2113 1983 2217 2045; x_wconf 77' lang='lat' dir='ltr'><strong>non</strong></span> <span class='ocrx_word' id='word_1_340' title='bbox 2243 1984 2347 2045; x_wconf 77' lang='lat' dir='ltr'><strong>esse</strong></span> <span class='ocrx_word' id='word_1_341' title='bbox 2366 1969 2666 2045; x_wconf 75' lang='lat' dir='ltr'><strong>justitiam!</strong></span> <span class='ocrx_word' id='word_1_342' title='bbox 2711 1969 2879 2045; x_wconf 86' lang='lat' dir='ltr'><strong>Porro</strong></span> <span class='ocrx_word' id='word_1_343' title='bbox 2908 1976 3029 2036; x_wconf 86' lang='lat' dir='ltr'><strong>quia</strong></span> <span class='ocrx_word' id='word_1_344' title='bbox 3147 1969 3281 2044; x_wconf 60' lang='lat' dir='ltr'><strong>jugp</strong></span> <span class='ocrx_word' id='word_1_345' title='bbox 3300 1969 3469 2045; x_wconf 60' lang='lat' dir='ltr'><strong>&#39;graui</strong></span> <span class='ocrx_word' id='word_1_346' title='bbox 3516 1990 3693 2027; x_wconf 80' lang='lat' dir='ltr'><strong>eorum</strong></span> 
     </span>
    </p>
   </div>
   <div class='ocr_carea' id='block_1_51' title="bbox 2114 2038 3691 2115">
    <p class='ocr_par' dir='ltr' id='par_1_51' title="bbox 2114 2038 3691 2115">
     <span class='ocr_line' id='line_1_51' title="bbox 2114 2038 3691 2115; baseline 0.005 -26"><span class='ocrx_word' id='word_1_347' title='bbox 2114 2038 2287 2115; x_wconf 78' lang='lat' dir='ltr'><strong>divina</strong></span> <span class='ocrx_word' id='word_1_348' title='bbox 2299 2040 2509 2115; x_wconf 80' lang='lat' dir='ltr'><strong>justitia</strong></span> <span class='ocrx_word' id='word_1_349' title='bbox 2530 2049 2627 2115; x_wconf 73' lang='lat' dir='ltr'><strong>est,</strong></span> <span class='ocrx_word' id='word_1_350' title='bbox 2646 2058 2749 2093; x_wconf 84' lang='lat' dir='ltr'><strong>non</strong></span> <span class='ocrx_word' id='word_1_351' title='bbox 2762 2054 2835 2096; x_wconf 89' lang='lat' dir='ltr'><strong>est</strong></span> <span class='ocrx_word' id='word_1_352' title='bbox 2858 2044 2909 2096; x_wconf 88' lang='lat' dir='ltr'><strong>in</strong></span> <span class='ocrx_word' id='word_1_353' title='bbox 2931 2044 3002 2097; x_wconf 82' lang='lat' dir='ltr'><strong>eis</strong></span> <span class='ocrx_word' id='word_1_354' title='bbox 3025 2038 3166 2108; x_wconf 60' lang='lat' dir='ltr'><strong>talis,</strong></span> <span class='ocrx_word' id='word_1_355' title='bbox 3189 2038 3394 2115; x_wconf 64' lang='lat' dir='ltr'><strong>qualia:</strong></span> <span class='ocrx_word' id='word_1_356' title='bbox 3417 2045 3691 2113; x_wconf 70' lang='lat' dir='ltr'><strong>prardicas,</strong></span> 
     </span>
    </p>
   </div>
   <div class='ocr_carea' id='block_1_52' title="bbox 2112 2110 3694 2185">
    <p class='ocr_par' dir='ltr' id='par_1_52' title="bbox 2112 2110 3694 2185">
     <span class='ocr_line' id='line_1_52' title="bbox 2112 2110 3694 2185; baseline 0.004 -25"><span class='ocrx_word' id='word_1_357' title='bbox 2112 2110 2425 2185; x_wconf 66' lang='lat' dir='ltr'><strong>innocentia,</strong></span> <span class='ocrx_word' id='word_1_358' title='bbox 2457 2112 2579 2185; x_wconf 16' lang='lat' dir='ltr'><strong>nisi,</strong></span> <span class='ocrx_word' id='word_1_359' title='bbox 2601 2114 2733 2185; x_wconf 81' lang='lat' dir='ltr'><strong>[orte</strong></span> <span class='ocrx_word' id='word_1_360' title='bbox 2772 2114 2860 2167; x_wconf 87' lang='lat' dir='ltr'><strong>tibi</strong></span> <span class='ocrx_word' id='word_1_361' title='bbox 2902 2115 2955 2167; x_wconf 89' lang='lat' dir='ltr'><strong>in</strong></span> <span class='ocrx_word' id='word_1_362' title='bbox 2990 2115 3088 2168; x_wconf 80' lang='lat' dir='ltr'><strong>hac</strong></span> <span class='ocrx_word' id='word_1_363' title='bbox 3130 2110 3694 2185; x_wconf 42' lang='lat' dir='ltr'><strong>qua&#39;stione&#39;laboranti</strong></span> 
     </span>
    </p>
   </div>
   <div class='ocr_carea' id='block_1_53' title="bbox 2118 2178 3695 2260">
    <p class='ocr_par' dir='ltr' id='par_1_53' title="bbox 2118 2178 3695 2260">
     <span class='ocr_line' id='line_1_53' title="bbox 2118 2178 3695 2260; baseline 0.003 -28"><span class='ocrx_word' id='word_1_364' title='bbox 2118 2178 2255 2260; x_wconf 72' lang='lat' dir='ltr'><strong>Deus</strong></span> <span class='ocrx_word' id='word_1_365' title='bbox 2291 2181 2466 2260; x_wconf 75' lang='lat' dir='ltr'><strong>justus</strong></span> <span class='ocrx_word' id='word_1_366' title='bbox 2492 2178 2730 2260; x_wconf 63' lang='lat' dir='ltr'><strong>quidem,</strong></span> <span class='ocrx_word' id='word_1_367' title='bbox 2762 2185 2851 2260; x_wconf 80' lang='lat' dir='ltr'><strong>sed</strong></span> <span class='ocrx_word' id='word_1_368' title='bbox 2888 2178 3153 2260; x_wconf 61' lang='lat' dir='ltr'><strong>inﬁrmus,</strong></span> <span class='ocrx_word' id='word_1_369' title='bbox 3177 2186 3557 2260; x_wconf 82' lang='lat' dir='ltr'><strong>quodammodo</strong></span> <span class='ocrx_word' id='word_1_370' title='bbox 3582 2187 3695 2260; x_wconf 40' lang='lat' dir='ltr'><strong>sub:</strong></span> 
     </span>
    </p>
   </div>
   <div class='ocr_carea' id='block_1_54' title="bbox 2115 2253 3693 2329">
    <p class='ocr_par' dir='ltr' id='par_1_54' title="bbox 2115 2253 3693 2329">
     <span class='ocr_line' id='line_1_54' title="bbox 2115 2253 3693 2329; baseline 0.004 -26"><span class='ocrx_word' id='word_1_371' title='bbox 2115 2253 2284 2303; x_wconf 81' lang='lat' dir='ltr'><strong>venire</strong></span> <span class='ocrx_word' id='word_1_372' title='bbox 2304 2254 2509 2329; x_wconf 71' lang='lat' dir='ltr'><strong>poterit,</strong></span> <span class='ocrx_word' id='word_1_373' title='bbox 2536 2253 2624 2320; x_wconf 86' lang='lat' dir='ltr'><strong>qui</strong></span> <span class='ocrx_word' id='word_1_374' title='bbox 2650 2255 2755 2307; x_wconf 88' lang='lat' dir='ltr'><strong>suis</strong></span> <span class='ocrx_word' id='word_1_375' title='bbox 2782 2256 3112 2329; x_wconf 85' lang='lat' dir='ltr'><strong>imaginibus,</strong></span> <span class='ocrx_word' id='word_1_376' title='bbox 3138 2253 3200 2310; x_wconf 82' lang='lat' dir='ltr'><strong>ne</strong></span> <span class='ocrx_word' id='word_1_377' title='bbox 3236 2259 3527 2310; x_wconf 88' lang='lat' dir='ltr'><strong>innocentes</strong></span> <span class='ocrx_word' id='word_1_378' title='bbox 3553 2257 3693 2329; x_wconf 74' lang='lat' dir='ltr'><strong>graui</strong></span> 
     </span>
    </p>
   </div>
   <div class='ocr_carea' id='block_1_55' title="bbox 434 2323 3695 2397">
    <p class='ocr_par' dir='ltr' id='par_1_55' title="bbox 434 2323 3695 2397">
     <span class='ocr_line' id='line_1_55' title="bbox 434 2323 3695 2397; baseline 0 -17"><span class='ocrx_word' id='word_1_379' title='bbox 434 2326 520 2381; x_wconf 69' lang='lat' dir='ltr'><strong>lix</strong></span> <span class='ocrx_word' id='word_1_380' title='bbox 545 2338 750 2395; x_wconf 79' lang='lat' dir='ltr'><strong>partem</strong></span> <span class='ocrx_word' id='word_1_381' title='bbox 773 2329 939 2384; x_wconf 86' lang='lat' dir='ltr'><strong>verbo</strong></span> <span class='ocrx_word' id='word_1_382' title='bbox 968 2328 1186 2381; x_wconf 70' lang='lat' dir='ltr'><strong>Rutilius</strong></span> <span class='ocrx_word' id='word_1_383' title='bbox 1209 2326 1556 2397; x_wconf 73' lang='lat' dir='ltr'><strong>perstrinxit;</strong></span> <span class='ocrx_word' id='word_1_384' title='bbox 1584 2334 1750 2379; x_wconf 84' lang='lat' dir='ltr'><strong>totam</strong></span> <span class='ocrx_word' id='word_1_385' title='bbox 1767 2324 2015 2379; x_wconf 78' lang='lat' dir='ltr'><strong>Julianus</strong></span> <span class='ocrx_word' id='word_1_386' title='bbox 2106 2336 2238 2397; x_wconf 68' lang='lat' dir='ltr'><strong>Jugo</strong></span> <span class='ocrx_word' id='word_1_387' title='bbox 2260 2323 2474 2397; x_wconf 68' lang='lat' dir='ltr'><strong>miseriae</strong></span> <span class='ocrx_word' id='word_1_388' title='bbox 2494 2336 2863 2397; x_wconf 83' lang='lat' dir='ltr'><strong>premerentur,</strong></span> <span class='ocrx_word' id='word_1_389' title='bbox 2888 2323 3151 2381; x_wconf 78' lang='lat' dir='ltr'><strong>subvenire</strong></span> <span class='ocrx_word' id='word_1_390' title='bbox 3168 2344 3268 2381; x_wconf 88' lang='lat' dir='ltr'><strong>non</strong></span> <span class='ocrx_word' id='word_1_391' title='bbox 3292 2329 3477 2395; x_wconf 85' lang='lat' dir='ltr'><strong>potuit,</strong></span> <span class='ocrx_word' id='word_1_392' title='bbox 3502 2323 3695 2380; x_wconf 70' lang='lat' dir='ltr'><strong>ut&#39;eum</strong></span> 
     </span>
    </p>
   </div>
   <div class='ocr_carea' id='block_1_56' title="bbox 435 2397 1833 2467">
    <p class='ocr_par' dir='ltr' id='par_1_56' title="bbox 435 2397 1833 2467">
     <span class='ocr_line' id='line_1_56' title="bbox 435 2397 1833 2467; baseline 0.001 -19"><span class='ocrx_word' id='word_1_393' title='bbox 435 2399 819 2467; x_wconf 73' lang='lat' dir='ltr'><strong>prolixissime,</strong></span> <span class='ocrx_word' id='word_1_394' title='bbox 854 2399 1183 2454; x_wconf 74' lang='lat' dir='ltr'><strong>reclamante</strong></span> <span class='ocrx_word' id='word_1_395' title='bbox 1214 2399 1533 2466; x_wconf 74' lang='lat' dir='ltr'><strong>Augustino,</strong></span> <span class='ocrx_word' id='word_1_396' title='bbox 1567 2397 1833 2467; x_wconf 86' lang='lat' dir='ltr'><strong>tractavit.</strong></span> 
     </span>
    </p>
   </div>
   <div class='ocr_carea' id='block_1_57' title="bbox 504 2466 2019 2540">
    <p class='ocr_par' dir='ltr' id='par_1_57' title="bbox 504 2466 2019 2540">
     <span class='ocr_line' id='line_1_57' title="bbox 504 2466 2019 2540; baseline -0.004 -17"><span class='ocrx_word' id='word_1_397' title='bbox 504 2469 620 2523; x_wconf 86' lang='lat' dir='ltr'><strong>Jam</strong></span> <span class='ocrx_word' id='word_1_398' title='bbox 648 2485 775 2523; x_wconf 86' lang='lat' dir='ltr'><strong>vero</strong></span> <span class='ocrx_word' id='word_1_399' title='bbox 803 2466 870 2525; x_wconf 92' lang='lat' dir='ltr'><strong>ad</strong></span> <span class='ocrx_word' id='word_1_400' title='bbox 899 2472 1161 2540; x_wconf 78' lang='lat' dir='ltr'><strong>quintam,</strong></span> <span class='ocrx_word' id='word_1_401' title='bbox 1193 2469 1332 2539; x_wconf 88' lang='lat' dir='ltr'><strong>quod</strong></span> <span class='ocrx_word' id='word_1_402' title='bbox 1362 2470 1579 2523; x_wconf 90' lang='lat' dir='ltr'><strong>unicum</strong></span> <span class='ocrx_word' id='word_1_403' title='bbox 1605 2466 1868 2540; x_wconf 78' lang='lat' dir='ltr'><strong>baptisma</strong></span> <span class='ocrx_word' id='word_1_404' title='bbox 1887 2479 2019 2540; x_wconf 80' lang='lat' dir='ltr'><strong>con-</strong></span> 
     </span>
    </p>
   </div>
   <div class='ocr_carea' id='block_1_58' title="bbox 436 2536 2014 2610">
    <p class='ocr_par' dir='ltr' id='par_1_58' title="bbox 436 2536 2014 2610">
     <span class='ocr_line' id='line_1_58' title="bbox 436 2536 2014 2610; baseline -0.005 -14"><span class='ocrx_word' id='word_1_405' title='bbox 436 2541 469 2595; x_wconf 83' lang='lat' dir='ltr'><strong>li</strong></span> <span class='ocrx_word' id='word_1_406' title='bbox 497 2550 654 2596; x_wconf 80' lang='lat' dir='ltr'><strong>eatur</strong></span> <span class='ocrx_word' id='word_1_407' title='bbox 686 2536 943 2605; x_wconf 70' lang='lat' dir='ltr'><strong>Ecclesia,</strong></span> <span class='ocrx_word' id='word_1_408' title='bbox 988 2548 1043 2594; x_wconf 83' lang='lat' dir='ltr'><strong>et</strong></span> <span class='ocrx_word' id='word_1_409' title='bbox 1074 2536 1443 2610; x_wconf 49' lang='lat' dir='ltr'><strong>illud&#39;quidcm</strong></span> <span class='ocrx_word' id='word_1_410' title='bbox 1490 2539 1725 2610; x_wconf 66' lang='lat' dir='ltr'><strong>quodin</strong></span> <span class='ocrx_word' id='word_1_411' title='bbox 1740 2536 2014 2610; x_wconf 84' lang='lat' dir='ltr'><strong>remissio-</strong></span> 
     </span>
    </p>
   </div>
   <div class='ocr_carea' id='block_1_59' title="bbox 437 2608 2017 2680">
    <p class='ocr_par' dir='ltr' id='par_1_59' title="bbox 437 2608 2017 2680">
     <span class='ocr_line' id='line_1_59' title="bbox 437 2608 2017 2680; baseline -0.005 -13"><span class='ocrx_word' id='word_1_412' title='bbox 437 2628 557 2667; x_wconf 80' lang='lat' dir='ltr'><strong>nciu</strong></span> <span class='ocrx_word' id='word_1_413' title='bbox 591 2620 933 2680; x_wconf 79' lang='lat' dir='ltr'><strong>peccatorum</strong></span> <span class='ocrx_word' id='word_1_414' title='bbox 959 2608 1287 2674; x_wconf 73' lang='lat' dir='ltr'><strong>conferatur,</strong></span> <span class='ocrx_word' id='word_1_415' title='bbox 1317 2626 1419 2663; x_wconf 83' lang='lat' dir='ltr'><strong>nor.</strong></span> <span class='ocrx_word' id='word_1_416' title='bbox 1454 2625 1555 2663; x_wconf 92' lang='lat' dir='ltr'><strong>una</strong></span> <span class='ocrx_word' id='word_1_417' title='bbox 1579 2608 1674 2662; x_wconf 85' lang='lat' dir='ltr'><strong>fuit</strong></span> <span class='ocrx_word' id='word_1_418' title='bbox 1704 2608 2017 2680; x_wconf 83' lang='lat' dir='ltr'><strong>Pelagiano-</strong></span> 
     </span>
    </p>
   </div>
   <div class='ocr_carea' id='block_1_60' title="bbox 436 2678 2016 2753">
    <p class='ocr_par' dir='ltr' id='par_1_60' title="bbox 436 2678 2016 2753">
     <span class='ocr_line' id='line_1_60' title="bbox 436 2678 2016 2753; baseline -0.006 -17"><span class='ocrx_word' id='word_1_419' title='bbox 436 2698 554 2736; x_wconf 86' lang='lat' dir='ltr'><strong>rntn</strong></span> <span class='ocrx_word' id='word_1_420' title='bbox 594 2678 885 2753; x_wconf 77' lang='lat' dir='ltr'><strong>responsio</strong></span> <span class='ocrx_word' id='word_1_421' title='bbox 927 2702 939 2738; x_wconf 86' lang='lat'>:</span> <span class='ocrx_word' id='word_1_422' title='bbox 975 2698 1096 2737; x_wconf 89' lang='lat' dir='ltr'><strong>nam</strong></span> <span class='ocrx_word' id='word_1_423' title='bbox 1137 2681 1321 2753; x_wconf 81' lang='lat' dir='ltr'><strong>scissis</strong></span> <span class='ocrx_word' id='word_1_424' title='bbox 1350 2683 1401 2734; x_wconf 92' lang='lat' dir='ltr'><strong>in</strong></span> <span class='ocrx_word' id='word_1_425' title='bbox 1432 2680 1702 2753; x_wconf 84' lang='lat' dir='ltr'><strong>contraria</strong></span> <span class='ocrx_word' id='word_1_426' title='bbox 1740 2678 2016 2753; x_wconf 76' lang='lat' dir='ltr'><strong>partibus,</strong></span> 
     </span>
    </p>
   </div>
   <div class='ocr_carea' id='block_1_61' title="bbox 441 2748 2017 2823">
    <p class='ocr_par' dir='ltr' id='par_1_61' title="bbox 441 2748 2017 2823">
     <span class='ocr_line' id='line_1_61' title="bbox 441 2748 2017 2823; baseline -0.004 -16"><span class='ocrx_word' id='word_1_427' title='bbox 441 2755 655 2808; x_wconf 83' lang='lat' dir='ltr'><strong>fuerunt</strong></span> <span class='ocrx_word' id='word_1_428' title='bbox 678 2748 769 2821; x_wconf 77' lang='lat' dir='ltr'><strong>qui</strong></span> <span class='ocrx_word' id='word_1_429' title='bbox 791 2764 1069 2823; x_wconf 78' lang='lat' dir='ltr'><strong>negarent.</strong></span> <span class='ocrx_word' id='word_1_430' title='bbox 1088 2761 1143 2806; x_wconf 93' lang='lat' dir='ltr'><strong>ut</strong></span> <span class='ocrx_word' id='word_1_431' title='bbox 1165 2751 1762 2818; x_wconf 77' lang='lat' dir='ltr'><strong>Julianus.baptismum</strong></span> <span class='ocrx_word' id='word_1_432' title='bbox 1784 2748 2017 2823; x_wconf 74' lang='lat' dir='ltr'><strong>conferri</strong></span> 
     </span>
    </p>
   </div>
   <div class='ocr_carea' id='block_1_62' title="bbox 440 2819 2019 2892">
    <p class='ocr_par' dir='ltr' id='par_1_62' title="bbox 440 2819 2019 2892">
     <span class='ocr_line' id='line_1_62' title="bbox 440 2819 2019 2892; baseline -0.003 -16"><span class='ocrx_word' id='word_1_433' title='bbox 440 2824 675 2892; x_wconf 89' lang='lat' dir='ltr'><strong>parvulis</strong></span> <span class='ocrx_word' id='word_1_434' title='bbox 699 2819 753 2878; x_wconf 85' lang='lat' dir='ltr'><strong>in</strong></span> <span class='ocrx_word' id='word_1_435' title='bbox 793 2819 1165 2879; x_wconf 79' lang='lat' dir='ltr'><strong>remissionem</strong></span> <span class='ocrx_word' id='word_1_436' title='bbox 1199 2832 1564 2892; x_wconf 82' lang='lat' dir='ltr'><strong>peccatorum.</strong></span> <span class='ocrx_word' id='word_1_437' title='bbox 1597 2824 1690 2875; x_wconf 88' lang='lat' dir='ltr'><strong>sed</strong></span> <span class='ocrx_word' id='word_1_438' title='bbox 1722 2819 2019 2887; x_wconf 81' lang='lat' dir='ltr'><strong>majoribus</strong></span> 
     </span>
    </p>
   </div>
   <div class='ocr_carea' id='block_1_63' title="bbox 441 2892 2017 2963">
    <p class='ocr_par' dir='ltr' id='par_1_63' title="bbox 441 2892 2017 2963">
     <span class='ocr_line' id='line_1_63' title="bbox 441 2892 2017 2963; baseline 0 -20"><span class='ocrx_word' id='word_1_439' title='bbox 441 2905 679 2957; x_wconf 84' lang='lat' dir='ltr'><strong>tantum;</strong></span> <span class='ocrx_word' id='word_1_440' title='bbox 704 2896 963 2963; x_wconf 80' lang='lat' dir='ltr'><strong>siquidem</strong></span> <span class='ocrx_word' id='word_1_441' title='bbox 992 2897 1161 2949; x_wconf 88' lang='lat' dir='ltr'><strong>virtus</strong></span> <span class='ocrx_word' id='word_1_442' title='bbox 1185 2892 1422 2949; x_wconf 76' lang='lat' dir='ltr'><strong>C(elestis</strong></span> <span class='ocrx_word' id='word_1_443' title='bbox 1450 2893 1637 2960; x_wconf 71' lang='lat' dir='ltr'><strong>gratia:</strong></span> <span class='ocrx_word' id='word_1_444' title='bbox 1666 2905 1761 2959; x_wconf 91' lang='lat' dir='ltr'><strong>pro</strong></span> <span class='ocrx_word' id='word_1_445' title='bbox 1783 2898 2017 2944; x_wconf 80' lang='lat' dir='ltr'><strong>statuunt</strong></span> 
     </span>
    </p>
   </div>
   <div class='ocr_carea' id='block_1_64' title="bbox 444 2965 2022 3025">
    <p class='ocr_par' dir='ltr' id='par_1_64' title="bbox 444 2965 2022 3025">
     <span class='ocr_line' id='line_1_64' title="bbox 444 2965 2022 3025; baseline -0.004 -6"><span class='ocrx_word' id='word_1_446' title='bbox 444 2966 798 3019; x_wconf 67' lang='lat' dir='ltr'><strong>humanorum</strong></span> <span class='ocrx_word' id='word_1_447' title='bbox 823 2966 1251 3025; x_wconf 85' lang='lat' dir='ltr'><strong>diversitatibus,</strong></span> <span class='ocrx_word' id='word_1_448' title='bbox 1274 2965 1393 3018; x_wconf 69' lang='lat' dir='ltr'><strong>aliis</strong></span> <span class='ocrx_word' id='word_1_449' title='bbox 1417 2977 1636 3017; x_wconf 88' lang='lat' dir='ltr'><strong>munera</strong></span> <span class='ocrx_word' id='word_1_450' title='bbox 1659 2971 1863 3015; x_wconf 91' lang='lat' dir='ltr'><strong>tantum</strong></span> <span class='ocrx_word' id='word_1_451' title='bbox 1891 2974 2022 3015; x_wconf 90' lang='lat' dir='ltr'><strong>con-</strong></span> 
     </span>
    </p>
   </div>
   <div class='ocr_carea' id='block_1_65' title="bbox 444 3032 2019 3102">
    <p class='ocr_par' dir='ltr' id='par_1_65' title="bbox 444 3032 2019 3102">
     <span class='ocr_line' id='line_1_65' title="bbox 444 3032 2019 3102; baseline -0.003 -15"><span class='ocrx_word' id='word_1_452' title='bbox 444 3036 565 3095; x_wconf 75' lang='lat' dir='ltr'><strong>fert.</strong></span> <span class='ocrx_word' id='word_1_453' title='bbox 595 3035 716 3089; x_wconf 86' lang='lat' dir='ltr'><strong>aliis</strong></span> <span class='ocrx_word' id='word_1_454' title='bbox 745 3039 904 3090; x_wconf 90' lang='lat' dir='ltr'><strong>etiam</strong></span> <span class='ocrx_word' id='word_1_455' title='bbox 936 3038 1195 3091; x_wconf 85' lang='lat' dir='ltr'><strong>remedia.</strong></span> <span class='ocrx_word' id='word_1_456' title='bbox 1226 3036 1457 3090; x_wconf 81' lang='lat' dir='ltr'><strong>Fuerunt</strong></span> <span class='ocrx_word' id='word_1_457' title='bbox 1501 3042 1555 3088; x_wconf 91' lang='lat' dir='ltr'><strong>et</strong></span> <span class='ocrx_word' id='word_1_458' title='bbox 1591 3033 1682 3102; x_wconf 88' lang='lat' dir='ltr'><strong>qui</strong></span> <span class='ocrx_word' id='word_1_459' title='bbox 1728 3032 2019 3102; x_wconf 84' lang='lat' dir='ltr'><strong>geminam,</strong></span> 
     </span>
    </p>
   </div>
   <div class='ocr_carea' id='block_1_66' title="bbox 444 3103 2023 3171">
    <p class='ocr_par' dir='ltr' id='par_1_66' title="bbox 444 3103 2023 3171">
     <span class='ocr_line' id='line_1_66' title="bbox 444 3103 2023 3171; baseline -0.004 -12"><span class='ocrx_word' id='word_1_460' title='bbox 444 3118 502 3159; x_wconf 87' lang='lat' dir='ltr'><strong>ttt</strong></span> <span class='ocrx_word' id='word_1_461' title='bbox 528 3105 570 3159; x_wconf 85' lang='grc' dir='ltr'>Τ</span> <span class='ocrx_word' id='word_1_462' title='bbox 576 3106 863 3169; x_wconf 84' lang='lat' dir='ltr'><strong>beodorus.</strong></span> <span class='ocrx_word' id='word_1_463' title='bbox 893 3110 1185 3163; x_wconf 74' lang='lat' dir='ltr'><strong>commenti</strong></span> <span class='ocrx_word' id='word_1_464' title='bbox 1219 3108 1329 3162; x_wconf 89' lang='lat' dir='ltr'><strong>sint</strong></span> <span class='ocrx_word' id='word_1_465' title='bbox 1367 3103 1741 3160; x_wconf 85' lang='lat' dir='ltr'><strong>remis-ionem</strong></span> <span class='ocrx_word' id='word_1_466' title='bbox 1777 3112 2023 3171; x_wconf 87' lang='lat' dir='ltr'><strong>peccato-</strong></span> 
     </span>
    </p>
   </div>
   <div class='ocr_carea' id='block_1_67' title="bbox 442 3172 2023 3245">
    <p class='ocr_par' dir='ltr' id='par_1_67' title="bbox 442 3172 2023 3245">
     <span class='ocr_line' id='line_1_67' title="bbox 442 3172 2023 3245; baseline -0.004 -14"><span class='ocrx_word' id='word_1_467' title='bbox 442 3193 561 3231; x_wconf 89' lang='lat' dir='ltr'><strong>rum</strong></span> <span class='ocrx_word' id='word_1_468' title='bbox 589 3197 601 3230; x_wconf 91' lang='lat'>:</span> <span class='ocrx_word' id='word_1_469' title='bbox 626 3195 808 3242; x_wconf 88' lang='lat' dir='ltr'><strong>unam,</strong></span> <span class='ocrx_word' id='word_1_470' title='bbox 841 3196 957 3245; x_wconf 77' lang='lat' dir='ltr'><strong>qua:</strong></span> <span class='ocrx_word' id='word_1_471' title='bbox 980 3182 1133 3233; x_wconf 85' lang='lat' dir='ltr'><strong>venia</strong></span> <span class='ocrx_word' id='word_1_472' title='bbox 1164 3179 1598 3239; x_wconf 75' lang='lat' dir='ltr'><strong>commissorum,</strong></span> <span class='ocrx_word' id='word_1_473' title='bbox 1629 3187 1683 3229; x_wconf 90' lang='lat' dir='ltr'><strong>et</strong></span> <span class='ocrx_word' id='word_1_474' title='bbox 1714 3176 1829 3228; x_wconf 63' lang='lat' dir='ltr'><strong>bare</strong></span> <span class='ocrx_word' id='word_1_475' title='bbox 1853 3172 2023 3241; x_wconf 84' lang='lat' dir='ltr'><strong>majo-</strong></span> 
     </span>
    </p>
   </div>
   <div class='ocr_carea' id='block_1_68' title="bbox 2117 2393 3691 2467">
    <p class='ocr_par' dir='ltr' id='par_1_68' title="bbox 2117 2393 3691 2467">
     <span class='ocr_line' id='line_1_68' title="bbox 2117 2393 3691 2467; baseline 0.004 -24"><span class='ocrx_word' id='word_1_476' title='bbox 2117 2394 2262 2467; x_wconf 78' lang='lat' dir='ltr'><strong>dicas</strong></span> <span class='ocrx_word' id='word_1_477' title='bbox 2284 2393 2502 2467; x_wconf 83' lang='lat' dir='ltr'><strong>voluisse</strong></span> <span class='ocrx_word' id='word_1_478' title='bbox 2522 2396 2745 2463; x_wconf 83' lang='lat' dir='ltr'><strong>quidem,</strong></span> <span class='ocrx_word' id='word_1_479' title='bbox 2760 2400 2881 2466; x_wconf 87' lang='lat' dir='ltr'><strong>quia</strong></span> <span class='ocrx_word' id='word_1_480' title='bbox 2900 2398 3067 2462; x_wconf 81' lang='lat' dir='ltr'><strong>iustus</strong></span> <span class='ocrx_word' id='word_1_481' title='bbox 3093 2409 3187 2463; x_wconf 90' lang='lat' dir='ltr'><strong>est,</strong></span> <span class='ocrx_word' id='word_1_482' title='bbox 3216 2393 3305 2452; x_wconf 85' lang='lat' dir='ltr'><strong>sed</strong></span> <span class='ocrx_word' id='word_1_483' title='bbox 3318 2414 3419 2452; x_wconf 87' lang='lat' dir='ltr'><strong>non</strong></span> <span class='ocrx_word' id='word_1_484' title='bbox 3448 2399 3691 2467; x_wconf 78' lang='lat' dir='ltr'><strong>potuisse,</strong></span> 
     </span>
    </p>
   </div>
   <div class='ocr_carea' id='block_1_69' title="bbox 2116 2463 3694 2541">
    <p class='ocr_par' dir='ltr' id='par_1_69' title="bbox 2116 2463 3694 2541">
     <span class='ocr_line' id='line_1_69' title="bbox 2116 2463 3694 2541; baseline 0.004 -26"><span class='ocrx_word' id='word_1_485' title='bbox 2116 2463 2237 2526; x_wconf 88' lang='lat' dir='ltr'><strong>quia</strong></span> <span class='ocrx_word' id='word_1_486' title='bbox 2276 2466 2593 2541; x_wconf 65' lang='lat' dir='ltr'><strong>omnipotens</strong></span> <span class='ocrx_word' id='word_1_487' title='bbox 2640 2482 2742 2520; x_wconf 84' lang='lat' dir='ltr'><strong>non</strong></span> <span class='ocrx_word' id='word_1_488' title='bbox 2773 2463 2857 2541; x_wconf 73' lang='lat' dir='ltr'><strong>est</strong></span> <span class='ocrx_word' id='word_1_489' title='bbox 2887 2485 2904 2522; x_wconf 90' lang='lat'><strong><em>:</em></strong></span> <span class='ocrx_word' id='word_1_490' title='bbox 2930 2480 3084 2538; x_wconf 83' lang='lat' dir='ltr'><strong>atque</strong></span> <span class='ocrx_word' id='word_1_491' title='bbox 3116 2471 3201 2541; x_wconf 77' lang='lat' dir='ltr'><strong>ita</strong></span> <span class='ocrx_word' id='word_1_492' title='bbox 3245 2470 3309 2523; x_wconf 88' lang='lat' dir='ltr'><strong>de</strong></span> <span class='ocrx_word' id='word_1_493' title='bbox 3355 2471 3416 2522; x_wconf 89' lang='lat' dir='ltr'><strong>iis</strong></span> <span class='ocrx_word' id='word_1_494' title='bbox 3446 2463 3694 2541; x_wconf 80' lang='lat' dir='ltr'><strong>angustiis</strong></span> 
     </span>
    </p>
   </div>
   <div class='ocr_carea' id='block_1_70' title="bbox 2117 2536 3695 2609">
    <p class='ocr_par' dir='ltr' id='par_1_70' title="bbox 2117 2536 3695 2609">
     <span class='ocr_line' id='line_1_70' title="bbox 2117 2536 3695 2609; baseline 0.003 -23"><span class='ocrx_word' id='word_1_495' title='bbox 2117 2549 2290 2609; x_wconf 75' lang='lat' dir='ltr'><strong>exeas,</strong></span> <span class='ocrx_word' id='word_1_496' title='bbox 2323 2546 2374 2587; x_wconf 85' lang='lat' dir='ltr'><strong>ut</strong></span> <span class='ocrx_word' id='word_1_497' title='bbox 2396 2536 2520 2609; x_wconf 82' lang='lat' dir='ltr'><strong>ﬁdei</strong></span> <span class='ocrx_word' id='word_1_498' title='bbox 2543 2547 2695 2604; x_wconf 88' lang='lat' dir='ltr'><strong>caput</strong></span> <span class='ocrx_word' id='word_1_499' title='bbox 2725 2540 2932 2606; x_wconf 84' lang='lat' dir='ltr'><strong>perdas,</strong></span> <span class='ocrx_word' id='word_1_500' title='bbox 2965 2536 3066 2607; x_wconf 85' lang='lat' dir='ltr'><strong>qua</strong></span> <span class='ocrx_word' id='word_1_501' title='bbox 3091 2540 3191 2608; x_wconf 74' lang='lat' dir='ltr'><strong>ﬁde</strong></span> <span class='ocrx_word' id='word_1_502' title='bbox 3225 2541 3458 2604; x_wconf 84' lang='lat' dir='ltr'><strong>primitus</strong></span> <span class='ocrx_word' id='word_1_503' title='bbox 3480 2536 3535 2593; x_wconf 72' lang='lat' dir='ltr'><strong>iri</strong></span> <span class='ocrx_word' id='word_1_504' title='bbox 3560 2555 3695 2609; x_wconf 77' lang='lat' dir='ltr'><strong>sym-</strong></span> 
     </span>
    </p>
   </div>
   <div class='ocr_carea' id='block_1_71' title="bbox 2119 2605 3696 2673">
    <p class='ocr_par' dir='ltr' id='par_1_71' title="bbox 2119 2605 3696 2673">
     <span class='ocr_line' id='line_1_71' title="bbox 2119 2605 3696 2673; baseline 0.003 -18"><span class='ocrx_word' id='word_1_505' title='bbox 2119 2605 2234 2657; x_wconf 87' lang='lat' dir='ltr'><strong>bolo</strong></span> <span class='ocrx_word' id='word_1_506' title='bbox 2272 2608 2572 2673; x_wconf 77' lang='lat' dir='ltr'><strong>eonﬁlemur</strong></span> <span class='ocrx_word' id='word_1_507' title='bbox 2614 2605 2817 2662; x_wconf 88' lang='lat' dir='ltr'><strong>credere</strong></span> <span class='ocrx_word' id='word_1_508' title='bbox 2852 2627 2943 2663; x_wconf 87' lang='lat' dir='ltr'><strong>nos</strong></span> <span class='ocrx_word' id='word_1_509' title='bbox 2975 2605 3027 2663; x_wconf 85' lang='lat' dir='ltr'><strong>in</strong></span> <span class='ocrx_word' id='word_1_510' title='bbox 3060 2605 3223 2663; x_wconf 82' lang='lat' dir='ltr'><strong>Deum</strong></span> <span class='ocrx_word' id='word_1_511' title='bbox 3271 2609 3480 2663; x_wconf 85' lang='lat' dir='ltr'><strong>Patrem</strong></span> <span class='ocrx_word' id='word_1_512' title='bbox 3532 2605 3696 2663; x_wconf 72' lang='lat' dir='ltr'><strong>uiiiui-</strong></span> 
     </span>
    </p>
   </div>
   <div class='ocr_carea' id='block_1_72' title="bbox 2119 2676 3695 2749">
    <p class='ocr_par' dir='ltr' id='par_1_72' title="bbox 2119 2676 3695 2749">
     <span class='ocr_line' id='line_1_72' title="bbox 2119 2676 3695 2749; baseline 0.004 -22"><span class='ocrx_word' id='word_1_513' title='bbox 2119 2685 2390 2749; x_wconf 66' lang='lat' dir='ltr'><strong>potentem.</strong></span> <span class='ocrx_word' id='word_1_514' title='bbox 2430 2676 2567 2731; x_wconf 87' lang='lat' dir='ltr'><strong>Deus</strong></span> <span class='ocrx_word' id='word_1_515' title='bbox 2592 2679 2749 2748; x_wconf 85' lang='lat' dir='ltr'><strong>igitur</strong></span> <span class='ocrx_word' id='word_1_516' title='bbox 2787 2688 2906 2733; x_wconf 88' lang='lat' dir='ltr'><strong>tuus</strong></span> <span class='ocrx_word' id='word_1_517' title='bbox 2941 2684 2994 2734; x_wconf 88' lang='lat' dir='ltr'><strong>in</strong></span> <span class='ocrx_word' id='word_1_518' title='bbox 3024 2690 3097 2735; x_wconf 83' lang='lat' dir='ltr'><strong>tot</strong></span> <span class='ocrx_word' id='word_1_519' title='bbox 3126 2690 3173 2735; x_wconf 82' lang='lat' dir='ltr'><strong>et</strong></span> <span class='ocrx_word' id='word_1_520' title='bbox 3215 2682 3369 2735; x_wconf 88' lang='lat' dir='ltr'><strong>tantis</strong></span> <span class='ocrx_word' id='word_1_521' title='bbox 3405 2681 3555 2734; x_wconf 88' lang='lat' dir='ltr'><strong>malis</strong></span> <span class='ocrx_word' id='word_1_522' title='bbox 3581 2696 3695 2749; x_wconf 76' lang='lat' dir='ltr'><strong>qua:</strong></span> 
     </span>
    </p>
   </div>
   <div class='ocr_carea' id='block_1_73' title="bbox 2119 2748 3690 2823">
    <p class='ocr_par' dir='ltr' id='par_1_73' title="bbox 2119 2748 3690 2823">
     <span class='ocr_line' id='line_1_73' title="bbox 2119 2748 3690 2823; baseline 0.003 -24"><span class='ocrx_word' id='word_1_523' title='bbox 2119 2748 2321 2823; x_wconf 74' lang='lat' dir='ltr'><strong>parvuli</strong></span> <span class='ocrx_word' id='word_1_524' title='bbox 2352 2748 2640 2818; x_wconf 85' lang='lat' dir='ltr'><strong>patiuntur,</strong></span> <span class='ocrx_word' id='word_1_525' title='bbox 2670 2758 2758 2802; x_wconf 88' lang='lat' dir='ltr'><strong>aut</strong></span> <span class='ocrx_word' id='word_1_526' title='bbox 2778 2751 3072 2823; x_wconf 84' lang='lat' dir='ltr'><strong>justitiam,</strong></span> <span class='ocrx_word' id='word_1_527' title='bbox 3113 2761 3203 2806; x_wconf 87' lang='lat' dir='ltr'><strong>aut</strong></span> <span class='ocrx_word' id='word_1_528' title='bbox 3240 2748 3690 2821; x_wconf 80' lang='lat' dir='ltr'><strong>omnipotentiam,</strong></span> 
     </span>
    </p>
   </div>
   <div class='ocr_carea' id='block_1_74' title="bbox 2120 2818 3694 2891">
    <p class='ocr_par' dir='ltr' id='par_1_74' title="bbox 2120 2818 3694 2891">
     <span class='ocr_line' id='line_1_74' title="bbox 2120 2818 3694 2891; baseline 0.003 -23"><span class='ocrx_word' id='word_1_529' title='bbox 2120 2828 2209 2869; x_wconf 86' lang='lat' dir='ltr'><strong>aut</strong></span> <span class='ocrx_word' id='word_1_530' title='bbox 2236 2818 2401 2891; x_wconf 80' lang='lat' dir='ltr'><strong>ipsam</strong></span> <span class='ocrx_word' id='word_1_531' title='bbox 2437 2835 2615 2872; x_wconf 88' lang='lat' dir='ltr'><strong>curam</strong></span> <span class='ocrx_word' id='word_1_532' title='bbox 2656 2818 2823 2873; x_wconf 80' lang='lat' dir='ltr'><strong>rerum</strong></span> <span class='ocrx_word' id='word_1_533' title='bbox 2855 2822 3197 2876; x_wconf 85' lang='lat' dir='ltr'><strong>humanarum</strong></span> <span class='ocrx_word' id='word_1_534' title='bbox 3248 2818 3543 2891; x_wconf 82' lang='lat' dir='ltr'><strong>perditurus</strong></span> <span class='ocrx_word' id='word_1_535' title='bbox 3591 2832 3694 2885; x_wconf 85' lang='lat' dir='ltr'><strong>est;</strong></span> 
     </span>
    </p>
   </div>
   <div class='ocr_carea' id='block_1_75' title="bbox 2121 2889 3554 2965">
    <p class='ocr_par' dir='ltr' id='par_1_75' title="bbox 2121 2889 3554 2965">
     <span class='ocr_line' id='line_1_75' title="bbox 2121 2889 3554 2965; baseline 0.006 -26"><span class='ocrx_word' id='word_1_536' title='bbox 2121 2889 2381 2965; x_wconf 82' lang='lat' dir='ltr'><strong>quo_dlibet</strong></span> <span class='ocrx_word' id='word_1_537' title='bbox 2402 2898 2577 2965; x_wconf 77' lang='lat' dir='ltr'><strong>autem</strong></span> <span class='ocrx_word' id='word_1_538' title='bbox 2600 2892 2816 2965; x_wconf 78' lang='lat' dir='ltr'><strong>istorum</strong></span> <span class='ocrx_word' id='word_1_539' title='bbox 2836 2892 3049 2965; x_wconf 71' lang='lat' dir='ltr'><strong>dixeris,</strong></span> <span class='ocrx_word' id='word_1_540' title='bbox 3072 2894 3187 2947; x_wconf 71' lang='lat' dir='ltr'><strong>side</strong></span> <span class='ocrx_word' id='word_1_541' title='bbox 3213 2889 3338 2963; x_wconf 85' lang='lat' dir='ltr'><strong>quid</strong></span> <span class='ocrx_word' id='word_1_542' title='bbox 3365 2893 3554 2965; x_wconf 80' lang='lat' dir='ltr'><strong>egeris.</strong></span> 
     </span>
    </p>
   </div>
   <div class='ocr_carea' id='block_1_76' title="bbox 2194 2959 3693 3034">
    <p class='ocr_par' dir='ltr' id='par_1_76' title="bbox 2194 2959 3693 3034">
     <span class='ocr_line' id='line_1_76' title="bbox 2194 2959 3693 3034; baseline 0.002 -22"><span class='ocrx_word' id='word_1_543' title='bbox 2194 2959 2327 3034; x_wconf 73' lang='lat' dir='ltr'><strong>Tota</strong></span> <span class='ocrx_word' id='word_1_544' title='bbox 2350 2961 2444 3034; x_wconf 88' lang='lat' dir='ltr'><strong>_vis</strong></span> <span class='ocrx_word' id='word_1_545' title='bbox 2473 2961 2773 3034; x_wconf 76' lang='lat' dir='ltr'><strong>argumenti</strong></span> <span class='ocrx_word' id='word_1_546' title='bbox 2806 2963 2856 3015; x_wconf 92' lang='lat' dir='ltr'><strong>in</strong></span> <span class='ocrx_word' id='word_1_547' title='bbox 2877 2963 2991 3034; x_wconf 80' lang='lat' dir='ltr'><strong>hoc</strong></span> <span class='ocrx_word' id='word_1_548' title='bbox 3015 2978 3121 3019; x_wconf 92' lang='lat' dir='ltr'><strong>uno</strong></span> <span class='ocrx_word' id='word_1_549' title='bbox 3152 2959 3413 3034; x_wconf 75' lang='lat' dir='ltr'><strong>principio</strong></span> <span class='ocrx_word' id='word_1_550' title='bbox 3449 2962 3693 3025; x_wconf 86' lang='lat' dir='ltr'><strong>vertitur,</strong></span> 
     </span>
    </p>
   </div>
   <div class='ocr_carea' id='block_1_77' title="bbox 2122 3029 3693 3101">
    <p class='ocr_par' dir='ltr' id='par_1_77' title="bbox 2122 3029 3693 3101">
     <span class='ocr_line' id='line_1_77' title="bbox 2122 3029 3693 3101; baseline 0.003 -19"><span class='ocrx_word' id='word_1_551' title='bbox 2122 3029 2264 3101; x_wconf 81' lang='lat' dir='ltr'><strong>quod</strong></span> <span class='ocrx_word' id='word_1_552' title='bbox 2292 3029 2555 3099; x_wconf 55' lang='lat' dir='ltr'><strong>injustum&#39;</strong></span> <span class='ocrx_word' id='word_1_553' title='bbox 2584 3033 2655 3085; x_wconf 85' lang='lat' dir='ltr'><strong>sit</strong></span> <span class='ocrx_word' id='word_1_554' title='bbox 2705 3032 2953 3101; x_wconf 87' lang='lat' dir='ltr'><strong>parvulos</strong></span> <span class='ocrx_word' id='word_1_555' title='bbox 2998 3029 3263 3101; x_wconf 80' lang='lat' dir='ltr'><strong>ejusmodi</strong></span> <span class='ocrx_word' id='word_1_556' title='bbox 3312 3029 3550 3089; x_wconf 73' lang='lat' dir='ltr'><strong>miseriis</strong></span> <span class='ocrx_word' id='word_1_557' title='bbox 3572 3049 3693 3088; x_wconf 84' lang='lat' dir='ltr'><strong>con-</strong></span> 
     </span>
    </p>
   </div>
   <div class='ocr_carea' id='block_1_78' title="bbox 2123 3098 3696 3175">
    <p class='ocr_par' dir='ltr' id='par_1_78' title="bbox 2123 3098 3696 3175">
     <span class='ocr_line' id='line_1_78' title="bbox 2123 3098 3696 3175; baseline 0.002 -21"><span class='ocrx_word' id='word_1_558' title='bbox 2123 3098 2448 3175; x_wconf 32' lang='lat' dir='ltr'><strong>ﬂictari,’sin</strong></span> <span class='ocrx_word' id='word_1_559' title='bbox 2480 3098 2882 3175; x_wconf 14' lang='lat' dir='ltr'><strong>minuspaliquid</strong></span> <span class='ocrx_word' id='word_1_560' title='bbox 2905 3113 2987 3160; x_wconf 90' lang='lat' dir='ltr'><strong>est</strong></span> <span class='ocrx_word' id='word_1_561' title='bbox 3018 3098 3071 3159; x_wconf 82' lang='lat' dir='ltr'><strong>in</strong></span> <span class='ocrx_word' id='word_1_562' title='bbox 3110 3106 3241 3175; x_wconf 77' lang='lat' dir='ltr'><strong>ipsis</strong></span> <span class='ocrx_word' id='word_1_563' title='bbox 3269 3105 3411 3175; x_wconf 88' lang='lat' dir='ltr'><strong>quod</strong></span> <span class='ocrx_word' id='word_1_564' title='bbox 3444 3106 3554 3161; x_wconf 88' lang='lat' dir='ltr'><strong>Deo</strong></span> <span class='ocrx_word' id='word_1_565' title='bbox 3589 3106 3696 3158; x_wconf 77' lang='lat' dir='ltr'><strong>dis-</strong></span> 
     </span>
    </p>
   </div>
   <div class='ocr_carea' id='block_1_79' title="bbox 2127 3171 3696 3244">
    <p class='ocr_par' dir='ltr' id='par_1_79' title="bbox 2127 3171 3696 3244">
     <span class='ocr_line' id='line_1_79' title="bbox 2127 3171 3696 3244; baseline 0.004 -20"><span class='ocrx_word' id='word_1_566' title='bbox 2127 3171 2320 3244; x_wconf 87' lang='lat' dir='ltr'><strong>pliceat</strong></span> <span class='ocrx_word' id='word_1_567' title='bbox 2354 3183 2517 3242; x_wconf 87' lang='lat' dir='ltr'><strong>atque</strong></span> <span class='ocrx_word' id='word_1_568' title='bbox 2548 3171 2848 3229; x_wconf 83' lang='lat' dir='ltr'><strong>vindicetur</strong></span> <span class='ocrx_word' id='word_1_569' title='bbox 2890 3192 2904 3229; x_wconf 91' lang='lat'><strong>:</strong></span> <span class='ocrx_word' id='word_1_570' title='bbox 2934 3185 3065 3229; x_wconf 76' lang='lat' dir='ltr'><strong>:vtas</strong></span> <span class='ocrx_word' id='word_1_571' title='bbox 3092 3171 3235 3231; x_wconf 83' lang='lat' dir='ltr'><strong>enim</strong></span> <span class='ocrx_word' id='word_1_572' title='bbox 3274 3171 3372 3230; x_wconf 74' lang='lat' dir='ltr'><strong>ista</strong></span> <span class='ocrx_word' id='word_1_573' title='bbox 3394 3215 3410 3238; x_wconf 89' lang='lat'><strong>,</strong></span> <span class='ocrx_word' id='word_1_574' title='bbox 3440 3190 3566 3230; x_wconf 92' lang='lat' dir='ltr'><strong>cum</strong></span> <span class='ocrx_word' id='word_1_575' title='bbox 3607 3190 3696 3244; x_wconf 85' lang='lat' dir='ltr'><strong>per</strong></span> 
     </span>
    </p>
   </div>
   <div class='ocr_carea' id='block_1_80' title="bbox 444 3242 3698 3319">
    <p class='ocr_par' dir='ltr' id='par_1_80' title="bbox 444 3242 3698 3319">
     <span class='ocr_line' id='line_1_80' title="bbox 444 3242 3698 3319; baseline 0 -19"><span class='ocrx_word' id='word_1_576' title='bbox 444 3264 531 3319; x_wconf 80' lang='lat' dir='ltr'><strong>res</strong></span> <span class='ocrx_word' id='word_1_577' title='bbox 557 3258 801 3317; x_wconf 85' lang='lat' dir='ltr'><strong>spectat;</strong></span> <span class='ocrx_word' id='word_1_578' title='bbox 834 3242 1079 3316; x_wconf 83' lang='lat' dir='ltr'><strong>alteram,</strong></span> <span class='ocrx_word' id='word_1_579' title='bbox 1108 3265 1227 3319; x_wconf 78' lang='lat' dir='ltr'><strong>quae</strong></span> <span class='ocrx_word' id='word_1_580' title='bbox 1256 3248 1629 3316; x_wconf 84' lang='lat' dir='ltr'><strong>impcccantia,</strong></span> <span class='ocrx_word' id='word_1_581' title='bbox 1655 3259 1823 3319; x_wconf 82' lang='lat' dir='ltr'><strong>eaque</strong></span> <span class='ocrx_word' id='word_1_582' title='bbox 1849 3245 2021 3319; x_wconf 43' lang='lat' dir='ltr'><strong>omni:</strong></span> <span class='ocrx_word' id='word_1_583' title='bbox 2048 3248 2093 3309; x_wconf 70' lang='grc' dir='ltr'><strong>(ζ</strong></span> <span class='ocrx_word' id='word_1_584' title='bbox 2126 3257 2185 3297; x_wconf 86' lang='lat' dir='ltr'><strong>se</strong></span> <span class='ocrx_word' id='word_1_585' title='bbox 2212 3243 2281 3296; x_wconf 84' lang='lat' dir='ltr'><strong>sit</strong></span> <span class='ocrx_word' id='word_1_586' title='bbox 2306 3242 2567 3299; x_wconf 83' lang='lat' dir='ltr'><strong>innocens</strong></span> <span class='ocrx_word' id='word_1_587' title='bbox 2592 3259 2726 3319; x_wconf 82' lang='lat' dir='ltr'><strong>opus</strong></span> <span class='ocrx_word' id='word_1_588' title='bbox 2756 3245 2884 3319; x_wconf 75' lang='lat' dir='ltr'><strong>Dei,</strong></span> <span class='ocrx_word' id='word_1_589' title='bbox 2902 3246 3120 3319; x_wconf 74' lang='lat' dir='ltr'><strong>aliunde</strong></span> <span class='ocrx_word' id='word_1_590' title='bbox 3155 3245 3574 3319; x_wconf 82' lang='lat' dir='ltr'><strong>vitium_habere</strong></span> <span class='ocrx_word' id='word_1_591' title='bbox 3596 3242 3698 3319; x_wconf 83' lang='lat' dir='ltr'><strong>non</strong></span> 
     </span>
    </p>
   </div>
   <div class='ocr_carea' id='block_1_81' title="bbox 447 3313 2019 3387">
    <p class='ocr_par' dir='ltr' id='par_1_81' title="bbox 447 3313 2019 3387">
     <span class='ocr_line' id='line_1_81' title="bbox 447 3313 2019 3387; baseline -0.003 -16"><span class='ocrx_word' id='word_1_592' title='bbox 447 3318 545 3371; x_wconf 79' lang='lat' dir='ltr'><strong>bus</strong></span> <span class='ocrx_word' id='word_1_593' title='bbox 570 3313 602 3382; x_wconf 67' lang='grc'><strong>,⁷</strong></span> <span class='ocrx_word' id='word_1_594' title='bbox 631 3320 789 3372; x_wconf 74' lang='lat' dir='ltr'><strong>etiam</strong></span> <span class='ocrx_word' id='word_1_595' title='bbox 821 3313 1084 3387; x_wconf 76' lang='lat' dir='ltr'><strong>parvulis,</strong></span> <span class='ocrx_word' id='word_1_596' title='bbox 1125 3313 1184 3373; x_wconf 82' lang='lat' dir='ltr'><strong>&quot;m</strong></span> <span class='ocrx_word' id='word_1_597' title='bbox 1232 3313 1498 3387; x_wconf 82' lang='lat' dir='ltr'><strong>baptismo</strong></span> <span class='ocrx_word' id='word_1_598' title='bbox 1545 3314 1880 3387; x_wconf 84' lang='lat' dir='ltr'><strong>conceditur.</strong></span> <span class='ocrx_word' id='word_1_599' title='bbox 1913 3313 2019 3368; x_wconf 88' lang='lat' dir='ltr'><strong>Sed</strong></span> 
     </span>
    </p>
   </div>
   <div class='ocr_carea' id='block_1_82' title="bbox 447 3386 2023 3453">
    <p class='ocr_par' dir='ltr' id='par_1_82' title="bbox 447 3386 2023 3453">
     <span class='ocr_line' id='line_1_82' title="bbox 447 3386 2023 3453; baseline -0.002 -12"><span class='ocrx_word' id='word_1_600' title='bbox 447 3388 546 3442; x_wconf 73' lang='lat' dir='ltr'><strong>hac</strong></span> <span class='ocrx_word' id='word_1_601' title='bbox 575 3390 625 3441; x_wconf 86' lang='lat' dir='ltr'><strong>in</strong></span> <span class='ocrx_word' id='word_1_602' title='bbox 651 3390 761 3441; x_wconf 90' lang='lat' dir='ltr'><strong>vita</strong></span> <span class='ocrx_word' id='word_1_603' title='bbox 787 3386 1099 3451; x_wconf 80' lang='lat' dir='ltr'><strong>imperfecte</strong></span> <span class='ocrx_word' id='word_1_604' title='bbox 1130 3386 1335 3441; x_wconf 88' lang='lat' dir='ltr'><strong>tantum</strong></span> <span class='ocrx_word' id='word_1_605' title='bbox 1369 3398 1421 3441; x_wconf 91' lang='lat' dir='ltr'><strong>et</strong></span> <span class='ocrx_word' id='word_1_606' title='bbox 1463 3387 1516 3441; x_wconf 89' lang='lat' dir='ltr'><strong>in</strong></span> <span class='ocrx_word' id='word_1_607' title='bbox 1551 3386 1709 3440; x_wconf 88' lang='lat' dir='ltr'><strong>arrba</strong></span> <span class='ocrx_word' id='word_1_608' title='bbox 1729 3425 1744 3448; x_wconf 94' lang='lat'><strong>,</strong></span> <span class='ocrx_word' id='word_1_609' title='bbox 1775 3386 1826 3438; x_wconf 93' lang='lat' dir='ltr'><strong>in</strong></span> <span class='ocrx_word' id='word_1_610' title='bbox 1857 3398 2023 3453; x_wconf 82' lang='lat' dir='ltr'><strong>regno</strong></span> 
     </span>
    </p>
   </div>
   <div class='ocr_carea' id='block_1_83' title="bbox 445 3454 2024 3532">
    <p class='ocr_par' dir='ltr' id='par_1_83' title="bbox 445 3454 2024 3532">
     <span class='ocr_line' id='line_1_83' title="bbox 445 3454 2024 3532; baseline -0.001 -21"><span class='ocrx_word' id='word_1_611' title='bbox 445 3458 1620 3532; x_wconf 69' lang='lat' dir='ltr'><strong>cteloromperseipsam,etperl‘ecte,t1uippe</strong></span> <span class='ocrx_word' id='word_1_612' title='bbox 1643 3470 1769 3532; x_wconf 76' lang='lat' dir='ltr'><strong>eum</strong></span> <span class='ocrx_word' id='word_1_613' title='bbox 1798 3454 2024 3532; x_wconf 69' lang='lat' dir='ltr'><strong>hujusce</strong></span> 
     </span>
    </p>
   </div>
   <div class='ocr_carea' id='block_1_84' title="bbox 448 3524 2023 3597">
    <p class='ocr_par' dir='ltr' id='par_1_84' title="bbox 448 3524 2023 3597">
     <span class='ocr_line' id='line_1_84' title="bbox 448 3524 2023 3597; baseline -0.004 -13"><span class='ocrx_word' id='word_1_614' title='bbox 448 3529 597 3596; x_wconf 82' lang='lat' dir='ltr'><strong>regni</strong></span> <span class='ocrx_word' id='word_1_615' title='bbox 633 3524 922 3583; x_wconf 53' lang='lat' dir='ltr'><strong>hereditas</strong></span> <span class='ocrx_word' id='word_1_616' title='bbox 954 3533 1005 3582; x_wconf 89' lang='lat' dir='ltr'><strong>in</strong></span> <span class='ocrx_word' id='word_1_617' title='bbox 1043 3524 1311 3597; x_wconf 71' lang='lat' dir='ltr'><strong>bapfisttto</strong></span> <span class='ocrx_word' id='word_1_618' title='bbox 1355 3524 1627 3582; x_wconf 77' lang='lat' dir='ltr'><strong>cernatur.</strong></span> <span class='ocrx_word' id='word_1_619' title='bbox 1657 3524 1907 3597; x_wconf 81' lang='lat' dir='ltr'><strong>Nonnulli</strong></span> <span class='ocrx_word' id='word_1_620' title='bbox 1942 3526 2023 3579; x_wconf 84' lang='lat' dir='ltr'><strong>fa-</strong></span> 
     </span>
    </p>
   </div>
   <div class='ocr_carea' id='block_1_85' title="bbox 449 3596 2021 3670">
    <p class='ocr_par' dir='ltr' id='par_1_85' title="bbox 449 3596 2021 3670">
     <span class='ocr_line' id='line_1_85' title="bbox 449 3596 2021 3670; baseline -0.003 -15"><span class='ocrx_word' id='word_1_621' title='bbox 449 3601 701 3655; x_wconf 87' lang='lat' dir='ltr'><strong>tebantur</strong></span> <span class='ocrx_word' id='word_1_622' title='bbox 728 3600 942 3668; x_wconf 87' lang='lat' dir='ltr'><strong>quidem</strong></span> <span class='ocrx_word' id='word_1_623' title='bbox 969 3599 1073 3654; x_wconf 85' lang='lat' dir='ltr'><strong>dici</strong></span> <span class='ocrx_word' id='word_1_624' title='bbox 1104 3596 1263 3669; x_wconf 82' lang='lat' dir='ltr'><strong>posse</strong></span> <span class='ocrx_word' id='word_1_625' title='bbox 1288 3598 1429 3670; x_wconf 90' lang='lat' dir='ltr'><strong>quod</strong></span> <span class='ocrx_word' id='word_1_626' title='bbox 1456 3597 1663 3668; x_wconf 88' lang='lat' dir='ltr'><strong>parvuli</strong></span> <span class='ocrx_word' id='word_1_627' title='bbox 1689 3596 2021 3670; x_wconf 70' lang='lat' dir='ltr'><strong>baptizaren-</strong></span> 
     </span>
    </p>
   </div>
   <div class='ocr_carea' id='block_1_86' title="bbox 450 3668 2025 3736">
    <p class='ocr_par' dir='ltr' id='par_1_86' title="bbox 450 3668 2025 3736">
     <span class='ocr_line' id='line_1_86' title="bbox 450 3668 2025 3736; baseline -0.002 -13"><span class='ocrx_word' id='word_1_628' title='bbox 450 3680 536 3724; x_wconf 78' lang='lat' dir='ltr'><strong>tur</strong></span> <span class='ocrx_word' id='word_1_629' title='bbox 561 3670 613 3724; x_wconf 91' lang='lat' dir='ltr'><strong>in</strong></span> <span class='ocrx_word' id='word_1_630' title='bbox 644 3671 1015 3725; x_wconf 81' lang='lat' dir='ltr'><strong>remissionem</strong></span> <span class='ocrx_word' id='word_1_631' title='bbox 1048 3668 1422 3736; x_wconf 84' lang='lat' dir='ltr'><strong>peccatorum:</strong></span> <span class='ocrx_word' id='word_1_632' title='bbox 1474 3683 1660 3724; x_wconf 85' lang='lat' dir='ltr'><strong>verum</strong></span> <span class='ocrx_word' id='word_1_633' title='bbox 1704 3683 1821 3721; x_wconf 86' lang='lat' dir='ltr'><strong>eam</strong></span> <span class='ocrx_word' id='word_1_634' title='bbox 1867 3668 2025 3721; x_wconf 83' lang='lat' dir='ltr'><strong>dum-</strong></span> 
     </span>
    </p>
   </div>
   <div class='ocr_carea' id='block_1_87' title="bbox 451 3741 2025 3810">
    <p class='ocr_par' dir='ltr' id='par_1_87' title="bbox 451 3741 2025 3810">
     <span class='ocr_line' id='line_1_87' title="bbox 451 3741 2025 3810; baseline -0.003 -15"><span class='ocrx_word' id='word_1_635' title='bbox 451 3750 596 3795; x_wconf 80' lang='lat' dir='ltr'><strong>taxat</strong></span> <span class='ocrx_word' id='word_1_636' title='bbox 630 3741 700 3794; x_wconf 87' lang='lat' dir='ltr'><strong>ob</strong></span> <span class='ocrx_word' id='word_1_637' title='bbox 734 3755 984 3805; x_wconf 76' lang='lat' dir='ltr'><strong>causam,</strong></span> <span class='ocrx_word' id='word_1_638' title='bbox 1012 3742 1152 3810; x_wconf 91' lang='lat' dir='ltr'><strong>quod</strong></span> <span class='ocrx_word' id='word_1_639' title='bbox 1187 3756 1281 3809; x_wconf 90' lang='lat' dir='ltr'><strong>per</strong></span> <span class='ocrx_word' id='word_1_640' title='bbox 1307 3751 1702 3795; x_wconf 75' lang='lat' dir='ltr'><strong>sacramentum</strong></span> <span class='ocrx_word' id='word_1_641' title='bbox 1736 3753 2025 3806; x_wconf 89' lang='lat' dir='ltr'><strong>regenera-</strong></span> 
     </span>
    </p>
   </div>
   <div class='ocr_carea' id='block_1_88' title="bbox 449 3811 2021 3881">
    <p class='ocr_par' dir='ltr' id='par_1_88' title="bbox 449 3811 2021 3881">
     <span class='ocr_line' id='line_1_88' title="bbox 449 3811 2021 3881; baseline -0.003 -14"><span class='ocrx_word' id='word_1_642' title='bbox 449 3814 612 3867; x_wconf 81' lang='lat' dir='ltr'><strong>tionis</strong></span> <span class='ocrx_word' id='word_1_643' title='bbox 645 3812 832 3866; x_wconf 88' lang='lat' dir='ltr'><strong>lierent</strong></span> <span class='ocrx_word' id='word_1_644' title='bbox 872 3812 960 3865; x_wconf 83' lang='lat' dir='ltr'><strong>lilii</strong></span> <span class='ocrx_word' id='word_1_645' title='bbox 996 3814 1346 3881; x_wconf 86' lang='lat' dir='ltr'><strong>membraque</strong></span> <span class='ocrx_word' id='word_1_646' title='bbox 1378 3811 1650 3866; x_wconf 62' lang='lat' dir='ltr'><strong>Ecclesiae.</strong></span> <span class='ocrx_word' id='word_1_647' title='bbox 1681 3818 1832 3864; x_wconf 82' lang='lat' dir='ltr'><strong>extra</strong></span> <span class='ocrx_word' id='word_1_648' title='bbox 1863 3825 2021 3880; x_wconf 82' lang='lat' dir='ltr'><strong>quam</strong></span> 
     </span>
    </p>
   </div>
   <div class='ocr_carea' id='block_1_89' title="bbox 449 3881 2023 3954">
    <p class='ocr_par' dir='ltr' id='par_1_89' title="bbox 449 3881 2023 3954">
     <span class='ocr_line' id='line_1_89' title="bbox 449 3881 2023 3954; baseline -0.003 -16"><span class='ocrx_word' id='word_1_649' title='bbox 449 3898 610 3938; x_wconf 91' lang='lat' dir='ltr'><strong>nemo</strong></span> <span class='ocrx_word' id='word_1_650' title='bbox 652 3883 1027 3938; x_wconf 84' lang='lat' dir='ltr'><strong>remissionem</strong></span> <span class='ocrx_word' id='word_1_651' title='bbox 1073 3894 1413 3954; x_wconf 89' lang='lat' dir='ltr'><strong>peccatorum</strong></span> <span class='ocrx_word' id='word_1_652' title='bbox 1460 3881 1840 3954; x_wconf 77' lang='lat' dir='ltr'><strong>consequitur,</strong></span> <span class='ocrx_word' id='word_1_653' title='bbox 1869 3890 1926 3935; x_wconf 90' lang='lat' dir='ltr'><strong>et</strong></span> <span class='ocrx_word' id='word_1_654' title='bbox 1969 3881 2023 3934; x_wconf 91' lang='lat' dir='ltr'><strong>in</strong></span> 
     </span>
    </p>
   </div>
   <div class='ocr_carea' id='block_1_90' title="bbox 449 3952 2021 4024">
    <p class='ocr_par' dir='ltr' id='par_1_90' title="bbox 449 3952 2021 4024">
     <span class='ocr_line' id='line_1_90' title="bbox 449 3952 2021 4024; baseline -0.001 -19"><span class='ocrx_word' id='word_1_655' title='bbox 449 3969 550 4024; x_wconf 83' lang='lat' dir='ltr'><strong>qua</strong></span> <span class='ocrx_word' id='word_1_656' title='bbox 585 3954 681 4023; x_wconf 91' lang='lat' dir='ltr'><strong>ipsi</strong></span> <span class='ocrx_word' id='word_1_657' title='bbox 724 3964 942 4022; x_wconf 83' lang='lat' dir='ltr'><strong>possent</strong></span> <span class='ocrx_word' id='word_1_658' title='bbox 969 3952 1275 4024; x_wconf 87' lang='lat' dir='ltr'><strong>aliquando,</strong></span> <span class='ocrx_word' id='word_1_659' title='bbox 1310 3956 1354 4008; x_wconf 88' lang='lat' dir='ltr'><strong>si</strong></span> <span class='ocrx_word' id='word_1_660' title='bbox 1386 3963 1502 4024; x_wconf 88' lang='lat' dir='ltr'><strong>post</strong></span> <span class='ocrx_word' id='word_1_661' title='bbox 1527 3952 1685 4024; x_wconf 84' lang='lat' dir='ltr'><strong>ﬁdem</strong></span> <span class='ocrx_word' id='word_1_662' title='bbox 1718 3960 2021 4024; x_wconf 79' lang='lat' dir='ltr'><strong>peccarent,</strong></span> 
     </span>
    </p>
   </div>
   <div class='ocr_carea' id='block_1_91' title="bbox 448 4022 2027 4096">
    <p class='ocr_par' dir='ltr' id='par_1_91' title="bbox 448 4022 2027 4096">
     <span class='ocr_line' id='line_1_91' title="bbox 448 4022 2027 4096; baseline -0.002 -19"><span class='ocrx_word' id='word_1_663' title='bbox 448 4022 665 4096; x_wconf 76' lang='lat' dir='ltr'><strong>veniam</strong></span> <span class='ocrx_word' id='word_1_664' title='bbox 685 4024 928 4092; x_wconf 87' lang='lat' dir='ltr'><strong>adipisci.</strong></span> <span class='ocrx_word' id='word_1_665' title='bbox 952 4024 1034 4079; x_wconf 86' lang='lat' dir='ltr'><strong>Ilii</strong></span> <span class='ocrx_word' id='word_1_666' title='bbox 1057 4022 1186 4096; x_wconf 85' lang='lat' dir='ltr'><strong>ergo</strong></span> <span class='ocrx_word' id='word_1_667' title='bbox 1207 4028 1459 4093; x_wconf 87' lang='lat' dir='ltr'><strong>parvulos</strong></span> <span class='ocrx_word' id='word_1_668' title='bbox 1487 4022 1746 4096; x_wconf 85' lang='lat' dir='ltr'><strong>baptizari</strong></span> <span class='ocrx_word' id='word_1_669' title='bbox 1774 4022 2027 4096; x_wconf 76' lang='lat' dir='ltr'><strong>dicebant</strong></span> 
     </span>
    </p>
   </div>
   <div class='ocr_carea' id='block_1_92' title="bbox 452 4091 2025 4163">
    <p class='ocr_par' dir='ltr' id='par_1_92' title="bbox 452 4091 2025 4163">
     <span class='ocr_line' id='line_1_92' title="bbox 452 4091 2025 4163; baseline -0.003 -13"><span class='ocrx_word' id='word_1_670' title='bbox 452 4097 507 4150; x_wconf 85' lang='lat' dir='ltr'><strong>in</strong></span> <span class='ocrx_word' id='word_1_671' title='bbox 537 4095 908 4150; x_wconf 84' lang='lat' dir='ltr'><strong>remissionem</strong></span> <span class='ocrx_word' id='word_1_672' title='bbox 939 4091 1303 4163; x_wconf 75' lang='lat' dir='ltr'><strong>peccatorum,</strong></span> <span class='ocrx_word' id='word_1_673' title='bbox 1334 4103 1390 4149; x_wconf 90' lang='lat' dir='ltr'><strong>et</strong></span> <span class='ocrx_word' id='word_1_674' title='bbox 1417 4094 1632 4163; x_wconf 87' lang='lat' dir='ltr'><strong>quidem</strong></span> <span class='ocrx_word' id='word_1_675' title='bbox 1658 4106 1901 4163; x_wconf 89' lang='lat' dir='ltr'><strong>suorum,</strong></span> <span class='ocrx_word' id='word_1_676' title='bbox 1929 4091 2025 4163; x_wconf 86' lang='lat' dir='ltr'><strong>sed</strong></span> 
     </span>
    </p>
   </div>
   <div class='ocr_carea' id='block_1_93' title="bbox 450 4162 2023 4235">
    <p class='ocr_par' dir='ltr' id='par_1_93' title="bbox 450 4162 2023 4235">
     <span class='ocr_line' id='line_1_93' title="bbox 450 4162 2023 4235; baseline -0.004 -14"><span class='ocrx_word' id='word_1_677' title='bbox 450 4166 753 4222; x_wconf 78' lang='lat' dir='ltr'><strong>futurorum</strong></span> <span class='ocrx_word' id='word_1_678' title='bbox 781 4184 794 4219; x_wconf 90' lang='lat'><strong>:</strong></span> <span class='ocrx_word' id='word_1_679' title='bbox 832 4162 1244 4221; x_wconf 76' lang='lat' dir='ltr'><strong>commissorum</strong></span> <span class='ocrx_word' id='word_1_680' title='bbox 1279 4162 1491 4235; x_wconf 87' lang='lat' dir='ltr'><strong>quoque</strong></span> <span class='ocrx_word' id='word_1_681' title='bbox 1514 4164 1603 4217; x_wconf 85' lang='lat' dir='ltr'><strong>alii</strong></span> <span class='ocrx_word' id='word_1_682' title='bbox 1634 4162 1883 4235; x_wconf 78' lang='lat' dir='ltr'><strong>aiebant,</strong></span> <span class='ocrx_word' id='word_1_683' title='bbox 1929 4162 2023 4217; x_wconf 88' lang='lat' dir='ltr'><strong>sed</strong></span> 
     </span>
    </p>
   </div>
   <div class='ocr_carea' id='block_1_94' title="bbox 452 4232 2024 4307">
    <p class='ocr_par' dir='ltr' id='par_1_94' title="bbox 452 4232 2024 4307">
     <span class='ocr_line' id='line_1_94' title="bbox 452 4232 2024 4307; baseline -0.003 -16"><span class='ocrx_word' id='word_1_684' title='bbox 452 4239 537 4294; x_wconf 90' lang='lat' dir='ltr'><strong>vel</strong></span> <span class='ocrx_word' id='word_1_685' title='bbox 582 4238 634 4292; x_wconf 84' lang='lat' dir='ltr'><strong>in</strong></span> <span class='ocrx_word' id='word_1_686' title='bbox 680 4238 859 4307; x_wconf 91' lang='lat' dir='ltr'><strong>priore</strong></span> <span class='ocrx_word' id='word_1_687' title='bbox 904 4238 1049 4301; x_wconf 90' lang='lat' dir='ltr'><strong>vita,</strong></span> <span class='ocrx_word' id='word_1_688' title='bbox 1082 4232 1371 4304; x_wconf 76' lang='lat' dir='ltr'><strong>antequam</strong></span> <span class='ocrx_word' id='word_1_689' title='bbox 1405 4232 1593 4307; x_wconf 74' lang='lat' dir='ltr'><strong>animi</strong></span> <span class='ocrx_word' id='word_1_690' title='bbox 1621 4232 2024 4307; x_wconf 72' lang='lat' dir='ltr'><strong>laberenturin</strong></span> 
     </span>
    </p>
   </div>
   <div class='ocr_carea' id='block_1_95' title="bbox 450 4304 2023 4375">
    <p class='ocr_par' dir='ltr' id='par_1_95' title="bbox 450 4304 2023 4375">
     <span class='ocr_line' id='line_1_95' title="bbox 450 4304 2023 4375; baseline -0.004 -12"><span class='ocrx_word' id='word_1_691' title='bbox 450 4304 701 4375; x_wconf 75' lang='lat' dir='ltr'><strong>corpora,</strong></span> <span class='ocrx_word' id='word_1_692' title='bbox 742 4308 880 4375; x_wconf 88' lang='lat' dir='ltr'><strong>quod</strong></span> <span class='ocrx_word' id='word_1_693' title='bbox 927 4309 1163 4364; x_wconf 85' lang='lat' dir='ltr'><strong>iudieare</strong></span> <span class='ocrx_word' id='word_1_694' title='bbox 1188 4307 1508 4363; x_wconf 75' lang='lat' dir='ltr'><strong>Theodorus</strong></span> <span class='ocrx_word' id='word_1_695' title='bbox 1544 4304 1757 4359; x_wconf 88' lang='lat' dir='ltr'><strong>videtur</strong></span> <span class='ocrx_word' id='word_1_696' title='bbox 1802 4304 2023 4367; x_wconf 86' lang='lat' dir='ltr'><strong>Pbotio;</strong></span> 
     </span>
    </p>
   </div>
   <div class='ocr_carea' id='block_1_96' title="bbox 454 4374 2025 4446">
    <p class='ocr_par' dir='ltr' id='par_1_96' title="bbox 454 4374 2025 4446">
     <span class='ocr_line' id='line_1_96' title="bbox 454 4374 2025 4446; baseline 0 -15"><span class='ocrx_word' id='word_1_697' title='bbox 454 4379 535 4433; x_wconf 87' lang='lat' dir='ltr'><strong>vel</strong></span> <span class='ocrx_word' id='word_1_698' title='bbox 556 4374 617 4433; x_wconf 89' lang='lat' dir='ltr'><strong>in</strong></span> <span class='ocrx_word' id='word_1_699' title='bbox 650 4374 778 4446; x_wconf 76' lang='lat' dir='ltr'><strong>ipsis</strong></span> <span class='ocrx_word' id='word_1_700' title='bbox 798 4388 1025 4433; x_wconf 84' lang='lat' dir='ltr'><strong>matrum</strong></span> <span class='ocrx_word' id='word_1_701' title='bbox 1058 4380 1245 4445; x_wconf 87' lang='lat' dir='ltr'><strong>uteris,</strong></span> <span class='ocrx_word' id='word_1_702' title='bbox 1275 4390 1366 4434; x_wconf 85' lang='lat' dir='ltr'><strong>aut</strong></span> <span class='ocrx_word' id='word_1_703' title='bbox 1393 4393 1582 4434; x_wconf 81' lang='lat' dir='ltr'><strong>recens</strong></span> <span class='ocrx_word' id='word_1_704' title='bbox 1605 4374 1739 4443; x_wconf 76' lang='lat' dir='ltr'><strong>nati,</strong></span> <span class='ocrx_word' id='word_1_705' title='bbox 1770 4377 1913 4446; x_wconf 89' lang='lat' dir='ltr'><strong>quod</strong></span> <span class='ocrx_word' id='word_1_706' title='bbox 1936 4377 2025 4431; x_wconf 91' lang='lat' dir='ltr'><strong>alii</strong></span> 
     </span>
    </p>
   </div>
   <div class='ocr_carea' id='block_1_97' title="bbox 452 4446 1237 4518">
    <p class='ocr_par' dir='ltr' id='par_1_97' title="bbox 452 4446 1237 4518">
     <span class='ocr_line' id='line_1_97' title="bbox 452 4446 1237 4518; baseline 0.003 -17"><span class='ocrx_word' id='word_1_707' title='bbox 452 4449 668 4518; x_wconf 81' lang='lat' dir='ltr'><strong>quidam</strong></span> <span class='ocrx_word' id='word_1_708' title='bbox 700 4446 837 4515; x_wconf 88' lang='lat' dir='ltr'><strong>apttd</strong></span> <span class='ocrx_word' id='word_1_709' title='bbox 865 4448 1237 4518; x_wconf 75' lang='lat' dir='ltr'><strong>Augustinum.</strong></span> 
     </span>
    </p>
   </div>
   <div class='ocr_carea' id='block_1_98' title="bbox 528 4519 2023 4589">
    <p class='ocr_par' dir='ltr' id='par_1_98' title="bbox 528 4519 2023 4589">
     <span class='ocr_line' id='line_1_98' title="bbox 528 4519 2023 4589; baseline 0 -16"><span class='ocrx_word' id='word_1_710' title='bbox 528 4519 607 4573; x_wconf 86' lang='lat' dir='ltr'><strong>Ad</strong></span> <span class='ocrx_word' id='word_1_711' title='bbox 630 4529 834 4589; x_wconf 80' lang='lat' dir='ltr'><strong>sextam</strong></span> <span class='ocrx_word' id='word_1_712' title='bbox 858 4521 1264 4589; x_wconf 85' lang='lat' dir='ltr'><strong>septimamque,</strong></span> <span class='ocrx_word' id='word_1_713' title='bbox 1292 4527 1556 4589; x_wconf 76' lang='lat' dir='ltr'><strong>sumptam</strong></span> <span class='ocrx_word' id='word_1_714' title='bbox 1581 4534 1647 4574; x_wconf 87' lang='lat' dir='ltr'><strong>ex</strong></span> <span class='ocrx_word' id='word_1_715' title='bbox 1664 4520 1888 4585; x_wconf 89' lang='lat' dir='ltr'><strong>unitate,</strong></span> <span class='ocrx_word' id='word_1_716' title='bbox 1910 4528 2023 4573; x_wconf 92' lang='lat' dir='ltr'><strong>tum</strong></span> 
     </span>
    </p>
   </div>
   <div class='ocr_carea' id='block_1_99' title="bbox 2126 3315 3698 3385">
    <p class='ocr_par' dir='ltr' id='par_1_99' title="bbox 2126 3315 3698 3385">
     <span class='ocr_line' id='line_1_99' title="bbox 2126 3315 3698 3385; baseline 0.001 -18"><span class='ocrx_word' id='word_1_717' title='bbox 2126 3321 2304 3384; x_wconf 88' lang='lat' dir='ltr'><strong>potest</strong></span> <span class='ocrx_word' id='word_1_718' title='bbox 2328 3330 2485 3383; x_wconf 86' lang='lat' dir='ltr'><strong>quam</strong></span> <span class='ocrx_word' id='word_1_719' title='bbox 2533 3316 2675 3370; x_wconf 85' lang='lat' dir='ltr'><strong>unde</strong></span> <span class='ocrx_word' id='word_1_720' title='bbox 2726 3315 2927 3385; x_wconf 89' lang='lat' dir='ltr'><strong>aliquid</strong></span> <span class='ocrx_word' id='word_1_721' title='bbox 2978 3318 3304 3372; x_wconf 88' lang='lat' dir='ltr'><strong>contrarium</strong></span> <span class='ocrx_word' id='word_1_722' title='bbox 3337 3316 3449 3372; x_wconf 89' lang='lat' dir='ltr'><strong>Deo</strong></span> <span class='ocrx_word' id='word_1_723' title='bbox 3478 3318 3698 3383; x_wconf 77' lang='lat' dir='ltr'><strong>existit,</strong></span> 
     </span>
    </p>
   </div>
   <div class='ocr_carea' id='block_1_100' title="bbox 2123 3385 3696 3457">
    <p class='ocr_par' dir='ltr' id='par_1_100' title="bbox 2123 3385 3696 3457">
     <span class='ocr_line' id='line_1_100' title="bbox 2123 3385 3696 3457; baseline 0.003 -20"><span class='ocrx_word' id='word_1_724' title='bbox 2123 3399 2187 3437; x_wconf 91' lang='lat' dir='ltr'><strong>ex</strong></span> <span class='ocrx_word' id='word_1_725' title='bbox 2222 3385 2381 3457; x_wconf 77' lang='lat' dir='ltr'><strong>malae</strong></span> <span class='ocrx_word' id='word_1_726' title='bbox 2404 3385 2656 3440; x_wconf 88' lang='lat' dir='ltr'><strong>nimirum</strong></span> <span class='ocrx_word' id='word_1_727' title='bbox 2704 3386 2995 3442; x_wconf 79' lang='lat' dir='ltr'><strong>voluntatis</strong></span> <span class='ocrx_word' id='word_1_728' title='bbox 3032 3398 3275 3457; x_wconf 85' lang='lat' dir='ltr'><strong>peccato,</strong></span> <span class='ocrx_word' id='word_1_729' title='bbox 3313 3388 3456 3457; x_wconf 89' lang='lat' dir='ltr'><strong>quod</strong></span> <span class='ocrx_word' id='word_1_730' title='bbox 3498 3403 3696 3451; x_wconf 83' lang='lat' dir='ltr'><strong>unum,</strong></span> 
     </span>
    </p>
   </div>
   <div class='ocr_carea' id='block_1_101' title="bbox 2122 3456 3702 3523">
    <p class='ocr_par' dir='ltr' id='par_1_101' title="bbox 2122 3456 3702 3523">
     <span class='ocr_line' id='line_1_101' title="bbox 2122 3456 3702 3523; baseline 0.004 -16"><span class='ocrx_word' id='word_1_731' title='bbox 2122 3469 2244 3508; x_wconf 84' lang='lat' dir='ltr'><strong>cum</strong></span> <span class='ocrx_word' id='word_1_732' title='bbox 2276 3469 2305 3508; x_wconf 88' lang='lat' dir='ltr'><strong>a</strong></span> <span class='ocrx_word' id='word_1_733' title='bbox 2337 3456 2455 3511; x_wconf 83' lang='lat' dir='ltr'><strong>Dco</strong></span> <span class='ocrx_word' id='word_1_734' title='bbox 2486 3471 2590 3511; x_wconf 89' lang='lat' dir='ltr'><strong>non</strong></span> <span class='ocrx_word' id='word_1_735' title='bbox 2637 3457 2729 3521; x_wconf 88' lang='lat' dir='ltr'><strong>sit,</strong></span> <span class='ocrx_word' id='word_1_736' title='bbox 2778 3456 3108 3513; x_wconf 83' lang='lat' dir='ltr'><strong>contrarium</strong></span> <span class='ocrx_word' id='word_1_737' title='bbox 3159 3459 3270 3513; x_wconf 91' lang='lat' dir='ltr'><strong>Deo</strong></span> <span class='ocrx_word' id='word_1_738' title='bbox 3316 3456 3431 3523; x_wconf 83' lang='lat' dir='ltr'><strong>est;</strong></span> <span class='ocrx_word' id='word_1_739' title='bbox 3478 3458 3531 3512; x_wconf 87' lang='lat' dir='ltr'><strong>id</strong></span> <span class='ocrx_word' id='word_1_740' title='bbox 3574 3473 3702 3514; x_wconf 75' lang='lat' dir='ltr'><strong>Veto</strong></span> 
     </span>
    </p>
   </div>
   <div class='ocr_carea' id='block_1_102' title="bbox 2123 3526 3694 3599">
    <p class='ocr_par' dir='ltr' id='par_1_102' title="bbox 2123 3526 3694 3599">
     <span class='ocr_line' id='line_1_102' title="bbox 2123 3526 3694 3599; baseline 0.002 -21"><span class='ocrx_word' id='word_1_741' title='bbox 2123 3526 2247 3595; x_wconf 90' lang='lat' dir='ltr'><strong>quia</strong></span> <span class='ocrx_word' id='word_1_742' title='bbox 2294 3540 2390 3595; x_wconf 91' lang='lat' dir='ltr'><strong>per</strong></span> <span class='ocrx_word' id='word_1_743' title='bbox 2430 3537 2644 3583; x_wconf 64' lang='lat' dir='ltr'><strong>aetatem</strong></span> <span class='ocrx_word' id='word_1_744' title='bbox 2690 3529 2742 3582; x_wconf 93' lang='lat' dir='ltr'><strong>in</strong></span> <span class='ocrx_word' id='word_1_745' title='bbox 2784 3528 3019 3597; x_wconf 86' lang='lat' dir='ltr'><strong>parvulis</strong></span> <span class='ocrx_word' id='word_1_746' title='bbox 3060 3530 3286 3599; x_wconf 64' lang='lat' dir='ltr'><strong>reperiri</strong></span> <span class='ocrx_word' id='word_1_747' title='bbox 3335 3545 3441 3583; x_wconf 88' lang='lat' dir='ltr'><strong>non</strong></span> <span class='ocrx_word' id='word_1_748' title='bbox 3475 3536 3694 3599; x_wconf 89' lang='lat' dir='ltr'><strong>potest,</strong></span> 
     </span>
    </p>
   </div>
   <div class='ocr_carea' id='block_1_103' title="bbox 2122 3599 3701 3678">
    <p class='ocr_par' dir='ltr' id='par_1_103' title="bbox 2122 3599 3701 3678">
     <span class='ocr_line' id='line_1_103' title="bbox 2122 3599 3701 3678; baseline 0.002 -29"><span class='ocrx_word' id='word_1_749' title='bbox 2122 3604 2337 3678; x_wconf 74' lang='lat' dir='ltr'><strong>oportet</strong></span> <span class='ocrx_word' id='word_1_750' title='bbox 2370 3613 2399 3651; x_wconf 89' lang='lat' dir='ltr'><strong>a</strong></span> <span class='ocrx_word' id='word_1_751' title='bbox 2436 3609 2659 3668; x_wconf 88' lang='lat' dir='ltr'><strong>parente</strong></span> <span class='ocrx_word' id='word_1_752' title='bbox 2704 3599 2864 3654; x_wconf 91' lang='lat' dir='ltr'><strong>totius</strong></span> <span class='ocrx_word' id='word_1_753' title='bbox 2905 3601 3122 3670; x_wconf 75' lang='lat' dir='ltr'><strong>generis</strong></span> <span class='ocrx_word' id='word_1_754' title='bbox 3162 3600 3217 3655; x_wconf 90' lang='lat' dir='ltr'><strong>in</strong></span> <span class='ocrx_word' id='word_1_755' title='bbox 3253 3606 3502 3671; x_wconf 87' lang='lat' dir='ltr'><strong>posteros</strong></span> <span class='ocrx_word' id='word_1_756' title='bbox 3529 3611 3701 3653; x_wconf 83' lang='lat' dir='ltr'><strong>trans-</strong></span> 
     </span>
    </p>
   </div>
   <div class='ocr_carea' id='block_1_104' title="bbox 2124 3681 2253 3722">
    <p class='ocr_par' dir='ltr' id='par_1_104' title="bbox 2124 3681 2253 3722">
     <span class='ocr_line' id='line_1_104' title="bbox 2124 3681 2253 3722; baseline 0.008 -1"><span class='ocrx_word' id='word_1_757' title='bbox 2124 3681 2253 3722; x_wconf 72' lang='lat'><strong>1888.</strong></span> 
     </span>
    </p>
   </div>
   <div class='ocr_carea' id='block_1_105' title="bbox 2194 3738 3695 3812">
    <p class='ocr_par' dir='ltr' id='par_1_105' title="bbox 2194 3738 3695 3812">
     <span class='ocr_line' id='line_1_105' title="bbox 2194 3738 3695 3812; baseline 0.003 -21"><span class='ocrx_word' id='word_1_758' title='bbox 2194 3738 2401 3812; x_wconf 83' lang='lat' dir='ltr'><strong>Quanta</strong></span> <span class='ocrx_word' id='word_1_759' title='bbox 2458 3739 2533 3812; x_wconf 88' lang='lat' dir='ltr'><strong>sit</strong></span> <span class='ocrx_word' id='word_1_760' title='bbox 2575 3751 3038 3812; x_wconf 19' lang='lat' dir='ltr'><strong>quamqueucerta</strong></span> <span class='ocrx_word' id='word_1_761' title='bbox 3090 3741 3209 3796; x_wconf 62' lang='lat' dir='ltr'><strong>haec</strong></span> <span class='ocrx_word' id='word_1_762' title='bbox 3258 3742 3695 3812; x_wconf 80' lang='lat' dir='ltr'><strong>argumentatio,</strong></span> 
     </span>
    </p>
   </div>
   <div class='ocr_carea' id='block_1_106' title="bbox 2125 3810 3699 3879">
    <p class='ocr_par' dir='ltr' id='par_1_106' title="bbox 2125 3810 3699 3879">
     <span class='ocr_line' id='line_1_106' title="bbox 2125 3810 3699 3879; baseline 0.001 -13"><span class='ocrx_word' id='word_1_763' title='bbox 2125 3810 2460 3866; x_wconf 76' lang='lat' dir='ltr'><strong>Ostendimus</strong></span> <span class='ocrx_word' id='word_1_764' title='bbox 2489 3811 2615 3865; x_wconf 90' lang='lat' dir='ltr'><strong>olim</strong></span> <span class='ocrx_word' id='word_1_765' title='bbox 2644 3812 2696 3865; x_wconf 92' lang='lat' dir='ltr'><strong>in</strong></span> <span class='ocrx_word' id='word_1_766' title='bbox 2721 3810 2943 3873; x_wconf 82' lang='lat' dir='ltr'><strong>scholis,</strong></span> <span class='ocrx_word' id='word_1_767' title='bbox 2976 3828 3074 3866; x_wconf 90' lang='lat' dir='ltr'><strong>nec</strong></span> <span class='ocrx_word' id='word_1_768' title='bbox 3098 3814 3299 3879; x_wconf 90' lang='lat' dir='ltr'><strong>patitur</strong></span> <span class='ocrx_word' id='word_1_769' title='bbox 3328 3810 3477 3866; x_wconf 84' lang='lat' dir='ltr'><strong>locus</strong></span> <span class='ocrx_word' id='word_1_770' title='bbox 3504 3812 3699 3867; x_wconf 68' lang='lat' dir='ltr'><strong>afferre</strong></span> 
     </span>
    </p>
   </div>
   <div class='ocr_carea' id='block_1_107' title="bbox 2126 3881 3698 3953">
    <p class='ocr_par' dir='ltr' id='par_1_107' title="bbox 2126 3881 3698 3953">
     <span class='ocr_line' id='line_1_107' title="bbox 2126 3881 3698 3953; baseline 0.001 -19"><span class='ocrx_word' id='word_1_771' title='bbox 2126 3882 2300 3951; x_wconf 89' lang='lat' dir='ltr'><strong>plura.</strong></span> <span class='ocrx_word' id='word_1_772' title='bbox 2326 3881 2513 3936; x_wconf 86' lang='lat' dir='ltr'><strong>Nullus</strong></span> <span class='ocrx_word' id='word_1_773' title='bbox 2536 3896 2699 3951; x_wconf 88' lang='lat' dir='ltr'><strong>porro</strong></span> <span class='ocrx_word' id='word_1_774' title='bbox 2730 3893 2971 3936; x_wconf 82' lang='lat' dir='ltr'><strong>veterum</strong></span> <span class='ocrx_word' id='word_1_775' title='bbox 3002 3893 3129 3938; x_wconf 90' lang='lat' dir='ltr'><strong>ante</strong></span> <span class='ocrx_word' id='word_1_776' title='bbox 3158 3884 3536 3953; x_wconf 78' lang='lat' dir='ltr'><strong>Augustinum,</strong></span> <span class='ocrx_word' id='word_1_777' title='bbox 3561 3884 3698 3953; x_wconf 84' lang='lat' dir='ltr'><strong>quod</strong></span> 
     </span>
    </p>
   </div>
   <div class='ocr_carea' id='block_1_108' title="bbox 2125 3953 3699 4023">
    <p class='ocr_par' dir='ltr' id='par_1_108' title="bbox 2125 3953 3699 4023">
     <span class='ocr_line' id='line_1_108' title="bbox 2125 3953 3699 4023; baseline 0.001 -18"><span class='ocrx_word' id='word_1_778' title='bbox 2125 3953 2315 4019; x_wconf 75' lang='lat' dir='ltr'><strong>sciam,</strong></span> <span class='ocrx_word' id='word_1_779' title='bbox 2345 3954 2556 4007; x_wconf 88' lang='lat' dir='ltr'><strong>ratione</strong></span> <span class='ocrx_word' id='word_1_780' title='bbox 2589 3954 2685 4007; x_wconf 89' lang='lat' dir='ltr'><strong>hac</strong></span> <span class='ocrx_word' id='word_1_781' title='bbox 2715 3968 2840 4007; x_wconf 89' lang='lat' dir='ltr'><strong>usus</strong></span> <span class='ocrx_word' id='word_1_782' title='bbox 2869 3962 2969 4007; x_wconf 89' lang='lat' dir='ltr'><strong>est.</strong></span> <span class='ocrx_word' id='word_1_783' title='bbox 3002 3953 3141 4021; x_wconf 82' lang='lat' dir='ltr'><strong>Quid</strong></span> <span class='ocrx_word' id='word_1_784' title='bbox 3176 3954 3511 4023; x_wconf 87' lang='lat' dir='ltr'><strong>responderit</strong></span> <span class='ocrx_word' id='word_1_785' title='bbox 3537 3953 3699 4007; x_wconf 81' lang='lat' dir='ltr'><strong>Julia-</strong></span> 
     </span>
    </p>
   </div>
   <div class='ocr_carea' id='block_1_109' title="bbox 2126 4023 3697 4094">
    <p class='ocr_par' dir='ltr' id='par_1_109' title="bbox 2126 4023 3697 4094">
     <span class='ocr_line' id='line_1_109' title="bbox 2126 4023 3697 4094; baseline 0.001 -18"><span class='ocrx_word' id='word_1_786' title='bbox 2126 4038 2248 4086; x_wconf 82' lang='lat' dir='ltr'><strong>nus,</strong></span> <span class='ocrx_word' id='word_1_787' title='bbox 2280 4038 2385 4077; x_wconf 86' lang='lat' dir='ltr'><strong>non</strong></span> <span class='ocrx_word' id='word_1_788' title='bbox 2416 4025 2634 4094; x_wconf 87' lang='lat' dir='ltr'><strong>memini</strong></span> <span class='ocrx_word' id='word_1_789' title='bbox 2659 4039 2744 4077; x_wconf 84' lang='lat' dir='ltr'><strong>me</strong></span> <span class='ocrx_word' id='word_1_790' title='bbox 2775 4023 2983 4094; x_wconf 79' lang='lat' dir='ltr'><strong>legere;</strong></span> <span class='ocrx_word' id='word_1_791' title='bbox 3007 4023 3229 4079; x_wconf 88' lang='lat' dir='ltr'><strong>nonfuit</strong></span> <span class='ocrx_word' id='word_1_792' title='bbox 3252 4036 3429 4079; x_wconf 89' lang='lat' dir='ltr'><strong>tamen</strong></span> <span class='ocrx_word' id='word_1_793' title='bbox 3460 4025 3697 4090; x_wconf 88' lang='lat' dir='ltr'><strong>nescius,</strong></span> 
     </span>
    </p>
   </div>
   <div class='ocr_carea' id='block_1_110' title="bbox 2126 4093 3700 4165">
    <p class='ocr_par' dir='ltr' id='par_1_110' title="bbox 2126 4093 3700 4165">
     <span class='ocr_line' id='line_1_110' title="bbox 2126 4093 3700 4165; baseline 0.003 -20"><span class='ocrx_word' id='word_1_794' title='bbox 2126 4093 2561 4165; x_wconf 84' lang='lat' dir='ltr'><strong>quandoquidem</strong></span> <span class='ocrx_word' id='word_1_795' title='bbox 2591 4093 3303 4165; x_wconf 80' lang='lat' dir='ltr'><strong>Augustinustestimonium</strong></span> <span class='ocrx_word' id='word_1_796' title='bbox 3334 4095 3700 4149; x_wconf 65' lang='lat' dir='ltr'><strong>Ecclesiastici</strong></span> 
     </span>
    </p>
   </div>
   <div class='ocr_carea' id='block_1_111' title="bbox 2128 4164 3697 4235">
    <p class='ocr_par' dir='ltr' id='par_1_111' title="bbox 2128 4164 3697 4235">
     <span class='ocr_line' id='line_1_111' title="bbox 2128 4164 3697 4235; baseline 0.003 -20"><span class='ocrx_word' id='word_1_797' title='bbox 2128 4164 2422 4233; x_wconf 89' lang='lat' dir='ltr'><strong>protulerat</strong></span> <span class='ocrx_word' id='word_1_798' title='bbox 2447 4164 2585 4218; x_wconf 91' lang='lat' dir='ltr'><strong>libro</strong></span> <span class='ocrx_word' id='word_1_799' title='bbox 2610 4164 2849 4219; x_wconf 82' lang='lat' dir='ltr'><strong>seciindo</strong></span> <span class='ocrx_word' id='word_1_800' title='bbox 2873 4165 2941 4219; x_wconf 81' lang='lat' dir='ltr'><strong>de</strong></span> <span class='ocrx_word' id='word_1_801' title='bbox 2969 4164 3183 4235; x_wconf 84' lang='lat' dir='ltr'><strong>Nuptiis</strong></span> <span class='ocrx_word' id='word_1_802' title='bbox 3213 4178 3267 4221; x_wconf 89' lang='lat' dir='ltr'><strong>et</strong></span> <span class='ocrx_word' id='word_1_803' title='bbox 3293 4165 3697 4235; x_wconf 69' lang='lat' dir='ltr'><strong>Concupiscet]-</strong></span> 
     </span>
    </p>
   </div>
   <div class='ocr_carea' id='block_1_112' title="bbox 2126 4235 3547 4306">
    <p class='ocr_par' dir='ltr' id='par_1_112' title="bbox 2126 4235 3547 4306">
     <span class='ocr_line' id='line_1_112' title="bbox 2126 4235 3547 4306; baseline 0 -17"><span class='ocrx_word' id='word_1_804' title='bbox 2126 4242 2224 4297; x_wconf 87' lang='lat' dir='ltr'><strong>tta,</strong></span> <span class='ocrx_word' id='word_1_805' title='bbox 2253 4235 2306 4290; x_wconf 87' lang='lat' dir='ltr'><strong>in</strong></span> <span class='ocrx_word' id='word_1_806' title='bbox 2339 4250 2498 4304; x_wconf 92' lang='lat' dir='ltr'><strong>quem</strong></span> <span class='ocrx_word' id='word_1_807' title='bbox 2526 4239 2822 4302; x_wconf 87' lang='lat' dir='ltr'><strong>posteriore</strong></span> <span class='ocrx_word' id='word_1_808' title='bbox 2850 4236 3027 4303; x_wconf 85' lang='lat' dir='ltr'><strong>Opere</strong></span> <span class='ocrx_word' id='word_1_809' title='bbox 3057 4238 3300 4292; x_wconf 83' lang='lat' dir='ltr'><strong>lulianus</strong></span> <span class='ocrx_word' id='word_1_810' title='bbox 3327 4248 3547 4306; x_wconf 80' lang='lat' dir='ltr'><strong>pugnat.</strong></span> 
     </span>
    </p>
   </div>
   <div class='ocr_carea' id='block_1_113' title="bbox 2199 4306 3701 4376">
    <p class='ocr_par' dir='ltr' id='par_1_113' title="bbox 2199 4306 3701 4376">
     <span class='ocr_line' id='line_1_113' title="bbox 2199 4306 3701 4376; baseline -0.001 -15"><span class='ocrx_word' id='word_1_811' title='bbox 2199 4306 2608 4375; x_wconf 79' lang='lat' dir='ltr'><strong>ReSponderunt</strong></span> <span class='ocrx_word' id='word_1_812' title='bbox 2646 4307 2735 4359; x_wconf 88' lang='lat' dir='ltr'><strong>alii</strong></span> <span class='ocrx_word' id='word_1_813' title='bbox 2764 4310 2970 4376; x_wconf 81' lang='lat' dir='ltr'><strong>priores</strong></span> <span class='ocrx_word' id='word_1_814' title='bbox 2992 4308 3092 4361; x_wconf 85' lang='lat' dir='ltr'><strong>ista</strong></span> <span class='ocrx_word' id='word_1_815' title='bbox 3121 4324 3221 4361; x_wconf 87' lang='lat' dir='ltr'><strong>non</strong></span> <span class='ocrx_word' id='word_1_816' title='bbox 3247 4324 3353 4361; x_wconf 84' lang='lat' dir='ltr'><strong>esse</strong></span> <span class='ocrx_word' id='word_1_817' title='bbox 3370 4319 3572 4361; x_wconf 65' lang='lat' dir='ltr'><strong>natura</strong></span> <span class='ocrx_word' id='word_1_818' title='bbox 3602 4320 3701 4360; x_wconf 71' lang='lat' dir='ltr'><strong>rei!</strong></span> 
     </span>
    </p>
   </div>
   <div class='ocr_carea' id='block_1_114' title="bbox 2127 4376 3701 4449">
    <p class='ocr_par' dir='ltr' id='par_1_114' title="bbox 2127 4376 3701 4449">
     <span class='ocr_line' id='line_1_114' title="bbox 2127 4376 3701 4449; baseline -0.001 -18"><span class='ocrx_word' id='word_1_819' title='bbox 2127 4379 2401 4449; x_wconf 79' lang='lat' dir='ltr'><strong>supplicia,</strong></span> <span class='ocrx_word' id='word_1_820' title='bbox 2433 4379 2520 4430; x_wconf 89' lang='lat' dir='ltr'><strong>sed</strong></span> <span class='ocrx_word' id='word_1_821' title='bbox 2541 4394 2685 4449; x_wconf 79' lang='lat' dir='ltr'><strong>parte</strong></span> <span class='ocrx_word' id='word_1_822' title='bbox 2707 4377 2989 4445; x_wconf 86' lang='lat' dir='ltr'><strong>primordia</strong></span> <span class='ocrx_word' id='word_1_823' title='bbox 3016 4393 3034 4430; x_wconf 90' lang='lat'><strong><em>:</em></strong></span> <span class='ocrx_word' id='word_1_824' title='bbox 3058 4378 3274 4448; x_wconf 84' lang='lat' dir='ltr'><strong>ideoque</strong></span> <span class='ocrx_word' id='word_1_825' title='bbox 3294 4376 3586 4449; x_wconf 18' lang='lat' dir='ltr'><strong>&quot;Christum,</strong></span> <span class='ocrx_word' id='word_1_826' title='bbox 3613 4378 3701 4446; x_wconf 82' lang='lat' dir='ltr'><strong>qui</strong></span> 
     </span>
    </p>
   </div>
   <div class='ocr_carea' id='block_1_115' title="bbox 2126 4448 3699 4519">
    <p class='ocr_par' dir='ltr' id='par_1_115' title="bbox 2126 4448 3699 4519">
     <span class='ocr_line' id='line_1_115' title="bbox 2126 4448 3699 4519; baseline -0.001 -18"><span class='ocrx_word' id='word_1_827' title='bbox 2126 4450 2236 4502; x_wconf 84' lang='lat' dir='ltr'><strong>sine</strong></span> <span class='ocrx_word' id='word_1_828' title='bbox 2270 4450 2375 4503; x_wconf 87' lang='lat' dir='ltr'><strong>ulla</strong></span> <span class='ocrx_word' id='word_1_829' title='bbox 2426 4448 2632 4517; x_wconf 87' lang='lat' dir='ltr'><strong>peccato</strong></span> <span class='ocrx_word' id='word_1_830' title='bbox 2679 4464 2887 4502; x_wconf 87' lang='lat' dir='ltr'><strong>carnem</strong></span> <span class='ocrx_word' id='word_1_831' title='bbox 2924 4452 3137 4519; x_wconf 84' lang='lat' dir='ltr'><strong>sumpsit</strong></span> <span class='ocrx_word' id='word_1_832' title='bbox 3177 4465 3240 4503; x_wconf 73' lang='lat' dir='ltr'><strong>ea:</strong></span> <span class='ocrx_word' id='word_1_833' title='bbox 3287 4448 3521 4518; x_wconf 83' lang='lat' dir='ltr'><strong>Virgine,</strong></span> <span class='ocrx_word' id='word_1_834' title='bbox 3581 4451 3699 4515; x_wconf 81' lang='lat' dir='ltr'><strong>plu-</strong></span> 
     </span>
    </p>
   </div>
   <div class='ocr_carea' id='block_1_116' title="bbox 2128 4520 3706 4600">
    <p class='ocr_par' dir='ltr' id='par_1_116' title="bbox 2128 4520 3706 4600">
     <span class='ocr_line' id='line_1_116' title="bbox 2128 4520 3706 4600; baseline -0.001 -27"><span class='ocrx_word' id='word_1_835' title='bbox 2128 4537 2221 4600; x_wconf 80' lang='lat' dir='ltr'><strong>res_</strong></span> <span class='ocrx_word' id='word_1_836' title='bbox 2250 4520 2503 4589; x_wconf 77' lang='lat' dir='ltr'><strong>infantilis</strong></span> <span class='ocrx_word' id='word_1_837' title='bbox 2543 4520 2707 4573; x_wconf 75' lang='lat' dir='ltr'><strong>wtatis</strong></span> <span class='ocrx_word' id='word_1_838' title='bbox 2752 4521 3099 4600; x_wconf 63' lang='lat' dir='ltr'><strong>infirmitates,</strong></span> <span class='ocrx_word' id='word_1_839' title='bbox 3139 4521 3351 4600; x_wconf 78' lang='lat' dir='ltr'><strong>perinde</strong></span> <span class='ocrx_word' id='word_1_840' title='bbox 3389 4533 3543 4587; x_wconf 86' lang='lat' dir='ltr'><strong>atque</strong></span> <span class='ocrx_word' id='word_1_841' title='bbox 3568 4534 3706 4600; x_wconf 69' lang='lat' dir='ltr'><strong>mpr-</strong></span> 
     </span>
    </p>
   </div>
   <div class='ocr_carea' id='block_1_117' title="bbox 453 4588 3705 4682">
    <p class='ocr_par' dir='ltr' id='par_1_117' title="bbox 453 4588 3705 4682">
     <span class='ocr_line' id='line_1_117' title="bbox 453 4588 3705 4682; baseline -0.002 -35"><span class='ocrx_word' id='word_1_842' title='bbox 453 4588 943 4682; x_wconf 47' lang='grc' dir='ltr'><strong>ὺιψιίῐςίῐηὶιἱβξίυς»,1</strong></span> <span class='ocrx_word' id='word_1_843' title='bbox 968 4599 1077 4682; x_wconf 59' lang='lat' dir='ltr'><strong>tpm</strong></span> <span class='ocrx_word' id='word_1_844' title='bbox 1108 4588 1394 4644; x_wconf 80' lang='lat' dir='ltr'><strong>verborum</strong></span> <span class='ocrx_word' id='word_1_845' title='bbox 1420 4588 1479 4682; x_wconf 74' lang='lat' dir='ltr'><strong>et</strong></span> <span class='ocrx_word' id='word_1_846' title='bbox 1506 4591 1702 4682; x_wconf 65' lang='lat' dir='ltr'><strong>rituum</strong></span> <span class='ocrx_word' id='word_1_847' title='bbox 1740 4591 1933 4672; x_wconf 82' lang='lat' dir='ltr'><strong>quibus</strong></span> <span class='ocrx_word' id='word_1_848' title='bbox 1968 4590 2020 4644; x_wconf 92' lang='lat' dir='ltr'><strong>iu</strong></span> <span class='ocrx_word' id='word_1_849' title='bbox 2052 4620 2103 4682; x_wconf 70' lang='grc' dir='ltr'><strong>Ι)</strong></span> <span class='ocrx_word' id='word_1_850' title='bbox 2128 4588 2377 4682; x_wconf 45' lang='grc' dir='ltr'><strong>ςιιιὺαεέη)</strong></span> <span class='ocrx_word' id='word_1_851' title='bbox 2416 4602 2698 4682; x_wconf 59' lang='lat' dir='ltr'><strong>cwterquue</strong></span> <span class='ocrx_word' id='word_1_852' title='bbox 2737 4590 2963 4682; x_wconf 44' lang='lat' dir='ltr'><strong>eum,th</strong></span> <span class='ocrx_word' id='word_1_853' title='bbox 2995 4588 3295 4682; x_wconf 52' lang='lat' dir='ltr'><strong>communia</strong></span> <span class='ocrx_word' id='word_1_854' title='bbox 3316 4631 3330 4651; x_wconf 90' lang='lat'><strong>,</strong></span> <span class='ocrx_word' id='word_1_855' title='bbox 3367 4591 3705 4682; x_wconf 47' lang='grc' dir='ltr'><strong>αεηιιηρξζξε</strong></span> 
     </span>
    </p>
   </div>
   <div class='ocr_carea' id='block_1_118' title="bbox 456 4660 2024 4727">
    <p class='ocr_par' dir='ltr' id='par_1_118' title="bbox 456 4660 2024 4727">
     <span class='ocr_line' id='line_1_118' title="bbox 456 4660 2024 4727; baseline 0 -12"><span class='ocrx_word' id='word_1_856' title='bbox 456 4674 564 4716; x_wconf 88' lang='lat' dir='ltr'><strong>tota</strong></span> <span class='ocrx_word' id='word_1_857' title='bbox 596 4660 832 4716; x_wconf 87' lang='lat' dir='ltr'><strong>Ecclesia</strong></span> <span class='ocrx_word' id='word_1_858' title='bbox 864 4660 1191 4727; x_wconf 89' lang='lat' dir='ltr'><strong>celebratur,</strong></span> <span class='ocrx_word' id='word_1_859' title='bbox 1223 4661 1502 4727; x_wconf 78' lang='lat' dir='ltr'><strong>respondit</strong></span> <span class='ocrx_word' id='word_1_860' title='bbox 1526 4660 1772 4716; x_wconf 83' lang='lat' dir='ltr'><strong>Julianus</strong></span> <span class='ocrx_word' id='word_1_861' title='bbox 1798 4662 1848 4715; x_wconf 95' lang='lat' dir='ltr'><strong>in</strong></span> <span class='ocrx_word' id='word_1_862' title='bbox 1876 4674 2024 4715; x_wconf 86' lang='lat' dir='ltr'><strong>utro-</strong></span> 
     </span>
    </p>
   </div>
   <div class='ocr_carea' id='block_1_119' title="bbox 454 4732 2024 4803">
    <p class='ocr_par' dir='ltr' id='par_1_119' title="bbox 454 4732 2024 4803">
     <span class='ocr_line' id='line_1_119' title="bbox 454 4732 2024 4803; baseline -0.002 -17"><span class='ocrx_word' id='word_1_863' title='bbox 454 4749 559 4803; x_wconf 84' lang='lat' dir='ltr'><strong>que</strong></span> <span class='ocrx_word' id='word_1_864' title='bbox 583 4735 759 4801; x_wconf 83' lang='lat' dir='ltr'><strong>Opere</strong></span> <span class='ocrx_word' id='word_1_865' title='bbox 786 4742 971 4803; x_wconf 88' lang='lat' dir='ltr'><strong>contra</strong></span> <span class='ocrx_word' id='word_1_866' title='bbox 1005 4732 1359 4801; x_wconf 67' lang='lat' dir='ltr'><strong>Augustinum</strong></span> <span class='ocrx_word' id='word_1_867' title='bbox 1382 4772 1397 4794; x_wconf 93' lang='lat'><strong>,</strong></span> <span class='ocrx_word' id='word_1_868' title='bbox 1439 4734 1792 4803; x_wconf 76' lang='lat' dir='ltr'><strong>exposuitque</strong></span> <span class='ocrx_word' id='word_1_869' title='bbox 1841 4733 2024 4799; x_wconf 86' lang='lat' dir='ltr'><strong>loqua-</strong></span> 
     </span>
    </p>
   </div>
   <div class='ocr_carea' id='block_1_120' title="bbox 452 4801 2026 4872">
    <p class='ocr_par' dir='ltr' id='par_1_120' title="bbox 452 4801 2026 4872">
     <span class='ocr_line' id='line_1_120' title="bbox 452 4801 2026 4872; baseline -0.003 -12"><span class='ocrx_word' id='word_1_870' title='bbox 452 4801 668 4860; x_wconf 81' lang='lat' dir='ltr'><strong>cissitne</strong></span> <span class='ocrx_word' id='word_1_871' title='bbox 712 4801 854 4872; x_wconf 91' lang='lat' dir='ltr'><strong>quod</strong></span> <span class='ocrx_word' id='word_1_872' title='bbox 899 4803 1064 4857; x_wconf 88' lang='lat' dir='ltr'><strong>verbo</strong></span> <span class='ocrx_word' id='word_1_873' title='bbox 1113 4803 1322 4857; x_wconf 84' lang='lat' dir='ltr'><strong>dixerat</strong></span> <span class='ocrx_word' id='word_1_874' title='bbox 1363 4804 1413 4856; x_wconf 93' lang='lat' dir='ltr'><strong>in</strong></span> <span class='ocrx_word' id='word_1_875' title='bbox 1448 4802 1663 4867; x_wconf 87' lang='lat' dir='ltr'><strong>libello,</strong></span> <span class='ocrx_word' id='word_1_876' title='bbox 1712 4803 1917 4872; x_wconf 78' lang='lat' dir='ltr'><strong>unicum</strong></span> <span class='ocrx_word' id='word_1_877' title='bbox 1970 4818 2026 4857; x_wconf 85' lang='lat' dir='ltr'><strong>se</strong></span> 
     </span>
    </p>
   </div>
   <div class='ocr_carea' id='block_1_121' title="bbox 453 4871 2028 4944">
    <p class='ocr_par' dir='ltr' id='par_1_121' title="bbox 453 4871 2028 4944">
     <span class='ocr_line' id='line_1_121' title="bbox 453 4871 2028 4944; baseline -0.002 -14"><span class='ocrx_word' id='word_1_878' title='bbox 453 4877 698 4930; x_wconf 76' lang='lat' dir='ltr'><strong>veraciter</strong></span> <span class='ocrx_word' id='word_1_879' title='bbox 719 4871 919 4929; x_wconf 84' lang='lat' dir='ltr'><strong>tradere</strong></span> <span class='ocrx_word' id='word_1_880' title='bbox 939 4885 985 4928; x_wconf 88' lang='lat' dir='ltr'><strong>et</strong></span> <span class='ocrx_word' id='word_1_881' title='bbox 1007 4885 1171 4928; x_wconf 88' lang='lat' dir='ltr'><strong>tenere</strong></span> <span class='ocrx_word' id='word_1_882' title='bbox 1194 4874 1462 4944; x_wconf 83' lang='lat' dir='ltr'><strong>baptisma,</strong></span> <span class='ocrx_word' id='word_1_883' title='bbox 1480 4875 1757 4927; x_wconf 85' lang='lat' dir='ltr'><strong>secundum</strong></span> <span class='ocrx_word' id='word_1_884' title='bbox 1785 4871 2028 4927; x_wconf 70' lang='lat' dir='ltr'><strong>Ecclesiae</strong></span> 
     </span>
    </p>
   </div>
   <div class='ocr_carea' id='block_1_122' title="bbox 452 4943 2021 5018">
    <p class='ocr_par' dir='ltr' id='par_1_122' title="bbox 452 4943 2021 5018">
     <span class='ocr_line' id='line_1_122' title="bbox 452 4943 2021 5018; baseline -0.004 -14"><span class='ocrx_word' id='word_1_885' title='bbox 452 4946 737 5018; x_wconf 71' lang='lat' dir='ltr'><strong>exemplum</strong></span> <span class='ocrx_word' id='word_1_886' title='bbox 768 4958 815 5000; x_wconf 89' lang='lat' dir='ltr'><strong>et</strong></span> <span class='ocrx_word' id='word_1_887' title='bbox 840 4954 1153 5018; x_wconf 59' lang='lat' dir='ltr'><strong>praceptum</strong></span> <span class='ocrx_word' id='word_1_888' title='bbox 1195 4943 1321 5010; x_wconf 77' lang='lat' dir='ltr'><strong>Dei,</strong></span> <span class='ocrx_word' id='word_1_889' title='bbox 1345 4945 1493 5018; x_wconf 82' lang='lat' dir='ltr'><strong>quia,</strong></span> <span class='ocrx_word' id='word_1_890' title='bbox 1522 4956 1579 5018; x_wconf 88' lang='lat' dir='ltr'><strong>ut</strong></span> <span class='ocrx_word' id='word_1_891' title='bbox 1602 4945 1736 4998; x_wconf 87' lang='lat' dir='ltr'><strong>alias</strong></span> <span class='ocrx_word' id='word_1_892' title='bbox 1768 4944 2021 5018; x_wconf 76' lang='lat' dir='ltr'><strong>loquitur,</strong></span> 
     </span>
    </p>
   </div>
   <div class='ocr_carea' id='block_1_123' title="bbox 454 5015 2026 5086">
    <p class='ocr_par' dir='ltr' id='par_1_123' title="bbox 454 5015 2026 5086">
     <span class='ocr_line' id='line_1_123' title="bbox 454 5015 2026 5086; baseline 0 -15"><span class='ocrx_word' id='word_1_893' title='bbox 454 5015 670 5073; x_wconf 79' lang='lat' dir='ltr'><strong>unicum</strong></span> <span class='ocrx_word' id='word_1_894' title='bbox 711 5015 907 5073; x_wconf 82' lang='lat' dir='ltr'><strong>sufﬁcit</strong></span> <span class='ocrx_word' id='word_1_895' title='bbox 947 5016 1213 5081; x_wconf 85' lang='lat' dir='ltr'><strong>diversis,</strong></span> <span class='ocrx_word' id='word_1_896' title='bbox 1246 5030 1342 5084; x_wconf 89' lang='lat' dir='ltr'><strong>pro</strong></span> <span class='ocrx_word' id='word_1_897' title='bbox 1372 5015 1684 5072; x_wconf 84' lang='lat' dir='ltr'><strong>diversitate</strong></span> <span class='ocrx_word' id='word_1_898' title='bbox 1726 5016 2026 5086; x_wconf 80' lang='lat' dir='ltr'><strong>suscipien—</strong></span> 
     </span>
    </p>
   </div>
   <div class='ocr_carea' id='block_1_124' title="bbox 453 5088 1251 5158">
    <p class='ocr_par' dir='ltr' id='par_1_124' title="bbox 453 5088 1251 5158">
     <span class='ocr_line' id='line_1_124' title="bbox 453 5088 1251 5158; baseline -0.004 -15"><span class='ocrx_word' id='word_1_899' title='bbox 453 5092 583 5143; x_wconf 91' lang='lat' dir='ltr'><strong>tinm</strong></span> <span class='ocrx_word' id='word_1_900' title='bbox 610 5088 889 5143; x_wconf 70' lang='lat' dir='ltr'><strong>effectibus</strong></span> <span class='ocrx_word' id='word_1_901' title='bbox 916 5088 1251 5158; x_wconf 68' lang='lat' dir='ltr'><strong>praestaudis.</strong></span> 
     </span>
    </p>
   </div>
   <div class='ocr_carea' id='block_1_125' title="bbox 527 5156 2026 5228">
    <p class='ocr_par' dir='ltr' id='par_1_125' title="bbox 527 5156 2026 5228">
     <span class='ocr_line' id='line_1_125' title="bbox 527 5156 2026 5228; baseline 0 -15"><span class='ocrx_word' id='word_1_902' title='bbox 527 5158 767 5213; x_wconf 79' lang='lat' dir='ltr'><strong>latinitas</strong></span> <span class='ocrx_word' id='word_1_903' title='bbox 788 5161 888 5214; x_wconf 92' lang='lat' dir='ltr'><strong>sim</strong></span> <span class='ocrx_word' id='word_1_904' title='bbox 913 5156 1238 5228; x_wconf 81' lang='lat' dir='ltr'><strong>nimiusque,</strong></span> <span class='ocrx_word' id='word_1_905' title='bbox 1264 5158 1306 5213; x_wconf 90' lang='lat' dir='ltr'><strong>si</strong></span> <span class='ocrx_word' id='word_1_906' title='bbox 1328 5157 1488 5213; x_wconf 83' lang='lat' dir='ltr'><strong>velim</strong></span> <span class='ocrx_word' id='word_1_907' title='bbox 1518 5172 1870 5226; x_wconf 63' lang='lat' dir='ltr'><strong>quacumque</strong></span> <span class='ocrx_word' id='word_1_908' title='bbox 1901 5156 2026 5213; x_wconf 89' lang='lat' dir='ltr'><strong>hinc</strong></span> 
     </span>
    </p>
   </div>
   <div class='ocr_carea' id='block_1_126' title="bbox 453 5228 2023 5299">
    <p class='ocr_par' dir='ltr' id='par_1_126' title="bbox 453 5228 2023 5299">
     <span class='ocr_line' id='line_1_126' title="bbox 453 5228 2023 5299; baseline 0.001 -15"><span class='ocrx_word' id='word_1_909' title='bbox 453 5241 506 5285; x_wconf 87' lang='lat' dir='ltr'><strong>et</strong></span> <span class='ocrx_word' id='word_1_910' title='bbox 538 5230 682 5291; x_wconf 83' lang='lat' dir='ltr'><strong>inde,</strong></span> <span class='ocrx_word' id='word_1_911' title='bbox 727 5228 841 5284; x_wconf 85' lang='lat' dir='ltr'><strong>sive</strong></span> <span class='ocrx_word' id='word_1_912' title='bbox 873 5230 1099 5299; x_wconf 80' lang='lat' dir='ltr'><strong>objecta,</strong></span> <span class='ocrx_word' id='word_1_913' title='bbox 1134 5231 1246 5284; x_wconf 83' lang='lat' dir='ltr'><strong>sive</strong></span> <span class='ocrx_word' id='word_1_914' title='bbox 1292 5230 1514 5295; x_wconf 88' lang='lat' dir='ltr'><strong>reiecta,</strong></span> <span class='ocrx_word' id='word_1_915' title='bbox 1552 5229 1821 5298; x_wconf 87' lang='lat' dir='ltr'><strong>persequi.</strong></span> <span class='ocrx_word' id='word_1_916' title='bbox 1854 5228 2023 5286; x_wconf 84' lang='lat' dir='ltr'><strong>Totus</strong></span> 
     </span>
    </p>
   </div>
   <div class='ocr_carea' id='block_1_127' title="bbox 453 5299 2020 5371">
    <p class='ocr_par' dir='ltr' id='par_1_127' title="bbox 453 5299 2020 5371">
     <span class='ocr_line' id='line_1_127' title="bbox 453 5299 2020 5371; baseline -0.001 -15"><span class='ocrx_word' id='word_1_917' title='bbox 453 5312 536 5356; x_wconf 87' lang='lat' dir='ltr'><strong>est</strong></span> <span class='ocrx_word' id='word_1_918' title='bbox 580 5300 937 5371; x_wconf 79' lang='lat' dir='ltr'><strong>Augustinus,</strong></span> <span class='ocrx_word' id='word_1_919' title='bbox 980 5300 1172 5370; x_wconf 70' lang='lat' dir='ltr'><strong>partim</strong></span> <span class='ocrx_word' id='word_1_920' title='bbox 1220 5304 1273 5355; x_wconf 89' lang='lat' dir='ltr'><strong>in</strong></span> <span class='ocrx_word' id='word_1_921' title='bbox 1319 5302 1385 5356; x_wconf 87' lang='lat' dir='ltr'><strong>iis</strong></span> <span class='ocrx_word' id='word_1_922' title='bbox 1436 5301 1709 5369; x_wconf 79' lang='lat' dir='ltr'><strong>urgendis,</strong></span> <span class='ocrx_word' id='word_1_923' title='bbox 1745 5299 2020 5369; x_wconf 84' lang='lat' dir='ltr'><strong>partimin</strong></span> 
     </span>
    </p>
   </div>
   <div class='ocr_carea' id='block_1_128' title="bbox 456 5371 2023 5442">
    <p class='ocr_par' dir='ltr' id='par_1_128' title="bbox 456 5371 2023 5442">
     <span class='ocr_line' id='line_1_128' title="bbox 456 5371 2023 5442; baseline -0.001 -15"><span class='ocrx_word' id='word_1_924' title='bbox 456 5373 782 5436; x_wconf 72' lang='lat' dir='ltr'><strong>referendis;</strong></span> <span class='ocrx_word' id='word_1_925' title='bbox 812 5383 953 5428; x_wconf 71' lang='lat' dir='ltr'><strong>totus</strong></span> <span class='ocrx_word' id='word_1_926' title='bbox 983 5373 1357 5442; x_wconf 79' lang='lat' dir='ltr'><strong>llypognostes</strong></span> <span class='ocrx_word' id='word_1_927' title='bbox 1389 5372 1595 5436; x_wconf 72' lang='lat' dir='ltr'><strong>Sixtus,</strong></span> <span class='ocrx_word' id='word_1_928' title='bbox 1639 5378 1889 5439; x_wconf 79' lang='lat' dir='ltr'><strong>totusque</strong></span> <span class='ocrx_word' id='word_1_929' title='bbox 1912 5371 2023 5425; x_wconf 83' lang='lat' dir='ltr'><strong>Ma-</strong></span> 
     </span>
    </p>
   </div>
   <div class='ocr_carea' id='block_1_129' title="bbox 454 5442 2018 5506">
    <p class='ocr_par' dir='ltr' id='par_1_129' title="bbox 454 5442 2018 5506">
     <span class='ocr_line' id='line_1_129' title="bbox 454 5442 2018 5506; baseline -0.002 -7"><span class='ocrx_word' id='word_1_930' title='bbox 454 5446 566 5499; x_wconf 76' lang='lat' dir='ltr'><strong>rius</strong></span> <span class='ocrx_word' id='word_1_931' title='bbox 605 5444 885 5498; x_wconf 79' lang='lat' dir='ltr'><strong>Mercator.</strong></span> <span class='ocrx_word' id='word_1_932' title='bbox 934 5445 1112 5499; x_wconf 90' lang='lat' dir='ltr'><strong>Hicin</strong></span> <span class='ocrx_word' id='word_1_933' title='bbox 1144 5444 1280 5498; x_wconf 88' lang='lat' dir='ltr'><strong>libro</strong></span> <span class='ocrx_word' id='word_1_934' title='bbox 1314 5444 1791 5506; x_wconf 89' lang='lat' dir='ltr'><strong>Subnotationum;</strong></span> <span class='ocrx_word' id='word_1_935' title='bbox 1836 5442 2018 5496; x_wconf 78' lang='lat' dir='ltr'><strong>Sixtus</strong></span> 
     </span>
    </p>
   </div>
   <div class='ocr_carea' id='block_1_130' title="bbox 454 5513 2027 5586">
    <p class='ocr_par' dir='ltr' id='par_1_130' title="bbox 454 5513 2027 5586">
     <span class='ocr_line' id='line_1_130' title="bbox 454 5513 2027 5586; baseline 0 -17"><span class='ocrx_word' id='word_1_936' title='bbox 454 5518 505 5569; x_wconf 94' lang='lat' dir='ltr'><strong>in</strong></span> <span class='ocrx_word' id='word_1_937' title='bbox 531 5516 677 5569; x_wconf 76' lang='lat' dir='ltr'><strong>libris</strong></span> <span class='ocrx_word' id='word_1_938' title='bbox 701 5515 1175 5586; x_wconf 68' lang='lat' dir='ltr'><strong>llypognosticmn;</strong></span> <span class='ocrx_word' id='word_1_939' title='bbox 1204 5517 1533 5586; x_wconf 78' lang='lat' dir='ltr'><strong>Augustinus</strong></span> <span class='ocrx_word' id='word_1_940' title='bbox 1565 5514 1738 5586; x_wconf 81' lang='lat' dir='ltr'><strong>tribus</strong></span> <span class='ocrx_word' id='word_1_941' title='bbox 1766 5514 1917 5586; x_wconf 76' lang='lat' dir='ltr'><strong>libris</strong></span> <span class='ocrx_word' id='word_1_942' title='bbox 1958 5513 2027 5569; x_wconf 84' lang='lat' dir='ltr'><strong>de</strong></span> 
     </span>
    </p>
   </div>
   <div class='ocr_carea' id='block_1_131' title="bbox 454 5584 2029 5649">
    <p class='ocr_par' dir='ltr' id='par_1_131' title="bbox 454 5584 2029 5649">
     <span class='ocr_line' id='line_1_131' title="bbox 454 5584 2029 5649; baseline -0.002 -7"><span class='ocrx_word' id='word_1_943' title='bbox 454 5584 801 5642; x_wconf 76' lang='lat' dir='ltr'><strong>l’cCcatoruiIt</strong></span> <span class='ocrx_word' id='word_1_944' title='bbox 832 5584 1033 5642; x_wconf 85' lang='lat' dir='ltr'><strong>Meritis</strong></span> <span class='ocrx_word' id='word_1_945' title='bbox 1061 5600 1113 5640; x_wconf 79' lang='lat' dir='ltr'><strong>et</strong></span> <span class='ocrx_word' id='word_1_946' title='bbox 1141 5584 1598 5649; x_wconf 65' lang='lat' dir='ltr'><strong>liemissionibus,</strong></span> <span class='ocrx_word' id='word_1_947' title='bbox 1632 5584 1771 5639; x_wconf 87' lang='lat' dir='ltr'><strong>libro</strong></span> <span class='ocrx_word' id='word_1_948' title='bbox 1799 5586 1865 5639; x_wconf 91' lang='lat' dir='ltr'><strong>de</strong></span> <span class='ocrx_word' id='word_1_949' title='bbox 1897 5584 2029 5639; x_wconf 82' lang='lat' dir='ltr'><strong>Pec-</strong></span> 
     </span>
    </p>
   </div>
   <div class='ocr_carea' id='block_1_132' title="bbox 448 5655 2027 5727">
    <p class='ocr_par' dir='ltr' id='par_1_132' title="bbox 448 5655 2027 5727">
     <span class='ocr_line' id='line_1_132' title="bbox 448 5655 2027 5727; baseline -0.003 -14"><span class='ocrx_word' id='word_1_950' title='bbox 448 5668 574 5713; x_wconf 85' lang='lat' dir='ltr'><strong>cato</strong></span> <span class='ocrx_word' id='word_1_951' title='bbox 600 5657 877 5727; x_wconf 76' lang='lat' dir='ltr'><strong>Originali,</strong></span> <span class='ocrx_word' id='word_1_952' title='bbox 912 5658 1063 5712; x_wconf 83' lang='lat' dir='ltr'><strong>libris</strong></span> <span class='ocrx_word' id='word_1_953' title='bbox 1088 5673 1180 5712; x_wconf 82' lang='lat' dir='ltr'><strong>sex</strong></span> <span class='ocrx_word' id='word_1_954' title='bbox 1216 5658 1408 5725; x_wconf 85' lang='lat' dir='ltr'><strong>prioris</strong></span> <span class='ocrx_word' id='word_1_955' title='bbox 1433 5656 1623 5725; x_wconf 88' lang='lat' dir='ltr'><strong>Operis</strong></span> <span class='ocrx_word' id='word_1_956' title='bbox 1644 5666 1830 5711; x_wconf 85' lang='lat' dir='ltr'><strong>contra</strong></span> <span class='ocrx_word' id='word_1_957' title='bbox 1853 5655 2027 5711; x_wconf 78' lang='lat' dir='ltr'><strong>Julia-</strong></span> 
     </span>
    </p>
   </div>
   <div class='ocr_carea' id='block_1_133' title="bbox 454 5728 2031 5800">
    <p class='ocr_par' dir='ltr' id='par_1_133' title="bbox 454 5728 2031 5800">
     <span class='ocr_line' id='line_1_133' title="bbox 454 5728 2031 5800; baseline -0.001 -18"><span class='ocrx_word' id='word_1_958' title='bbox 454 5745 606 5794; x_wconf 80' lang='lat' dir='ltr'><strong>num,</strong></span> <span class='ocrx_word' id='word_1_959' title='bbox 639 5730 859 5784; x_wconf 78' lang='lat' dir='ltr'><strong>totidem</strong></span> <span class='ocrx_word' id='word_1_960' title='bbox 891 5728 1211 5797; x_wconf 55' lang='lat' dir='ltr'><strong>Imperfecsi,</strong></span> <span class='ocrx_word' id='word_1_961' title='bbox 1240 5730 1588 5800; x_wconf 81' lang='lat' dir='ltr'><strong>pluribusque</strong></span> <span class='ocrx_word' id='word_1_962' title='bbox 1626 5729 1740 5782; x_wconf 89' lang='lat' dir='ltr'><strong>sive</strong></span> <span class='ocrx_word' id='word_1_963' title='bbox 1765 5728 2031 5782; x_wconf 79' lang='lat' dir='ltr'><strong>sermoni—</strong></span> 
     </span>
    </p>
   </div>
   <div class='ocr_carea' id='block_1_134' title="bbox 448 5800 997 5867">
    <p class='ocr_par' dir='ltr' id='par_1_134' title="bbox 448 5800 997 5867">
     <span class='ocr_line' id='line_1_134' title="bbox 448 5800 997 5867; baseline -0.013 -9"><span class='ocrx_word' id='word_1_964' title='bbox 448 5804 573 5867; x_wconf 82' lang='lat' dir='ltr'><strong>bus,</strong></span> <span class='ocrx_word' id='word_1_965' title='bbox 600 5800 713 5854; x_wconf 87' lang='lat' dir='ltr'><strong>sive</strong></span> <span class='ocrx_word' id='word_1_966' title='bbox 738 5800 997 5867; x_wconf 88' lang='lat' dir='ltr'><strong>epistolis.</strong></span> 
     </span>
    </p>
   </div>
   <div class='ocr_carea' id='block_1_135' title="bbox 524 5866 2021 5943">
    <p class='ocr_par' dir='ltr' id='par_1_135' title="bbox 524 5866 2021 5943">
     <span class='ocr_line' id='line_1_135' title="bbox 524 5866 2021 5943; baseline -0.002 -15"><span class='ocrx_word' id='word_1_967' title='bbox 524 5866 891 5930; x_wconf 76' lang='lat' dir='ltr'><strong>Animadverti</strong></span> <span class='ocrx_word' id='word_1_968' title='bbox 933 5888 1095 5943; x_wconf 80' lang='lat' dir='ltr'><strong>porro</strong></span> <span class='ocrx_word' id='word_1_969' title='bbox 1145 5872 1414 5930; x_wconf 83' lang='lat' dir='ltr'><strong>nemiuem</strong></span> <span class='ocrx_word' id='word_1_970' title='bbox 1464 5880 1706 5927; x_wconf 82' lang='lat' dir='ltr'><strong>veterum</strong></span> <span class='ocrx_word' id='word_1_971' title='bbox 1734 5866 1835 5925; x_wconf 83' lang='lat' dir='ltr'><strong>hoc</strong></span> <span class='ocrx_word' id='word_1_972' title='bbox 1863 5885 2021 5941; x_wconf 84' lang='lat' dir='ltr'><strong>argu-</strong></span> 
     </span>
    </p>
   </div>
   <div class='ocr_carea' id='block_1_136' title="bbox 2128 4658 3702 4732">
    <p class='ocr_par' dir='ltr' id='par_1_136' title="bbox 2128 4658 3702 4732">
     <span class='ocr_line' id='line_1_136' title="bbox 2128 4658 3702 4732; baseline -0.001 -18"><span class='ocrx_word' id='word_1_973' title='bbox 2128 4662 2307 4732; x_wconf 81' lang='lat' dir='ltr'><strong>(Apud</strong></span> <span class='ocrx_word' id='word_1_974' title='bbox 2336 4661 2666 4732; x_wconf 80' lang='lat' dir='ltr'><strong>August.lib.</strong></span> <span class='ocrx_word' id='word_1_975' title='bbox 2692 4676 2707 4714; x_wconf 86' lang='grc' dir='ltr'>ι</span> <span class='ocrx_word' id='word_1_976' title='bbox 2736 4663 2799 4713; x_wconf 89' lang='lat' dir='ltr'><strong>de</strong></span> <span class='ocrx_word' id='word_1_977' title='bbox 2821 4658 3030 4713; x_wconf 83' lang='lat' dir='ltr'><strong>Peccat.</strong></span> <span class='ocrx_word' id='word_1_978' title='bbox 3063 4661 3279 4732; x_wconf 74' lang='lat' dir='ltr'><strong>Meritis,</strong></span> <span class='ocrx_word' id='word_1_979' title='bbox 3301 4673 3421 4722; x_wconf 91' lang='lat' dir='ltr'><strong>etc.,</strong></span> <span class='ocrx_word' id='word_1_980' title='bbox 3440 4658 3559 4728; x_wconf 87' lang='lat' dir='ltr'><strong>cap.</strong></span> <span class='ocrx_word' id='word_1_981' title='bbox 3587 4660 3702 4732; x_wconf 60' lang='lat'><strong>27).</strong></span> 
     </span>
    </p>
   </div>
   <div class='ocr_carea' id='block_1_137' title="bbox 2204 4730 3703 4800">
    <p class='ocr_par' dir='ltr' id='par_1_137' title="bbox 2204 4730 3703 4800">
     <span class='ocr_line' id='line_1_137' title="bbox 2204 4730 3703 4800; baseline -0.001 -15"><span class='ocrx_word' id='word_1_982' title='bbox 2204 4734 2397 4789; x_wconf 80' lang='lat' dir='ltr'><strong>Verum</strong></span> <span class='ocrx_word' id='word_1_983' title='bbox 2439 4746 2507 4785; x_wconf 84' lang='lat' dir='ltr'><strong>ex</strong></span> <span class='ocrx_word' id='word_1_984' title='bbox 2562 4731 2662 4785; x_wconf 85' lang='lat' dir='ltr'><strong>hac</strong></span> <span class='ocrx_word' id='word_1_985' title='bbox 2695 4732 2806 4799; x_wconf 89' lang='lat' dir='ltr'><strong>ipsa</strong></span> <span class='ocrx_word' id='word_1_986' title='bbox 2852 4731 3204 4800; x_wconf 88' lang='lat' dir='ltr'><strong>responsione</strong></span> <span class='ocrx_word' id='word_1_987' title='bbox 3229 4732 3492 4787; x_wconf 84' lang='lat' dir='ltr'><strong>Catholici</strong></span> <span class='ocrx_word' id='word_1_988' title='bbox 3540 4730 3703 4784; x_wconf 87' lang='lat' dir='ltr'><strong>robur</strong></span> 
     </span>
    </p>
   </div>
   <div class='ocr_carea' id='block_1_138' title="bbox 2125 4800 3702 4871">
    <p class='ocr_par' dir='ltr' id='par_1_138' title="bbox 2125 4800 3702 4871">
     <span class='ocr_line' id='line_1_138' title="bbox 2125 4800 3702 4871; baseline -0.003 -14"><span class='ocrx_word' id='word_1_989' title='bbox 2125 4804 2448 4859; x_wconf 88' lang='lat' dir='ltr'><strong>addiderunt</strong></span> <span class='ocrx_word' id='word_1_990' title='bbox 2474 4800 2923 4871; x_wconf 86' lang='lat' dir='ltr'><strong>argumentationi</strong></span> <span class='ocrx_word' id='word_1_991' title='bbox 2963 4816 3110 4856; x_wconf 64' lang='lat' dir='ltr'><strong>sum:</strong></span> <span class='ocrx_word' id='word_1_992' title='bbox 3145 4818 3270 4856; x_wconf 86' lang='lat' dir='ltr'><strong>nam</strong></span> <span class='ocrx_word' id='word_1_993' title='bbox 3295 4805 3340 4856; x_wconf 88' lang='lat' dir='ltr'><strong>si</strong></span> <span class='ocrx_word' id='word_1_994' title='bbox 3366 4802 3527 4863; x_wconf 84' lang='lat' dir='ltr'><strong>Deus.</strong></span> <span class='ocrx_word' id='word_1_995' title='bbox 3562 4801 3702 4870; x_wconf 88' lang='lat' dir='ltr'><strong>quod</strong></span> 
     </span>
    </p>
   </div>
   <div class='ocr_carea' id='block_1_139' title="bbox 2128 4871 3704 4943">
    <p class='ocr_par' dir='ltr' id='par_1_139' title="bbox 2128 4871 3704 4943">
     <span class='ocr_line' id='line_1_139' title="bbox 2128 4871 3704 4943; baseline -0.004 -13"><span class='ocrx_word' id='word_1_996' title='bbox 2128 4884 2357 4930; x_wconf 69' lang='lat' dir='ltr'><strong>wstatnr</strong></span> <span class='ocrx_word' id='word_1_997' title='bbox 2385 4873 2679 4938; x_wconf 84' lang='lat' dir='ltr'><strong>Apostolus</strong></span> <span class='ocrx_word' id='word_1_998' title='bbox 2700 4871 2877 4943; x_wconf 83' lang='lat' dir='ltr'><strong>(Rom.</strong></span> <span class='ocrx_word' id='word_1_999' title='bbox 2900 4887 3012 4940; x_wconf 89' lang='lat' dir='ltr'><strong>vm,</strong></span> <span class='ocrx_word' id='word_1_1000' title='bbox 3046 4872 3123 4943; x_wconf 81' lang='grc'><strong>5),</strong></span> <span class='ocrx_word' id='word_1_1001' title='bbox 3158 4872 3353 4927; x_wconf 83' lang='lat' dir='ltr'><strong>Filium</strong></span> <span class='ocrx_word' id='word_1_1002' title='bbox 3382 4888 3536 4926; x_wconf 78' lang='lat' dir='ltr'><strong>suum</strong></span> <span class='ocrx_word' id='word_1_1003' title='bbox 3566 4872 3704 4924; x_wconf 81' lang='lat' dir='ltr'><strong>misit</strong></span> 
     </span>
    </p>
   </div>
   <div class='ocr_carea' id='block_1_140' title="bbox 2127 4944 3705 5014">
    <p class='ocr_par' dir='ltr' id='par_1_140' title="bbox 2127 4944 3705 5014">
     <span class='ocr_line' id='line_1_140' title="bbox 2127 4944 3705 5014; baseline -0.004 -14"><span class='ocrx_word' id='word_1_1004' title='bbox 2127 4948 2181 5000; x_wconf 90' lang='lat' dir='ltr'><strong>in</strong></span> <span class='ocrx_word' id='word_1_1005' title='bbox 2205 4945 2595 5001; x_wconf 83' lang='lat' dir='ltr'><strong>similitudinem</strong></span> <span class='ocrx_word' id='word_1_1006' title='bbox 2613 4946 2784 4997; x_wconf 88' lang='lat' dir='ltr'><strong>carnis</strong></span> <span class='ocrx_word' id='word_1_1007' title='bbox 2805 4944 3021 5014; x_wconf 83' lang='lat' dir='ltr'><strong>peccati,</strong></span> <span class='ocrx_word' id='word_1_1008' title='bbox 3046 4954 3100 4997; x_wconf 86' lang='lat' dir='ltr'><strong>ut</strong></span> <span class='ocrx_word' id='word_1_1009' title='bbox 3121 4945 3185 4998; x_wconf 89' lang='lat' dir='ltr'><strong>de</strong></span> <span class='ocrx_word' id='word_1_1010' title='bbox 3207 4954 3412 5009; x_wconf 85' lang='lat' dir='ltr'><strong>peccato</strong></span> <span class='ocrx_word' id='word_1_1011' title='bbox 3435 4944 3705 4996; x_wconf 82' lang='lat' dir='ltr'><strong>damnaret</strong></span> 
     </span>
    </p>
   </div>
   <div class='ocr_carea' id='block_1_141' title="bbox 2128 5015 3702 5088">
    <p class='ocr_par' dir='ltr' id='par_1_141' title="bbox 2128 5015 3702 5088">
     <span class='ocr_line' id='line_1_141' title="bbox 2128 5015 3702 5088; baseline -0.002 -19"><span class='ocrx_word' id='word_1_1012' title='bbox 2128 5030 2388 5088; x_wconf 83' lang='lat' dir='ltr'><strong>peccatum</strong></span> <span class='ocrx_word' id='word_1_1013' title='bbox 2410 5017 2473 5088; x_wconf 83' lang='lat' dir='ltr'><strong>in</strong></span> <span class='ocrx_word' id='word_1_1014' title='bbox 2484 5030 2656 5088; x_wconf 80' lang='lat' dir='ltr'><strong>carne,</strong></span> <span class='ocrx_word' id='word_1_1015' title='bbox 2680 5016 2831 5088; x_wconf 77' lang='lat' dir='ltr'><strong>fateri</strong></span> <span class='ocrx_word' id='word_1_1016' title='bbox 2856 5023 3067 5083; x_wconf 90' lang='lat' dir='ltr'><strong>oportet</strong></span> <span class='ocrx_word' id='word_1_1017' title='bbox 3090 5016 3474 5088; x_wconf 13' lang='lat' dir='ltr'><strong>aliquameesse</strong></span> <span class='ocrx_word' id='word_1_1018' title='bbox 3496 5015 3702 5088; x_wconf 79' lang='lat' dir='ltr'><strong>peccati</strong></span> 
     </span>
    </p>
   </div>
   <div class='ocr_carea' id='block_1_142' title="bbox 2132 5084 3702 5154">
    <p class='ocr_par' dir='ltr' id='par_1_142' title="bbox 2132 5084 3702 5154">
     <span class='ocr_line' id='line_1_142' title="bbox 2132 5084 3702 5154; baseline -0.005 -11"><span class='ocrx_word' id='word_1_1019' title='bbox 2132 5084 2381 5151; x_wconf 81' lang='lat' dir='ltr'><strong>carnem,</strong></span> <span class='ocrx_word' id='word_1_1020' title='bbox 2433 5085 2695 5154; x_wconf 86' lang='lat' dir='ltr'><strong>siquidem</strong></span> <span class='ocrx_word' id='word_1_1021' title='bbox 2734 5085 2878 5139; x_wconf 85' lang='lat' dir='ltr'><strong>nulla</strong></span> <span class='ocrx_word' id='word_1_1022' title='bbox 2922 5094 3097 5152; x_wconf 90' lang='lat' dir='ltr'><strong>potest</strong></span> <span class='ocrx_word' id='word_1_1023' title='bbox 3134 5084 3256 5141; x_wconf 86' lang='lat' dir='ltr'><strong>esse</strong></span> <span class='ocrx_word' id='word_1_1024' title='bbox 3299 5084 3597 5139; x_wconf 81' lang='lat' dir='ltr'><strong>similitudo</strong></span> <span class='ocrx_word' id='word_1_1025' title='bbox 3628 5086 3702 5137; x_wconf 76' lang='lat' dir='ltr'><strong>rei</strong></span> 
     </span>
    </p>
   </div>
   <div class='ocr_carea' id='block_1_143' title="bbox 2132 5155 3703 5229">
    <p class='ocr_par' dir='ltr' id='par_1_143' title="bbox 2132 5155 3703 5229">
     <span class='ocr_line' id='line_1_143' title="bbox 2132 5155 3703 5229; baseline -0.004 -17"><span class='ocrx_word' id='word_1_1026' title='bbox 2132 5174 2255 5229; x_wconf 73' lang='lat' dir='ltr'><strong>qua:</strong></span> <span class='ocrx_word' id='word_1_1027' title='bbox 2303 5160 2416 5227; x_wconf 89' lang='lat' dir='ltr'><strong>ipsa</strong></span> <span class='ocrx_word' id='word_1_1028' title='bbox 2445 5156 2717 5229; x_wconf 64' lang='lat' dir='ltr'><strong>nullasit;</strong></span> <span class='ocrx_word' id='word_1_1029' title='bbox 2756 5156 2898 5229; x_wconf 80' lang='lat' dir='ltr'><strong>nulla</strong></span> <span class='ocrx_word' id='word_1_1030' title='bbox 2945 5171 3079 5229; x_wconf 82' lang='lat' dir='ltr'><strong>vero</strong></span> <span class='ocrx_word' id='word_1_1031' title='bbox 3091 5167 3195 5229; x_wconf 79' lang='lat' dir='ltr'><strong>est</strong></span> <span class='ocrx_word' id='word_1_1032' title='bbox 3245 5159 3445 5229; x_wconf 80' lang='lat' dir='ltr'><strong>peccati</strong></span> <span class='ocrx_word' id='word_1_1033' title='bbox 3475 5169 3626 5229; x_wconf 80' lang='lat' dir='ltr'><strong>caro,</strong></span> <span class='ocrx_word' id='word_1_1034' title='bbox 3654 5155 3703 5229; x_wconf 83' lang='lat' dir='ltr'><strong>si</strong></span> 
     </span>
    </p>
   </div>
   <div class='ocr_carea' id='block_1_144' title="bbox 2131 5226 3702 5296">
    <p class='ocr_par' dir='ltr' id='par_1_144' title="bbox 2131 5226 3702 5296">
     <span class='ocr_line' id='line_1_144' title="bbox 2131 5226 3702 5296; baseline -0.004 -13"><span class='ocrx_word' id='word_1_1035' title='bbox 2131 5226 2563 5284; x_wconf 30' lang='lat' dir='ltr'><strong>natura’cunctis</strong></span> <span class='ocrx_word' id='word_1_1036' title='bbox 2592 5226 2643 5281; x_wconf 92' lang='lat' dir='ltr'><strong>in</strong></span> <span class='ocrx_word' id='word_1_1037' title='bbox 2674 5226 2980 5282; x_wconf 82' lang='lat' dir='ltr'><strong>hominibus</strong></span> <span class='ocrx_word' id='word_1_1038' title='bbox 3014 5227 3135 5282; x_wconf 88' lang='lat' dir='ltr'><strong>talis</strong></span> <span class='ocrx_word' id='word_1_1039' title='bbox 3183 5228 3402 5291; x_wconf 84' lang='lat' dir='ltr'><strong>existat,</strong></span> <span class='ocrx_word' id='word_1_1040' title='bbox 3433 5227 3608 5296; x_wconf 87' lang='lat' dir='ltr'><strong>qualis</strong></span> <span class='ocrx_word' id='word_1_1041' title='bbox 3651 5226 3702 5296; x_wconf 83' lang='lat' dir='ltr'><strong>in</strong></span> 
     </span>
    </p>
   </div>
   <div class='ocr_carea' id='block_1_145' title="bbox 2128 5294 3706 5356">
    <p class='ocr_par' dir='ltr' id='par_1_145' title="bbox 2128 5294 3706 5356">
     <span class='ocr_line' id='line_1_145' title="bbox 2128 5294 3706 5356; baseline -0.004 -1"><span class='ocrx_word' id='word_1_1042' title='bbox 2128 5301 2336 5356; x_wconf 83' lang='lat' dir='ltr'><strong>Adamo</strong></span> <span class='ocrx_word' id='word_1_1043' title='bbox 2383 5299 2599 5354; x_wconf 80' lang='lat' dir='ltr'><strong>condita</strong></span> <span class='ocrx_word' id='word_1_1044' title='bbox 2647 5306 2768 5355; x_wconf 86' lang='lat' dir='ltr'><strong>est:</strong></span> <span class='ocrx_word' id='word_1_1045' title='bbox 2814 5313 2937 5353; x_wconf 90' lang='lat' dir='ltr'><strong>nam</strong></span> <span class='ocrx_word' id='word_1_1046' title='bbox 2984 5310 3132 5353; x_wconf 90' lang='lat' dir='ltr'><strong>certe</strong></span> <span class='ocrx_word' id='word_1_1047' title='bbox 3182 5296 3428 5355; x_wconf 82' lang='lat' dir='ltr'><strong>Christus</strong></span> <span class='ocrx_word' id='word_1_1048' title='bbox 3452 5294 3574 5352; x_wconf 43' lang='lat' dir='ltr'><strong>‘non</strong></span> <span class='ocrx_word' id='word_1_1049' title='bbox 3607 5294 3706 5349; x_wconf 81' lang='lat' dir='ltr'><strong>luit</strong></span> 
     </span>
    </p>
   </div>
   <div class='ocr_carea' id='block_1_146' title="bbox 2127 5367 3704 5440">
    <p class='ocr_par' dir='ltr' id='par_1_146' title="bbox 2127 5367 3704 5440">
     <span class='ocr_line' id='line_1_146' title="bbox 2127 5367 3704 5440; baseline -0.004 -13"><span class='ocrx_word' id='word_1_1050' title='bbox 2127 5372 2321 5427; x_wconf 87' lang='lat' dir='ltr'><strong>similis</strong></span> <span class='ocrx_word' id='word_1_1051' title='bbox 2346 5385 2511 5425; x_wconf 86' lang='lat' dir='ltr'><strong>carne</strong></span> <span class='ocrx_word' id='word_1_1052' title='bbox 2556 5368 2882 5436; x_wconf 83' lang='lat' dir='ltr'><strong>hominibus,</strong></span> <span class='ocrx_word' id='word_1_1053' title='bbox 2912 5368 3001 5440; x_wconf 91' lang='lat' dir='ltr'><strong>qui</strong></span> <span class='ocrx_word' id='word_1_1054' title='bbox 3032 5383 3249 5425; x_wconf 84' lang='lat' dir='ltr'><strong>carnem</strong></span> <span class='ocrx_word' id='word_1_1055' title='bbox 3276 5381 3431 5424; x_wconf 86' lang='lat' dir='ltr'><strong>suam</strong></span> <span class='ocrx_word' id='word_1_1056' title='bbox 3454 5367 3602 5424; x_wconf 86' lang='lat' dir='ltr'><strong>vitiis</strong></span> <span class='ocrx_word' id='word_1_1057' title='bbox 3624 5367 3704 5421; x_wconf 88' lang='lat' dir='ltr'><strong>in-</strong></span> 
     </span>
    </p>
   </div>
   <div class='ocr_carea' id='block_1_147' title="bbox 2163 5445 2431 5497">
    <p class='ocr_par' dir='ltr' id='par_1_147' title="bbox 2163 5445 2431 5497">
     <span class='ocr_line' id='line_1_147' title="bbox 2163 5445 2431 5497; baseline -0.004 -1"><span class='ocrx_word' id='word_1_1058' title='bbox 2163 5445 2431 5497; x_wconf 84' lang='lat' dir='ltr'><strong>uinarunt.</strong></span> 
     </span>
    </p>
   </div>
   <div class='ocr_carea' id='block_1_148' title="bbox 2122 5460 3705 5580">
    <p class='ocr_par' dir='ltr' id='par_1_148' title="bbox 2122 5460 3705 5580">
     <span class='ocr_line' id='line_1_148' title="bbox 2163 5460 2431 5497; baseline -0.004 -1"><span class='ocrx_word' id='word_1_1059' title='bbox 2163 5460 2431 5497; x_wconf 80' lang='lat' dir='ltr'><strong>amarunt.</strong></span> 
     </span>
     <span class='ocr_line' id='line_1_149' title="bbox 2122 5460 3705 5580; baseline -0.003 -11"><span class='ocrx_word' id='word_1_1060' title='bbox 2122 5460 2155 5516; x_wconf 57' lang='grc' dir='ltr'><strong>(ι</strong></span> <span class='ocrx_word' id='word_1_1061' title='bbox 2202 5514 2327 5569; x_wconf 89' lang='lat' dir='ltr'><strong>Inde</strong></span> <span class='ocrx_word' id='word_1_1062' title='bbox 2355 5528 2483 5567; x_wconf 88' lang='lat' dir='ltr'><strong>vero</strong></span> <span class='ocrx_word' id='word_1_1063' title='bbox 2512 5511 2753 5567; x_wconf 66' lang='lat' dir='ltr'><strong>haeretici</strong></span> <span class='ocrx_word' id='word_1_1064' title='bbox 2776 5511 3469 5580; x_wconf 82' lang='lat' dir='ltr'><strong>occasionemarripuerunt</strong></span> <span class='ocrx_word' id='word_1_1065' title='bbox 3505 5509 3705 5566; x_wconf 81' lang='lat' dir='ltr'><strong>facien-</strong></span> 
     </span>
    </p>
   </div>
   <div class='ocr_carea' id='block_1_149' title="bbox 2128 5583 3703 5652">
    <p class='ocr_par' dir='ltr' id='par_1_149' title="bbox 2128 5583 3703 5652">
     <span class='ocr_line' id='line_1_150' title="bbox 2128 5583 3703 5652; baseline -0.001 -13"><span class='ocrx_word' id='word_1_1066' title='bbox 2128 5585 2213 5639; x_wconf 75' lang='lat' dir='ltr'><strong>dte</strong></span> <span class='ocrx_word' id='word_1_1067' title='bbox 2239 5584 2519 5639; x_wconf 87' lang='lat' dir='ltr'><strong>catholicis</strong></span> <span class='ocrx_word' id='word_1_1068' title='bbox 2532 5584 2836 5648; x_wconf 68' lang='lat' dir='ltr'><strong>calumniae,</strong></span> <span class='ocrx_word' id='word_1_1069' title='bbox 2858 5584 3008 5652; x_wconf 81' lang='lat' dir='ltr'><strong>quasi</strong></span> <span class='ocrx_word' id='word_1_1070' title='bbox 3037 5598 3159 5637; x_wconf 86' lang='lat' dir='ltr'><strong>cum</strong></span> <span class='ocrx_word' id='word_1_1071' title='bbox 3187 5583 3482 5639; x_wconf 69' lang='lat' dir='ltr'><strong>Manicbteo</strong></span> <span class='ocrx_word' id='word_1_1072' title='bbox 3501 5583 3703 5637; x_wconf 80' lang='lat' dir='ltr'><strong>tribue-</strong></span> 
     </span>
    </p>
   </div>
   <div class='ocr_carea' id='block_1_150' title="bbox 2131 5652 3704 5725">
    <p class='ocr_par' dir='ltr' id='par_1_150' title="bbox 2131 5652 3704 5725">
     <span class='ocr_line' id='line_1_151' title="bbox 2131 5652 3704 5725; baseline -0.003 -16"><span class='ocrx_word' id='word_1_1073' title='bbox 2131 5667 2249 5711; x_wconf 87' lang='lat' dir='ltr'><strong>rent</strong></span> <span class='ocrx_word' id='word_1_1074' title='bbox 2277 5656 2491 5710; x_wconf 78' lang='lat' dir='ltr'><strong>Christo</strong></span> <span class='ocrx_word' id='word_1_1075' title='bbox 2519 5656 2906 5725; x_wconf 85' lang='lat' dir='ltr'><strong>phantasticam</strong></span> <span class='ocrx_word' id='word_1_1076' title='bbox 2937 5652 3216 5708; x_wconf 80' lang='lat' dir='ltr'><strong>dumtaxat</strong></span> <span class='ocrx_word' id='word_1_1077' title='bbox 3239 5668 3479 5716; x_wconf 88' lang='lat' dir='ltr'><strong>carnem,</strong></span> <span class='ocrx_word' id='word_1_1078' title='bbox 3507 5654 3704 5725; x_wconf 80' lang='lat' dir='ltr'><strong>solam-</strong></span> 
     </span>
    </p>
   </div>
   <div class='ocr_carea' id='block_1_151' title="bbox 2131 5724 3698 5796">
    <p class='ocr_par' dir='ltr' id='par_1_151' title="bbox 2131 5724 3698 5796">
     <span class='ocr_line' id='line_1_152' title="bbox 2131 5724 3698 5796; baseline -0.003 -17"><span class='ocrx_word' id='word_1_1079' title='bbox 2131 5743 2235 5796; x_wconf 87' lang='lat' dir='ltr'><strong>que</strong></span> <span class='ocrx_word' id='word_1_1080' title='bbox 2264 5736 2462 5780; x_wconf 73' lang='lat' dir='ltr'><strong>nostra:</strong></span> <span class='ocrx_word' id='word_1_1081' title='bbox 2506 5724 2822 5795; x_wconf 81' lang='lat' dir='ltr'><strong>imaginem;</strong></span> <span class='ocrx_word' id='word_1_1082' title='bbox 2855 5725 3119 5793; x_wconf 88' lang='lat' dir='ltr'><strong>siquidem</strong></span> <span class='ocrx_word' id='word_1_1083' title='bbox 3162 5724 3579 5796; x_wconf 41' lang='lat' dir='ltr'><strong>nostrapeccaAti</strong></span> <span class='ocrx_word' id='word_1_1084' title='bbox 3606 5724 3698 5791; x_wconf 87' lang='lat' dir='ltr'><strong>sit,</strong></span> 
     </span>
    </p>
   </div>
   <div class='ocr_carea' id='block_1_152' title="bbox 2130 5794 3699 5864">
    <p class='ocr_par' dir='ltr' id='par_1_152' title="bbox 2130 5794 3699 5864">
     <span class='ocr_line' id='line_1_153' title="bbox 2130 5794 3699 5864; baseline -0.004 -13"><span class='ocrx_word' id='word_1_1085' title='bbox 2130 5794 2329 5852; x_wconf 74' lang='lat' dir='ltr'><strong>Christi</strong></span> <span class='ocrx_word' id='word_1_1086' title='bbox 2375 5812 2506 5849; x_wconf 84' lang='lat' dir='ltr'><strong>vero</strong></span> <span class='ocrx_word' id='word_1_1087' title='bbox 2555 5797 2854 5850; x_wconf 80' lang='lat' dir='ltr'><strong>simil.tudo</strong></span> <span class='ocrx_word' id='word_1_1088' title='bbox 2896 5797 3075 5849; x_wconf 73' lang='lat' dir='ltr'><strong>carnis</strong></span> <span class='ocrx_word' id='word_1_1089' title='bbox 3106 5797 3331 5864; x_wconf 84' lang='lat' dir='ltr'><strong>peccati.</strong></span> <span class='ocrx_word' id='word_1_1090' title='bbox 3360 5795 3492 5849; x_wconf 85' lang='lat' dir='ltr'><strong>Hinc</strong></span> <span class='ocrx_word' id='word_1_1091' title='bbox 3520 5794 3699 5849; x_wconf 78' lang='lat' dir='ltr'><strong>Theo-</strong></span> 
     </span>
    </p>
   </div>
   <div class='ocr_carea' id='block_1_153' title="bbox 2133 5865 3695 5941">
    <p class='ocr_par' dir='ltr' id='par_1_153' title="bbox 2133 5865 3695 5941">
     <span class='ocr_line' id='line_1_154' title="bbox 2133 5865 3695 5941; baseline -0.003 -16"><span class='ocrx_word' id='word_1_1092' title='bbox 2133 5872 2297 5926; x_wconf 78' lang='lat' dir='ltr'><strong>dorus</strong></span> <span class='ocrx_word' id='word_1_1093' title='bbox 2324 5868 2503 5941; x_wconf 74' lang='lat' dir='ltr'><strong>(Apud</strong></span> <span class='ocrx_word' id='word_1_1094' title='bbox 2535 5866 2779 5922; x_wconf 80' lang='lat' dir='ltr'><strong>l’liotium</strong></span> <span class='ocrx_word' id='word_1_1095' title='bbox 2806 5868 2921 5922; x_wconf 88' lang='lat' dir='ltr'><strong>cod.</strong></span> <span class='ocrx_word' id='word_1_1096' title='bbox 2956 5868 3113 5939; x_wconf 75' lang='grc'><strong>177),</strong></span> <span class='ocrx_word' id='word_1_1097' title='bbox 3145 5882 3267 5923; x_wconf 88' lang='lat' dir='ltr'><strong>cum</strong></span> <span class='ocrx_word' id='word_1_1098' title='bbox 3312 5882 3341 5922; x_wconf 91' lang='lat' dir='ltr'><strong>a</strong></span> <span class='ocrx_word' id='word_1_1099' title='bbox 3384 5865 3695 5929; x_wconf 83' lang='lat' dir='ltr'><strong>Catholicis.</strong></span> 
     </span>
    </p>
   </div>
  </div>
