3962 6180
246 337 337 390 C6!

769 331 1072 389 DISSERT.
1110 330 1218 385 ιιι.
1253 330 1339 385 DE
1368 327 1553 384 ORTU
1590 326 1674 382 ET
1708 325 2164 384 INCREMENTIS
2196 328 2514 387 lltEltESlS
2544 324 2985 383 PELAGIANE.

3409 338 3511 395 669

247 468 313 507 ne
358 450 632 506 Christum
679 450 894 518 quidem
946 465 977 504 a
1024 450 1261 517 peccatis
1309 447 1475 520 eximi
1490 491 1515 520 ί,
1543 445 1775 500 dixisset
1799 487 1815 509 ,
1846 447 1895 504 A
1925 449 2064 514 Quod
2095 464 2229 517 opus
2250 449 2443 502 infiniti
2470 448 2688 501 artiﬁcis
2718 447 2906 520 deceat
2933 465 3054 504 esse
3077 450 3295 520 dignum
3321 468 3507 510 aucto-

244 538 553 589 quamquam
580 524 631 573 in
655 522 773 575 aliis
797 522 1047 589 ipsorum,
1070 520 1171 581 ait,
1199 519 1523 589 blasphemiis
1555 520 1822 589 observare

244 586 384 657 licet,
414 586 518 645 non
547 607 660 645 vere
684 592 777 644 hos
802 586 846 644 et
874 602 1081 655 natura,
1113 591 1201 642 sed
1229 590 1395 658 ﬁgura
1426 586 1824 658 dumtaxatuhu-

241 654 453 717 matiam
482 664 582 727 ipsi
618 673 857 716 naturam
888 662 1186 714 attribuere.
1216 654 1351 713 Iliae
1380 657 1662 725 Pelagius,
1701 654 1824 710 Cm-

245 735 434 787 iestius
466 732 812 799 Julianusque
841 733 891 785 in
921 733 1031 785 suis
1073 730 1196 783 ﬁdei
1241 728 1667 799 professionibus
1712 736 1821 799 tam

244 804 478 859 stillicite
508 798 817 872 pradicant,
852 801 1107 872 Christum
1136 801 1305 872 fuisse
1342 798 1486 851 nobis
1533 798 1821 872 secundum

245 868 613 926 humanitatem
640 874 973 942 conformem,
1005 868 1197 937 absque
1226 868 1339 923 sola
1378 871 1572 939 peccati
1595 868 1822 935 macula,

242 960 360 1011 quia
393 945 643 997 naturalis
673 960 776 996 non
813 951 910 995 est.

321 1013 458 1067 Hinc
488 1025 607 1067 nata
637 1013 866 1083 quaestio
899 1012 1149 1081 primum,
1181 1024 1276 1083 cur
1326 1007 1593 1071 Christus,
1641 1008 1729 1075 qui
1757 1008 1826 1063 de

246 1084 469 1152 Virgine
497 1086 639 1138 nasci
658 1079 839 1137 'voluit
868 1079 972 1136 non
1001 1079 1269 1135 communi
1302 1086 1476 1145 partu,
1510 1093 1825 1152 communes

245 1165 267 1208 t
288 1148 427 1207 nien
456 1153 684 1208 voluerit
706 1160 885 1207 carnis
911 1152 1249 1205 infirmitates
1277 1148 1588 1202 assumere?
1619 1148 1825 1203 Deinde

244 1242 343 1277 cur
369 1239 556 1291 passus
578 1225 648 1277 sit
674 1239 735 1277 ac
765 1233 1009 1277 mortuus
1037 1235 1203 1290 agnus
1222 1222 1512 1291 innocens,
1530 1219 1573 1272 si
1603 1221 1740 1272 mori
1769 1229 1826 1274 et

247 1290 454 1363 pati’sit
486 1294 688 1361 peccati
719 1309 893 1360 poena.
930 1292 1064 1346 Tum
1092 1306 1189 1346 cur
1218 1290 1448 1363 infames
1489 1298 1611 1355 post
1654 1291 1829 1357 bapti-

245 1360 425 1419 smum
452 1360 714 1433 ejusmodi
740 1364 918 1427 malis,
934 1372 987 1417 et
1007 1363 1305 1433 prasertim
1327 1360 1634 1433 daemonum
1662 1375 1822 1433 vexa-

244 1436 381 1499 tioiii
420 1429 761 1503 subiaceant,
804 1449 924 1487 cum
966 1433 1097 1501 justi
1136 1432 1245 1484 sint
1285 1440 1336 1484 et
1374 1430 1463 1483 lilii
1500 1429 1614 1503 Dei.
1665 1430 1830 1503 Deni-

246 1523 353 1575 que
377 1501 550 1560 nlrum
581 1506 631 1558 in
671 1506 787 1559 luco
816 1503 1121 1558 innocentis
1160 1512 1390 1575 naturae,
1421 1501 1510 1569 qui
1545 1501 1826 1575 paradisus

244 1571 279 1631 εἰ
309 1580 418 1631 Deo
446 1578 707 1638 consitus,
735 1575 900 1630 futuri
927 1587 1130 1639 essent,
1159 1572 1462 1642 etgemitus
1482 1571 1824 1639 parientium,

246 1661 301 1701 et
349 1649 573 1703 abortus
616 1656 900 1716 partuum,
935 1654 988 1699 et
1035 1641 1392 1714 agricolarum
1445 1641 1690 1696 infelices
1738 1656 1829 1695 su-

247 1720 433 1772 doces.

323 1789 457 1842 Huic
486 1794 801 1857 argumento
828 1785 988 1839 afﬁne
1014 1792 1096 1857 est
1132 1782 1389 1857 alterum,
1408 1781 1561 1851 quod
1590 1797 1653 1857 ex
1679 1790 1827 1857 parte

247 1862 515 1925 majorum
543 1852 787 1911 sumitur.
808 1857 944 1912 Suas
969 1855 1110 1908 enim
1140 1854 1240 1922 ipsi
1268 1852 1823 1925 patiunturiniserias,

249 1921 360 1983 non
392 1942 706 1983 communes
736 1937 936 1981 tantum
967 1941 1087 1979 cum
1121 1921 1432 1983 infantibus,
1462 1921 1559 1976 sed
1584 1923 1828 1991 pmprias

248 2006 411 2068 longe
462 1999 665 2068 plures,
716 2013 850 2065 quas
902 1996 1153 2068 graphice
1210 1992 1539 2068 Attgustiuus
1586 1992 1829 2068 depingit

251 2062 395 2124 Iibrvo
427 2062 532 2123 sin
557 2069 623 2124 de
654 2062 882 2122 Civitatis
910 2062 1179 2136 Dei(Cap.
1206 2062 1319 2133 22).
1350 2063 1609 2136 Omnium,
1635 2063 1824 2136 inquit,

248 2143 549 2193 mortalium
576 2141 862 2208 progeniem
894 2134 1053 2204 fuisse
1073 2138 1395 2208 damnatam,
1427 2134 1534 2208 haec
1564 2134 1675 2203 ipsa
1703 2135 1824 2198 vita,

249 2213 295 2263 si
334 2213 437 2264 vita
466 2203 688 2263 dicerth
710 2220 815 2271 est,
847 2203 917 2260 tot
965 2215 1009 2259 et
1040 2209 1195 2259 tantis
1225 2206 1376 2258 malis
1409 2203 1559 2272 plena
1588 2210 1827 2257 testatur.

254 2282 395 2347 Quid
425 2281 557 2335 enim
602 2279 745 2332 aliud
790 2279 984 2331 indicat
1014 2274 1727 2348 profunditaswignorantire,
1766 2290 1831 2328 ea:

248 2344 352 2419 qua
376 2352 539 2407 omnis
568 2366 706 2403 error
736 2351 937 2415 existit,
978 2344 1065 2414 qui
1102 2363 1274 2419 omnes
1314 2347 1446 2419 ﬁlios
1490 2344 1828 2419 ddanrtenef

250 2415 407 2476 broso
436 2422 654 2487 quodam
674 2422 790 2473 sinu
816 2420 1050 2487 suscipit,
1101 2426 1155 2469 ut
1196 2418 1344 2469 homo
1388 2415 1582 2487 abillo
1623 2415 1831 2487 liberari

250 2495 364 2547 sine
386 2485 577 2554 labore,
604 2490 804 2552 dolore,
832 2485 1013 2543 timore
1038 2506 1139 2541 non
1169 2487 1360 2557 possit?
1382 2485 1519 2557 Quid
1541 2501 1685 2557 amor
1723 2485 1831 2556 ipse

252 2574 325 2614 tot
346 2577 519 2616 rerum
547 2577 795 2614 ranarum
822 2571 973 2629 atque
995 2555 1287 2621 noxiarum,
1314 2568 1423 2629 etc.
1452 2555 1627 2629 Paulo
1670 2564 1791 2624 post
1814 2574 1826 2610 :

265 2632 454 2687 Verum
477 2633 582 2687 hcce
607 2632 869 2684 hominum
888 2626 1013 2684 sunt
1052 2629 1324 2689 malorum,
1357 2626 1419 2678 ab
1445 2626 1533 2679 illa
1558 2634 1727 2678 tamen
1747 2643 1830 2679 er-

249 2706 389 2757 roris
408 2714 454 2756 et
500 2703 719 2773 perversi
783 2702 973 2754 amoris
1026 2699 1199 2752 radice
1245 2698 1532 2773 genientia,
1573 2712 1686 2748 cum
1730 2713 1832 2765 qua

250 2773 422 2826 urnnis
450 2767 588 2841 ﬁlius
612 2773 777 2825 Adam
800 2774 1077 2841 nascitur,
1099 2777 1205 2823 etc.
1245 2767 1379 2841 Tum
1407 2767 1595 2841 capite
1642 2781 1833 2841 conse-

250 2837 458 2911 quente
479 2859 495 2896 :
528 2842 721 2895 Prwter
747 2844 855 2895 hazc
882 2841 1018 2894 mala
1059 2840 1213 2911 hujus
1249 2839 1363 2891 vita:
1399 2837 1543 2911 bonis
1581 2838 1833 2911 malisque

252 2906 549 2967 communia
574 2913 757 2965 habent
788 2914 840 2964 in
873 2928 931 2964 ea
966 2911 1095 2981 justi
1120 2906 1286 2981 'e:t'am
1317 2909 1552 2981 proprios
1581 2906 1832 2981 quosdam

252 2985 456 3038 lniorcs
485 3000 621 3048 suos,
647 2982 829 3053 quibus
858 2978 1096 3053 adrerius
1139 2980 1267 3053 vitia
1300 2979 1537 3053 militant,
1581 2991 1627 3031 et
1672 2978 1724 3030 in
1756 2990 1833 3031 ta-

258 3057 389 3106 lium
438 3047 732 3121 prwliorum
770 3051 1128 3105 tentationibus
1156 3047 1499 3121 periculisque
1527 3058 1827 3121 quersantur.

259 3118 712 3194 Aliquandocnim
741 3123 1059 3184 concitatius,
1090 3118 1369 3194 aliquando
1406 3118 1691 3194 remissius,
1727 3134 1828 3171 non

1858 1821 1905 1881 B

1927 532 2006 593 re,
2037 527 2198 593 atque
2214 521 2291 593 ita
2314 520 2459 593 omni
2482 534 2547 571 ex
2579 529 2729 593 parte
2759 519 3061 593 absolutum
3088 536 3103 574 :
3131 519 3344 590 partim,
3363 529 3505 593 quod

1926 588 2101 663 imago
2136 590 2225 663 Dei
2255 589 2449 643 debeat
2476 589 2773 663 exemplari
2795 605 2892 641 suo
2925 593 3281 657 restmndere,
3317 588 3366 650 id
3385 588 3502 663 'est,

1928 659 2294 732 pulcherrima
2325 669 2572 732 creatura
2596 659 3073 732 optimocreatori,
3104 663 3297 732 suique
3330 676 3386 719 et
3424 659 3505 720 in;

1929 728 2141 783 ferioris
2174 738 2383 783 natura:
2413 728 2630 782 domina
2678 729 2916 782 omnium
2968 728 3221 786 dominof
3255 736 3388 788 Cum
3428 749 3505 790 ta-

1930 814 2050 852 men
2074 808 2344 863 cerneret,
2376 800 2531 866 longe
2557 798 2824 851 diversam
2869 814 2988 854 esse
3018 817 3157 856 nunc
3202 804 3504 867 hominum.

1926 885 2086 936 quam
2118 872 2247 923 olim
2279 869 2467 922 Adami
2496 868 2892 934 conditionem,
2919 885 3016 936 pro
3056 871 3311 930 felicitate
3337 879 3501 930 mise-

1929 942 2087 1006 riam,
2122 956 2217 1013 pro
2238 939 2576 1009 subjectione
2603 939 2981 1013 rebellionem,
3011 956 3107 1007 pro
3138 945 3244 999 vita
3281 949 3505 1013 perenni

1929 1011 2356 1083 mortalitatem,
2407 1025 2505 1077 pro
2555 1009 2887 1083 perfectione
2937 1011 3121 1065 vitium
3174 1009 3503 1083 irrepsisse,

1929 1082 2197 1135 conclusit
2224 1081 2406 1149 aliquo
2439 1087 2601 1132 totam
2637 1079 2910 1133 hominum
2942 1092 3153 1149 gentem
3182 1079 3401 1149 peccato
3430 1079 3505 1141 ιηζ

1930 1151 2083 1206 neri;
2135 1162 2342 1205 certum
2373 1149 2515 1204 enim
2561 1149 2845 1210 credebat.
2894 1151 2946 1203 in
2990 1165 3124 1220 opus
3174 1154 3267 1209 Dei
3320 1157 3504 1213 vitium

1929 1221 2175 1291 irrepere
2204 1238 2309 1295 non
2338 1220 2599 1295 potuisse,
2632 1222 2731 1295 nisi
2763 1219 3009 1276 humanae
3031 1219 3340 1279 voluntatis
3380 1242 3505 1295 pec.

1927 1301 2051 1345 cato
2094 1293 2370 1361 aperienze
2416 1291 2583 1352 viam,
2632 1290 2683 1344 id
2727 1301 2841 1353 est,
2890 1302 3185 1360 spontanea
3218 1290 3503 1352 hominisa

1934 1361 2041 1415 [ιι-ο
2070 1364 2374 1417 aversione.
2405 1361 2536 1415 Nam
2570 1363 2682 1429 qui,
2711 1360 2908 1433 aiebat,
2940 1364 3156 1420 aliunde
3188 1377 3366 1433 posset
3389 1383 3507 1421 om-

1930 1434 2201 1506 nipotens
2216 1434 2356 1501 cogi,
2386 1446 2521 1501 opus
2541 1448 2695 1485 suum
2723 1432 2980 1488 deserere
3000 1477 3015 1500 ,
3048 1445 3104 1489 ut
3148 1432 3284 1491 alter
3317 1445 3505 1506 poten-

1930 1503 2034 1557 tior
2062 1503 2412 1571 invidensque
2442 1513 2658 1557 noceret
2688 1520 2701 1567 ;
2740 1513 2831 1557 aut
2861 1507 3152 1575 quomodo,
3198 1508 3243 1560 si
3276 1503 3382 1563 non
3415 1524 3505 1562 co-

1929 1582 2168 1641 geretur,
2199 1575 2283 1627 vel
2315 1575 2488 1628 bonus
2515 1584 2789 1642 repeteret
2836 1576 3030 1629 collata
3077 1577 3357 1643 bent-licia,
3404 1580 3507 1633 nisi

1929 1644 1997 1716 ab
2027 1644 2279 1716 indigno;
2310 1645 2394 1716 vel
2420 1644 2597 1716 justus
2625 1646 2859 1716 privaret
2888 1646 3038 1699 bonis
3074 1646 3183 1716 jam
3231 1646 3505 1703 concessis

1932 1712 2204 1787 hominem
2233 1714 2395 1785 (quod
2422 1712 2690 1787 :profecto
2721 1715 2912 1782 punire
2951 1712 3089 1787 est);
3129 1718 3230 1771 nisi
3274 1718 3508 1773 demeti-

1934 1796 2084 1847 tum;
2122 1786 2205 1839 vel
2233 1785 2633 1857 amantissimus
2676 1787 2949 1840 hominum
2994 1785 3295 1853 imponeret
3342 1806 3499 1857 grave

1922 1857 2108 1925 jugum
2133 1872 2286 1927 super
2311 1857 2447 1927 filios
2471 1856 2635 1908 Adam
2661 1872 2691 1907 α
2731 1858 2812 1909 die
2837 1858 3003 1910 exitus
3032 1858 3095 1911 de
3130 1868 3299 1912 centre
3331 1856 3507 1915 matris

1931 1941 2130 1996 eo_rum,
2184 1943 2343 1996 usque
2380 1926 2448 1979 ad
2479 1927 2613 1979 diem
2641 1929 2917 1996 sepultura:
2954 1929 3007 1982 in
3036 1939 3246 1982 matrem
3279 1936 3507 1984 omnium

1934 1993 2121 2074 iliceti.
2152 2011 2239 2059 ιι,
2258 1993 2343 2062 ⁷1),
2377 1998 2479 2050 nisi
2512 1993 2814 2074 communis
2856 1998 3028 2067 culpa:
3058 2001 3226 2053 reos?
3257 2002 3505 2068 Aliquam

1933 2066 2091 2133 igitur
2115 2076 2328 2134 Oportet
2353 2081 2475 2120 esse
2495 2067 2732 2133 culpam,
2766 2066 2992 2135 eamque
3018 2066 3373 2125 communem
3390 2087 3506 2124 0m-

1931 2136 2110 2199 nium,
2159 2152 2319 2207 quam
2363 2137 2643 2190 voluntate
2694 2138 3029 2192 commiserit
3083 2141 3246 2193 totius
3291 2145 3508 2210 generis

1930 2215 2152 2270 auctor,
2199 2218 2327 2261 tunc
2375 2222 2496 2265 cum
2544 2221 2735 2260 omnes
2787 2217 2970 2261 essent
2999 2226 3134 2263 unus
3174 2211 3262 2264 ille
3308 2211 3504 2276 homo;

1930 2290 2198 2359 quamque
2224 2279 2421 2347 posteri
2457 2277 2813 2339 contrahant,
2846 2292 2964 2331 cum
2989 2295 3060 2359 ex
3109 2296 3281 2359 carne
3318 2296 3507 2350 pecca-

1932 2348 2087 2409 trice,
2112 2347 2164 2401 id
2195 2356 2296 2419 est,
2331 2358 2557 2419 propter,
2578 2356 2853 2419 peccatum
2886 2350 3115 2416 spoliata
3157 2347 3338 2415 donis,
3385 2366 3508 2419 pro-

1929 2425 2222 2489 creantur;
2256 2418 2511 2489 lnamque
2548 2418 2601 2472 in
2629 2418 2749 2473 loco
2777 2418 3041 2486 miseriae,
3071 2423 3276 2476 exclusi
3306 2436 3336 2475 a
3386 2418 3507 2478 loco

1930 2488 2229 2542 innocentis
2254 2488 2542 2544 felicitatis.

2001 2557 2167 2631 Suum
2198 2559 2338 2615 istud
2366 2559 2702 2615 ratiocinium
2737 2560 2865 2614 tanti
2908 2559 3032 2615 fecit
3068 2562 3417 2631 Augustinus.
3450 2572 3509 2619 ut

1930 2627 2269 2702 Pelagianos,
2294 2646 2414 2685 cum
2443 2646 2505 2685 ea
2531 2646 2652 2700 quae
2681 2632 2940 2699 patimur,
2960 2627 3235 2700 jactarént
3254 2648 3375 2687 esse
3401 2636 3507 2702 pri-

1932 2700 2137 2753 mordia
2164 2709 2395 2770 naturae,
2433 2701 2608 2754 minus
2656 2702 2867 2755 refellat
2895 2716 3057 2770 quam
3107 2704 3315 2765 rideat,
3361 2700 3509 2758 velut

1929 2770 2277 2843 absurditati's
2304 2769 2547 2826 fatuitate
2575 2771 2793 2839 majoris
2821 2769 3120 2843 tonvictos,
3165 2784 3326 2843 atque
3354 2790 3508 2843 para-

1932 2841 2127 2915 disnm,
2158 2841 2242 2896 ubi
2272 2854 2488 2897 creatus
2512 2844 2681 2895 Adam
2713 2850 2817 2915 est,
2852 2842 3173 2915 pingendum
3197 2841 3499 2915 a'l’elagia—

1932 2912 2019 2985 nis
2043 2912 2204 2985 dicat,
2240 2923 2510 2985 tamquam
2537 2929 2736 2981 magna:
2764 2912 3090 2966 beatitudinis
3116 2914 3306 2975 locum,
3330 2912 3508 2985 in'qtto

1933 2981 2241 3035 habitatores
2267 2985 2337 3036 ita
2373 2981 2519 3036 beata
2541 2999 2665 3051 pace
2692 2987 3002 3053 fruerentur,
3032 2993 3088 3036 ut
3116 2986 3169 3037 in
3207 2987 3387 3053 seipst's
3417 2981 3508 3039 ’ἰη-

1931 3054 2113 3105 testino
2142 3053 2293 3116 bello,
2323 3070 2385 3106 ne
2414 3055 2465 3106 in
2496 3068 2790 3106 consensum
2812 3052 2981 3106 illiciti
3013 3054 3088 3106 vel
3110 3052 3366 3108 inhonesti
3389 3073 3506 3108 con-

1933 3123 2132 3174 cubitus
2161 3122 2464 3185 laberinlur,
2498 3134 2674 3176 contra
2702 3133 2870 3176 motus
2901 3125 3326 3189 concupiscentia:
3354 3127 3508 3178 dimi-

258 3178 431 3247 tum'en
461 3193 643 3247 desinit
677 3209 796 3246 caro
825 3178 1187 3262 concupiscere
1217 3190 1455 3243 adversus
1478 3178 1738 3256 spiritum,
1786 3198 1831 3241 et
1859 3178 1902 3238 C
1936 3202 2130 3246 carent.
2167 3191 2295 3256 Ubi,
2345 3196 2437 3247 ctsi
2454 3178 2576 3262 'ipsu
2601 3194 3008 3262 concupiscentia
3033 3178 3241 3248 occultis
3291 3196 3508 3249 motibus

252 3267 473 3335 spiritus
502 3265 742 3317 adversus
762 3278 983 3329 carnem,
1016 3271 1122 3316 etc.

329 3335 668 3389 Manifestum
698 3335 822 3387 inde
864 3343 948 3387 est
972 3328 1230 3386 miserias
1267 3330 1531 3399 majorum
1580 3328 1827 3399 preprias

250 3407 322 3459 ad
350 3407 457 3461 duo
491 3404 661 3470 capita
695 3403 939 3458 revocari
969 3420 982 3455 :
1014 3403 1133 3456 alia:
1175 3402 1444 3472 siquidem
1484 3402 1745 3472 animum,
1778 3406 1836 3472 ut

248 3474 718 3543 concupiscentia,
748 3474 1046 3540 ignorantia
1079 3470 1318 3537 recti,'et
1341 3470 1629 3543 difﬁcultas
1679 3471 1828 3534 boni;

247 3548 379 3599 alite
402 3541 595 3610 carpus
617 3586 631 3609 ,
665 3554 723 3598 ut
749 3545 1046 3599 mortalitas
1068 3586 1083 3609 ,
1119 3543 1311 3610 morbi,
1359 3541 1627 3595 laboriosa
1676 3550 1834 3594 terra:

240 3615 442 3674 cultio,
482 3613 719 3668 difﬁcilis
741 3616 1018 3679 parturitio
1044 3614 1385 3677 feminarum,
1411 3622 1542 3675 etc.,
1566 3618 1829 3678 Spectant.

254 3691 479 3755 Oportet
507 3701 624 3738 vero
651 3695 701 3737 ut
730 3684 913 3738 horum
936 3685 1189 3737 malorum
1206 3700 1365 3755 causa
1391 3683 1457 3755 sit
1469 3691 1553 3734 aut
1584 3681 1833 3755 iniquitas

250 3752 334 3808 vel
376 3757 674 3826 impatentia
714 3755 828 3826 Dei,
856 3766 943 3808 aut
966 3771 1112 3825 paena
1134 3754 1284 3824 primi
1304 3752 1582 3820 veterisque
1615 3753 1828 3815 peccati.

248 3825 458 3887 NEQUE
476 3841 598 3879 eum
623 3842 716 3880 sua
744 3825 856 3879 Deo
892 3840 1053 3880 tcsro
1082 3840 1236 3879 iussn
1270 3838 1391 3877 esse.
1415 3836 1676 3887 ρυιερυιιιι
1694 3863 1708 3887 ,
1731 3836 1834 3875 Νιδι

245 3912 567 3960 uenenun,
594 3911 810 3952 roresr.

328 3969 405 4019 Es
459 3972 637 4035 priore
723 3979 871 4030 arte,
913 3964 1066 4019 malis
1111 3965 1317 4020 scilicet
1361 3964 1553 4016 animae
1580 4002 1595 4027 ,
1628 3961 1832 4031 primus

330 4037 524 4090 mium.
558 3983 922 4090 (lllOlFSCiitlli.
954 4037 1279 4090 AIPRllSllnllS
1321 4046 1695 4090 argumenttnn
1736 4033 1832 4085 du-

244 4033 524 4101 Omninin,
558 4033 707 4106 quod
724 4039 922 4100 sciam,
954 4037 1279 4105 Augustinus
1321 4046 1695 4106 argumenttnn
1736 4033 1835 4085 du-

246 4109 369 4171 xit;
404 4123 526 4161 nam
552 4103 617 4162 ex
646 4108 809 4162 altera
840 4103 1101 4160 duxerant
1124 4107 1235 4173 jam
1268 4108 1390 4158 inde
1420 4120 1450 4157 a
1480 4103 1669 4172 ptimis
1694 4112 1831 4157 tem-

242 4182 479 4246 poribus
521 4190 733 4233 veteres
775 4178 895 4232 ﬁdei
933 4177 1283 4238 defensores,
1312 4176 1507 4244 quibus
1558 4175 1718 4246 tacite
1749 4189 1836 4225 re-

243 4243 534 4313 spondens
563 4249 787 4302 Ruﬁnus
819 4266 831 4301 :
866 4246 1131 4305 Dicimus.
1165 4243 1368 4313 inquit,
1399 4246 1536 4315 quod
1562 4243 1614 4297 in
1646 4247 1831 4295 bonum

245 4318 397 4373 Deus
427 4320 662 4389 pra'stitit
689 4321 851 4390 primo
891 4319 1084 4371 homini
1110 4316 1272 4370 Adam
1315 4316 1523 4390 sudores
1561 4315 1752 4384 pariter
1772 4329 1834 4367 ac

242 4387 491 4455 labores,
544 4408 668 4459 quos
689 4387 769 4444 de
816 4400 952 4443 terra
1001 4399 1300 4459 pateretur;
1349 4387 1535 4459 quippe
1573 4400 1690 4436 cum
1731 4400 1835 4459 non

242 4461 406 4514 aliter
430 4455 709 4515 invisibiles
739 4462 969 4514 inimicos
984 4455 1010 4521 ,’
1028 4469 1206 4511 contra
1245 4455 1371 4527 quos
1403 4455 1647 4509 habemus
1666 4456 1835 4527 conti-

1937 3263 2267 3335 cordacasta
2306 3264 2611 3326 sollicitans,
2647 3280 2748 3317 non
2789 3273 2953 3332 posset
2994 3265 3103 3317 ulla
3145 3267 3361 3335 exprimi
3401 3278 3508 3319 orte

1935 3333 2176 3405 pictoris;
2203 3336 2343 3405 pingi
2374 3346 2539 3389 tamen
2572 3344 2771 3402 possent
2812 3336 3037 3404 gravidae
3082 3333 3287 3405 (canina:
3309 3377 3324 3398 ,
3370 3337 3508 3391 cibos

1934 3404 2082 3458 utiles
2110 3404 2316 3475 fastidio
2339 3407 2653 3476 repellentes,
2681 3406 2817 3474 [reda
2845 3404 3177 3478 delectatiOne
3203 3408 3382 3460 noxios
3407 3424 3507 3478 ap-

1934 3485 2179 3538 petentes,
2212 3485 2515 3530 nauseantes
2537 3517 2551 3540 ,
2600 3486 2849 3530 vomentes
2872 3517 2885 3539 ,
2915 3477 3182 3545 pallentes,
3211 3477 3509 3536 immaturos

1933 3545 2069 3613 fetus
2116 3546 2295 3599 abortu
2342 3548 2620 3615 aliquando
2621 3547 2942 3669 gaudentes,
2976 3547 3028 3600 in
3060 3548 3170 3617 ipso
3213 3550 3362 3601 etiam
3391 3566 3511 3618 par-

1933 3624 2010 3669 tu.
2042 3632 2210 3669 omna.
2238 3633 2392 3669 atram
2415 3627 2576 3669 mater
2671 3634 2729 3669 va
2758 3618 3006 3669 suscepit.
3058 3619 3315 3669 miseriam
3362 3635 3509 3669 suam

1933 3624 2010 3678 tu,
2042 3632 2210 3685 poena,
2238 3633 2392 3686 quam
2415 3627 2576 3671 mater
2621 3618 2729 3670 Eva
2758 3618 3006 3686 suscepit,
3058 3619 3315 3671 miseriam
3362 3635 3509 3672 suam

1935 3696 2295 3764 protestantes,
2325 3689 2421 3740 etsi
2443 3704 2564 3764 ⁵ιιοη
2600 3698 2827 3764 sonante
2843 3690 3042 3764 pictura
3067 3727 3082 3751 ,
3136 3699 3300 3742 tamen
3348 3688 3506 3755 {acies

1934 3756 2158 3809 tristium
2190 3798 2204 3819 ,
2236 3758 2541 3828 gementium
2561 3799 2574 3816 ,
2604 3759 2948 3828 plorantium,
2981 3759 3110 3828 sicut
3131 3768 3343 3828 Apoterat
3393 3761 3510 3812 imi-

1936 3835 2091 3897 tante,
2122 3825 2397 3897 etc.'(Lib.
2434 3842 2488 3881 ιιι
2520 3828 2618 3892 0p.
2650 3825 2786 3895 Imp.
2819 3842 2931 3894 cap.
2956 3826 3100 3895 163).
3126 3826 3307 3896 Pergit
3339 3843 3505 3884 vero:

1942 3894 2087 3948 lianc
2116 3894 2371 3965 picturam
2400 3899 2626 3951 nesciens
2652 3894 2878 3966 quisquis
2902 3894 3146 3966 aspiceret
3167 3935 3182 3956 ,
3212 3894 3259 3951 et
3298 3897 3507 3955 titulum

1935 3967 2140 4037 legeret,
2170 3984 2449 4035 causasque
2476 3969 2779 4037 requireret,
2805 3965 2914 4020 haec
2956 3965 3019 4037 ei
3043 3967 3272 4020 videlicet
3292 4010 3308 4034 ,
3358 3970 3447 4022 sed
3480 3986 3512 4022 a

1935 4036 2094 4100 votis,
2120 4039 2322 4108 egregia
2345 4039 2476 4091 ratio
2502 4036 2818 4098 redderetur.
2846 4053 2944 4096 qua
2989 4036 3221 4090 diceretis
3243 4054 3261 4091 :
3295 4056 3314 4089 ι
3369 4038 3531 4091 Talis

1934 4117 2064 4160 esset
2098 4110 2306 4163 omnino
2333 4110 2488 4161 etiam
2515 4109 2584 4161 ibi
2616 4108 2838 4162 conditio
2864 4108 3059 4177 generis
3104 4108 3347 4171 humani,
3395 4110 3514 4177 quia

1937 4178 2053 4231 talis
2078 4189 2149 4232 est
2176 4177 2258 4231 hic
2277 4221 2291 4246 ,
2316 4180 2401 4232 ubi
2439 4179 2629 4232 scilicet
2659 4196 2689 4230 ο
2720 4178 2901 4247 fetibus
2936 4178 3197 4247 hominum
3228 4179 3374 4231 nulla
3403 4188 3511 4231 tra-

1936 4248 2076 4320 hitur
2100 4251 2244 4320 origo
2271 4252 2478 4317 peccati.
2508 4268 2525 4300 ι
2547 4250 2603 4303 Si
2625 4246 2980 4320 acquiesceret,
3008 4249 3147 4313 ﬁeret
3171 4246 3514 4319 Pelagianus:

1935 4319 1980 4370 si
2010 4335 2125 4372 vero
2156 4321 2313 4373 irritae
2342 4323 2459 4373 huic
2498 4319 2806 4381 insipientia:
2849 4320 3166 4388 acquiescere
3194 4320 3389 4385 nollet,
3422 4336 3513 4371 ar-

1938 4400 2174 4529 qggrqtur
2213 4407 2246 4443 a
2298 4390 2434 4443 vobis
2476 4399 2530 4443 ut
2578 4387 2928 4457 Mattichwus,
2968 4398 3077 4444 etc.
3113 4389 3302 4461 (Ibid.
3326 4430 3342 4457 ,
3391 4408 3510 4461 cap.

246 4549 415 4612 uuam
438 4531 1095 4614 luctqtionem,cenerttnda
1122 4529 1224 4609 [ide
1253 4526 1497 4614 Sup'ei'are
1536 4526 1790 4614 possint!”
1815 4563 1829 4586 ,
1858 4553 1914 4614 D
1985 4526 2205 4611 "verum
2239 4544 2342 4614 nlon
2369 4528 2618 4614 omnibus
2646 4530 3005 4610 communiter
3036 4530 3086 4584 id
3118 4545 3278 4585 omne
3302 4531 3515 4614 ratioci-

244 4602 354 4653 nisi
382 4604 609 4672 corporis
645 4601 898 4654 laboribus
941 4600 1162 4672 faligaii,
1193 4610 1301 4652 etc.
1346 4597 1571 4672 [dvero
1593 4596 1833 4665 pluribus

244 4667 493 4738 disputat
536 4672 713 4725 allatis
764 4667 1052 4740 utriusque
1086 4669 1420 4740 Testamenti
1474 4667 1640 4740 locis,
1671 4674 1727 4740 et
1767 4681 1835 4719 eo

246 4736 470 4810 quidem
505 4742 832 4811 probabilius
862 4742 915 4794 in
946 4736 1205 4809 speciem,
1233 4738 1375 4807 quod
1409 4738 1616 4811 antiqui
1658 4736 1836 4791 Gene-

243 4808 328 4867 sis
375 4808 716 4880 interpretes,
760 4821 821 4866 ut
859 4808 1301 4881 Chrysostomus,
1332 4808 1674 4870 Ambrosius,
1702 4818 1835 4881 etc.,

243 4884 317 4935 de
335 4879 604 4937 laboribus
619 4884 840 4952 perinde
865 4896 927 4937 ac
954 4879 1020 4936 de
1044 4894 1215 4952 morte
1239 4881 1577 4952 scripserint,
1611 4879 1838 4931 collatos

246 4970 448 5023 tit'ttlpe
491 4950 800 5009 hominibus
834 4970 862 5009 a
888 4954 1000 5008 Deo
1031 4950 1280 5007 beneﬁcii
1313 4951 1491 5020 potius
1518 4964 1678 5019 quam
1707 4962 1838 5017 sup-

246 5024 397 5095 plicii
429 5025 569 5081 loco.

327 5097 653 5164 Augustinus
685 5098 784 5151 hoc
815 5097 866 5150 in
896 5096 1016 5150 loco
1046 5108 1297 5164 maguum
1328 5105 1506 5164 causae
1553 5103 1666 5143 sua:
1698 5104 1837 5157 pra)-

245 5162 452 5219 sidium
498 5167 706 5235 posuit,
763 5167 912 5235 quasi
962 5162 1197 5219 vitiatam
1252 5162 1544 5235 hominum
1588 5171 1834 5235 naturam

246 5247 444 5299 aperte
486 5230 748 5291 monstret
780 5230 831 5290 id
880 5252 1075 5299 omne,
1120 5234 1262 5304 quod
1306 5231 1639 5289 contrarium
1698 5230 1837 5304 felici

250 5308 552 5375 primorum
588 5315 867 5376 parentum
911 5308 1071 5359 statui
1102 5301 1375 5376 patimur:
1407 5304 1477 5355 ita
1503 5301 1840 5376 _vcro_r_ati0~

247 5373 468 5433 cinatus
515 5373 747 5432 videtur.
796 5373 1121 5431 Informavit’
1153 5376 1383 5445 primum
1428 5373 1611 5445 animo
1661 5373 1835 5445 ideam

248 5446 508 5514 perfecta:
529 5449 803 5517 cujusdam
836 5450 978 5513 vitae,
1008 5443 1169 5517 quani
1215 5454 1396 5513 ageret
1426 5444 1477 5497 in
1505 5443 1830 5517 iucundissi-

252 5532 342 5570 ma
372 5518 502 5579 sede
532 5514 794 5574 innocens
824 5519 1007 5580 homo,
1026 5514 1188 5585 cujus
1215 5528 1461 5583 suprema
1486 5528 1608 5582 pars
1636 5514 1830 5585 animae

255 5586 388 5651 Deo,
422 5588 640 5642 inferior
661 5590 944 5657 superiori,
972 5583 1183 5655 utrique
1211 5599 1406 5653 corpus
1427 5586 1673 5657 subesset
1698 5602 1709 5636 :
1742 5583 1829 5637 cui

254 5666 447 5710 natura
496 5655 748 5725 qucelibet
785 5660 1006 5713 rationis
1049 5672 1239 5726 expers
1284 5655 1617 5719 dominanti,
1670 5665 1831 5722 atque

254 5728 372 5791 ipsa
396 5729 555 5782 etiam
596 5730 752 5783 tellus
783 5732 1001 5794 colenti,
1034 5729 1099 5783 ad
1134 5740 1318 5781 nulum
1364 5738 1593 5796 pareret.
1626 5726 1831 5779 Deinde

258 5796 527 5855 hominem
547 5800 620 5855 ita
653 5802 856 5857 institui
883 5801 1153 5869 debuisse,
1178 5800 1407 5856 confecit
1430 5799 1623 5869 partim
1646 5814 1711 5854 ex
1740 5811 1823 5864 eo,

1946 4600 2017 4653 nii
2049 4602 2128 4654 sui
2163 4600 2408 4665 probavit
2440 4600 2772 4668 Augustinus
2804 4617 2816 4653 :
2846 4612 2972 4653 sunt
3000 4602 3142 4654 enim
3171 4616 3201 4655 e
3228 4600 3516 4655 scholasti-

1944 4672 2043 4736 cis,
2067 4672 2159 4740 qui
2184 4669 2496 4723 nonnullam
2523 4674 2661 4723 ineo
2691 4671 2978 4725 videantur
3006 4670 3129 4735 sibi,
3156 4682 3246 4725 aut
3272 4673 3396 4740 pati,
3423 4681 3516 4726 aut

1945 4740 2123 4795 facere
2161 4741 2531 4795 dil'ﬁcoltntem
2567 4756 2708 4809 :qua
2741 4740 2807 4795 de
2850 4756 2908 4796 re
2960 4742 3056 4809 ipsi
3107 4742 3364 4805 viderint,
3417 4757 3514 4796 nos

1944 4812 2087 4865 aliud
2119 4814 2344 4881 agimus.
2393 4811 2520 4881 Legi
2562 4820 2735 4878 potest
2787 4813 2925 4867 hanc
2967 4813 3019 4866 in
3066 4827 3179 4867 rem
3232 4826 3516 4879 utrumque

1945 4899 2079 4951 opus
2102 4894 2288 4938 contra
2316 4881 2607 4947 lulianum,
2634 4883 2745 4950 ubi,
2771 4883 3092 4941 recolfectis.
3118 4898 3252 4951 quas
3292 4890 3517 4935 conten-

1945 4954 2101 5008 derat
2134 4956 2327 5021 ubique
2352 4954 2573 5022 passim,
2607 4954 2808 5008 viribus
2830 4954 3047 5022 ingenii.
3075 4962 3272 5022 pugnat
3292 4969 3385 5021 pro
3408 4951 3516 5006 ﬁde

1946 5025 2153 5094 peccati
2184 5024 2457 5093 originalis
2480 5064 2494 5087 ,
2536 5041 2641 5079 non
2675 5024 2989 5079 testimoniis
3010 5024 3180 5079 solum
3202 5024 3512 5091 Scriptura},

1943 5106 1999 5149 ut
2030 5095 2335 5164 theologus.
2365 5095 2457 5148 sed
2490 5097 2650 5149 etiam
2688 5096 3017 5159 rationibus,
3066 5096 3214 5151 velut
3269 5094 3514 5163 philoso-

1944 5165 2101 5235 phus.
2131 5165 2206 5219 De
2235 5166 2431 5234 quibus
2458 5164 2633 5218 obiter
2674 5166 3049 5219 observatione
3087 5166 3307 5234 dignum
3360 5174 3510 5232 puto,

1944 5234 2208 5301 rat-ones,
2241 5239 2283 5289 si
2315 5235 2605 5289 traditione
2652 5235 2924 5301 Ecclesiae,
2972 5245 3026 5291 et.
3077 5235 3343 5290 communi
3387 5234 3516 5287 ﬁde-

1943 5309 2070 5361 lium
2097 5322 2261 5361 sensu
2289 5307 2694 5376 conﬁrmentur,
2731 5308 3031 5372 gravissimi
3058 5308 3205 5375 justa
3233 5320 3393 5376 atque
3430 5305 3518 5358 in-

1940 5378 2066 5431 victi
2094 5393 2214 5431 esse
2238 5374 2449 5431 roboris
2475 5392 2490 5439 ;
2519 5375 2562 5429 si
2590 5390 2685 5444 per
2723 5390 2781 5429 se
2809 5386 3142 5440 tractentur,
3190 5388 3244 5429 ct
3276 5374 3517 5443 philoso-

1941 5449 2167 5518 phorum
2197 5457 2332 5513 arte,
2364 5445 2532 5499 videri
2555 5446 2873 5515 quibusdam
2899 5462 3057 5515 posse
3078 5446 3336 5502 labefieri.

1938 5561 2068 5625 §lV.
2107 5561 2295 5619 Quibus
2336 5558 2605 5625 rationibus
2642 5558 2898 5625 Pelagiani
2939 5557 3082 5625 fidem
3105 5558 3517 5625 oppugnaverint:

1998 5618 2140 5684 quid,
2171 5621 2514 5683 responderint
2559 5620 2822 5680 catholici;
2880 5632 2993 5682 quae
3048 5618 3181 5667 inde
3223 5618 3520 5680 quaestiones

2000 5693 2139 5735 ortzr.

2013 5790 2081 5848 Ut
2109 5787 2411 5847 tesﬁmonia
2449 5785 2773 5843 testimoniis
2801 5826 2815 5855 ,
2868 5784 2939 5841 ita
2978 5783 3211 5839 rationes
3252 5780 3517 5847 Pelagiani
