3962 6180
302 283 402 338 6(6

778 298 783 301 ‘
825 280 1135 341 DISSERT.
1171 282 1283 340 Vll.
1318 284 1409 340 DE
1442 283 1629 342 UHTU
1661 285 1749 341 ET
1782 284 2253 343 lNCREMENTlS
2284 286 2603 345 “ERESIS
2632 282 3071 349 PELAGIANIE.

3467 302 3570 357 666

300 402 388 458 Η·
433 418 503 457 an
532 402 967 479 concupiscentia
996 418 1063 458 eo
1100 406 1238 460 mala
1268 405 1707 479 demonstretur,
1735 408 1875 479 qttod
1909 412 1957 468 Α
1987 416 2126 479 statu
2156 418 2446 474 utcumque
2494 411 2811 479 tolerabilis,
2855 415 3015 468 modo
3047 431 3115 470 ne
3142 415 3457 473 defensores
3506 437 3567 478 se

295 484 495 547 contra
524 475 704 547 ipsam
738 475 806 547 pii
846 474 1045 547 quique
1098 488 1370 546 pugnent;
1407 478 1501 533 12°
1532 494 1652 547 qua:
1680 474 1768 531 sit'
1789 479 1876 533 illa

297 545 498 613 precati
524 545 768 617 les,qu:e
790 544 989 617 habitat
1012 546 1062 600 in
1089 544 1519 617 nieinbrisetiam
1542 544 1873 617 sanctorum,

294 624 663 688 repugnatqne
676 616 775 688 legi
806 616 1031 688 mentis;
1057 615 1150 670 15°
1171 619 1439 686 quomodo
1459 621 1760 688 nuptiarum
1774 615 1876 672 bo;

294 703 422 740 num
455 701 485 740 a
519 687 653 739 vitio
682 686 917 742 discerni
959 685 1513 754 debeat,’fecnnditas
1534 685 1587 743 'a
1632 689 1874 754 libidine,

289 758 745 826 concupiscentia:
771 767 955 811 reatus
993 757 1062 810 ab
1092 769 1254 825 actu;
1298 756 1394 813 M0
1428 769 1603 813 utrum
1630 759 1877 814 Christus

292 830 520 899 maculae
544 829 844 882 communis
876 842 1042 896 purus
1068 827 1248 894 fuerit,
1295 829 1417 899 quia
1468 840 1621 883 natus
1652 845 1718 885 ex
1772 831 1878 884 vir-

286 897 434 967 gine.
468 913 573 952 non
601 898 870 952 communi
901 908 1089 966 partu;
1118 899 1212 953 15°
1246 897 1426 953 utrum
1462 902 1702 969 quisquis
1729 915 1879 955 com-

291 969 558 1040 mixtione
589 970 686 1023 viri
739 980 791 1023 et
842 969 1054 1024 femina
1107 970 1365 1040 gignitur,
1416 984 1549 1040 reus
1600 981 1874 1026 nascatur.

291 1039 419 1094 llxec
442 1048 496 1093 et
522 1041 624 1093 alia
655 1040 925 1108 disputata
947 1049 1071 1092 sunt
1105 1039 1229 1096 hinc
1259 1049 1313 1094 et
1336 1039 1461 1095 inde
1493 1051 1638 1095 tanta
1667 1043 1877 1095 animo-

286 1126 409 1163 rum
431 1110 800 1173 contentione,
840 1120 897 1163 ut
926 1108 1218 1172 diSputatio
1244 1126 1389 1179 saepe
1417 1113 1652 1166 evaserit
1680 1113 1732 1166 in
1783 1112 1876 1166 de-

285 1182 695 1245 clamationem,
746 1181 860 1234 sive
915 1179 1243 1236 laudantium
1298 1182 1406 1236 vim
1454 1183 1874 1250 procreatricem

288 1250 483 1319 prolis,
515 1251 632 1306 sive
655 1250 1054 1305 criminantium
1080 1254 1259 1305 carnis
1291 1251 1588 1306 libidinem.

358 1320 597 1376 Tertiam
631 1322 984 1391 qutestioiietn
1014 1322 1345 1391 Augustinus
1378 1322 1453 1376 ita
1485 1322 1666 1385 solvit,
1711 1332 1769 1378 ut
1797 1324 1876 1376 fa-

284 1398 520 1458 teretur,
550 1404 823 1460 peccatum
853 1407 1010 1447 omne
1054 1407 1085 1445 a
1125 1393 1404 1447 voluntate
1435 1403 1697 1447 creatura:
1726 1409 1868 1458 es~e,

280 1463 494 1516 nullum
522 1480 550 1515 a
576 1472 783 1528 natura,
806 1462 960 1531 cujus
984 1472 1169 1517 auctor
1199 1465 1367 1518 Deus:
1400 1479 1502 1533 qua
1528 1465 1873 1520 confessione

281 1546 407 1586 cum
442 1549 469 1585 a
520 1533 1070 1597 Martii-binistnirum
1120 1546 1378 1603 quantum
1432 1534 1757 1601 discederet,
1814 1546 1870 1590 ut

281 1604 599 1659 ostenderet
628 1613 831 1668 tamen,
858 1618 887 1657 a
916 1604 1190 1658 voluntate
1218 1604 1362 1657 aliud
1406 1604 1563 1659 aliter
1592 1617 1870 1674 peccatum

281 1675 440 1740 oriri,
468 1674 577 1729 duo
614 1675 784 1744 ipsius
830 1689 1027 1743 genera
1068 1674 1350 1741 distinxit;
1394 1690 1555 1729 unum
1587 1680 1726 1743 quod
1773 1691 1866 1730 sua

278 1748 515 1813 quisque
543 1747 816 1799 Vultlttlale
838 1746 1234 1810 committeret;
1261 1745 1512 1809 alterum,
1533 1747 1671 1813 quod
1696 1747 1865 1799 aliena

278 1815 654 1881 contraheret,
695 1817 1020 1885 quicumque
1077 1827 1389 1870 nasceretur
1440 1832 1508 1870 ex
1562 1827 1863 1885 peccatore.

280 1885 575 1940 Peccatum
624 1887 910 1956 originale,
952 1902 1051 1954 qua
1101 1896 1255 1954 parte
1306 1886 1526 1953 respicit
1578 1886 1868 1953 Adamum,

280 1957 447 2025 primi
477 1957 689 2026 generis
740 1972 859 2011 esse
899 1957 1105 2020 aiebat;
1143 1972 1245 2026 qua
1280 1968 1545 2025 posteros,
1605 1959 1868 2023 secundi;

279 2038 535 2095 posteros
562 2037 738 2082 tamen
767 2028 820 2081 in
849 2042 913 2081 eo
937 2043 1059 2080 esse
1082 2042 1224 2096 reos,
1256 2028 1396 2096 quod
1412 2036 1594 2083 essent
1620 2044 1755 2083 unus
1780 2030 1871 2085 ille

279 2102 469 2157 homo.
502 2100 591 2167 qui
625 2099 827 2166 primus
856 2099 1119 2168 peccavit,
1147 2098 1199 2152 in
1230 2112 1403 2169 eoque
1431 2107 1644 2167 pactum
1674 2098 1771 2155 Dei
1797 2100 1866 2155 ir-

276 2170 444 2223 ritum
477 2170 747 2223 fecissent.

357 2240 467 2292 Hac
502 2240 790 2293 occasione
816 2238 1068 2293 subtilius
1086 2239 1341 2293 ventilata
1366 2248 1450 2293 est
1472 2239 1716 2293 definitio
1745 2256 1869 2310 pec-

274 2311 385 2363 σξιιί
416 2312 542 2363 olim
567 2311 633 2364 ab
664 2314 959 2378 Augustino
982 2310 1164 2374 allata,
1193 2310 1428 2363 voluntas
1460 2311 1764 2364 adntittettttt
1792 2313 1869 2366 vel

274 2381 558 2443 retinendi,
585 2383 721 2447 quod
736 2382 943 2451 jttstitia
964 2391 1119 2443 velat,
1151 2388 1197 2432 et
1219 2382 1351 2435 unde
1373 2381 1587 2450 liberum
1611 2391 1684 2433 est
1705 2382 1868 2435 absti-

278 2468 442 2516 nere;
474 2450 779 2520 qumsitum,
810 2467 930 2521 quae
958 2452 1096 2505 foret
1122 2451 1358 2505 omnium
1401 2453 1675 2505 mentibus
1721 2453 1869 2508 notio

280 2524 490 2589 peccati
524 2522 783 2590 impressa
812 2538 826 2580 ;
860 2523 1187 2590 disputatum
1225 2523 1291 2576 de
1316 2523 1519 2587 justitia
1553 2523 1641 2576 Dei
1676 2523 1868 2578 volun-

281 2604 455 2645 talum
482 2591 664 2661 judice
693 2609 707 2646 :
736 2592 1006 2645 discussus
1058 2593 1342 2662 diligenter
1394 2592 1862 2660 Manichteismus;

278 2665 519 2716 esstentia
551 2664 750 2730 peccati
784 2666 1049 2730 exposita,
1082 2672 1220 2727 etc.;
1252 2664 1414 2717 immo
1445 2672 1499 2719 e-t
1521 2679 1549 2716 a
1597 2666 1867 2720 nonnullis

278 2736 482 2797 agitata
516 2737 741 2801 quaestio
770 2732 838 2786 de
860 2732 1065 2802 origine
1095 2734 1391 2787 animarum
1422 2750 1436 2787 :
1474 2749 1591 2801 qua:
1616 2733 1661 2787 si
1692 2734 1864 2790 forent

278 2819 347 2856 ex
386 2804 627 2869 traduce,
675 2804 973 2859 molliretur
1002 2802 1291 2858 difficultas
1322 2803 1674 2874 intelligendi,
1726 2822 1863 2870 quo-

282 2874 449 2928 modo
488 2891 608 2928 cum
632 2874 927 2928 seminibus
960 2883 1237 2942 peceatum
1264 2875 1543 2928 transiret:
1578 2875 1659 2928 sin
1686 2891 1715 2928 a
1748 2875 1859 2930 Deo

281 2954 540 2999 creentur
568 2944 809 3015 quatidie
838 2945 887 2998 iti
914 2946 1252 3010 corporibus,
1284 2954 1376 2998 aut
1407 2944 1622 2998 aliunde
1644 2947 1862 3000 mittan-

283 3024 395 3097 tur,
455 3016 644 3087 ingens
694 3015 764 3071 sit
806 3015 959 3071 labor
1015 3015 1069 3070 in
1118 3015 1433 3084 reperienda
1466 3015 1684 3072 traduce
1735 3032 1863 3086 pec-

285 3100 415 3140 call.

1983 478 2130 560 ipsos
2151 480 2540 560 ἀναμαρςτήτογς
2556 478 2852 560 jactarent;
2880 486 2928 560 in
2947 488 3183 560 secundo
3205 488 3407 542 nefaria
3427 507 3569 559 quat-

2019 563 2103 625 atn
2134 552 2437 625 contentio;
2488 553 2539 605 in
2575 552 2737 625 tertio
2764 556 3106 611 anathemate
3132 556 3288 625 digna
3322 552 3570 619 ἥδη-(ἓως.

1980 617 2354 697 Consulendus
2376 624 2796 697 estsanctusille
2813 626 3024 697 doctor,
3050 642 3170 680 cum
3193 617 3320 682 alibi
3348 617 3568 697 passim,

1982 696 2093 769 tum
2124 689 2357 769 maxime
2387 692 2486 769 sub
2510 693 2670 769 linem
2702 694 2823 769 libri
2859 697 2925 749 de
2959 698 3295 769 t’erfeetione
3319 689 3564 769 iustitiae,

1980 759 2225 842 ubigsunt
2250 760 2372 841 haec
2393 762 2510 842 ejus
2541 764 2731 842 verba:
2764 763 3032 820 Postremo
3063 768 3127 830 si,
3162 759 3373 842 excepto
3403 759 3570 842 capite

1980 840 2155 909 nostra
2180 830 2262 909 sui
2287 833 2522 909 corporis
2551 834 2825 909 salvatore.
2857 852 3156 909 asseruntur
3184 841 3261 909 vel
3286 830 3569 909 Μυσίαι

1979 915 2086 980 esse
2106 901 2159 953 in
2179 900 2275 952 hac
2297 909 2400 952 vtta
2418 902 2580 971 aliqui
2607 906 2853 980 homines
2858 908 2991 980 justi
3012 910 3123 980 sine
3141 900 3313 978 aliquo
3338 923 3564 980 peccato,

1978 970 2083 1023 sive
2110 986 2393 1049 numquam
2421 970 2788 1049 conset‘ttiendo
2821 970 3097 1049 desideriis
3142 970 3282 1049 ejus,
3313 970 3416 1033 sive
3444 970 3567 1048 quia

1977 1056 2072 1121 pro
2096 1042 2798 1121 nullapeccatoﬁabendum
2833 1047 3098 1121 est,_quod
3131 1042 3328 1121 tamtum
3376 1042 3466 1121 [Id
3482 1063 3564 1106 est

1979 1109 2263 1189 tantillum].
2282 1122 2376 1170 est.
2406 1123 2458 1165 ut
2478 1112 2579 1189 [ioc
2605 1117 2779 1184 pietati
2802 1133 2905 1189 non
2925 1109 3134 1187 imputet
3156 1116 3291 1170 Deus
3314 1109 3566 1189 (quamvis

1977 1182 2135 1255 aliter_
2153 1183 2221 1234 sit
2248 1182 2417 1255 beatus
2445 1184 2554 1255 sine
2598 1182 2827 1252 peccato,
2854 1182 3005 1240 aliter
3034 1198 3205 1240 autem
3238 1182 3433 1255 beatus,
3483 1196 3563 1245 cui

1978 1266 2079 1324 non
2119 1251 2333 1322 imputat
2386 1251 2633 1307 Dominus
2672 1258 2985 1324 peccatum),
3017 1274 3119 1311 non
3150 1260 3301 1311 nimis
3327 1251 3563 1315 existimo

1974 1323 2359 1400 reluctandum.
2392 1323 2514 1377 Scio
2552 1325 2686 1400 enim
2716 1323 3019 1395 quibusdam
3041 1399 3044 1400 ν
3066 1345 3175 1385 esse
3202 1330 3386 1397 visum,
3432 1349 3564 1400 quo-

1976 1407 2092 1443 rum
2132 1394 2193 1446 de
2230 1393 2328 1444 Itac
2367 1410 2422 1447 re
2459 1393 2763 1465 sententiam
2808 1413 2909 1449 non
2940 1399 3106 1451 audeo
3154 1393 3560 1465 reprehendere,

1974 1477 2290 1532 quamquam
2317 1480 2408 1516 nec
2431 1464 2704 1541 defendere
2734 1467 2947 1541 valeam.
2983 1468 3090 1522 Sed
3136 1468 3289 1539 plane
3328 1464 3560 1541 quisquis

1975 1544 2148 1601 negat,
2185 1550 2277 1585 nos
2302 1548 2451 1587 orare
2490 1534 2697 1597 debere,
2736 1553 2798 1591 ne
2844 1538 3097 1592 intremus
3136 1534 3193 1592 in
3234 1534 3560 1596 Mutationem

1974 1601 2344 1680 (_negat_autem
2370 1605 2458 1673 qui
2488 1608 2744 1680 contendit
2776 1608 2843 1661 ad
2870 1624 2971 1661 non
3022 1612 3335 1677 peccandum
3381 1615 3561 1680 gratite

1975 1670 2079 1725 Dei
2096 1670 2411 1740 adiutorium
2441 1691 2542 1728 non
2573 1693 2682 1730 esse
2710 1677 2905 1731 homini
2932 1670 3295 1742 necessarium,
3334 1670 3424 1734 sed
3446 1686 3557 1736 sola

1974 1742 2086 1820 lege
2120 1755 2329 1820 accepta
2357 1744 2637 1820 humanam
2672 1748 2897 1817 sufﬁcere
2923 1749 3260 1820 voluntatem)
3288 1768 3299 1803 :
3328 1752 3390 1803 ab
3416 1756 3559 1805 attri-

1977 1811 2068 1865 bus
2098 1815 2322 1867 omnium
2350 1811 2758 1883 removendum,"
2775 1828 2824 1871 et
2851 1836 2937 1873 ore
2959 1821 3187 1873 omnium
3212 1811 3555 1877 anathemati-

1974 1884 2222 1947 sandum,
2253 1902 2357 1938 non
2400 1887 2598 1940 dubito.

2046 1954 2735 2032 Adversusévauaprnaluv
2761 1958 2956 2032 Pelagii
2990 1969 3280 2030 pugnatum
3328 1971 3404 2015 est
3437 1964 3557 2031 qni-

1975 2026 2096 2078 dem
2121 2025 2189 2096 ab
2218 2025 2473 2081 Ecclesia:
2516 2025 2905 2084 'tractatoribtts
2928 2025 3199 2085 nonnullis
3232 2025 3552 2096 rationibus,

1973 2109 2107 2163 quas
2155 2095 2512 2169 Hieronymus
2566 2099 2896 2167 Orosiusque
2949 2114 3246 2169 exponunt,
3281 2095 3555 2157 nonnullis

1972 2180 2189 2234 quoque
2217 2167 2510 2235 Scriptura:
2539 2169 2880 2229 testimoniis.
2924 2167 3030 2224 sed
3061 2173 3377 2225 decretoriis
3428 2176 3555 2226 duo-

1973 2235 2092 2288 bt'ts.
2125 2236 2187 2290 Si
2217 2238 2498 2290 dixerimus
2545 2240 2665 2306 quia
2709 2248 2973 2302 peccatum
3024 2258 3125 2293 non
3163 2242 3427 2305 habemus,
3462 2261 3552 2297 nos

1969 2306 2106 2376 ipsos
2136 2308 2448 2381 sedueintus,
2480 2318 2533 2381 et
2557 2312 2737 2381 veritas
2769 2310 2820 2362 in
2852 2310 2995 2362 nobis
3023 2328 3122 2363 non
3142 2321 3221 2381 est
3250 2312 3293 2381 (ι
3319 2310 3477 2366 Joan.
3510 2330 3548 2378 I,

1971 2381 2050 2445 ὅ).
2084 2386 2157 2436 et.
2188 2377 2406 2453 Dimitte
2449 2378 2590 2453 nobis
2637 2379 2807 2432 debita
2852 2391 3029 2434 nostra
3072 2377 3287 2447 (Matth.
3328 2398 3398 2446 vt,
3432 2377 3545 2453 12),

1969 2461 2157 2499 omnes
2182 2450 2322 2500 enim
2345 2447 2658 2516 Apostolus,
2686 2466 2874 2503 omnes
2895 2455 3136 2505 Christus
3151 2447 3512 2508 conveniebat
3530 2447 3545 2508 Ξ

1969 2518 2059 2570 ille
2081 2517 2325 2572 ﬁduciam
2360 2520 2411 2571 in
2443 2518 2716 2573 Christum
2760 2522 3141 2587 mediatorem;
3177 2525 3276 2576 iste
3303 2537 3548 2578 commu-

1966 2603 2091 2643 nem
2122 2590 2309 2642 orandi
2343 2591 2554 2642 modum
2588 2591 2809 2644 ducens.

2038 2658 2119 2712 Ad
2150 2658 2264 2712 hmc
2288 2659 2587 2727 Pelagiani:
2623 2661 2909 2727 Utriusque
2932 2662 3030 2716 loci
3054 2678 3231 2729 voces,
3257 2665 3361 2717 alio
3385 2681 3545 2719 sensu

1966 2743 1995 2781 a
2032 2729 2190 2797 vulgo
2214 2730 2467 2792 fidelium,
2495 2731 2600 2783 alio
2627 2746 2655 2783 a
2689 2731 2935 2799 perlectis
2977 2734 3117 2787 dici:
3149 2736 3217 2788 ab
3257 2736 3362 2788 illis
3396 2752 3548 2789 vera-

1965 2799 2101 2875 citer
2130 2811 2181 2853 et
2213 2814 2308 2869 pro
2338 2801 2560 2875 seipsis;
2603 2804 2669 2854 ab
2699 2802 2815 2855 istis
2848 2802 3142 2875 humiliter,
3192 2816 3247 2861 et
3279 2820 3374 2875 pro
3402 2808 3542 2873 aliis,

1965 2871 2071 2941 qui
2088 2869 2141 2923 in
2166 2885 2262 2925 suo
2289 2872 2483 2939 populo
2513 2882 2819 2941 peccatores
2842 2873 2969 2926 sint.

2036 2938 2445 2995 Cavillationem
2475 2938 2763 3011 ejusmodi,
2807 2960 2914 2997 non
2947 2953 3149 2997 tantum
3182 2946 3361 3000 allatis
3395 2947 3543 3001 Serio

1964 3018 2136 3081 ptum
2183 3010 2523 3081 testimoniis,
2558 3021 2649 3075 ut,
2684 3010 2751 3065 In
2804 3015 2978 3068 multis
3020 3015 3325 3081 offendimus
3372 3032 3543 3070 omnes

1963 3078 2106 3151 (lue.
2148 3096 2227 3143 tu,
2268 3080 2353 3150 2);
2387 3092 2463 3152 et,
2517 3082 2639 3136 Non
2668 3078 3116 3148 iustiﬁcabitur'in
3147 3098 3418 3152 conspectu
3455 3100 3541 3141 tuo

350 3157 651 3224 Qumstiotti
682 3165 907 3226 quat-tat,
958 3156 1024 3211 de
1053 3156 1309 3224 peccandi
1354 3158 1674 3212 necessitate
1714 3173 1863 3214 com-
1888 3153 1934 3216 C
1968 3153 2131 3204 omnis
2156 3153 2323 3204 vivens
2331 3150 2778 3226 _(Psalm._cu.tt,
2803 3154 2895 3226 ﬁ);
2922 3162 3000 3220 et,
3036 3154 3160 3209 Non
3190 3150 3437 3210 est'ltomo
3457 3160 3545 3226 qui

273 3235 520 3283 muniter
546 3229 612 3282 ab
638 3228 909 3293 omnibus,
960 3238 1079 3297 post
1126 3230 1361 3282 vitiatam
1414 3236 1681 3292 naturam,
1735 3244 1866 3285 con—

276 3309 479 3366 tracta,
514 3300 709 3353 factum
736 3298 867 3353 Salis
893 3298 1108 3367 quidem
1151 3315 1179 3352 a
1205 3298 1511 3365 catholicis,
1540 3300 1634 3353 sed
1665 3304 1733 3353 ita
1784 3310 1865 3354 ta-

274 3385 430 3434 men,
464 3380 519 3423 ut
548 3370 792 3439 ingentes
816 3369 934 3423 alite
962 3369 1081 3423 dua:
1118 3370 1447 3437 quaestiones
1479 3382 1823 3425 moverentur
1848 3389 1862 3424 :

270 3440 452 3493 altera
480 3440 548 3495 de
572 3441 743 3495 libero
786 3441 1031 3506 arbitrio,
1077 3449 1254 3493 utrum
1290 3447 1507 3507 peccato
1550 3441 1638 3493 illo
1675 3442 1863 3508 grandi

272 3509 601 3585 perieritde
637 3511 869 3585 humano
907 3525 1135 3585 genere;
1179 3510 1347 3585 altera
1375 3509 1443 3564 de
1471 3512 1861 3585 ἀναμαρπσίᾳ,

270 3597 345 3633 an
382 3583 553 3651 possit
581 3581 743 3635 honto
786 3581 884 3634 hac
912 3583 963 3634 in
999 3582 1108 3633 vita
1139 3595 1261 3635 esse
1294 3580 1413 3634 sine
1440 3580 1659 3649 peccato
1682 3597 1697 3639 ;
1723 3580 1867 3636 utia-

269 3667 386 3720 que
432 3652 701 3720 pepererit
748 3652 981 3705 minores
1029 3651 1165 3704 alias
1215 3651 1373 3718 longe
1426 3651 1713 3719 plurimas,
1765 3654 1863 3707 sed

271 3723 457 3774 amba“:
502 3722 831 3790 coniunctim
883 3736 1044 3775 unam
1074 3722 1313 3775 omnium
1369 3720 1766 3789 gravissimam,
1798 3725 1865 3778 de

238 3793 610 3848 "necessitate
658 3792 908 3863 adjutorii
937 3791 1123 3862 gratia:
1177 3792 1394 3863 divinae,
1440 3792 1505 3845 ad
1559 3794 1862 3862 przcstanda

274 3863 495 3931 pietatis
528 3861 799 3930 Oper-get
832 3861 1125 3918 vincendas
1150 3861 1504 3928 tentationes,
1541 3864 1608 3916 de
1652 3878 1755 3932 qua
1783 3880 1864 3919 ca-

272 3935 395 4002 pite
444 3937 710 4003 sequenti.
768 3934 943 3988 Prima
1002 3934 1185 4001 genuit
1235 3947 1335 4003 per
1377 3947 1438 3987 se
1469 3948 1703 4000 paucas,
1735 3937 1865 3989 istas

274 4018 501 4069 nempe,
528 4002 633 4074 qua
660 4004 871 4060 ratione
896 4004 1003 4058 dici
1036 4002 1208 4071 possit
1235 4002 1429 4074 amissa
1462 4018 1557 4074 per
1586 4013 1863 4073 peccatum

273 4075 493 4146 arbitrii
522 4074 827 4146 libertaset
848 4074 1143 4146 quomodo,
1172 4074 1218 4128 si
1248 4073 1443 4128 amissa
1470 4073 1541 4128 Sit
1565 4076 1769 4146 arbitrii
1803 4076 1866 4130 li-

276 4143 490 4208 bertas,
512 4145 718 4213 justitia
751 4145 845 4199 Dei
869 4144 1085 4200 defendi
1114 4155 1296 4215 queat,
1330 4160 1450 4199 cuin
1503 4145 1709 4215 puniat,
1738 4143 1863 4216 qua:

225 4247 229 4250 ν
275 4216 438 4268 vitari
471 4231 574 4269 non
605 4224 850 4286 possunt,
878 4225 987 4286 etc.

355 4287 551 4340 Genuit
579 4284 813 4341 secunda
836 4284 1042 4353 plures,
1075 4285 1144 4341 de
1188 4284 1389 4351 quibus
1430 4284 1702 4354 sigillatim
1746 4286 1865 4340 lon-

272 4369 405 4422 gum
439 4366 520 4410 est
547 4355 746 4411 dicere.
776 4356 906 4411 llinc
932 4365 1079 4411 certe
1101 4355 1538 4410 ratiocinationes
1558 4356 1862 4425 quindecim

274 4426 546 4492 leestii,
581 4427 706 4481 hinc
735 4428 871 4482 liber
902 4427 1099 4493 Pelagii
1129 4427 1197 4481 de
1226 4425 1423 4479 Natura
1450 4435 1603 4481 ortus
1624 4434 1727 4481 est.
1755 4428 1865 4483 Illis

274 4496 611 4565 Augustinus
642 4507 753 4552 toto
783 4499 921 4552 libro
941 4498 1008 4552 de
1026 4497 1368 4553 Perfectione
1387 4496 1611 4563 justilitn
1639 4512 1864 4565 respon-

273 4565 388 4639 dit:
422 4570 563 4622 hunc
598 4568 951 4639 Hieronymus
975 4568 1211 4639 epistola
1264 4566 1330 4639 ad
1369 4567 1777 4639 _Ctesiphoutetu
1810 4580 1865 4624 et

275 4636 509 4706 dialogis
542 4639 739 4703 tribus;
761 4636 1092 4707 Augustinus
1117 4638 1254 4693 libro
1275 4637 1342 4692 de
1368 4636 1565 4692 Natura
1580 4649 1635 4693 et
1652 4638 1858 4707 Gratia,

273 4709 510 4780 aliisque
536 4710 783 4775 scriptis,
816 4709 1069 4764 Africana
1107 4707 1346 4780 synodus
1389 4708 1560 4764 tribus
1589 4710 1858 4780 posterioo

273 4777 429 4833 ribus
448 4780 745 4833 canonibus
766 4780 978 4834 refellit.

350 4849 904 4905 Animadvertendum
935 4864 1093 4918 porro
1118 4857 1222 4918 est,
1271 4849 1622 4920 qumstionem
1664 4849 1730 4904 de
1756 4850 1859 4904 ἰιιιο

278 4920 553 4989 peccantis
607 4929 717 4975 tres
748 4921 999 4975 habuisse
1047 4921 1199 4990 quasi
1253 4932 1461 4984 anates,
1506 4928 1599 4975 aut
1644 4930 1856 4975 status:

275 4992 585 5061 pertinebat
613 4991 756 5062 enim
788 4992 1015 5058 primum
1046 4990 1116 5046 ad
1146 5005 1332 5062 mores
1362 5000 1588 5058 tantum,
1634 4999 1860 5062 eratque

280 5062 495 5124 sthica;
549 5061 747 5117 deinde
793 5062 979 5132 evasit,
1016 5062 1069 5116 in
1124 5061 1522 5132 dogmaticam;
1582 5061 1861 5131 postremo

272 5134 555 5203 utriusque
575 5134 789 5201 generis
815 5133 932 5187 fuit.
966 5131 1024 5186 In
1056 5131 1229 5203 primo
1258 5140 1400 5186 statu
1422 5141 1561 5197 erat,
1594 5145 1719 5187 ante
1747 5149 1863 5189 m0-

275 5209 361 5256 tas
389 5202 456 5255 de
496 5203 717 5257 traduce
746 5204 953 5273 peccati
1002 5202 1067 5258 et
1107 5210 1310 5257 natura:
1339 5202 1686 5273 corruptione
1724 5217 1858 5259 can-

275 5275 571 5348 troversias
591 5315 607 5340 ,
635 5273 751 5348 sive
780 5273 1476 5348 cum_E_vagrius__Ponticus
1500 5274 1697 5348 aﬂiiqne
1738 5278 1860 5348 περὶ

264 5346 569 5407 "Andriae,
600 5346 719 5399 sive
748 5359 868 5399 cum
898 5344 1147 5413 Pelagius
1175 5345 1368 5399 librum
1400 5344 1469 5399 de
1511 5343 1860 5401 Testitnmtt'is

272 5416 557 5470 scriberet.
588 5414 645 5471 In
687 5415 923 5470 secundo
951 5415 1093 5485 fuit,
1128 5426 1252 5469 tunc
1280 5429 1403 5469 cum
1430 5416 1600 5484 cmpit
1641 5426 1861 5485 promer

274 5486 556 5542 traducem
597 5486 803 5555 peccati
832 5486 1044 5557 agitari.
1080 5484 1137 5540 ιιι
1183 5496 1457 5555 postremo
1486 5486 1717 5556 denique
1744 5484 1861 5541 esi-

275 5560 472 5620 stebot,
500 5572 607 5627 quo
636 5570 878 5625 tempore
920 5557 1130 5613 conditi
1179 5564 1306 5610 sunt
1334 5557 1569 5627 Africani
1595 5571 1856 5624 actiones,

274 5644 487 5695 quoque
516 5626 782 5681 canonum
812 5629 1043 5696 scriptor
1080 5627 1412 5696 Augustinus
1456 5626 1718 5682 adversus
1764 5628 1855 5683 Pe-

270 5698 469 5762 lagium
494 5698 689 5767 partim
718 5699 982 5767 epistolis,
1016 5699 1213 5767 partim
1245 5698 1396 5753 libris
1422 5698 1712 5768 pugnabat.
1759 5698 1857 5753 Est

271 5781 444 5825 autem
481 5770 783 5840 Augustino
811 5769 960 5826 visus
985 5784 1140 5826 error
1168 5770 1289 5837 istc,
1322 5769 1377 5824 in
1425 5770 1600 5841 primo
1638 5771 1853 5841 quidem

1969 3237 2071 3294 non
2105 3231 2270 3291 peccet
2297 3220 2644 3294 (Eccle.vu);
2676 3233 2750 3290 et,
2798 3220 2867 3277 In
2917 3241 3072 3278 manu
3114 3228 3279 3280 omnis
3322 3220 3544 3280 hominis

1967 3292 2159 3361 signat,
2194 3301 2248 3344 ut
2287 3294 2414 3345 sciat
2439 3292 2603 3348 omnis
2641 3294 2793 3347 homo
2839 3296 3188 3361 inﬁmitatem
3216 3313 3363 3351 suam
3393 3296 3539 3357 (Job.

1968 3376 2169 3427 xxxvii,
2198 3364 2287 3433 7);
2312 3364 2403 3417 sed
2429 3366 2593 3419 etiam
2616 3365 2960 3419 anathemate
2992 3367 3175 3421 Patres
3221 3368 3542 3422 refutarunt.

2038 3433 2119 3505 Ad
2151 3447 2408 3505 rationes,
2454 3450 2587 3504 quas
2636 3436 2875 3491 hatretici
2903 3436 3217 3501 alferebant,
3278 3440 3547 3505 pertint-nt

1966 3500 2228 3575 invidiosa
2260 3500 2507 3573 quaedam
2536 3509 2887 3571 consectaria,
2919 3523 3037 3575 qua:
3077 3525 3141 3564 ex
3174 3500 3390 3563 traduce
3423 3524 3547 3575 pec-

1966 3573 2070 3627 cati
2102 3575 2285 3629 inferri
2312 3577 2724 3630 cnttteudebant.
2760 3577 2890 3630 Nam
2922 3573 3049 3633 dum
3081 3580 3331 3633 catholici
3361 3573 3544 3633 tradu-

1966 3659 2083 3697 cem
2135 3646 2271 3699 hanc
2304 3660 2367 3699 ex
2398 3660 2462 3700 eo
2490 3646 2741 3715 probant.
2797 3648 2939 3715 quod
2996 3659 3185 3703 natura
3240 3652 3422 3703 vitiata
3450 3653 3542 3715 sit,

1969 3716 2068 3787 tria
2098 3715 2369 3781 dixerunt,
2397 3718 2592 3785 quibus
2614 3716 2801 3771 otl'ensi
2844 3719 3246 3787 impugnatores
3278 3721 3423 3783 fidei,
3454 3735 3542 3775 ca-

1966 3782 2185 3838 lumnite
2225 3782 2429 3852 pariter
2471 3795 2637 3856 atque
2665 3782 3145 3856 argumentatioois
3200 3782 3545 3844 occ:isi0ncm

1966 3858 2306 3925 arripuerunt
2335 3870 2351 3909 :
2379 3855 2630 3911 catholici
2677 3855 2979 3912 fatebantur
3025 3874 3091 3911 ex
3142 3858 3227 3912 illa
3294 3874 3390 3912 sua
3441 3860 3543 3914 do—

1966 3926 2141 3997 ctrina
2168 3941 2288 3980 esse
2309 3937 2983 3997 consequens,utpeccato
3012 3928 3168 3997 pritni
3192 3928 3423 3983 hominis
3453 3945 3548 3982 ua-

1968 4004 2085 4050 tura
2116 3995 2255 4051 facta
2285 4000 2355 4052 sit
2382 4008 2435 4052 et
2473 3996 2763 4068 peccatrix,
2798 4009 2850 4051 et
2882 3995 3223 4064 peccatorum
3273 3999 3542 4067 genitrix;

1968 4074 2072 4120 uta
2104 4068 2335 4135 posteris
2362 4067 2635 4123 contracta
2660 4067 2751 4129 sit,
2786 4078 3003 4138 propter
3032 4069 3217 4124 Adami
3247 4081 3543 4137 peccatum,

1966 4139 2223 4210 nonnulla
2255 4141 2548 4194 necessitas
2587 4139 2877 4209 peccandi;
2912 4151 2968 4194 ut
2998 4142 3321 4210 quicumque
3345 4155 3411 4194 ex
3444 4157 3539 4193 nu-

1967 4209 2091 4277 ptiis
2122 4220 2434 4276 nascuntur,
2465 4214 2668 4264 tamdiu
2706 4211 2813 4263 sint
2859 4212 2959 4280 sub
3011 4209 3277 4280 potestate
3321 4210 3545 4277 diaboli,

1966 4280 2219 4348 quamdiu
2243 4296 2347 4334 non
2379 4290 2733 4334 renascuntur
2761 4280 2812 4332 itt
2843 4279 3077 4335 Christo.

2037 4349 2337 4405 lntulerunt
2392 4349 2517 4403 inde
2568 4350 2923 4405 communiter
2974 4351 3234 4419 haeretici,
3268 4350 3543 4406 traducem

1967 4421 2170 4488 peccati
2205 4436 2309 4473 non
2336 4420 2557 4474 diﬂ‘erre
2582 4434 2610 4473 a
2639 4419 2915 4475 Manichaei
2948 4437 3134 4477 errore
3165 4423 3357 4476 malam
3389 4434 3547 4477 natu-

1970 4506 2079 4543 ram
2112 4490 2402 4557 apinantis,
2434 4489 2783 4561 feceruntque
2812 4494 3091 4546 catholicis
3127 4491 3542 4548 Maniclmorum

1971 4570 2025 4614 et
2049 4560 2503 4632 Traducianorum
2546 4560 2764 4629 nomen,
2814 4578 2921 4632 quo
2970 4564 3173 4617 nullum
3228 4565 3547 4618 intolerabi-

1971 4632 2074 4704 lius
2100 4630 2401 4699 Augustino
2426 4634 2594 4704 visntn
2631 4640 2734 4697 est,
2768 4630 2865 4688 nec
2907 4634 3193 4697 immerito,
3224 4650 3342 4687 cum
3373 4637 3548 4704 suspi-

1970 4703 2079 4756 cari
2111 4704 2266 4758 facile
2306 4714 2523 4772 possent
2571 4702 2837 4759 homines.
2870 4704 3063 4759 Saltem
3104 4705 3282 4758 minus
3327 4702 3547 4771 eruditi,

1970 4782 2119 4827 tanto
2147 4773 2355 4827 doctori
2385 4773 2708 4841 nescioquid
2742 4774 2951 4844 pristini
2983 4777 3185 4829 erroris
3228 4775 3546 4840 adhaesisse,

1968 4858 2074 4912 quo
2116 4843 2445 4913 implicatum
2494 4858 2552 4898 se
2580 4843 2973 4912 fuisse'sctipto
3003 4847 3175 4913 palam
3206 4845 3379 4897 fassus
3410 4856 3548 4900 erat.

1970 4914 2100 4968 Eam
2124 4915 2194 4969 ob
2221 4930 2334 4968 rem
2365 4924 2473 4969 tota
2506 4914 2555 4968 vi
2578 4916 2693 4969 sive
2722 4916 2918 4981 ingenii
2962 4920 3079 4970 sive
3129 4918 3454 4983 eloquentiae
3483 4930 3549 4970 ac

1969 4986 2229 5057 doctrina:
2256 4985 2422 5039 tribus
2446 4986 2679 5039 maxime
2704 4985 2758 5038 iu
2780 4988 3036 5057 operibus
3075 4985 3336 5056 flagitium
3368 4985 3551 5041 hocet

1967 5056 2318 5121 acatliolicis,
2352 5068 2406 5110 et
2437 5071 2466 5110 a
2494 5072 2553 5111 se
2586 5058 2802 5125 repulit.

2039 5127 2218 5181 Intulit
2248 5127 2564 5182 Theodorus
2620 5128 2735 5181 haec
2785 5128 3022 5197 quinque
3072 5127 3252 5198 (Apud
3303 5126 3551 5182 Photinus

1968 5199 2086 5252 cad.
2116 5199 2279 5268 1T7):
2337 5201 2584 5252 homines
2635 5205 2823 5252 natura
2876 5199 3045 5253 fac'tos
3091 5200 3403 5267 improbos,
3458 5201 3550 5267 qui

1968 5279 2126 5325 antea
2158 5279 2345 5323 natura
2379 5270 2500 5323 boni
2529 5282 2734 5333 essent,
2766 5278 2930 5338 atque
2979 5278 3168 5323 natura
3194 5270 3305 5339 jam
3346 5282 3400 5325 et
3441 5285 3552 5324 non

1969 5340 2249 5393 voluntate
2283 5354 2549 5409 peccare;
2604 5339 2834 5394 infantes
2884 5342 3099 5394 tametsi
3151 5355 3340 5396 recens
3371 5350 3549 5404 natos,

1969 5409 2176 5478 peccati
2216 5411 2484 5465 immunes
2512 5425 2618 5464 non
2650 5425 2793 5476 esse,
2826 5425 2948 5465 cuin
2982 5411 3050 5465 ob
3077 5412 3205 5464 Adae
3235 5412 3554 5480 praevarica-

1961 5480 2161 5536 tionem
2181 5483 2247 5536 ad
2275 5496 2468 5535 omnes
2491 5480 2607 5551 ejus
2636 5491 2881 5551 posteros
2909 5495 3097 5535 natura
3131 5481 3401 5548 peccatrix
3428 5497 3548 5548 pro.

1963 5561 2217 5621 pagetur;
2249 5557 2523 5606 neminem
2555 5553 2865 5606 mortalium
2919 5567 3042 5606 83-88
3090 5552 3328 5618 justum,
3379 5562 3434 5605 et
3482 5566 3551 5605 ne

1961 5622 2235 5678 Christum
2266 5624 2480 5692 quidem
2507 5624 2693 5687 Deum,
2721 5632 2997 5692 assumpta
3016 5622 3310 5692 peccatrice
3332 5635 3549 5684 natura,

1959 5695 2181 5749 sceleris
2212 5710 2399 5761 purum
2431 5709 2551 5748 esse
2579 5709 2597 5748 ι
2629 5694 3059 5759 matrimonium,
3082 5705 3170 5749 aut
3201 5701 3347 5747 certe
3380 5692 3550 5761 ipsius

1963 5781 2141 5835 usum,
2173 5780 2295 5823 esse
2325 5780 2461 5837 Opus
2489 5776 2754 5836 perversae
2785 5774 3020 5835 naturae,
3051 5767 3101 5819 in
3135 5780 3291 5835 quam
3325 5771 3550 5834 peccato
