3962 6180
464 341 566 398 871

937 339 1027 394 AD
1056 334 1341 391 PARTEM
1374 332 1641 388 PRIMAM
1672 329 1956 387 OPERUM
1988 330 2057 385 Μ.
2092 327 2537 387 MERCATORIS
2567 328 2914 386 APPENDIX
2943 328 3286 418 SECUNDA.

3640 326 3740 383 673

464 459 729 523 fecerunt,
763 454 982 523 originis
1030 452 1219 523 utique
1255 449 1499 523 ordinem
1555 448 1727 523 secuti
1772 467 1786 502 :
1824 448 2042 523 siettim
2077 454 2118 511 Α
2150 448 2330 523 minor
2358 445 2822 523 fuitqutest‘ioﬁe
2847 448 3148 523 posteriore
3172 448 3363 517 major,
3385 447 3528 519 quod
3543 458 3736 523 (osten-

466 535 624 583 :ttium
655 520 1048 597 quemcumque
1087 520 1402 597 voluissent,
1434 522 1591 590 longe
1624 520 1835 597 diversa
1866 522 2044 575 fuerat

465 591 692 655 tenenda
715 591 1055 650 tractationis
1081 593 1189 655 via,
1218 592 1360 662 quod
1393 607 1552 645 nemo
1583 607 1688 644 non
1723 591 1890 644 videt.

536 671 909 739 Hypognostes
959 664 1133 739 igitur
1160 662 1568 739 Pelagianorum
1615 677 1878 727 errorem,
1936 675 2043 729 quo

464 734 711 793 hominem
738 736 917 788 dicunt
946 751 1037 805 per
1075 734 1289 788 liberum
1336 734 1611 805 arbitrium
1656 743 1915 799 tamquam
1955 748 2043 805 per

461 827 515 863 se
561 810 658 863 sibi
701 802 1032 877 suﬁicientem
1074 805 1316 872 implere,“
1346 802 1484 877 quod
1532 802 1672 871 velit,
1720 807 1933 877 tertium
1986 802 2039 856 in

466 874 787 947 praefatione
810 886 1078 940 numeral,
1114 877 1382 940 tertioque
1415 874 1577 940 libro,
1604 883 1727 944 post
1747 875 1883 930 alios
1903 874 2042 929 duos

464 952 734 1020 prioribus
758 948 909 1002 libris
939 951 1190 1015 rejectns,
1207 947 1516 1020 impugnat.

537 1022 821 1083 Mercator,
852 1029 974 1087 post
1011 1018 1277 1087 recensita
1307 1015 1553 1087 dogmata
1584 1015 1900 1087 mortalitati
1950 1031 2044 1070 na-

466 1091 621 1144 turali
667 1086 935 1152 connexa,
977 1104 1097 1157 qua:
1131 1086 1417 1142 C(BleSllllS
1447 1086 1782 1151 defenderet,
1829 1088 2039 1158 adjecit,

466 1162 636 1229 inquit
656 1159 707 1232 (1
714 1179 743 1213 η
761 1163 909 1231 pravi.
922 1160 1208 1232 _Subnot.),
1227 1172 1375 1226 posse
1396 1174 1504 1211 esse
1527 1157 1777 1232 hominem
1795 1157 1906 1232 sine
1926 1174 2044 1227 pec-

461 1228 600 1292 cato,
633 1228 678 1285 et
715 1228 877 1300 facile
912 1228 1007 1282 Dei
1048 1230 1294 1300 mandata
1325 1243 1525 1282 servare
1556 1228 1600 1280 si
1632 1228 1770 1292 velit,
1803 1228 2042 1297 duasque

462 1301 666 1355 erroris
692 1299 840 1354 istius
864 1315 1052 1354 causas
1078 1299 1337 1353 reddidit:
1366 1299 1604 1366 quoniam
1624 1309 1743 1352 ante
1767 1300 2041 1352 adventum

465 1372 653 1425 (.‘hristi
699 1373 904 1441 {uerunt
940 1370 1169 1424 homines
1197 1371 1307 1423 sine
1342 1379 1580 1441 peceato;
1611 1379 1667 1423 et
1698 1371 1943 1441 quoniam,
1970 1370 2043 1441 sic

465 1442 548 1495 lex
575 1439 724 1495 mittit
746 1444 812 1495 ad
837 1458 1048 1511 regnum
1076 1441 1340 1505 caelorum,
1372 1443 1499 1511 sicut
1541 1439 1897 1511 Evangelium.
1925 1440 2040 1494 Sita

462 1525 544 1567 est
574 1513 655 1566 vis
680 1510 1010 1579 probationis
1041 1512 1091 1565 in
1123 1527 1190 1566 eo
1221 1512 1361 1579 quod
1387 1513 1429 1563 si
1461 1510 1542 1565 lex
1582 1510 1710 1563 olim
1742 1512 1914 1578 potuit
1946 1515 2039 1563 tto-

467 1585 638 1637 mines
668 1593 719 1637 et
742 1584 919 1651 justos
946 1581 1184 1647 efficere,
1215 1590 1270 1637 et
1298 1582 1353 1636 in
1381 1596 1599 1648 regnum
1630 1582 1893 1637 ctelorum
1920 1582 2043 1634 mit-

466 1664 601 1718 tere,
638 1654 688 1707 id
720 1656 1014 1708 etiamnum
1051 1653 1261 1717 valeat;
1308 1663 1471 1718 atque
1502 1653 1572 1706 ita
1615 1669 1718 1706 non
1752 1651 2039 1705 admodum

464 1726 534 1777 sit
561 1740 694 1791 opus
742 1725 998 1778 interiore
1036 1724 1329 1777 voluntatis
1377 1723 1548 1791 gratia
1600 1738 1693 1792 per
1738 1722 2037 1788 Christum,

462 1811 581 1864 qua:
610 1803 735 1849 tunc
762 1810 866 1849 una
898 1794 1011 1849 fere
1040 1794 1093 1847 in
1120 1794 1479 1864 quaestionem
1498 1796 1768 1850 veniebat.
1848 1840 1860 1856 ,

535 1866 783 1934 Prosper,
817 1877 940 1933 post
962 1865 1182 1919 eosdem
1216 1879 1432 1918 errores
1454 1863 1589 1917 duos
1616 1864 1684 1919 de
1714 1864 2042 1918 mortalitate

466 1935 681 1990 humani
706 1936 938 2005 generis,
964 1937 1101 1990 etde
1124 1935 1345 2006 traduce
1374 1937 1574 2001 peccati
1599 1935 1896 2006 expositos,
1922 1951 2043 2006 per-

464 2010 540 2077 git
569 2007 623 2062 in
655 2004 766 2061 hinc
791 2007 949 2062 verba
982 2006 1182 2077 (Carm.
1214 2009 1277 2060 de
1305 2005 1512 2075 lngrat.
1540 2022 1654 2076 cap.
1682 2004 1734 2076 1)
1763 2024 1775 2058 :

560 2121 711 2168 Posse
736 2126 896 2167 autem
921 2121 1140 2167 insontes
1162 2131 1333 2167 omnes
1368 2118 1560 2166 virtutis
1579 2118 1625 2165 itt
1651 2128 1762 2166 arce

562 2180 718 2231 Vitam
736 2194 907 2239 agere,
928 2187 981 2228 et
997 2182 1147 2228 menti
1180 2182 1451 2240 ingenitum
1471 2193 1673 2228 servare
1697 2180 1948 2241 decorem,

562 2244 777 2292 Arbitrio
796 2244 1020 2292 quoniam
1044 2242 1274 2289 subsistat
1294 2250 1429 2291 recta
1456 2240 1662 2289 volentis

555 2302 798 2352 Naturalis
816 2302 992 2364 honos,
1020 2304 1203 2363 lexque
1222 2305 1362 2352 insita
1387 2304 1614 2351 cordibus
1636 2303 1767 2351 intus

563 2368 663 2416 Hoc
677 2375 891 2430 moueat,
912 2366 1039 2427 quod
1058 2368 1238 2428 scripta
1260 2364 1393 2428 foris,
1422 2373 1520 2415 etc.

535 2489 785 2544 Africana
816 2489 1077 2558 synodus,
1120 2504 1243 2544 cum
1275 2488 1546 2557 prioribus
1584 2488 1795 2543 duobus
1823 2491 2045 2543 canoni-

464 2562 564 2619 btts
606 2563 877 2615 sanxisset
910 2560 1067 2615 ﬁdem
1109 2560 1430 2614 catholicam
1470 2561 1537 2614 de
1582 2560 1911 2613 mortalitate
1946 2562 2048 2614 hu-

466 2634 606 2685 mani
637 2632 850 2702 generis
879 2640 934 2685 et
956 2640 1177 2699 peccato
1204 2631 1475 2702 originali,
1507 2645 1629 2683 mox
1654 2633 2046 2702 eanoue_tertio

465 2719 587 2757 etuti
611 2699 957 2756 anathemate
981 2702 1248 2770 percellit:
1269 2701 1371 2766 Qui
1394 2702 1579 2753 dixerit
1602 2702 1826 2768 gratiam
1849 2699 1965 2763 Dei,
1989 2703 2045 2755 in

465 2791 562 2842 qua
595 2775 946 2844 justi/icamur
983 2769 1080 2840 per
1114 2769 1291 2824 Iesum
1335 2771 1593 2825 Christum
1627 2771 1902 2844 Dominum
1954 2788 2046 2824 no-

464 2840 648 2911 strum,
679 2846 746 2897 ad
786 2844 957 2897 solam
994 2844 1343 2895 remissionem
1386 2851 1711 2911 peccatorum
1736 2840 1904 2893 valere
1931 2858 2047 2910 qua:

457 2917 569 2984 jam
596 2917 866 2967 commissa
896 2922 1035 2979 sunt,
1081 2929 1185 2966 non
1228 2913 1379 2966 etiam
1404 2912 1473 2964 ad
1497 2910 1816 2982 adjutorium
1860 2922 1916 2964 ut
1942 2929 2044 2967 non

462 2986 871 3038 committantur.

535 3056 862 3109 Arausicana
890 3052 1149 3125 synodus,
1168 3051 1505 3115 Africanam,
1529 3061 1744 3107 centum
1771 3061 1827 3108 et
1856 3053 2044 3123 viginti

465 3139 586 3194 posit
606 3125 758 3180 annis
781 3138 989 3190 secuta,
1012 3125 1081 3178 de
1102 3125 1448 3188 corruptione
1472 3131 1700 3188 naturae,
1727 3125 1902 3193 quead
1924 3141 2046 3180 cor-

2147 520 2248 583 dit,
2275 518 2377 571 nisi
2409 518 2591 583 fallor,
2619 520 2770 589 clare
2798 519 3075 587 qumrendi
3104 534 3288 582 causa,
3312 521 3595 589 corruptio
3636 528 3735 575 sci-

2148 589 2275 643 licet
2314 598 2547 644 naturat.
2590 588 2887 655 Utramque
2930 590 3142 645 videtur
3185 588 3500 647 confudisse
3543 590 3734 646 Hiero-

2146 674 2362 730 nymus,
2410 668 2470 715 ut
2513 667 2569 714 et
2612 660 2841 715 Orosius
2894 660 3093 730 aliique
3148 661 3289 715 forte
3342 671 3590 727 veteres;
3641 663 3734 718 sed

2150 734 2375 784 alteram
2407 731 2475 783 ab
2500 730 2670 785 altera
2698 731 2973 785 subtiliter
3001 731 3333 800 Augustinus
3368 732 3653 797 discrevit,
3685 742 3734 789 et

2145 800 2215 872 de
2268 802 2379 854 sola
2432 800 2547 872 fere
2596 800 2693 856 Dei
2744 802 2913 870 gratia
2965 816 3064 870 per
3103 803 3375 872 Christum
3420 803 3734 872 disputavit.

2147 870 2309 933 Nam,
2341 870 2484 940 quod
2525 872 2737 926 monuit
2769 886 2875 927 non
2904 872 3084 943 semel
3134 871 3275 940 (Lib.
3308 875 3371 926 de
3398 870 3552 927 Pecs.
3584 874 3733 943 Orig.

2145 959 2194 995 ε.
2222 943 2338 1009 ἓὸ).
2372 943 2426 994 in
2454 957 2611 995 causa
2638 944 2859 997 duorum
2891 942 3177 1007 hominum,
3214 961 3427 1012 quorum
3454 962 3545 1009 per
3576 942 3737 999 unum

2144 1012 2419 1065 venundati
2438 1028 2617 1067 sumus
2646 1014 2742 1066 sub
2764 1026 2989 1083 peccato.
3017 1030 3106 1078 per
3125 1016 3344 1068 alterum
3374 1016 3677 1068 redimimur
3704 1034 3737 1071 a

2146 1084 2366 1156 peccatis
2381 1099 2409 1156 ;_
2440 1099 2535 1156 per
2562 1100 2715 1137 unum
2742 1085 3050 1156 prwcipitati
3077 1101 3252 1138 snmus
3278 1087 3331 1156 in
3359 1096 3597 1151 mortem,
3644 1104 3735 1156 per

2146 1102 2400 1149 peccatis;
2445 1102 2535 1149 per
2562 1102 2715 1137 unum
2719 1102 3048 1206 fractpttau
3077 1102 3252 1138 sumus
3278 1103 3331 1139 tn
3359 1102 3597 1151 mortem,
3644 1104 3735 1156 per

2145 1153 2364 1225 alterum
2389 1153 2663 1225 liberamur
2685 1171 2715 1206 a
2778 1157 2931 1207 vitam
2956 1170 3207 1223 :quornm
3231 1154 3319 1208 ille
3340 1172 3430 1210 nos
3454 1157 3506 1209 in
3533 1174 3590 1210 se
3616 1174 3735 1225 per-

2145 1223 2541 1297 diditfaciendo
2566 1224 2878 1277 voluntatem
2908 1241 3075 1288 suam,
3105 1243 3206 1297 non
3236 1227 3402 1297 rjusra
3429 1242 3528 1297 quo
3558 1223 3733 1296 {actus

2144 1302 2250 1359 est;
2274 1296 2367 1347 iste
2393 1310 2486 1347 nos
2512 1295 2565 1347 in
2585 1312 2638 1348 se
2664 1297 2830 1349 salvos
2858 1296 2997 1362 fecit,
3025 1313 3125 1349 non
3151 1296 3389 1364 faciendo
3416 1295 3732 1352 voluntatem

2143 1381 2309 1439 suam,
2340 1372 2428 1439 sed
2460 1367 2570 1436 ejus
2599 1383 2631 1418 a
2656 1383 2753 1429 quo
2784 1368 3101 1439 missus‘est;
3133 1368 3184 1419 in
3206 1368 3411 1439 Aliorum
3452 1385 3576 1439 ergo
3604 1370 3735 1423 dao-

2142 1451 2255 1507 rum
2277 1435 2538 1487 hominum
2559 1453 2714 1489 causa
2734 1438 2937 1507 proprie
2956 1436 3083 1504 ﬁdes
3106 1437 3380 1490 christiana
3404 1435 3656 1492 consistit.

2213 1504 2320 1558 Cur
2349 1516 2528 1578 autem
2555 1507 2712 1561 aliter
2742 1504 3101 1578 Hieronymus
3132 1508 3330 1575 egerit,
3359 1509 3514 1563 aliter
3542 1512 3731 1578 Augu-

2142 1576 2341 1648 stinus,
2369 1577 2423 1629 in
2458 1585 2708 1645 promptu
2740 1576 2957 1631 videtur
2980 1591 3100 1630 esse
3141 1592 3323 1631 causa.
3364 1576 3730 1648 Hieronymus

2142 1646 2505 1716 quaeatimtem
2535 1650 2783 1701 tractavit
2805 1648 2950 1702 velut
2968 1658 3082 1702 orta
3106 1656 3188 1702 est
3213 1664 3280 1702 ex
3298 1646 3603 1707 assertione
3630 1655 3731 1705 im-

2145 1716 2477 1791 peccantiaz;
2504 1719 2838 1791 Augustinus
2854 1718 3273 1791 velutfactaex
3321 1719 3437 1775 loco
3477 1721 3730 1791 Apostoli

2144 1803 2305 1855 quem
2345 1787 2604 1841 diximus.
2646 1790 2805 1856 Atqui
2853 1788 3137 1855 Pelagiana
3187 1787 3561 1857 impeccantia',
3615 1796 3730 1849 suis

2146 1858 2389 1932 superba
2417 1858 2644 1932 viribus,
2688 1860 2968 1932 quodlibet
3014 1859 3105 1913 Dei
3134 1860 3458 1928 adiutorium
3502 1878 3732 1932 sperne-

2148 1929 2235 1983 bat
2257 1945 2271 1993 ;
2297 1929 2390 1984 sed
2421 1929 2570 1983 locus
2601 1930 2841 1997 Apostoli
2871 1930 3138 1984 Adamum
3169 1946 3362 1985 novum
3390 1947 3513 1987 cum
3539 1929 3729 1990 vetere

2147 2001 2218 2075 ita
2248 1998 2579 2075 eottferebat,
2628 2010 2687 2054 ut
2727 2000 2851 2055 novi
2879 2002 3105 2070 gratiam
3134 2002 3330 2059 veteris
3365 2014 3593 2073 peccato
3622 2021 3723 2075 po-

2147 2071 2339 2125 tiorem
2365 2070 2695 2125 ostenderet.

2219 2143 2394 2215 Atque
2444 2141 2568 2195 inde
2597 2140 2827 2211 quisque
2874 2149 3050 2215 potest
3101 2142 3256 2198 facile
3296 2144 3624 2215 intelligere,
3673 2156 3729 2202 et

2148 2226 2306 2278 quam
2334 2210 2404 2264 ob
2432 2227 2546 2264 rem
2575 2210 2900 2283 scriptornttt
2928 2213 3018 2266 alii
3058 2215 3179 2267 aliis
3208 2210 3540 2283 argutneniis
3572 2210 3727 2270 uian-

2149 2291 2235 2335 tttr
2264 2283 2524 2357 adversus
2555 2282 2890 2350 Pelagianos,
2920 2284 3127 2357 diversa
3160 2282 3304 2339 enim
3352 2286 3551 2341 diversi
3596 2289 3727 2357 dog-

2148 2362 2288 2426 mata
2337 2353 2774 2426 itnpugnat_t~t;et
2821 2370 2941 2421 qua,
2971 2353 3181 2426 ratione
3225 2358 3560 2426 Augustinus
3610 2353 3727 2426 ipse

2146 2423 2307 2478 aliter
2337 2423 2389 2479 in
2424 2424 2560 2476 libro
2586 2423 2653 2478 de
2677 2424 2874 2478 Natura
2905 2435 2959 2478 et
2987 2425 3194 2489 Gratia,
3224 2423 3382 2481 alitEr
3407 2428 3459 2482 in
3489 2423 3728 2485 libro—de

2147 2494 2328 2567 Gratia
2359 2493 2561 2567 Cltl'lsli
2585 2494 2957 2567 dispulaverit.
2992 2494 3105 2549 Illic
3132 2499 3275 2551 enim
3304 2508 3490 2551 contra
3516 2498 3727 2567 impec-

2146 2566 2403 2689 le)atlttiam,
2435 2565 2522 2619 hic
2561 2581 2659 2635 pro
2690 2565 2954 2622 beneﬁcio
2999 2567 3198 2623 Christi
3230 2568 3514 2623 salvatoris
3542 2565 3727 2625 certa-

2183 2650 2212 2688 a
2244 2674 2257 2689 .

2183 2643 2257 2689 at.

2219 2705 2329 2779 Sed
2364 2705 2558 2762 iterum
2592 2708 2647 2760 in
2678 2707 2845 2775 gratia
2874 2708 2965 2761 Dei
2997 2724 3094 2777 per
3121 2707 3395 2763 Christum
3427 2710 3528 2765 tria
3575 2727 3728 2779 qua:-

2146 2776 2267 2830 dam
2299 2777 2532 2832 discerni
2565 2778 2785 2843 debent,
2819 2776 3013 2847 nempe
3039 2781 3181 2846 quod
3216 2796 3308 2847 per
3331 2776 3607 2835 Christum
3634 2783 3729 2847 sit,

2147 2847 2286 2918 quod
2314 2850 2757 2918 supernatnralis,
2791 2863 2841 2904 et
2872 2849 3012 2918 quod
3042 2856 3274 2917 gratuita
3306 2870 3316 2903 :
3350 2868 3471 2906 naut
3513 2865 3565 2907 et
3596 2868 3728 2906 cono

2148 2916 2315 2972 fertur
2338 2916 2557 2988 propter
2581 2916 2930 2974 mediatorem
2959 2916 3059 2974 Dei
3079 2932 3134 2975 et
3162 2926 3464 2988 honnnutn,
3492 2936 3545 2977 et
3571 2934 3731 2977 natu.

2147 3002 2221 3041 rae
2249 2989 2390 3062 vires
2419 3004 2647 3043 amissas
2675 2992 2926 3062 restituit.
2946 3000 3001 3044 et
3021 2992 3250 3046 liberum
3276 2994 3562 3047 arbitrium
3593 3009 3731 3062 pra-

2148 3060 2319 3132 vcnit,
2355 3059 2455 3113 hoc
2501 3070 2604 3127 est,
2641 3060 2800 3132 nullis
2844 3060 3004 3114 datur
3031 3078 3095 3116 ex
3140 3062 3368 3116 meritis.
3417 3067 3533 3131 Qua
3577 3059 3731 3132 parte

2147 3131 2425 3202 Confertttr
2466 3140 2688 3201 propter
2724 3129 3023 3194 Christum,
3060 3132 3230 3202 gratia
3265 3129 3459 3187 sanans
3494 3129 3729 3201 dicitur;

467 3213 565 3263 ptis
591 3197 931 3274 et_animam,
964 3211 1170 3274 canone
1195 3196 1413 3274 primo;
1441 3197 1509 3249 de
1543 3195 1762 3274 traduce
1797 3199 2037 3274 peccati,
2069 3209 2114 3270 ρ
2144 3201 2418 3274 quavires
2449 3195 2687 3274 praestat,
2717 3195 3172 3274 supernatnra'lis;
3206 3221 3309 3271 qua
3344 3206 3537 3260 merita
3584 3195 3729 3274 pne;

465 3268 735 3334 secundo;
766 3270 834 3323 de
855 3269 1051 3335 gratia,
1084 3267 1248 3320 tertio
1269 3274 1323 3320 et
1347 3267 1803 3337 consequentibus
1821 3270 2042 3337 reliquis

465 3341 765 3394 doctrinam
795 3338 1054 3393 Ecclesia:
1081 3337 1271 3391 ordine
1300 3336 1542 3390 tradidit.

536 3411 863 3478 Augustinus
901 3408 1068 3478 probe
1118 3407 1422 3475 intelligens
1469 3422 1685 3461 causam
1733 3407 2042 3475 disputandi

465 3481 534 3535 de
562 3481 734 3550 gratia
776 3480 870 3534 Dei
908 3494 1029 3550 cum
1077 3478 1378 3550 Pelagianis
1424 3478 1700 3550 exstitisse
1731 3480 1923 3546 partim
1973 3495 2040 3534 ex

467 3548 710 3619 Apostoli
731 3551 851 3605 loco
877 3549 1052 3620 (Rom.
1080 3549 1136 3620 v)
1167 3550 1253 3602 ubi
1284 3548 1419 3602 duos
1452 3549 1590 3602 inter
1619 3559 1823 3602 naturae
1854 3549 2043 3602 huma-

469 3638 552 3676 na:
601 3622 887 3689 principes,
937 3620 1200 3674 Adamum
1249 3630 1617 3687 corruptorem
1669 3630 1723 3673 et
1764 3620 2040 3675 Christum

470 3694 907 3754 instauratorem,
937 3692 1273 3759 comparatio
1305 3690 1620 3755 instituitur,
1654 3698 1708 3744 et
1738 3691 1879 3744 unde
1918 3707 2039 3761 pee-

469 3774 646 3816 t-atum
694 3762 954 3832 originale
999 3760 1350 3815 invictissime
1399 3762 1688 3832 probatur;
1734 3760 1929 3830 partim
1972 3778 2037 3816 ex

468 3835 818 3903 impeccantia
859 3850 890 3888 a
924 3832 1222 3901 Pelagianis
1248 3831 1610 3903 deprzedieata
1638 3848 1653 3885 :
1685 3834 1783 3887 hac
1814 3843 2042 3903 utraque

467 3904 751 3975 occasione
777 3905 845 3959 de
874 3906 1047 3975 gratia
1078 3904 1315 3975 scribere
1357 3902 1596 3975 inemptt,
1647 3912 1758 3956 tum
1792 3904 1843 3956 in
1890 3902 2041 3975 libris

467 3977 534 4028 de
561 3973 905 4032 Peccotorum
934 3974 1157 4038 Meritis,
1198 3982 1252 4027 et
1282 3974 1331 4025 itt
1364 3973 1540 4036 Opere
1580 3984 1945 4039 consequente
1972 3974 2041 4029 de

463 4046 666 4114 Spiritu
698 4057 752 4100 et
780 4047 1007 4105 Littera,
1040 4045 1280 4111 libroque
1305 4044 1371 4096 de
1396 4043 1594 4098 Natura
1620 4052 1677 4099 et
1696 4042 1904 4112 Gratia,
1929 4053 2040 4099 tum

467 4117 519 4170 itt
546 4116 684 4172 libro
709 4118 775 4173 de
798 4118 978 4172 Gratia
1008 4116 1230 4179 Christi,
1255 4123 1363 4168 etc.

538 4187 770 4256 ldtpsunt
800 4188 1047 4257 Palagius
1071 4185 1127 4239 itt
1150 4186 1290 4239 libro
1313 4184 1381 4238 de
1401 4182 1597 4257 Natura
1621 4183 1895 4257 indicavit,
1916 4199 2038 4240 cum

465 4258 745 4322 scriberet,
770 4256 947 4327 primo
970 4258 1030 4312 de
1061 4274 1119 4311 eo
1162 4256 1529 4325 disputandum
1554 4256 1689 4323 quod
1724 4272 1816 4327 per
1860 4272 2042 4327 pecca-

468 4340 575 4380 tum
602 4326 861 4383 debilitata
891 4331 1081 4383 dicitur
1110 4336 1155 4381 et
1184 4329 1455 4397 immutata
1483 4337 1686 4397 natura.
1720 4326 1925 4397 Ptimo,
1955 4326 2038 4381 itt-

466 4399 603 4463 quit.
634 4399 684 4453 id
709 4410 792 4454 est
817 4412 1102 4467 antequam
1131 4399 1199 4453 de
1224 4396 1489 4467 adjutorio
1516 4396 1703 4466 gratia:
1737 4395 1805 4450 ad
1843 4410 2041 4450 sanau-

467 4468 589 4519 dam
632 4477 874 4523 naturam
924 4468 1292 4524 controversia
1342 4478 1637 4523 moveatur.
1671 4467 1789 4535 Quo
1834 4468 1883 4521 in
1922 4468 2040 4524 loco

470 4537 690 4610 legenda
725 4540 1007 4608 Augustini
1047 4541 1442 4607 argumentatio
1482 4538 1620 4610 (Lib.
1663 4540 1726 4591 de
1764 4537 1967 4593 Natura
1996 4547 2041 4592 et

464 4606 614 4663 Crat.
647 4625 693 4663 c.
721 4606 835 4679 l9),
867 4606 1270 4675 corruptionem
1311 4618 1367 4663 et
1396 4606 1642 4663 morbum
1668 4625 1753 4663 ex
1776 4678 1779 4679 ν
1802 4610 2040 4664 remedio

465 4678 854 4735 concludetttis.
906 4680 1046 4748 Quid
1075 4689 1306 4743 sanatur,
1347 4680 1391 4732 si
1419 4680 1548 4733 nihil
1587 4688 1659 4735 est
1696 4678 2040 4744 vulneratam,

465 4750 596 4804 nihil
611 4754 919 4821 sauciatam,
933 4751 1063 4805 nihil
1084 4750 1404 4803 debilitatum
1423 4760 1571 4820 atque
1586 4750 1855 4803 vitiatum?
1875 4749 2041 4804 Porro

463 4822 509 4874 si
536 4834 607 4875 est
635 4825 774 4895 quod
803 4830 1138 4895 sanetur,est
1166 4822 1305 4895 unde
1336 4821 1684 4895 vitiatamsit.
1722 4821 1882 4895 Audis
1922 4837 2045 4895 con-

464 4891 710 4959 ﬁtentem,
747 4895 871 4964 quid
912 4894 1172 4947 desideras
1207 4892 1598 4964 disputantem?
1637 4891 1803 4952 Sana,
1833 4893 2039 4964 (inquit,

464 4964 687 5018 animum
714 4960 873 5019 meam
900 4964 1073 5036 (Psal.
1099 4980 1191 5026 XL,
1211 4960 1289 5032 5).
1321 4962 1515 5036 Abillo
1542 4978 1711 5036 qurere
1736 4963 1872 5036 unde
1890 4964 2043 5036 vitia-

461 5044 565 5085 tum
592 5039 657 5089 sit
684 5037 820 5105 quod
849 5033 1024 5090 sanari
1039 5045 1207 5105 rogat,
1228 5044 1275 5088 et
1305 5033 1431 5087 audi
1456 5034 1594 5103 quod
1613 5034 1841 5101 sequitur
1862 5050 1882 5086 :
1908 5034 2045 5099 Quo-

463 5105 597 5156 niatn
625 5109 825 5172 peccavi
857 5107 963 5160 tibi.

539 5175 832 5229 Videndum
865 5184 1009 5230 esset
1038 5175 1296 5240 deinceps
1317 5174 1514 5243 quibus
1531 5175 1863 5243 argumentis
1883 5176 2041 5241 ﬁdes,

462 5243 577 5298 sive
605 5261 634 5298 a
677 5246 959 5300 catholicis
1008 5257 1338 5316 propugnata
1385 5247 1476 5311 sit,
1505 5246 1620 5301 sive
1652 5247 1728 5299 ab
1772 5246 2045 5302 haerettris

464 5316 775 5386 impugnata
805 5334 819 5371 :
854 5333 1039 5371 verum
1069 5319 1121 5372 id
1164 5326 1334 5371 totum
1358 5327 1412 5371 et
1439 5334 1468 5369 a
1496 5317 1654 5371 nobis
1691 5316 1757 5371 ad
1801 5319 2046 5387 proposi-

462 5396 572 5439 ttttn
618 5388 953 5443 sulliciettter
983 5387 1137 5459 (Cap.
1167 5388 1204 5441 2
1233 5387 1391 5458 hujus
1419 5389 1676 5457 dissert.),
1716 5396 1774 5442 et
1810 5389 1879 5443 ab
1922 5390 2042 5443 aliis

459 5460 799 5513 abundanter
851 5462 914 5512 ad
958 5459 1321 5513 eruditionem
1368 5467 1651 5514 tractatum
1703 5470 1808 5516 est.
1865 5461 2044 5526 Quare

460 5530 714 5584 nonnutla
746 5541 952 5585 tantum
980 5529 1313 5585 observanda
1346 5544 1489 5596 reor,
1526 5530 1835 5599 priusquam
1867 5529 1935 5584 ad
1956 5544 2042 5586 se-

458 5602 686 5670 cundam
723 5613 929 5669 partem
961 5599 1366 5656 dissertationis
1388 5601 1587 5670 gradus
1621 5601 1733 5655 fiat.

531 5668 636 5725 Sed
662 5668 802 5727 inter
831 5673 1056 5743 gratiam
1083 5673 1198 5737 Dei,
1222 5687 1340 5741 quae
1356 5668 1677 5739 simpliciter
1694 5670 1798 5743 (Dei
1820 5671 2040 5738 dicitur,

460 5751 514 5794 et
540 5757 660 5812 qua:
683 5759 776 5812 per
808 5746 1104 5809 Christum,
1138 5745 1263 5812 poni
1294 5743 1459 5798 debet
1502 5742 1821 5796 nonnullum
1852 5743 2045 5797 discri-

462 5828 610 5864 ευριπ.
640 5812 820 5884 quoad
851 5814 1165 5872 historicum
1191 5815 1332 5871 hunc
1362 5815 1541 5871 locum
1567 5828 1581 5867 :
1605 5812 1674 5870 de
1702 5812 1880 5882 priore
1897 5814 2039 5870 enim

2144 3272 2309 3343 cidit,
2332 3273 2559 3343 gratuita
2585 3282 2641 3326 et
2673 3275 3027 3341 praeveniens.
3061 3273 3134 3328 De
3155 3278 3325 3343 gratia
3349 3272 3733 3332 sanante'sunt

2145 3340 2259 3397 fere
2286 3358 2475 3397 omnes
2504 3340 2787 3411 Augustini
2817 3344 2936 3413 libri
2969 3340 3233 3398 adversus
3264 3346 3605 3413 Pelagianos,
3629 3349 3727 3401 sed

2145 3413 2237 3467 ille
2279 3414 2531 3476 maxime,
2571 3413 2664 3481 qui
2703 3413 2772 3467 de
2809 3412 2993 3468 Gratia
3036 3413 3238 3469 Christi
3277 3412 3631 3483 inscribitur;
3664 3418 3734 3473 de

2144 3483 2452 3555 adiuvante,
2481 3494 2619 3555 sunt
2640 3483 2865 3551 priores,
2897 3485 2942 3537 si
2988 3486 3150 3540 tnodo
3184 3486 3433 3554 epistola
3476 3487 3731 3555 quaedam

2142 3553 2511 3630 excipiantur;
2558 3554 2625 3630 ad
2671 3555 2997 3630 oscitantem
3045 3553 3383 3630 posteriores
3425 3553 3725 3630 pertinent.

2145 3624 2504 3693 Hieronymus
2540 3624 2607 3679 de
2633 3625 2921 3693 adjuvante
2948 3632 3167 3691 copiose
3196 3624 3443 3695 scripsiti
3474 3627 3545 3683 de
3578 3630 3731 3684 exci-

2145 3704 2289 3771 tante
2328 3697 2412 3749 vix
2455 3696 2757 3771 quidquam
2780 3695 2942 3771 «(fatu
2973 3696 3231 3763 dignum;
3273 3699 3438 3753 immo
3464 3712 3597 3756 sunt
3639 3700 3731 3771 qui

2143 3764 2243 3818 hac
2267 3769 2317 3819 itt
2350 3764 2501 3836 parte
2524 3775 2721 3836 negent
2745 3767 3018 3835 inculpate
3042 3780 3334 3823 versatum.

2140 3880 2166 3945 ς
2192 3880 2225 3928 Ι.
2264 3879 2380 3938 Quae
2406 3886 2459 3929 et
2480 3879 2721 3946 quomodo
2738 3882 3036 3941 quaestiones
3060 3889 3184 3946 naue
3207 3883 3305 3931 sint
3323 3881 3387 3930 de
3429 3884 3589 3943 gratia
3609 3884 3726 3946 Dei,

2203 3953 2448 4004 quatenus
2466 3941 2543 3993 est
2561 3956 2649 4005 per
2669 3941 2931 4001 Christum,
2953 3950 3004 3992 et
3028 3944 3239 3992 vitiatam
3263 3941 3483 3993 naturain
3508 3955 3671 3997 sanat.

2211 4049 2621 4105 Observandum
2648 4048 2820 4118 primo
2845 4047 3169 4116 Ecclesiam,
3196 4058 3321 4104 tunc
3340 4064 3462 4105 cum
3488 4064 3731 4107 canones

2140 4119 2382 4175 Africani
2427 4120 2815 4187 conderentur,
2868 4118 3157 4190 degratia
3208 4120 3301 4174 Dei
3334 4136 3430 4190 per
3454 4122 3731 4179 Christum

2140 4202 2329 4246 contra
2356 4190 2674 4260 Pelagianos
2719 4190 2823 4244 tria
2856 4189 3193 4258 potissimum
3240 4189 3572 4247 defendisse.
3618 4193 3733 4247 Pri-

2140 4276 2311 4331 mum,
2357 4263 2577 4331 gratiam
2626 4260 2744 4325 Dei,
2784 4261 2838 4313 in
2883 4276 2988 4329 qua
3023 4260 3375 4331 justiﬁcamnr
3422 4279 3512 4331 per
3547 4262 3733 4315 Iesum

2141 4330 2394 4385 Christum
2423 4330 2695 4385 Dominum
2734 4340 2986 4395 nostrum,
3026 4330 3127 4385 non
3162 4333 3229 4383 ad
3272 4330 3434 4385 solam
3464 4334 3731 4385 remissio-

2141 4418 2256 4456 nem
2300 4413 2619 4472 peccatoram
2644 4402 2827 4473 (valere
2867 4416 2980 4468 qtae
3016 4405 3134 4473 jam
3171 4403 3441 4456 commissa
3466 4414 3613 4467 sunt,
3644 4402 3732 4456 sed

2142 4474 2295 4525 etiam
2331 4476 2399 4526 ad
2426 4472 2739 4541 adjutorium
2779 4482 2833 4525 ut
2870 4486 2971 4541 non
2997 4472 3401 4526 committantur.
3450 4473 3729 4539 Alterum,

2143 4545 2369 4597 eamdem
2412 4538 2507 4598 Dei
2545 4543 2763 4611 gratiam
2794 4557 2885 4612 per
2920 4538 3099 4595 Iesum
3139 4542 3397 4596 Christum
3444 4541 3732 4596 Dominum

2145 4626 2395 4677 nostrum,
2428 4629 2527 4666 non
2556 4621 2763 4682 propter
2789 4620 2883 4685 hoc
2905 4622 3099 4685 tantum
3134 4629 3226 4666 nos
3262 4614 3510 4685 adjuvare
3532 4613 3603 4665 ad
3632 4631 3736 4667 non

2145 4687 2481 4751 peccandum,
2510 4685 2630 4752 quia
2662 4699 2752 4748 per
2782 4683 2946 4752 ipsam
2972 4683 3113 4735 nobis
3145 4683 3396 4737 reveletur
3416 4694 3463 4737 et
3493 4686 3730 4753 aperitur

2143 4754 2483 4824 intelligentia
2522 4754 2905 4818 mandatorum,
2945 4763 3000 4805 ut
3041 4754 3263 4807 sciamus
3301 4755 3423 4821 quid
3462 4763 3732 4822 appetere,

2144 4827 2265 4893 quid
2286 4827 2445 4880 vitare
2473 4824 2766 4888 debeamus,
2797 4824 2885 4877 sed
2913 4824 3064 4877 etiam
3096 4840 3186 4893 per
3229 4825 3371 4878 illam
3412 4824 3557 4877 nobis
3599 4840 3736 4891 prte-

2142 4898 2268 4949 slari
2312 4905 2364 4949 ut
2410 4896 2545 4965 quod
2589 4894 2879 4962 iaciendum
2922 4896 3328 4965 cognoverimus,
3361 4900 3514 4949 etiam
3560 4896 3734 4963 facere

2145 4964 2430 5039 diligamus
2448 4965 2908 5039 atquepalearnus.
2934 4964 3293 5039 Postremum,
3322 4967 3545 5035 gratiam
3566 4968 3737 5039 justi-

2146 5035 2403 5105 ﬁeaiionis
2434 5053 2537 5089 non
2559 5037 2671 5088 ideo
2703 5035 2845 5088 nobis
2875 5035 3009 5099 dari,
3041 5046 3094 5087 ut
3122 5037 3258 5097 quod
3298 5039 3463 5103 facere
3486 5035 3579 5104 per
3608 5035 3735 5088 Iibe-

2147 5125 2259 5161 rutn
2280 5108 2524 5178 jubemur
2558 5105 3057 5178 arbitriumgfacilius
3093 5107 3343 5178 possimus
3386 5105 3602 5176 implere
3643 5122 3733 5173 per

2145 5176 2691 5248 gratiam;rtamgaam
2720 5186 2768 5228 et
2795 5176 2841 5230 si
2880 5177 3049 5247 gratia
3079 5194 3178 5229 non
3208 5177 3437 5241 daretur,
3478 5193 3584 5229 non
3613 5178 3730 5244 qui-

2146 5254 2261 5302 dem
2290 5247 2463 5319 facile.
2496 5248 2586 5301 sed
2614 5254 2783 5299 tamen
2812 5249 3091 5319 possimus,
3135 5248 3293 5300 etiam
3323 5249 3433 5299 sine
3471 5248 3587 5311 illa,
3632 5249 3733 5299 im-

2147 5316 2299 5388 plere
2315 5320 2489 5373 divina
2525 5326 2799 5388 praecepta.
2848 5316 3000 5372 Unde
3030 5331 3360 5388 cognOSc-ere
3387 5327 3469 5370 est
3495 5333 3556 5371 ea
3593 5326 3732 5370 tem-

2147 5387 2356 5458 pestate
2377 5387 2708 5457 disputatum
2730 5402 2836 5441 nou
2859 5402 2979 5458 esse
3000 5389 3069 5442 de
3099 5387 3369 5457 adiutorio
3398 5387 3517 5453 Dei,
3536 5388 3729 5442 saltem

2146 5456 2353 5533 impch,
2387 5456 2493 5527 qua
2544 5468 2695 5533 parte
2730 5456 3022 5533 gratuitum
3067 5470 3170 5533 est,
3204 5459 3299 5513 sed
3329 5472 3435 5527 qua
3462 5473 3731 5533 superna-

2145 5526 2324 5585 tttrale
2347 5526 2574 5593 mittam,
2596 5526 3220 5599 hocest,iimpotentiatn
3246 5526 3452 5583 natura:
3468 5529 3535 5582 ad
3562 5543 3728 5597 Opes:

2146 5601 2363 5669 pietatis
2385 5599 2574 5669 juvat:
2607 5598 2747 5653 unde
2771 5598 2932 5653 etiam
2955 5599 3465 5668 constatepistolam
3494 5600 3591 5653 1οἹ
3620 5615 3730 5652 non

2144 5672 2311 5728 fuisse
2336 5671 2590 5740 scriptam
2623 5670 2724 5724 nisi
2766 5678 2887 5739 post
2915 5681 3161 5741 tempora
3200 5670 3395 5741 synodi
3434 5670 3728 5736 Africanas,

2144 5742 2298 5811 cujus
2322 5757 2559 5798 canones
2582 5742 2883 5797 attulitttus.

2216 5808 2625 5871 Observandum
2653 5812 2913 5881 secundo,
2950 5812 3243 5870 occasione
3287 5809 3393 5869 laci
3422 5808 3727 5881 apostolici,
