3980 6182
334 345 438 403 ιλ89

865 345 1178 403 DlSSERT.
1213 343 1323 400 νιι.
1359 342 1445 398 DE
1474 341 1659 402 ORTU
1694 342 1778 400 ET
1809 339 2268 398 INCREMENTIS
2299 338 2609 396 HIERESIS
2640 337 3076 398 PELAGIANE.

3494 341 3596 402 690

403 460 517 516 Sub
561 461 721 516 linem
757 473 920 529 porro
960 459 1252 531 observare
1276 456 1711 531 juvatOrosium
1746 455 1907 531 (Apo-
1936 456 1985 516 Α
2014 453 2150 520 Quid
2180 462 2358 531 autem
2387 455 2782 526 contempsisse
2808 467 2890 512 est
2912 499 2925 522 ,
2955 459 3059 512 nisi
3094 459 3193 513 hoc
3225 468 3308 514 est
3337 462 3479 531 quod
3517 463 3595 518 illi

335 534 438 600 log.
467 548 583 603 cap.
616 531 690 599 1),
722 527 962 603 magistri
1007 529 1090 603 sui
1133 529 1443 603 Hieronymi
1485 528 1764 603 exemplo,
1804 527 1910 580 cri-

334 598 466 655 mini
500 598 729 655 vertisse
748 600 1049 668 Pelagianis
1070 600 1483 654 consensionem
1509 613 1631 652 cum
1653 598 1906 665 Origene,

334 669 680 726 Priscilliano
706 683 758 726 et
783 670 1090 735 Joviniano,
1121 686 1347 738 eamque
1381 677 1614 733 tantam,
1641 680 1696 722 ut
1737 668 1789 722 in
1829 668 1912 721 his

337 744 469 811 ipsis
496 743 735 797 defuncti
760 743 887 796 olim
913 741 1151 796 haeretici
1179 741 1353 811 adhuc
1384 742 1648 800 viverent,
1674 741 1836 811 immo
1859 747 1914 792 et

337 810 839 884 lnquerenturaSic
876 813 1134 884 enimiait
1178 827 1190 864 :
1243 810 1372 884 ῌανσ
1412 810 1913 884 venenatissimorum

337 880 634 954 dogmatum
677 883 985 936 abominatio
1020 882 1351 954 habetietiam
1375 897 1508 954 nunc
1535 880 1748 954 viventes
1777 896 1914 954 mor-

338 948 454 1010 tuos
476 995 492 1018 ,
522 965 844 1018 mortuosque
869 955 1104 1006 viventes.
1142 953 1278 1004 Nam
1313 952 1558 1022 Origenes
1576 994 1589 1016 ,
1617 958 1666 1002 et
1699 948 1910 1022 Priscil-

340 1027 540 1088 lianus,
574 1036 619 1078 et
646 1023 952 1078 Iovinianus
981 1024 1107 1076 olim
1139 1023 1278 1094 apud
1309 1038 1361 1076 se
1399 1019 1585 1094 mortui
1607 1065 1621 1094 ,
1647 1021 1700 1073 in
1729 1019 1810 1073 Itis
1837 1021 1910 1073 vi-

340 1105 501 1159 vunt;
534 1106 582 1148 et
617 1112 717 1149 non
753 1104 949 1148 tantum
985 1091 1192 1154 vivunt,
1219 1108 1392 1147 verum
1417 1093 1568 1146 etiam
1598 1091 1874 1160 loquuntur
1895 1105 1914 1144 :

339 1183 478 1219 nunc
505 1183 618 1219 vero
652 1165 895 1236 Pelagius
923 1173 972 1218 et
998 1163 1288 1226 Caelestius,
1311 1164 1356 1215 si
1355 1164 1430 1236 _in
1460 1161 1542 1236 his
1572 1177 1916 1236 perseverave-

338 1237 466 1302 rint,
491 1238 708 1290 viventes
735 1232 924 1289 mcrtui
947 1251 1058 1289 ecce
1080 1236 1321 1286 adversus
1347 1232 1645 1293 Ecclesium,
1669 1232 1809 1301 quod
1829 1232 1919 1284 mi-

336 1325 512 1360 serum
539 1316 630 1370 est,
661 1319 728 1373 et,
759 1307 892 1374 quod
920 1306 1080 1360 multo
1103 1305 1332 1357 miserius
1358 1312 1454 1370 est,
1485 1304 1536 1357 in
1563 1302 1794 1356 Ecclesia
1823 1320 1918 1372 pa-

339 1378 444 1432 lam
470 1378 675 1431 sibilant
693 1419 706 1438 ,
730 1386 834 1432 etc.

411 1447 708 1503 Occasione
738 1448 1024 1501 verborum
1053 1445 1230 1500 Orosii
1258 1459 1377 1514 quae
1411 1444 1592 1510 attuli,
1626 1442 1804 1498 dicam
1834 1443 1918 1497 in-

341 1534 552 1584 genue,
581 1518 721 1588 quod
746 1518 910 1572 semel
945 1531 1166 1588 monere
1195 1531 1281 1570 me
1314 1516 1566 1588 memini,
1613 1516 1772 1588 unde,
1793 1525 1917 1569 nata

345 1592 415 1642 sit
450 1586 725 1658 popularis
754 1589 937 1658 opinio
964 1590 1030 1642 de
1062 1586 1253 1658 Aurelii
1280 1586 1612 1658 prmnomine
1636 1586 1774 1656 quod
1808 1589 1919 1640 Au-

340 1657 560 1727 gustino
589 1660 861 1714 tribuitur.
896 1657 1030 1712 Nata
1059 1657 1324 1726 siquidem
1355 1657 1566 1711 videtur
1602 1673 1667 1712 ex
1702 1667 1918 1711 antece-

342 1730 596 1784 dentibus
617 1730 794 1784 Orosii
816 1729 1014 1789 verbis,
1032 1743 1130 1782 nec
1156 1736 1358 1782 attente
1382 1729 1662 1796 perpensis
1684 1743 1709 1778 a
1737 1727 1914 1796 legen-

343 1802 511 1866 tibus,
542 1818 638 1856 uec
665 1811 719 1854 ut
750 1808 982 1867 oportet,
1015 1799 1365 1863 interpunctis
1393 1815 1420 1851 a
1448 1799 1912 1857 describentibus;

341 1873 423 1925 sic
449 1883 628 1926 autem
658 1887 716 1925 se
748 1871 945 1925 habent
974 1887 988 1922 :
1024 1869 1112 1920 Del
1139 1868 1371 1922 voluntas
1406 1877 1450 1922 et
1481 1869 1738 1922 ordinatio
1765 1878 1834 1922 est
1860 1878 1914 1920 ut

343 1944 537 1995 malum
564 1943 698 2012 quod
720 1958 808 2011 per
834 1942 1132 2012 patientiam
1154 1940 1469 2012 tolerabatur
1489 1939 1768 2012 necessario
1797 1955 1916 2012 pro-

343 2010 583 2071 deretur,
599 2024 666 2078 et,
697 2010 785 2083 per
814 2011 1185 2065 contentionem
1216 2011 1426 2080 furoris,
1453 2026 1655 2083 eorum,
1679 2010 1804 2083 ipsis
1835 2010 1918 2062 di-

342 2100 501 2152 gnam
529 2081 806 2136 mercedem
843 2099 997 2152 quam
1033 2084 1255 2152 oportuit
1295 2081 1488 2135 erroris
1524 2082 1604 2152 sui
1633 2081 1916 2151 recipienti-

345 2151 458 2214 bus,
483 2170 581 2206 non
605 2153 771 2207 solum
794 2151 1126 2221 pessimorum
1156 2151 1297 2219 ﬁeret
1321 2151 1578 2205 denotatio
1600 2151 1912 2220 dogmatum,

345 2224 435 2277 sed
471 2223 912 2294 corripiendarum
951 2224 1300 2294 nianifestatio
1336 2238 1703 2294 personarunn
1737 2221 1916 2276 Patres

344 2295 512 2364 enim,
545 2291 712 2364 et'qui
741 2297 854 2364 jam
890 2291 1187 2364 quieverunt
1211 2302 1474 2364 martyres
1505 2302 1551 2345 et
1580 2291 1912 2364 confessores,

346 2314 512 2354 etum,
545 2314 590 2346 ει
624 2314 711 2364 qm
771 2314 854 2347 am
890 2314 1186 2364 quwverunt
1225 2314 1474 2362 martyres
1505 2314 1549 2345 ει
1580 2314 1912 2360 εοηιεδδονεσ,

346 2363 671 2435 Cyprianus,
715 2314 985 2431 llilarius,
1025 2372 1070 2416 et
1102 2362 1430 2427 Ambrosius,
1467 2372 1511 2414 et
1546 2363 1729 2432 quibus
1768 2363 1916 2435 etiam

346 2434 484 2488 nunc
528 2452 823 2499 permanere
859 2434 1029 2488 adhuc
1069 2435 1120 2484 in
1152 2450 1302 2486 carne
1331 2435 1670 2486 necessarium
1698 2441 1803 2491 est,
1833 2434 1917 2499 qui

343 2515 464 2558 sunt
492 2508 741 2560 columna:
767 2514 813 2559 et
835 2506 1168 2572 fundamenta
1196 2503 1433 2558 Ecclesia:
1453 2504 1732 2567 catholicae,
1759 2502 1920 2556 Aure-

346 2576 470 2640 lius,
504 2578 842 2646 Augustinus,
871 2586 921 2629 et
956 2576 1308 2646 Hieronymus
1335 2577 1496 2628 multa
1528 2577 1641 2638 jam
1679 2575 1918 2646 adversus

347 2648 479 2716 hanc
509 2644 759 2715 nefariam
786 2646 1040 2710 hwresim,
1064 2646 1253 2715 absque
1277 2645 1627 2716 designatione
1657 2644 1918 2716 nominum

344 2715 731 2788 hwreticorum,
759 2719 962 2788 scriptis
1000 2716 1365 2788 probatissimi}
1394 2715 1919 2788 edideruntLQuant-

345 2803 502 2856 quam
524 2785 631 2840 haec
654 2783 1175 2849 venenat'issiniorum,
1193 2796 1298 2839 etc.
1314 2785 1446 2840 Cum
1469 2787 1612 2842 enim
1634 2785 1800 2856 tribus
1820 2783 1916 2856 Ec-

346 2854 526 2910 clesia:
569 2859 837 2912 columnis
885 2859 993 2911 fato
1037 2857 1231 2910 functis
1271 2866 1378 2910 tres
1417 2859 1658 2910 viventes
1695 2854 1918 2910 Orosius

347 2939 668 2992 conmoaat,
721 2927 1068 2983 crediderttnt
1110 2927 1312 2980 librarii
1354 2943 1448 2993 per
1484 2926 1915 2991 incogitantiam,

349 3000 599 3069 componi
641 2999 787 3052 solos
820 2999 1171 3068 Augustinum
1211 3007 1265 3051 et
1297 2997 1718 3069 Hieroaymuin.
1755 3007 1918 3063 atque

351 3067 420 3120 ita
458 3071 728 3122 Aurelium
769 3066 1237 3139 Augustinumque
1276 3069 1327 3121 in
1369 3066 1533 3122 unum
1573 3066 1912 3120 conﬂarunt:

350 3151 631 3208 propterea
673 3141 811 3206 quod
852 3141 922 3194 ab
965 3141 1028 3193 iis
1068 3139 1278 3192 duobus
1311 3139 1441 3192 solis
1468 3141 1726 3206 scriptum
1757 3145 1914 3204 puta-

347 3205 475 3262 reni
496 3205 756 3280 adversus
774 3210 1123 3280 Pelagianos;
1149 3223 1250 3280 nec
1270 3205 1658 3272 meminissent,
1677 3217 1916 3280 aut‘con-
1944 3205 1986 3259 Ο

348 3280 458 3332 cilii
491 3277 954 3349 Carthaginensis,
992 3283 1043 3333 in
1072 3294 1179 3347 quo
1212 3279 1513 3334 institutum
1546 3288 1630 3334 est
1659 3280 1725 3334 de
1751 3277 1926 3334 Caele-

348 3352 454 3402 stin
479 3351 776 3417 judicium;
808 3361 899 3405 aut
934 3350 1133 3404 Aurelii
1173 3350 1312 3403 inter
1348 3351 1754 3405 ecclesiasticos
1792 3352 1928 3404 Scri-

353 3431 536 3484 ptores
573 3423 783 3476 censiti.
823 3421 930 3476 Sed
969 3436 1074 3488 quo
1115 3429 1390 3487 tempore,
1425 3422 1672 3489 inquies,
1701 3421 1928 3474 invaluit

348 3489 535 3544 isthmc
579 3493 786 3560 opinio,
815 3508 935 3561 quin
964 3492 1016 3544 in
1047 3490 1288 3561 pluribus
1313 3494 1691 3559 manuscriptis
1724 3492 1927 3559 reperi-

351 3562 477 3614 tur?
504 3559 757 3616 Divinare
786 3559 868 3614 uie
894 3563 982 3615 vix
1019 3575 1177 3626 posse
1208 3559 1396 3622 fateor,
1428 3562 1529 3614 nisi
1562 3563 1697 3616 forte
1724 3564 1787 3615 ad
1816 3561 1926 3615 Au-

349 3631 469 3685 relii
487 3631 794 3686 Cassiodori
821 3644 1061 3700 tempora
1089 3632 1388 3684 referatur:
1414 3641 1596 3699 posset
1618 3632 1926 3700 Coniectura

351 3712 643 3771 utcumque
674 3703 874 3756 lirmari
917 3713 1163 3756 veterum
1201 3702 1452 3756 codicum
1479 3703 1770 3757 collatioiie
1793 3744 1807 3768 ,
1838 3711 1930 3756 aut

350 3773 639 3840 inﬁrmari,
668 3785 761 3828 aut
787 3773 1048 3827 roborari.

865 3908 1002 3972 §IlI.
1037 3908 1112 3958 De
1140 3906 1413 3958 Joviaiano.

422 4045 637 4114 Pelagio
660 4047 1044 4120 ἀναμαρτησίαν
1075 4059 1226 4120 suam
1252 4044 1558 4120 defendenti
1584 4044 1783 4114 objecit
1807 4046 1930 4102 llic-

350 4131 610 4186 ronymus
635 4114 777 4182 quod
803 4114 902 4187 liae
927 4121 976 4168 in
1004 4114 1434 4187 parteJoviniaui
1458 4131 1742 4170 succi-ssor
1765 4129 1928 4187 atque

349 4185 525 4242 haeres
554 4187 688 4240 foret
711 4227 726 4249 ,
759 4185 1009 4255 quodque
1036 4185 1345 4239 damnatam
1381 4186 1626 4240 haeresim
1661 4185 1932 4242 instaura-

347 4267 436 4312 ret
455 4299 470 4320 ,
498 4257 612 4311 sive
642 4257 692 4310 id
723 4256 1036 4324 imprudens
1069 4255 1272 4311 faceret
1302 4266 1520 4326 propter
1546 4258 1924 4325 ignorantiam,

345 4331 465 4382 sive
508 4329 692 4382 sciens
736 4337 952 4396 prepter
987 4327 1396 4392 impudentiam.
1434 4326 1564 4381 Jure
1591 4327 1643 4381 id
1668 4328 1930 4397 objecerit

345 4407 567 4453 sanctus
597 4399 804 4462 doctor,
833 4413 898 4450 an
930 4397 1144 4466 injuria,
1169 4413 1348 4466 opera:
1379 4399 1606 4466 pretium
1639 4409 1722 4452 est
1754 4399 1927 4467 inqui-

348 4485 491 4532 rere,
517 4468 710 4536 partim
735 4469 859 4537 quia
882 4467 1275 4522 dissertationis
1296 4476 1560 4534 susceptre
1584 4469 1719 4521 ratio
1742 4469 1793 4522 id
1816 4471 1930 4524 exi-

340 4543 442 4607 git,
470 4539 691 4607 partim,
726 4547 782 4592 et
812 4541 1044 4593 maxime
1070 4539 1286 4606 quidem
1309 4578 1325 4604 ,
1354 4537 1500 4608 quod
1541 4537 1922 4609 Hieronymum

344 4617 603 4662 accusent
639 4610 853 4678 quidam
878 4652 892 4675 ,
925 4610 1078 4676 quasi
1120 4610 1437 4663 alterutrius
1480 4609 1716 4663 hmretici
1737 4650 1751 4673 ,
1779 4610 1924 4664 Jovi-

344 4680 497 4733 niani
524 4677 728 4733 dico’et
756 4677 980 4748 Pelagii,
1007 4689 1240 4734 mentem
1275 4695 1378 4733 non
1410 4680 1540 4734 satis
1567 4682 1921 4746 perspexerit.

420 4751 587 4803 Aiunt
627 4765 755 4803 vero
803 4750 853 4802 id
891 4749 1153 4803 accidisse
1182 4758 1329 4803 tanto
1357 4750 1492 4808 viro,
1525 4759 1745 4817 propter
1776 4752 1926 4819 igno-

342 4829 519 4896 ratam
550 4819 752 4874 Graeca:
795 4823 944 4876 vocis
981 4821 1345 4896 ᾲναμᾷρτητᾳς
1390 4829 1733 4896 potestatem,
1765 4831 1925 4896 atque

343 4891 449 4944 hac
476 4890 544 4944 de
574 4901 734 4944 causa
765 4905 870 4944 non
894 4892 1024 4944 satis
1049 4890 1116 4944 ab
1141 4890 1256 4957 ipso
1277 4891 1588 4944 distinctam
1611 4891 1923 4960 impossibi-

343 4961 549 5015 litatem
586 4961 870 5027 peccandi,
901 4977 1060 5030 quam
1099 4961 1412 5030 Jovinianns
1451 4960 1716 5029 asseruit,
1748 4963 1816 5017 ab
1861 4978 1924 5019 ea

345 5032 707 5100 possibilitate
736 5047 840 5085 non
875 5029 1131 5100 peccandi
1151 5071 1167 5096 ,
1193 5047 1350 5101 quam
1382 5029 1631 5099 Pelagius
1657 5032 1920 5100 defendit,

342 5118 469 5156 cum
505 5111 679 5156 tamen
722 5105 915 5156 mirqu
956 5113 1210 5171 quantum
1255 5103 1591 5171 discrepent,
1627 5118 1730 5157 non
1763 5118 1924 5173 posse

344 5187 595 5243 peccare,
627 5182 679 5226 et
709 5187 870 5242 posse
899 5189 1002 5225 non
1039 5189 1282 5240 peccare.

416 5242 761 5298 Admirabilis
790 5243 1027 5311 profecto
1049 5244 1348 5297 accusatio!
1384 5245 1684 5310 praesertim
1709 5259 1830 5298 cum
1851 5246 1921 5300 ab

342 5314 412 5369 iis
443 5315 750 5385 intendatur
779 5314 869 5383 qui
901 5314 1119 5370 minime
1145 5316 1437 5378 deberent,
1461 5325 1518 5367 ut
1546 5317 1634 5384 qui
1667 5315 1922 5385 Augusti-

343 5398 476 5439 num
507 5384 826 5454 suspiciunt,
855 5395 909 5440 et
937 5392 1139 5438 tantum
1166 5400 1270 5437 non
1294 5385 1560 5450 adorant;
1595 5384 1917 5454 negatenim

342 5453 675 5526 Augustinus
690 5455 1141 5526 contemnendum
1158 5454 1561 5525 Hieronymum,
1576 5465 1629 5508 ut
1641 5453 1727 5526 qui
1739 5454 1918 5512 erco

345 5533 396 5579 et
419 5523 607 5578 Latino
637 5527 848 5594 insuper
868 5536 913 5578 et
936 5523 1154 5580 Hebrwo
1182 5523 1411 5580 eruditus
1436 5523 1662 5590 eloquio,
1680 5544 1744 5581 ea:
1771 5526 1918 5581 Occi-

341 5597 542 5649 dentali
568 5596 635 5649 ad
664 5595 978 5651 Orientalein
1015 5599 1266 5650 transiens
1297 5597 1581 5651 Ecclesium
1603 5639 1616 5663 ,
1647 5599 1700 5652 in
1738 5599 1921 5653 litteris

343 5669 512 5740 sacris
552 5683 708 5740 usque
751 5668 831 5740 ad,
853 5668 1164 5738 decrepitam
1207 5668 1382 5740 vixerit
1424 5679 1653 5734 (etatem,
1689 5678 1735 5722 et
1771 5671 1921 5740 cujus

343 5738 601 5807 eloquium
626 5735 701 5790 ab
742 5735 948 5798 Oriente
994 5735 1156 5807 usque
1200 5739 1269 5790 ad
1310 5737 1634 5794 Occidentem
1683 5735 1920 5796 adinstar

344 5809 602 5877 lampadis
643 5809 1017 5878 resplenduerit
1072 5807 1208 5880 (Lib.
1252 5823 1269 5862 ι
1309 5819 1486 5862 contra
1520 5809 1632 5864 Iul.
1675 5828 1791 5882 cap.
1842 5812 1915 5882 7).

1949 1836 1992 1895 Β

1958 3198 1983 3218 Ἴ

1956 4575 2002 4633 ι)

2014 525 2212 593 agunt?

2089 594 2161 670 _Ut
2187 595 2551 670 quidquid_est
2577 596 2910 670 quaestionis,
2935 599 3148 670 planum
3185 601 3294 668 ﬂat,
3322 602 3594 658 Joviniani

2016 667 2273 738 primum,
2308 675 2416 720 tum
2445 665 2640 738 Pelagii
2677 683 2831 721 error
2856 665 3206 738 exponendas
3234 665 3350 738 est;
3383 684 3440 726 ut
3472 690 3594 727 rum

2015 735 2152 788 alter
2181 737 2336 790 alteri
2367 735 2592 812 (pilatus
2624 738 2817 812 fuerit,
2852 735 3030 812 par—eat
3066 742 3192 812 quid
3230 735 3439 812 injuria:
3473 745 3596 800 Ilie-

2014 819 2293 875 ronymus,
2326 807 2410 860 vel
2441 807 2705 876 intulerit,
2731 811 2812 862 vel
2842 807 3092 876 patiatur;

2086 880 2417 946 Quamquam
2440 875 2710 932 Ioviniani
2738 875 2970 933 ruentem
2997 883 3206 948 assequi
3232 900 3337 937 non
3362 885 3428 938 ita
3457 884 3594 940 forte

2015 959 2324 1022 promptum
2368 958 2452 1022 est
2487 964 2644 1017 quam
2681 949 2920 1022 videtur.
2961 951 3180 1022 Veteres
3211 954 3275 1006 de
3303 953 3474 1022 ipsius
3504 972 3591 1009 er-

2015 1030 2139 1090 rore
2179 1017 2250 1090 ita
2295 1021 2643 1090 scripserunt.
2681 1019 3037 1090 Hieronymus
3067 1021 3206 1084 (Lib.
3240 1039 3256 1078 ι
3284 1017 3462 1077 contra
3496 1025 3591 1079 Ia-

2013 1087 2258 1156 vinian.).
2288 1087 2594 1158 Iovinianus
2617 1090 2749 1144 dixit
2781 1087 3020 1158 virgines,
3051 1093 3227 1145 viduos
3253 1104 3297 1146 et
3327 1098 3590 1149 maritatas

1983 1208 1987 1212 .
2016 1172 2131 1231 qua:
2158 1158 2389 1231 semelin
2415 1157 2621 1231 Christo
2647 1161 2766 1214 lo'a!
2791 1157 2946 1224 sunt,
2979 1163 3024 1214 si
3052 1179 3151 1215 non
3179 1163 3465 1231 discrepent
3495 1184 3593 1220 ταν-

2018 1229 2138 1280 teris
2169 1228 2404 1303 operibus
2427 1271 2439 1293 ,
2468 1229 2698 1303 ejusdem
2729 1247 2835 1284 esse
2862 1233 3048 1286 meriti.
3077 1231 3281 1287 Nititur
3309 1228 3592 1303 approbare

2016 1313 2102 1351 eos
2139 1300 2229 1368 qui
2269 1299 2424 1371 plena,
2457 1299 2562 1369 ﬁde
2587 1301 2968 1371 inibaptismate
2996 1305 3160 1357 renati
3186 1314 3305 1358 sunt
3330 1299 3590 1360 a'diabolo

2017 1384 2118 1444 non
2160 1385 2306 1444 posse
2343 1370 2582 1425 subverti.
2624 1370 2849 1424 Tertium
2877 1376 3151 1444 proponit,
3181 1375 3312 1429 inter
3339 1374 3590 1430 abstinen-

2018 1439 2140 1492 tiam
2163 1439 2407 1517 cibornm
2443 1449 2489 1494 et
2528 1457 2649 1517 cum
2681 1439 3191 1517 gratiarumactione
3218 1448 3587 1517 perceptionem

2018 1525 2192 1562 eorum
2230 1511 2430 1564 nullam
2467 1527 2578 1584 esse,
2598 1511 2913 1566 distantiam.
2952 1511 3236 1584 Quartum,
3268 1511 3402 1582 quod
3430 1528 3478 1570 et
3503 1535 3592 1570 ea:-

2018 1589 2266 1656 tremum,
2298 1596 2407 1634 esse
2445 1583 2672 1656 omnium
2707 1584 2793 1653 qui
2829 1601 2976 1637 suum
3008 1585 3255 1656 baptisma
3286 1590 3593 1642 servaverint

2018 1665 2172 1724 unam
2195 1652 2251 1724 in
2276 1669 2430 1724 regno
2455 1651 2694 1706 caelorum
2719 1651 3196 1709 remunerationem.
3225 1657 3347 1711 Haec
3371 1671 3587 1711 Sanetus

2019 1720 2288 1794 doetorin
2315 1720 2450 1776 libro
2477 1724 2670 1791 primo,
2701 1741 2856 1794 quem
2886 1740 3006 1780 cum
3040 1728 3306 1794 posuisset
3339 1736 3506 1781 totum
3538 1730 3589 1782 in

2024 1795 2199 1854 priore
2225 1792 2444 1846 haeresis
2465 1796 2638 1862 capite
2661 1793 3004 1857 conl'ntanilo,
3035 1792 3330 1850 secundum
3356 1797 3482 1852 inde
3505 1816 3592 1852 or-

2019 1861 2180 1938 ditur.
2207 1862 2447 1938 secunda
2474 1861 2753 1938 propositio
2773 1864 3034 1920 Ioviniani
3061 1876 3132 1920 est
3162 1885 3242 1920 eos
3269 1869 3358 1938 qui
3382 1872 3592 1938 fuerunt

2017 1930 2262 2007 baptizati
2279 1950 2311 1986 a
2332 1930 2537 2007 diabolo
2559 1930 2663 2007 non
2681 1953 2826 2003 posse
2854 1938 3078 2002 tentari;
3101 1930 3400 2007 quicumque
3420 1948 3590 1992 autent

2017 2003 2196 2055 tentati
2227 2005 2436 2073 fuerint,
2467 2006 2665 2058 ostendi
2692 2022 2775 2060 eos
2803 2024 2956 2077 aqua,
2981 2017 3026 2062 et
3056 2003 3158 2062 non
3185 2003 3393 2081 spiritu,
3419 2010 3593 2079 bapti-

2017 2082 2181 2137 satos,
2211 2082 2321 2128 etc.

2090 2145 2420 2218 Augustinus
2459 2144 2606 2218 (Lib.
2632 2145 2948 2218 _dtheres.
2981 2147 3109 2204 liter.
3146 2147 3258 2218 εξ).
3289 2148 3592 2204 Iovinianus

2017 2214 2188 2289 omnia
2209 2225 2438 2280 peccata,
2461 2214 2592 2269 sicut
2621 2215 2784 2289 Stoici
2803 2217 3121 2289 philosOp/ti,
3153 2214 3299 2289 paria
3324 2236 3430 2273 esse
3456 2221 3590 2273 dice-

2018 2282 2119 2345 bat,
2144 2300 2235 2336 nec
2266 2302 2413 2360 posse
2444 2302 2649 2360 peccare
2674 2288 2927 2360 hominem
2959 2282 3164 2360 lavacro
3196 2292 3592 2360 regenerationis

2017 2356 2474 2431 accepta-Eadem
2500 2356 3452 2431 habet__an_c_t_o'[_Prtedestinati(Hier.
3473 2362 3588 2431 8:2).
3625 2382 3628 2386 ·

2091 2422 2334 2498 Pelagius
2359 2425 2539 2495 (Parte
2562 2441 2619 2480 ιιι
2643 2427 2801 2480 libelli
2819 2425 2992 2498 Fidei)
3017 2430 3263 2484 etttudem
3291 2422 3346 2484 in
3373 2422 3591 2486 sensum

2017 2492 2282 2566 Joviniani
2317 2492 2550 2551 mentem
2581 2492 3104 2566 interpretatus'est,
3138 2516 3258 2555 cum
3292 2502 3591 2556 scriberet:

2021 2565 2260 2618 Liberum
2280 2571 2352 2620 sic
2379 2568 2680 2635 conﬁtentur
2700 2565 2988 2634 arbitrium,
3015 2583 3066 2624 ut
3089 2572 3316 2624 dicamus
3338 2588 3438 2624 non
3461 2587 3596 2625 sem-

2019 2652 2107 2711 per
2142 2635 2234 2711 Dei
2272 2637 2498 2711 indigere
2535 2637 2751 2711 auxilio.
2787 2645 2832 2692 et
2874 2649 2978 2692 tam
3017 2642 3134 2695 illos
3173 2658 3342 2695 errare
3370 2643 3456 2711 qui
3479 2659 3596 2696 cum

2020 2705 2307 2778 Manichaee
2339 2709 2515 2760 dicunt
2545 2709 2794 2778 hominem
2823 2719 3088 2776 peccatum
3114 2712 3272 2765 vitare
3296 2705 3392 2766 nos
3423 2730 3587 2778 posse,

2017 2792 2170 2842 quam
2208 2777 2328 2831 illos
2365 2779 2452 2847 qui
2490 2795 2605 2830 cum
2632 2777 2905 2832 Ioviniano
2937 2791 3169 2836 asserunt
3201 2777 3461 2847 hominem
3487 2800 3592 2836 non

2017 2863 2164 2917 posse
2191 2864 2433 2917 peccare;
2461 2857 2668 2916 uterque
2703 2851 2840 2903 enim
2878 2853 3006 2904 tollit
3043 2852 3244 2907 arbitrii
3283 2853 3587 2906 libertatem.

2087 2915 2329 2990 Julii-lius
2358 2921 2514 2986 paulo
2543 2915 2740 2990 clarius
2771 2922 3019 2990 baptismi
3055 2923 3300 2976 meminit
3329 2922 3508 2989 (Part.
3538 2940 3596 2978 ιιι

2017 2985 2179 3040 libelli
2202 2985 2357 3042 Fidei
2379 3005 2519 3043 num.
2541 2990 2595 3058 8)
2624 3008 2637 3043 :
2667 2985 3078 3047 Condeinnamus
3099 2985 3489 3058 Iorinianistas,
3511 2996 3598 3053 qui

2018 3058 2193 3110 dicunt
2239 3060 2495 3113 hominem
2543 3069 2657 3128 post
2701 3060 3012 3129 baptismum
3052 3063 3200 3118 nullo
3253 3065 3404 3117 modo
3448 3081 3598 3135 posse

2019 3144 2246 3194 peccare.
3583 3178 3586 3182 .

2088 3197 2497 3273 Observandum
2535 3215 2694 3269 porro
2733 3219 2759 3257 a
2804 3203 3017 3259 nemine
3043 3212 3169 3258 ante
3200 3202 3586 3273 Hieronymum

2029 3267 2650 3345 id_err_oris.lovini‘ai_io
2693 3274 2966 3345 objectum
3003 3290 3162 3338 esse;
3205 3289 3376 3343 neque
3407 3267 3592 3341 enim,

2027 3340 2169 3394 vela
2202 3340 2394 3396 Siricio
2424 3357 2555 3411 papa
2588 3343 2640 3396 in
2672 3340 2869 3401 litteris
2911 3346 2974 3399 ad
3005 3340 3458 3400 Mediolanensem
3491 3340 3587 3400 Ερὲ

2027 3413 2282 3476 clesiam,
2314 3412 2510 3481 quibus
2548 3413 2636 3467 alii
2677 3432 2889 3471 errores
2931 3416 3374 3483 proscribuntnr;
3404 3416 3488 3470 vel
3528 3419 3597 3469 ab

2028 3483 2334 3558 Ambrosio
2360 3483 2410 3558 in
2450 3488 2818 3558 responsione
2867 3489 3124 3558 synodica
3176 3486 3601 3541 Mediolaneusis

2029 3555 2239 3627 concilii
2272 3554 2336 3607 ad
2359 3554 2630 3627 Siricium,
2657 3554 2938 3621 tribuitur;
2971 3558 3020 3612 id
3045 3572 3171 3611 vero
3191 3558 3408 3621 mirum,
3432 3558 3600 3627 siqui-

2029 3623 2163 3694 dem,
2186 3625 2318 3678 liber
2356 3624 2621 3680 secundus
2648 3627 2912 3682 Joviniani
2954 3629 3005 3682 in
3040 3629 3276 3681 Romana
3299 3671 3314 3694 ,
3345 3623 3511 3682 immo
3547 3639 3602 3682 et

2030 3693 2415 3769 Mediolanensi
2456 3697 2661 3769 synodo
2700 3699 2870 3769 lectus
2899 3709 3017 3766 est,
3051 3698 3190 3766 quod
3223 3693 3484 3769 testantur
3511 3714 3601 3769 sy-

2030 3763 2258 3829 nodicae,
2290 3775 2342 3819 et
2374 3766 2426 3818 in
2461 3763 2562 3819 hoc
2591 3777 2766 3820 tamen
2799 3767 2962 3831 libro,
2993 3763 3034 3820 si
3063 3763 3336 3821 credimus
3364 3763 3599 3829 Julianb,

2031 3834 2404 3912 continebatur
2438 3851 2590 3912 error
2630 3840 3020 3912 a’ivauuprnaia;
3059 3836 3186 3912 (ορ.
3223 3835 3439 3912 Imperi.
3462 3840 3598 3912 lib.t

2032 3919 2150 3978 cap.
2181 3904 2320 3978 97),:
2347 3905 2487 3960 unde
2515 3904 2764 3978 augurari
2798 3904 2977 3975 posset
3005 3904 3265 3976 quispiam
3299 3904 3598 3963 doctrinam

2029 3975 2297 4030 Joviniani
2321 3981 2445 4055 rupi
2471 3986 2562 4038 τῆς
2594 3975 2980 4055 ᾆνᾳμαρτημσὶας
3007 3975 3105 4055 vei
3131 3975 3492 4055 Contempla"!
3532 3980 3602 4055 ab

2033 4049 2503 4119 utraquesynodo,
2531 4049 2698 4103 veluti
2721 4049 2864 4117 parvi
2891 4066 3000 4119 prae
3021 4049 3138 4102 aliis
3160 4051 3437 4112 momenti,
3457 4049 3601 4119 quod

2031 4118 2119 4170 vix
2152 4117 2403 4185 credam;
2443 4121 2525 4174 vel
2566 4121 2620 4173 in
2659 4117 3254 4179 sensum'tolerabilem
3295 4117 3599 4188 acceptam,

2031 4188 2173 4259 quod
2203 4191 2380 4244 minus
2409 4191 2789 4259 improbabile.

2101 4257 2157 4312 In
2183 4275 2301 4314 eam
2330 4257 2499 4329 porro
2521 4264 2840 4316 sententiam
2866 4258 3182 4315 Iovinianus
3206 4260 3375 4313 videri
3401 4271 3600 4329 potest,

2031 4339 2122 4381 aut
2152 4332 2386 4397 venisse,
2419 4339 2510 4384 aut
2528 4345 2655 4385 suos
2686 4333 2864 4400 potius
2895 4331 3193 4399 impulisse,
3227 4334 3415 4398 partim
3450 4333 3598 4385 volu-

2033 4413 2238 4466 ptunsa:
2267 4404 2386 4454 vitae
2410 4401 2608 4465 studio,
2633 4411 2688 4452 ut
2716 4401 2833 4456 sine
2863 4403 3100 4468 periculo
3123 4404 3323 4455 versari
3347 4401 3601 4457 credere-

2034 4479 2118 4522 tur
2141 4471 2279 4542 inter
2301 4471 2487 4539 epulas
2517 4479 2572 4525 et
2597 4472 2862 4540 virginum
2887 4487 3113 4541 greges;
3144 4476 3338 4542 partim
3363 4473 3598 4534 virtutis,

2030 4541 2246 4613 quzeqin
2294 4542 2465 4594 sar-ris
2513 4543 2786 4613 mysteriis
2833 4543 2999 4605 inest,
3043 4541 3174 4597 falsa
3222 4545 3601 4607 arstimatinne,

2029 4611 2180 4679 quasi
2205 4627 2361 4664 nemo
2385 4627 2507 4666 vere
2532 4611 2626 4680 per
2649 4613 2968 4680 baptismum
2993 4627 3343 4681 regeneretur
3372 4615 3423 4665 in
3446 4613 3602 4668 Chri-

2029 4696 2138 4743 sto,
2168 4697 2328 4736 nemo
2357 4698 2486 4737 vere
2513 4683 2778 4752 cXSpoliet
2803 4695 3040 4738 veterem
3070 4685 3338 4738 hominem
3365 4724 3379 4746 ,
3407 4694 3459 4736 et
3483 4698 3602 4736 mo-

2030 4753 2200 4806 riatur
2225 4764 2466 4821 peccato,
2492 4771 2648 4807 nemo
2673 4766 2989 4808 renascatur
3011 4769 3136 4808 vere
3167 4769 3231 4807 ex
3255 4754 3452 4820 Spiritu
3477 4769 3596 4808 Salt-

2030 4832 2138 4887 ctn,
2172 4835 2226 4878 et
2252 4834 2525 4879 asseratur
2553 4827 2604 4879 in
2635 4826 2934 4879 libertatem
2965 4824 3195 4878 ﬁliorum
3233 4825 3344 4888 Dei,
3380 4823 3482 4876 nisi
3509 4825 3600 4890 qui

2030 4894 2255 4948 desierit
2295 4910 2414 4949 esse
2456 4895 2831 4963 postmodum,
2860 4904 2952 4949 aut
2988 4895 3223 4950 erroris.
3253 4907 3341 4948 aut
3379 4894 3601 4957 diaboli,

2029 4974 2122 5017 aut
2142 4966 2598 5028 concupiscentiae
2624 4966 3012 5020 tentatiouibus
3034 4964 3297 5019 obnoxius
3323 4983 3336 5018 :
3364 4965 3502 5019 unde
3526 4966 3587 5019 in-

2027 5033 2175 5089 ferre
2203 5044 2412 5104 poterat
2449 5037 2836 5105 baptizatorum
2865 5036 3131 5106 neminem
3163 5051 3388 5105 peccare
3422 5052 3593 5106 ut)qu

2024 5120 2146 5159 cum
2176 5106 2404 5176 quisque
2437 5116 2637 5176 peccet.
2670 5108 2753 5161 vel
2780 5105 2965 5160 errore
2991 5107 3270 5175 deceptus,
3297 5108 3379 5161 vel
3404 5109 3601 5161 alteru-

2024 5180 2156 5229 trius
2187 5179 2330 5230 tundi
2363 5182 2660 5231 tentatione
2689 5180 2951 5237 pulsatus.

2098 5247 2209 5301 Hoc
2239 5248 2580 5301 ratiocinium
2614 5249 2842 5313 probant
2870 5248 2968 5302 loci
2998 5246 3103 5300 duo
3127 5247 3460 5317 Hieronymi,
3488 5251 3607 5317 qni-

2023 5314 2124 5370 bus
2149 5318 2481 5385 praeﬁdentia
2521 5319 2678 5387 hujus
2707 5329 2869 5371 secta:
2899 5319 3068 5385 palam
3101 5336 3160 5371 se
3191 5314 3407 5384 prodit:
3439 5323 3488 5372 in
3509 5314 3601 5372 'al-

2027 5394 2142 5458 tero
2173 5388 2490 5442 Jovinianus
2534 5391 2648 5455 ipse
2687 5389 2983 5458 inducitur,
3027 5388 3080 5442 in
3122 5389 3294 5444 altero
3337 5389 3604 5445 Joviniani

2026 5456 2218 5524 haeres,
2253 5460 2354 5513 hoc
2378 5468 2489 5523 est,
2521 5458 2794 5524 Pelagius.

2098 5529 2151 5582 ln
2186 5531 2385 5600 priore,
2417 5529 2734 5584 Iovinianus
2764 5529 2832 5583 ita
2862 5530 3098 5597 loquitur
3131 5529 3267 5600 (Lib.
3295 5549 3330 5587 ιι
3360 5532 3604 5586 adversus

2023 5595 2222 5671 Iovini)
2259 5618 2270 5652 :
2304 5599 2530 5654 Ioannes
2573 5603 2696 5655 dicit
2731 5617 2748 5655 :
2785 5595 2962 5655 Omnis
2987 5603 3073 5670 qui
3098 5595 3249 5655 nutus
3281 5615 3351 5657 est
3382 5619 3445 5655 ea;
3476 5601 3604 5664 Deo,

2026 5681 2292 5740 peccatum
2332 5689 2433 5725 non
2474 5672 2635 5742 facit,
2664 5674 2906 5744 quoniam
2941 5689 3109 5726 semen
3141 5674 3304 5741 ipsius
3333 5675 3385 5726 in
3410 5687 3468 5725 eo
3496 5689 3609 5724 ma-

2029 5751 2142 5806 net;
2172 5751 2340 5796 etnon
2365 5750 2528 5808 potest
2553 5743 2784 5813 peccare,
2809 5743 2930 5813 quia
2955 5760 3016 5798 ex
3041 5745 3323 5813 Deo‘natus
3351 5754 3462 5813 est;
3486 5749 3531 5794 et
3553 5743 3605 5791 in
3641 5793 3644 5796 .

2032 5813 2124 5865 hoc
2153 5815 2407 5884 manifesti
2432 5808 2674 5884 sunt'ﬁlii
2707 5808 2830 5881 Dei,
2850 5821 2896 5868 et
2926 5815 3020 5883 ﬁlii
3047 5808 3236 5867 diaboli
3261 5813 3311 5883 (ἰ
3339 5812 3494 5866 Imm.
3522 5826 3603 5886 tu,
