3958 6178
310 345 412 403 693

823 341 1130 398 DlSSERT.
1168 340 1271 394 VII.
1311 341 1397 394 DE
1428 340 1611 396 OR'I'U
1645 340 1732 395 ET
1763 340 1867 394 INC

1980 340 2017 393 \i
2031 340 2225 395 ENTIS
2259 338 2569 395 ΗΑΞΒΕΞΙΞ
2601 334 3040 396 PELAGIANE.

3441 340 3546 397 69b

384 459 469 512 lite
496 456 728 510 rationes
756 465 877 510 octo
913 470 1016 508 non
1059 466 1275 523 parvam
1327 453 1520 506 habent
1570 453 1874 508 similitudi-
1902 468 1951 519 Α
1979 464 2202 524 utroque
2249 455 2408 509 editis
2434 498 2447 523 ,
2493 456 2632 509 unde
2679 455 2998 509 criminandi
3041 456 3374 511 occasionem
3407 470 3550 509 sum-

309 545 427 583 ncm
458 527 593 591 veri,
629 526 973 594 facerentque
1008 526 1163 577 Iidem
1211 523 1535 592 ceiijectura:
1580 525 1647 577 de
1695 534 1875 579 mente

303 600 567 655 Joviniani
599 597 740 651 circa
768 595 1263 661 impeecabilitatem
1287 636 1301 657 ,
1347 596 1430 646 sin
1478 594 1652 646 minus
1690 603 1875 661 aperta

305 671 617 723 viderentur
643 679 762 720 esse
792 668 841 719 in
873 666 1201 719 contrarium
1241 674 1483 716 veterum
1529 665 1869 732 testimonia;

302 740 400 793 sed
427 750 641 792 veteres
664 736 765 801 illi,
798 746 851 789 ut
876 743 1020 797 sunt,
1050 737 1130 787 vel
1164 748 1349 788 omnes
1374 736 1457 787 vel
1488 748 1731 801 magnam
1755 749 1876 802 par-

304 817 432 872 tem,
465 807 765 875 Pelagiani,
797 809 884 874 qui
934 804 1147 875 mentiri
1199 811 1488 871 potuerunt
1536 819 1633 871 pro
1682 818 1873 871 more,

304 893 489 946 parum
539 874 678 945 apud
723 892 807 946 me
849 874 1437 946 auctoritatev_alent;_
1466 875 1661 946 faciunt
1695 881 1872 929 tamen

303 942 593 1002 vehemens
630 945 847 1000 dubium
888 945 1030 1012 quod
1071 942 1387 996 Iovinianus
1419 942 1527 1009 jam
1556 943 1680 996 inde
1704 957 1731 995 a
1767 946 1875 1010 pri-

300 1022 405 1072 mis
455 1018 607 1072 hisce
653 1018 988 1084 temporibus
1036 1014 1451 1084 prmtortiiaverit
1502 1012 1871 1084 hatretieorum

300 1089 478 1143 aetatis
524 1096 721 1141 nostra:
750 1081 1110 1139 commentum
1135 1084 1201 1135 de
1228 1084 1395 1150 gratia
1427 1081 1789 1145 inamissibili,
1822 1084 1875 1137 id

300 1170 408 1224 est,
438 1173 555 1228 qua:
582 1157 748 1210 amitti
782 1170 884 1207 non
916 1154 1079 1228 possit
1108 1152 1175 1206 ab
1203 1166 1267 1206 eo
1292 1152 1382 1221 qui
1409 1165 1535 1206 vere
1556 1151 1875 1221 baptizatus

300 1228 372 1283 sit
403 1227 689 1295 veramque
716 1228 871 1278 tidem
907 1227 1198 1290 professus.
1284 1291 1309 1295 _
1357 1291 1368 1295 _
1446 1292 1455 1295 Α
1806 1262 1819 1277 κ

377 1291 647 1351 Hactenus
669 1296 735 1349 de
760 1296 1027 1349 Joviniani
1051 1307 1253 1347 errore.
1284 1291 1527 1360 Pelagius
1549 1306 1675 1344 vero
1699 1291 1876 1359 argui-

299 1376 389 1423 tur
438 1367 582 1437 quod
627 1365 898 1437 hominem
948 1362 1144 1416 dixerit
1169 1376 1339 1437 posse
1363 1376 1481 1414 esse
1511 1361 1625 1437 sine
1657 1377 1875 1437 peccato

297 1451 352 1493 et
394 1432 646 1491 mandata
697 1436 793 1489 Dei
839 1448 1087 1495 servare,
1137 1434 1181 1486 si
1232 1434 1389 1494 velit;
1439 1439 1493 1484 et
1542 1432 1612 1483 ita
1662 1432 1874 1499 quidem

299 1517 591 1575 utrumque
640 1521 796 1574 posse
817 1545 831 1568 ,
872 1513 930 1556 ut
959 1519 1073 1575 Anon
1103 1511 1309 1575 tantum
1334 1502 1561 1575 singula,
1591 1503 1683 1575 sed
1714 1503 1873 1575 etiam

297 1570 514 1644 omnia,
538 1570 654 1630 sive
682 1586 892 1645 peccata
921 1573 1090 1626 vitare
1114 1613 1125 1634 ,
1146 1572 1292 1645 sive;
1316 1570 1564 1645 mandata
1612 1570 1833 1645 implere
1859 1610 1873 1632 ,

296 1648 461 1703 facile
489 1640 851 1715 valeat,'quod
882 1654 965 1715 est
994 1656 1113 1696 esse
1133 1643 1502 1715 ἀναμάρτςητον.
1530 1640 1606 1715 ita
1629 1640 1875 1707 Pelagius

296 1720 537 1789 primum
560 1717 614 1769 in
644 1711 777 1769 libro
808 1714 1170 1789 Ettlogiarnm,
1205 1711 1323 1789 cuiu
1349 1711 1598 1789 harresitn
1622 1723 1875 1779 spargere

296 1779 617 1851 inoliretur;
651 1796 760 1839 tum
790 1779 982 1838 deinde
1012 1785 1061 1834 in
1086 1782 1225 1835 libro
1252 1781 1319 1834 de
1346 1779 1542 1832 Natura
1562 1820 1578 1851 ,
1610 1796 1729 1851 cum
1779 1795 1873 1848 pro

294 1873 358 1911 ea
385 1850 627 1911 scribere
653 1857 944 1923 inciperet;
975 1853 1204 1923 denique
1227 1852 1277 1903 in
1300 1851 1455 1903 libris
1475 1851 1540 1903 de
1564 1850 1760 1923 hibero
1781 1855 1875 1903 Ar-

295 1928 485 1992 bitrio,
512 1934 637 1995 post
662 1920 923 1995 synodum
961 1922 1392 1995 DioSpolitnnani,
1415 1935 1541 1995 cunt
1566 1920 1870 1995 damnatam

295 1991 635 2051 defenderet.
664 1991 736 2049 lia
762 2009 973 2064 quoque
1003 2000 1187 2064 auctor
1220 1991 1733 2064 tiatiocinationuni,
1765 1992 1875 2064 sive

295 2068 592 2122 C(Blestius
623 2067 705 2119 ille
737 2060 826 2129 sit,
858 2060 970 2116 sive
998 2062 1277 2123 Julianus;
1318 2061 1387 2112 ita
1418 2068 1467 2113 et
1502 2060 1751 2113 catholici
1783 2060 1874 2128 qni

294 2138 365 2191 de
393 2136 670 2191 erroribus
700 2134 998 2202 Pelagianis
1030 2133 1357 2192 retulerunt,
1402 2130 1657 2202 Paulinus
1687 2131 1874 2183 diaco-

295 2222 426 2272 nus,
462 2200 1196 2273 Hieronymus,—Augustinus
1226 2212 1277 2254 et
1308 2200 1548 2253 Orosius.
1576 2200 1666 2253 llis
1697 2212 1873 2252 autem

295 2277 547 2342 vocibus,
572 2276 617 2328 si
638 2271 769 2337 velit,
798 2283 996 2326 tantam
1023 2271 1309 2342 voluntatis
1334 2280 1530 2342 nostra:
1554 2277 1872 2338 potesmteiu

295 2339 669 2415 signiﬁcabat,
705 2341 1048 2415 quan_ta_si_hi
1094 2344 1254 2415 homo
1302 2339 1577 2393 sufliceret
1618 2342 1683 2392 ad
1728 2350 1875 2415 recte

296 2412 625 2477 vivendum,
661 2412 758 2469 nec
786 2413 886 2467 alia
918 2412 1011 2464 Dei
1039 2413 1208 2479 gratia
1235 2418 1415 2479 egeret
1456 2424 1615 2477 quam
1656 2412 1737 2463 vel
1780 2425 1874 2462 Sua

295 2485 569 2548 libertate,
598 2500 716 2553 qua:
741 2488 793 2536 in
825 2497 947 2535 ortu
977 2495 1232 2553 concessa
1274 2491 1389 2553 est,
1439 2479 1525 2553 vel
1570 2480 1875 2553 cognitione

294 2557 457 2624 legis,
486 2550 751 2624 quae—cuin
787 2555 995 2607 ratione
1022 2550 1247 2615 accedit,
1277 2550 1358 2601 vel
1389 2552 1548 2601 etiam
1585 2550 1874 2624 adoptione

295 2620 532 2678 filiorum
561 2623 686 2689 Dei,
728 2634 779 2678 et
825 2625 977 2676 venia
1029 2629 1361 2689 peccatorum
1386 2657 1403 2684 ,
1451 2632 1570 2688 quae
1612 2620 1874 2689 baptismo

293 2696 595 2817 “Et:
625 2776 846 2816 necesse
881 2760 979 2813 fuit
1002 2761 1051 2812 in
1079 2757 1215 2812 hanc
1245 2756 1567 2811 sententiam
1598 2758 1748 2812 abire
1780 2758 1875 2813 Pe-

294 2834 522 2902 lagium,
547 2848 668 2886 cum
698 2834 805 2886 duo
831 2833 930 2884 ista
962 2829 1122 2884 simul
1152 2827 1411 2902 sentiret.
1452 2828 1641 2881 Adanii
1683 2843 1877 2902 nempe

295 2896 546 2972 pniteros
587 2902 643 2956 in
689 2902 876 2956 eodem
925 2909 1069 2972 statu
1107 2896 1380 2966 procreari
1413 2911 1518 2964 quo
1546 2910 1757 2953 creatus
1789 2901 1876 2972 ille

290 2970 450 3037 olim,
481 2982 535 3025 et
564 2974 827 3026 Adamum
859 2986 887 3022 a
923 2970 1030 3022 Deo
1054 2976 1314 3037 creatum,
1349 2978 1403 3019 ut
1430 2982 1617 3020 revera
1647 2979 1727 3021 cst
1749 3011 1763 3036 ,
1797 2970 1876 3023 in-

289 3035 562 3097 structum
594 3042 842 3095 omnibus
870 3035 1194 3107 adjumentis
1232 3038 1297 3090 ad
1336 3039 1421 3105 pie
1466 3038 1789 3107 vivendum,
1830 3042 1873 3093 si

292 3115 495 3178 vellet;
533 3123 704 3179 neque
734 3121 910 3164 tamen
940 3106 1056 3160 hasc
1072 3106 1383 3179 adjtttnenta
1400 3106 1676 3179 catholico
1713 3124 1895 3163 sensu

1977 534 2214 593 pseruut.

2049 594 2119 646 Ea
2151 610 2278 649 vero
2304 595 2577 650 distinctio
2604 609 2711 649 non
2739 604 2820 649 est
2847 609 2876 647 a
2906 609 2991 649 me
3029 596 3331 663 excogitata
3373 593 3550 647 studio

1974 663 2296 718 defendendi
2328 665 2583 719 Ecclesiae
2608 666 2864 727 doctOris,
2895 680 3214 733 quamquam
3242 675 3385 719 esset
3406 664 3550 732 justtt

1974 736 2309 802 excogitandi
2352 749 2542 799 causa;
2585 734 2677 787 sed
2730 746 2851 802 pars
2897 746 3119 803 utraque
3166 736 3235 787 ab
3281 735 3550 789 haereticis

1975 805 2102 874 ipsis
2135 805 2359 858 traditur
2386 819 2488 859 n0u
2519 805 2761 857 obscuris
2794 804 2995 868 verbis;
3025 817 3079 857 et
3128 804 3392 874 posterior
3431 820 3549 873 qui-

1974 872 2096 926 dem
2128 883 2310 943 aperte
2345 875 2396 927 in
2440 874 2687 927 munibus
2737 874 2857 926 lidei
2906 872 3140 928 libellis.'
3164 874 3417 936 Liberum,
3450 872 3546 927 in—

1974 943 2181 1010 quiunt.
2215 948 2287 996 sic
2312 944 2612 1008 conﬁtemur
2640 944 2924 1006 arbitrium,
2953 954 3006 996 ut
3031 946 3277 1011 dicamus,
3305 961 3397 997 nos
3424 960 3549 997 scm-

1975 1028 2063 1083 per
2090 1013 2315 1082 indigere
2344 1013 2440 1067 Dei
2468 1014 2680 1083 auxilio,
2710 1022 2754 1066 et
2801 1023 2905 1065 tam
2946 1015 3063 1066 illos
3109 1030 3277 1067 errare
3312 1015 3397 1083 qui
3434 1030 3548 1067 cum

1976 1082 2265 1134 Alaniclm'o
2296 1084 2473 1135 dicunt
2498 1082 2750 1152 hominem
2779 1094 3036 1147 peccatum
3062 1084 3218 1137 vitare
3242 1100 3341 1136 non
3380 1099 3545 1152 posse.

1974 1167 2129 1221 quam
2173 1152 2290 1205 illos
2330 1153 2419 1223 qui
2457 1168 2572 1205 cum
2614 1150 2891 1205 Joviaiano
2915 1162 3145 1205 asserunt
3168 1150 3419 1204 hominem
3448 1170 3549 1205 non

1975 1237 2122 1290 posse
2166 1222 2401 1289 peccare;
2442 1231 2647 1291 uterque
2682 1224 2812 1275 enim
2855 1223 2985 1274 tollit
3020 1223 3219 1275 arbitrii
3246 1222 3545 1275 libertatein.

1978 1290 2089 1342 Nos
2116 1307 2227 1343 vero
2257 1295 2321 1343 di.
2342 1295 2471 1344 imus
2497 1290 2747 1343 hominem
2769 1308 2963 1360 semper
2986 1308 3207 1356 peccare,
3234 1301 3279 1344 et
3310 1309 3409 1344 non
3434 1308 3549 1360 pec-

1976 1376 2090 1432 care
2120 1378 2279 1432 nossc,
2310 1375 2360 1413 ut
2391 1378 2583 1432 semper
2608 1378 2697 1432 nos
2725 1362 2865 1432 liberi
2901 1362 3251 1432 confiteantur;
3272 1378 3378 1414 esse
3413 1363 3549 1432 urbi-7

1977 1431 2081 1483 trii.
2129 1430 2285 1484 Prior
2328 1445 2458 1484 vero
2497 1429 2529 1484 a
2564 1430 2776 1499 Pelagio
2804 1430 2869 1484 ad
2898 1429 3012 1485 haec
3037 1432 3200 1485 verba
3228 1430 3414 1486 Pauli:
3449 1430 3549 1497 Qui

1975 1501 2107 1569 enim
2137 1502 2324 1552 mortui
2352 1515 2525 1553 sumus
2553 1512 2779 1569 peccato,
2819 1501 3067 1566 quomodo
3117 1501 3286 1554 adhuc
3333 1506 3549 1554 vivemus

1977 1568 2144 1639 inille
2175 1569 2359 1638 (Rom.
2386 1584 2459 1635 vr,
2492 1568 2585 1639 2)?
2615 1571 2747 1624 Cum
2778 1571 2920 1625 enim
2962 1572 3029 1624 de
3068 1571 3328 1637 baptismo
3367 1586 3549 1625 sermo

1979 1638 2068 1709 lint
2098 1653 2127 1709 a
2158 1641 2336 1699 Paulo,
2361 1650 2414 1693 et
2442 1638 2539 1693 vox
2574 1639 2946 1705 interrogantis
2966 1640 3240 1696 ἁδυνασίαν
3265 1642 3546 1709 quamdam

1976 1707 2258 1776 signiticet,
2291 1710 2436 1764 brevi
2460 1710 2666 1763 scholia
2688 1710 2929 1777 Pelagius
2960 1711 3179 1773 addidit,
3205 1707 3310 1763 vult
3333 1721 3436 1762 tam
3457 1711 3550 1778 ﬁr-

1978 1794 2113 1849 mum
2138 1795 2247 1849 esse
2275 1781 2605 1849 baptizatum,
2636 1792 2893 1849 tamquam
2922 1785 3196 1849 perfectum
3222 1798 3241 1844 ;
3270 1796 3386 1848 quae
3417 1795 3548 1848 pura

1905 1822 1950 1881 Β
1976 1822 2245 1902 ruditu}?
2267 1822 3546 1919 éfféSilain;,"Ei'i§u't3','éi"iliﬁiiééd‘i"?oﬁu§

1976 1918 2178 1989 Deinde
2204 1919 2489 1974 Caelestius
2515 1934 2634 1989 cap.
2668 1920 2700 1973 6
2732 1920 2849 1972 libri
2883 1935 3004 1973 ιιιοι
3036 1918 3286 1989 appellati
3316 1919 3551 1973 asseruit

1974 1988 2108 2060 filios
2138 1989 2228 2043 Dei
2239 2006 2352 2060 Anon
2382 2006 2525 2060 posse
2554 1988 2740 2053 rocari,
2774 1991 2872 2043 nisi
2898 1991 3099 2043 omnino
3126 1990 3308 2058 absque
3346 2002 3549 2059 peccato

1977 2059 2162 2125 fuerint
2191 2058 2390 2125 effecti.
2410 2063 2525 2126 Quo
2552 2060 2604 2112 in
2638 2061 2775 2112 libro
2803 2072 3044 2125 apertum
3076 2070 3183 2124 est,
3220 2058 3391 2114 dictus
3431 2074 3551 2114 esse

1950 2126 2112 2192 ,ﬁlios
2140 2128 2232 2179 Dei
2262 2144 2354 2196 pro
2385 2130 2699 2197 baptizatis,
2732 2129 2993 2197 siquidem
3028 2130 3320 2198 baptismus
3356 2131 3428 2184 sit
3465 2144 3550 2182 sa-

1975 2205 2305 2251 crumentum
2338 2198 2673 2266 adoptionis;
2706 2200 2903 2251 dictum
2932 2213 3171 2267 quoque,
3200 2203 3308 2254 sine
3346 2212 3549 2268 peccato

1976 2280 2073 2333 pro
2104 2268 2390 2335 perfectis:
2422 2270 2600 2323 statim
2633 2270 2774 2322 enim
2800 2269 3101 2335 objectione
3127 2270 3293 2334 facta,
3329 2273 3379 2323 in
3416 2285 3548 2324 con-

1975 2336 2099 2390 cilio
2123 2337 2488 2405 Diospolitano
2520 2338 2765 2403 infertur,
2799 2339 2932 2391 unde
2958 2338 3232 2392 secundum
3271 2341 3439 2406 ipsum
3470 2338 3550 2392 di-

1974 2415 2116 2478 ctum
2133 2418 2234 2473 est,
2266 2424 2425 2477 neque
2449 2409 2747 2475 Apestolum
2799 2407 3023 2461 Paulum
3067 2425 3174 2462 esse
3217 2410 3383 2478 filium
3428 2408 3547 2471 Dei,

1974 2477 2060 2551 qui
2083 2476 2244 2551 dicit:
2275 2476 2552 2551 anquod
2567 2481 2683 2551 jam
2707 2479 3015 2551 acceperim,
3036 2488 3124 2531 aut
3143 2476 3281 2547 quod
3296 2483 3410 2551 jam
3437 2495 3550 2551 per-

1977 2549 2133 2617 fectus
2156 2548 2254 2600 sim
2286 2546 2504 2617 (Philip.
2540 2546 2615 2614 in,
2650 2549 2758 2617 12).
2793 2547 2915 2601 Fuit
2950 2547 3113 2614 igitur
3150 2546 3335 2603 eadem
3375 2546 3548 2604 (linte-

1974 2615 2060 2668 stii
2112 2633 2231 2685 quze
2287 2615 2504 2688 Pelagii,
2560 2615 2744 2672 eadem
2793 2620 3071 2673 amborum
3114 2634 3232 2689 qua:
3281 2620 3548 2676 Joviniani

1975 2688 2261 2740 sententia.

2045 2755 2151 2810 Sed
2178 2773 2283 2826 quo
2309 2758 2536 2825 primum
2570 2766 2828 2830 tempore.
2862 2757 3089 2828 inquies,
3120 2759 3364 2830 Pelagius
3393 2775 3548 2829 repe-

1974 2825 2111 2879 ritur
2134 2825 2367 2881 mutasse
2392 2825 2746 2882 sententiam?
2776 2825 3139 2897 Tunc'opinor
3164 2825 3283 2884 cuiu
3318 2833 3368 2885 in
3397 2825 3548 2884 Dios-

1980 2897 2209 2964 politana
2248 2900 2452 2967 synodo
2499 2899 2766 2967 objectutn
2795 2910 2878 2953 est
2923 2901 3064 2967 quod
3105 2901 3333 2963 diceret,
3385 2902 3548 2953 homi-

1975 2982 2088 3019 nem
2116 2984 2261 3037 posse
2283 2985 2391 3021 esse
2416 2969 2523 3021 sine
2552 2978 2776 3035 peccato,
2804 2982 2849 3022 et
2878 2969 2973 3022 Dei
2998 2973 3240 3023 mandata
3265 2973 3547 3033 observare,

1974 3037 2020 3111 s_i
2047 3040 2193 3111 velit;
2226 3038 2668 3111 resposndit_enim
2698 3041 2748 3093 in
2782 3040 2892 3093 haec
2924 3043 3081 3094 verba
3126 3040 3269 3111 (Lib.
3306 3043 3370 3096 de
3410 3041 3546 3096 Gest.

1982 3106 2188 3160 Palam.
2219 3125 2334 3177 cap.
2368 3108 2422 3177 6)
2450 3123 2465 3160 :
2494 3108 2652 3162 Posse
2676 3112 2877 3177 quidem
2903 3106 3152 3163 hominem
3177 3130 3280 3165 esse
3300 3115 3407 3165 sine
3433 3129 3548 3175 pec-

291 3176 642 3251 intelligeret',
673 3182 722 3235 id
754 3193 857 3243 est,
884 3181 1029 3251 velut
1051 3178 1228 3231 divina
1257 3177 1498 3251 quaedam
1525 3177 1687 3251 dona,
1716 3188 1874 3248 atque
1898 3183 1944 3244 C
1976 3185 2111 3251 cato,
2137 3188 2182 3229 et
2212 3176 2571 3251 Deimandata
2594 3176 2862 3251 custodire,
2894 3182 2938 3232 si
2964 3181 3100 3242 velit,
3128 3181 3391 3243 diximus;
3416 3182 3547 3236 lianc

290 3246 499 3307 auxilia
531 3264 731 3306 natura:
772 3266 864 3319 per
900 3264 959 3301 se
1001 3249 1280 3314 impotenti
1308 3246 1541 3319 addita;
1590 3248 1683 3319 sed
1728 3246 1873 3304 aliud

293 3325 436 3376 nihil
466 3338 586 3377 esse
616 3316 795 3382 vellet,
827 3327 1020 3389 praeter
1046 3318 1274 3370 nativam
1306 3316 1459 3389 liberi
1488 3318 1693 3389 arbitrii
1726 3330 1876 3386 pote-

289 3404 517 3457 statem,
545 3393 659 3459 lege
684 3390 943 3456 adjutam,
967 3399 1019 3442 et
1042 3390 1219 3459 favore
1240 3388 1469 3454 quodam
1494 3388 1582 3440 Dei
1606 3397 1869 3445 ornatam.

368 3456 544 3516 Error
567 3456 725 3529 igitur
752 3462 947 3529 Pelagii
976 3460 1108 3512 duas
1138 3456 1322 3510 habuit
1353 3466 1569 3529 partes:
1612 3460 1833 3529 alteram
1856 3501 1870 3525 ,

289 3534 441 3603 quod
466 3528 625 3585 homo
649 3533 815 3603 possit
836 3528 958 3603 esse
979 3530 1095 3603 sine
1115 3538 1355 3597 peceato,
1376 3528 1417 3578 si
1442 3528 1595 3603 velit;
1622 3528 1867 3603 alteram,

288 3596 436 3670 quod
465 3602 515 3656 id
542 3596 662 3655 sine
687 3601 780 3653 Dei
802 3600 965 3668 gratia
990 3596 1211 3666 suisQue
1235 3608 1435 3670 natura;
1460 3596 1655 3650 viribus
1678 3596 1867 3653 valeat.

291 3669 524 3741 Propter
566 3671 709 3725 illam
753 3670 1031 3741 Joviniano
1078 3670 1381 3741 consensit;
1421 3669 1688 3741 incertum
1711 3674 1871 3741 an‘oh

290 3736 456 3798 istain
489 3756 735 3812 queque,
785 3756 906 3794 cum
947 3738 1212 3795 Joviniani
1254 3750 1407 3791 mens
1449 3736 1517 3791 de
1557 3739 1723 3804 gratia
1773 3739 1869 3795 Dei

290 3817 478 3870 lateat.

363 3884 517 3940 Justa
549 3888 707 3956 igitur
735 3882 801 3956 de
829 3894 985 3935 causa
1018 3878 1259 3956 Pelagius
1288 3876 1489 3956 iisdem
1532 3889 1753 3956 pressus
1786 3888 1869 3956 est

288 3947 624 4025 argumentis
650 3955 715 4008 ab
745 3952 1066 4025 Hieronymo
1095 3953 1144 4002 in
1187 3948 1453 4025 Dialogis,
1487 3947 1679 4025 quibus
1718 3949 1867 4025 Jovi-

291 4019 486 4079 nianus
509 4032 557 4079 iii
583 4028 717 4080 libro
740 4019 995 4084 secundo,
1020 4035 1139 4072 cum
1172 4019 1313 4085 paria
1339 4027 1559 4083 uterque
1588 4020 1867 4073 litereticus

288 4098 539 4151 sentiret.
572 4097 756 4150 Merito
785 4105 995 4165 quoque
1024 4090 1264 4165 Pelagius
1290 4101 1411 4141 reus
1440 4088 1715 4165 societatis
1744 4103 1864 4143 cum

288 4167 577 4221 Joviniano
602 4157 849 4233 peractus
881 4157 982 4222 est,
1014 4161 1078 4211 ali
1108 4160 1307 4224 inclyto
1336 4157 1860 4233 gratipdefi-nsore;

289 4250 398 4291 nec
429 4238 532 4290 vim
557 4230 756 4292 Cra-ca:
784 4236 926 4285 \'ocis
956 4233 1304 4302 ἀναμάρτητος
1343 4230 1596 4289 nescivit,
1640 4230 1721 4282 vir
1751 4230 1863 4302 lin-

286 4322 515 4375 gnarum
550 4306 738 4373 peritia
770 4304 968 4356 nemini
1000 4299 1209 4375 lfatr'tnn
1235 4302 1516 4375 secundus.
1550 4299 1862 4375 Atquednec

286 4368 418 4446 apta
447 4368 613 4431 videri
645 4384 817 4444 potest
843 4372 1151 4446 quaestionis
1179 4368 1393 4431 solutio,
1428 4370 1469 4446 si
1511 4370 1668 4421 modo
1711 4369 1859 4423 Jovi-

286 4438 488 4502 nianiis
521 4450 586 4500 ita
621 4438 1130 4500 sensisse'credatur
1154 4448 1312 4507 atque
1339 4438 1642 4505 conjectum
1675 4450 1775 4491 est.

364 4519 431 4570 At
461 4520 503 4571 si
533 4516 673 4570 aliud
702 4512 1158 4583 itnpeccabilitalis
1186 4522 1352 4578 genus
1390 4512 1564 4576 reipsa
1613 4510 1817 4583 induxi
1841 4552 1853 4572 ,

284 4587 590 4656 cujusmodi
622 4582 824 4640 scilicet
853 4584 1085 4656 lneretiei
1111 4592 1303 4634 nostra:
1326 4587 1516 4656 altatis,
1543 4582 1681 4656 quod
1705 4582 1857 4649 longe

286 4652 776 4727 probabilissimuin
804 4698 817 4721 ,
868 4656 951 4707 sin
999 4655 1172 4707 minus
1217 4662 1441 4727 certum,
1476 4652 1731 4727 dicendus
1778 4664 1858 4704 est

289 4722 540 4796 Pelagius
565 4729 877 4779 sententiam
911 4737 1163 4783 mutasse.
1193 4734 1246 4796 et
1278 4724 1462 4796 primis
1486 4722 1694 4796 quidem
1728 4730 1858 4796 tem-

286 4792 552 4866 poribus,
602 4797 1052 4866 quemadnmtlum
1104 4804 1157 4846 et
1203 4792 1525 4866 (imlestius,
1578 4792 1859 4845 .Ioviniano

286 4863 588 4921 adlizesisse
608 4863 635 4931 ς’
671 4876 850 4934 postea
897 4879 1023 4917 vero
1043 4905 1056 4928 ,
1086 4878 1204 4916 cum
1233 4863 1545 4915 invidiosam
1574 4872 1860 4916 cernerent

286 4939 727 5002 consensionem,
760 4937 828 4989 ab
853 4950 917 4989 co
948 4936 1254 4988 recessisse.
1294 4935 1441 4985 Prius
1466 4949 1593 5001 ergo
1617 4946 1860 4987 asserue-

287 5018 419 5059 runt
459 5008 728 5060 hominem
753 5046 768 5071 ,
796 5006 885 5074 qui
914 5005 1229 5073 baptismum
1255 5018 1378 5056 vere
1409 5004 1722 5074 susceperit,
1756 5005 1856 5071 iam

291 5092 400 5131 non
429 5092 587 5145 posse
619 5072 861 5144 peccare,
885 5072 1110 5143 eamque
1135 5076 1479 5145 assertionem
1506 5072 1619 5145 ipse
1645 5076 1858 5145 quidem

292 5143 537 5213 Pelagius
587 5143 640 5199 iu
690 5146 1112 5214 expositionibus
1160 5143 1432 5207 Paulinis,
1481 5143 1764 5197 leestius
1808 5149 1859 5197 in

288 5218 432 5270 libro
460 5213 822 5283 Capitulorum
868 5215 1115 5274 tradidit;
1161 5213 1409 5266 dixerunt
1455 5224 1673 5281 postea,
1721 5216 1861 5283 quod

289 5297 345 5340 et
372 5285 612 5340 Julianus
642 5286 731 5356 (In
761 5286 931 5339 libello
959 5297 1064 5337 suis
1086 5284 1203 5351 ﬁdei
1212 5292 1248 5349 ),
1281 5285 1548 5356 hominem
1584 5297 1701 5349 post
1738 5287 1864 5353 bap-

290 5358 508 5411 tismum
536 5353 693 5424 posse
727 5371 832 5410 non
862 5370 1102 5419 peccare,
1131 5369 1238 5421 quo
1277 5353 1420 5406 dicto
1457 5354 1860 5420 impeceantinm

289 5426 557 5481 Joviniani
588 5427 858 5480 duriorem
889 5440 981 5493 per
1027 5440 1085 5478 se
1128 5424 1453 5489 nimiumque
1492 5424 1859 5480 admirabilem

289 5497 621 5561 mollierunt,
649 5497 1150 5562 credibilioremque
1178 5497 1434 5546 iecerunt.

365 5567 600 5621 Priorem
633 5568 950 5621 sententiam
980 5566 1177 5633 legerat
1210 5562 1562 5634 Hieronymus
1594 5565 1644 5617 in
1686 5566 1865 5633 operi-

294 5636 392 5690 lms
435 5638 639 5706 Pelagii
671 5634 1153 5706 C(elestiiquesibi
1197 5634 1356 5694 notis,
1383 5644 1540 5706 atque
1577 5636 1643 5687 ita
1677 5638 1863 5689 merito

297 5703 580 5777 Pelagium
608 5708 887 5762 Joviniano
932 5703 1177 5777 addidit;
1226 5703 1571 5777 posteriorem
1618 5708 1863 5759 viderunt

293 5773 633 5834 accuSatores
676 5776 988 5848 llicronytni
1034 5777 1086 5831 in
1132 5776 1325 5832 libellis
1364 5773 1484 5827 tidei
1512 5774 1579 5829 ab
1612 5778 1862 5832 htcrctico

1976 3248 2107 3300 enim
2137 3248 2520 3314 possibilitatem
2550 3250 2684 3301 Deus
2710 3250 2784 3302 illi
2810 3251 2976 3316 dedit;
3006 3268 3102 3303 non
3130 3262 3298 3304 autem
3324 3258 3547 3307 diximus

1974 3318 2111 3384 quod
2138 3320 2420 3370 inveniatur
2442 3321 2628 3389 aliquis
2658 3321 2719 3372 ab
2743 3322 2961 3390 infantia
2992 3337 3146 3389 usque
3171 3322 3238 3374 ad
3271 3336 3541 3389 senectam,

1972 3389 2061 3457 qui
2083 3404 2353 3456 numquam
2384 3394 2659 3460 peccaverit
2678 3394 2809 3461 ;7sed
2835 3392 3070 3458 quoniam
3110 3408 3141 3443 a
3169 3395 3385 3461 peccatis
3424 3410 3546 3448 cort-

1974 3474 2163 3524 versus,
2187 3462 2392 3534 praprio
2418 3461 2588 3515 labore
2612 3470 2657 3513 et
2685 3460 2781 3514 Dei
2803 3462 2967 3533 gratia
2988 3466 3145 3532 possit
3168 3479 3275 3516 esse
3299 3466 3410 3516 sine
3429 3480 3545 3534 prc-

1972 3537 2109 3601 cato,
2140 3548 2228 3582 nec
2253 3546 2341 3595 per
2370 3533 2463 3584 hoc
2488 3542 2653 3585 tamen
2680 3534 2733 3585 in
2761 3544 3017 3601 posterunt
3042 3533 3447 3588 inconvertibilis.

2046 3599 2226 3673 Vides,
2256 3603 2441 3664 lector,
2468 3599 2891 3656 consentientem
2922 3619 3106 3658 rursus
3128 3605 3396 3673 Pelagium
3419 3621 3538 3657 cum

1970 3666 2401 3742 Joviniano‘suas
2434 3674 2661 3737 virgines
2690 3688 2719 3725 a
2746 3686 2930 3727 sineto
2959 3676 3229 3742 proposito
3256 3666 3333 3728 ad
3380 3677 3538 3729 vitam

1972 3739 2231 3807 impuram
2260 3739 2522 3805 hortante,
2560 3756 2653 3807 spe
2679 3746 2845 3795 venite
2878 3739 2972 3809 per
3004 3739 3366 3809 paenitentiam
3406 3762 3537 3797 con-

1969 3811 2256 3877 sequendte
2284 3820 2336 3863 et
2366 3811 2621 3865 redeundi
2649 3813 2713 3864 ad
2745 3814 3099 3879 integritatem
3129 3816 3343 3866 mentis.
3382 3815 3539 3868 \‘ides

1970 3887 2168 3946 pariter
2188 3882 2594 3935 consensionem
2617 3882 2827 3946 quidem
2859 3882 3021 3937 fuis-e
3040 3881 3377 3937 Iovinianum
3400 3883 3540 3938 inter

1968 3956 2022 4027 et
2061 3949 2323 4027 Pelagium
2367 3953 2432 4004 de
2472 3955 2849 4027 ἀναμᾳρτηᾳίᾳ,
2876 3966 2976 4027 qua
3006 3962 3153 4027 parte
3185 3963 3337 4007 nocet
3360 3955 3536 4027 stiteri-

1967 4020 2086 4086 bus,
2120 4019 2490 4089 licentiamque
2521 4019 2785 4077 tacit'viris
2806 4019 3123 4077 'tatnilia‘rius
3148 4023 3391 4076 versandi
3414 4036 3533 4075 cum

1965 4090 2210 4158 gregibus
2255 4092 2574 4156 mulierum;
2627 4109 2728 4146 non
2782 4094 2943 4148 fuisse
2986 4100 3159 4147 tamen
3210 4093 3278 4146 de
3325 4094 3536 4146 cancris

1964 4162 2319 4229 dogmatibus,
2345 4164 2457 4215 sive
2488 4178 2603 4229 qusi:
2634 4164 2696 4216 atl
2727 4165 2995 4216 traducem
3030 4165 3247 4227 peccati,
3279 4162 3392 4217 sive
3413 4176 3534 4228 quin

1962 4230 2027 4284 ad
2055 4232 2431 4299 consequentia
2460 4234 2561 4286 alia
2597 4235 2954 4301 pertinerent;
2980 4244 3136 4301 atque
3176 4236 3244 4287 ita
3280 4232 3533 4299 intelligis

1960 4302 2340 4373 Hieronymum
2369 4302 2643 4356 Mercatori
2674 4303 2741 4357 de
2764 4304 2953 4373 primis
2977 4305 3285 4360 auctoribus
3311 4304 3533 4358 haeresis

1962 4372 1998 4424 P
2037 4372 2258 4441 lagiana:
2287 4388 2391 4425 non
2424 4386 2706 4442 pugnasse.

2550 4460 2776 4517 CAPUT
2820 4460 2929 4517 VII.

1887 4546 1936 4605 D
1963 4552 2249 4622 lnquiritur
2278 4555 2331 4606 in
2356 4569 2527 4607 versus
2559 4553 2808 4623 quosdam
2836 4552 3092 4623 Prospero
3116 4553 3326 4606 tributos
3356 4554 3419 4608 de
3445 4572 3528 4609 so-

2137 4628 2313 4677 cietate
2331 4624 2537 4677 Itazresis
2562 4624 2858 4693 Pelagiana:
2884 4640 2999 4676 cum
3018 4623 3348 4677 Nestoriana.

2038 4719 2411 4785 Pervulgatum
2433 4724 2515 4770 est
2541 4716 2664 4768 illud
2696 4716 2917 4768 haeresis
2938 4714 3270 4785 Nesmriana:
3293 4724 3347 4766 et
3377 4713 3528 4768 Pela-

1963 4793 2136 4863 giana;
2156 4784 2503 4863 epitaphium,
2537 4787 2677 4863 q_nod
2709 4784 2978 4863 communi
3021 4784 3307 4863 utriusque
3322 4786 3527 4863 tumulo

1965 4854 2277 4927 inscriptum
2307 4860 2474 4927 fertur
2500 4872 2526 4905 a
2558 4856 2855 4927 Prospero;
2884 4864 2936 4908 et
2967 4856 3017 4927 in
3043 4869 3147 4921 quo
3169 4854 3349 4927 simile
3371 4855 3526 4927 quid-

1965 4936 2087 4987 dam
2135 4924 2414 4996 tenigmati
2460 4926 2685 4994 legitur,
2715 4926 2957 4996 alteram
3008 4925 3251 4996 haeresim
3302 4924 3525 4996 altorins

1966 5005 2132 5058 fuisse
2166 4994 2387 5053 mairem
2418 4998 2574 5050 simul
2615 5006 2668 5051 et
2701 4994 2883 5048 tiliam.
2926 4995 3125 5047 Dicitur
3163 4998 3303 5046 enim
3338 4994 3524 5048 Nesto-

1966 5074 2113 5128 riana
2160 5070 2454 5135 Pelagiana:
2493 5074 2668 5119 ortum
2719 5066 2958 5127 dedisse,
3001 5076 3052 5117 et
3098 5078 3255 5128 queat
3302 5063 3524 5135 dederat

1965 5154 2170 5205 ortum,
2206 5134 2360 5194 abea
2386 5139 2623 5192 vicissim
2662 5137 2935 5201 recepisse
2972 5151 2984 5185 :
3020 5147 3139 5187 nam
3172 5150 3291 5186 cum
3334 5134 3522 5187 Nesto-

1966 5214 2115 5268 riana
2142 5214 2422 5266 Dominum
2449 5206 2631 5261 Jesum
2663 5208 2961 5267 docuisset,
2996 5214 3052 5256 ut
3078 5205 3524 5274 qttidemividetur

1968 5297 2170 5354 poetae,
2228 5292 2435 5333 natura:
2485 5278 2690 5354 meritis
2746 5273 3233 5354 dignitatem,qua
3280 5273 3523 5354 Christus

1964 5344 2129 5420 esset,
2153 5344 2495 5406 consecutum
2520 5345 2716 5401 fuisse:
2747 5345 3027 5413 Pelagiana
3052 5344 3213 5397 multo
3249 5352 3366 5411 post
3392 5354 3525 5398 tein-

1966 5439 2119 5491 pore,
2146 5426 2291 5475 velut
2316 5420 2438 5491 hinc
2463 5432 2727 5491 enascens
2746 5456 2759 5478 ,
2790 5428 3038 5491 asserere
3061 5428 3185 5467 ansa
3213 5424 3315 5491 est,
3347 5430 3525 5483 singu-

1966 5483 2044 5546 los
2086 5483 2328 5545 homines
2378 5487 2566 5541 iisdem
2618 5496 2821 5539 natura:
2866 5483 3071 5537 meritis
3114 5484 3370 5552 gratiam,
3421 5499 3524 5551 qua

1964 5564 2089 5617 [iant
2136 5562 2228 5614 lilii
2274 5558 2397 5619 Dei,
2442 5557 2710 5625 accipere.
2747 5557 2875 5620 Qua:
2903 5568 3025 5607 cum
3062 5555 3289 5625 assertio
3329 5554 3525 5625 invale-

1961 5642 2176 5698 sceret,
2223 5622 2813 5698 Nestoriana'hteresis
2860 5637 3018 5698 pene
3043 5622 3199 5677 annis
3248 5622 3522 5698 confecta,

1963 5714 2123 5771 atque
2165 5691 2443 5771 emortua,
2472 5698 2651 5771 ca;_pit_
2682 5694 2804 5771 inde
2852 5691 3211 5771 reviviscere,
3255 5692 3524 5771 atque‘ita

1963 5760 2134 5841 error,
2159 5772 2250 5841 qui
2275 5786 2303 5823 a
2328 5769 2503 5837 capite
2528 5760 2741 5821 Christo
2771 5765 2822 5818 in
2846 5763 3103 5829 membra,
3130 5760 3181 5817 id
3214 5770 3316 5825 est,
3348 5761 3399 5813 in
3425 5763 3521 5813 liu-
