  <div class='ocr_page' id='page_1' title='image "/cluster/home/n/w/nwhite01/storage/ocr_20150623/48/hvd.32044096580691/353.png"; bbox 0 0 3958 6178; ppageno 0'>
   <div class='ocr_carea' id='block_1_1' title="bbox 344 255 3602 342">
    <p class='ocr_par' dir='ltr' id='par_1_1' title="bbox 344 255 3602 342">
     <span class='ocr_line' id='line_1_1' title="bbox 344 255 3602 342; baseline -0.003 0"><span class='ocrx_word' id='word_1_1' title='bbox 344 286 448 342; x_wconf 72' lang='lat'><strong>695</strong></span> <span class='ocrx_word' id='word_1_2' title='bbox 801 280 894 335; x_wconf 71' lang='lat' dir='ltr'><strong>an</strong></span> <span class='ocrx_word' id='word_1_3' title='bbox 921 279 1200 336; x_wconf 68' lang='lat' dir='ltr'><strong>murem</strong></span> <span class='ocrx_word' id='word_1_4' title='bbox 1233 278 1494 334; x_wconf 46' lang='lat' dir='ltr'><strong>primatu</strong></span> <span class='ocrx_word' id='word_1_5' title='bbox 1523 274 1804 331; x_wconf 80' lang='lat' dir='ltr'><strong>OPERUM</strong></span> <span class='ocrx_word' id='word_1_6' title='bbox 1834 274 1904 328; x_wconf 69' lang='grc' dir='ltr'>ιι.</span> <span class='ocrx_word' id='word_1_7' title='bbox 1936 275 2381 332; x_wconf 75' lang='lat' dir='ltr'><strong>MLRCATURIS</strong></span> <span class='ocrx_word' id='word_1_8' title='bbox 2411 275 2754 331; x_wconf 69' lang='lat' dir='ltr'><strong>APPENDIX</strong></span> <span class='ocrx_word' id='word_1_9' title='bbox 2786 255 3128 334; x_wconf 72' lang='lat' dir='ltr'><strong>secuuna.</strong></span> <span class='ocrx_word' id='word_1_10' title='bbox 3499 275 3602 333; x_wconf 78' lang='lat'><strong>696</strong></span> 
     </span>
    </p>
   </div>
   <div class='ocr_carea' id='block_1_2' title="bbox 346 389 3598 467">
    <p class='ocr_par' dir='ltr' id='par_1_2' title="bbox 346 389 3598 467">
     <span class='ocr_line' id='line_1_2' title="bbox 346 389 3598 467; baseline -0.002 -12"><span class='ocrx_word' id='word_1_11' title='bbox 346 402 539 467; x_wconf 83' lang='lat' dir='ltr'><strong>mines,</strong></span> <span class='ocrx_word' id='word_1_12' title='bbox 569 397 899 459; x_wconf 75' lang='lat' dir='ltr'><strong>deﬂuxerat,</strong></span> <span class='ocrx_word' id='word_1_13' title='bbox 931 410 962 448; x_wconf 87' lang='lat' dir='ltr'><strong>a</strong></span> <span class='ocrx_word' id='word_1_14' title='bbox 993 393 1254 467; x_wconf 79' lang='lat' dir='ltr'><strong>membris</strong></span> <span class='ocrx_word' id='word_1_15' title='bbox 1280 392 1627 467; x_wconf 79' lang='lat' dir='ltr'><strong>postmodum</strong></span> <span class='ocrx_word' id='word_1_16' title='bbox 1661 391 1726 444; x_wconf 88' lang='lat' dir='ltr'><strong>ad</strong></span> <span class='ocrx_word' id='word_1_17' title='bbox 1757 400 1918 467; x_wconf 84' lang='lat' dir='ltr'><strong>eaput</strong></span> <span class='ocrx_word' id='word_1_18' title='bbox 1948 398 2000 455; x_wconf 77' lang='grc' dir='ltr'>Α</span> <span class='ocrx_word' id='word_1_19' title='bbox 2030 461 2078 467; x_wconf 97' lang='lat'>_</span> <span class='ocrx_word' id='word_1_20' title='bbox 2099 390 2291 467; x_wconf 79' lang='lat' dir='ltr'><strong>Docuit</strong></span> <span class='ocrx_word' id='word_1_21' title='bbox 2316 389 2576 467; x_wconf 63' lang='lat' dir='ltr'><strong>Photinus</strong></span> <span class='ocrx_word' id='word_1_22' title='bbox 2597 401 2793 467; x_wconf 76' lang='lat' dir='ltr'><strong>quarto</strong></span> <span class='ocrx_word' id='word_1_23' title='bbox 2821 391 3042 467; x_wconf 69' lang='lat' dir='ltr'><strong>smciilo,</strong></span> <span class='ocrx_word' id='word_1_24' title='bbox 3071 401 3253 467; x_wconf 85' lang='lat' dir='ltr'><strong>natum</strong></span> <span class='ocrx_word' id='word_1_25' title='bbox 3282 393 3498 467; x_wconf 80' lang='lat' dir='ltr'><strong>quidem</strong></span> <span class='ocrx_word' id='word_1_26' title='bbox 3531 409 3598 448; x_wconf 78' lang='lat' dir='ltr'><strong>ex</strong></span> 
     </span>
    </p>
   </div>
   <div class='ocr_carea' id='block_1_3' title="bbox 347 461 1917 539">
    <p class='ocr_par' dir='ltr' id='par_1_3' title="bbox 347 461 1917 539">
     <span class='ocr_line' id='line_1_3' title="bbox 347 461 1917 539; baseline -0.005 -17"><span class='ocrx_word' id='word_1_27' title='bbox 347 473 496 539; x_wconf 80' lang='lat' dir='ltr'><strong>quasi</strong></span> <span class='ocrx_word' id='word_1_28' title='bbox 520 461 677 539; x_wconf 81' lang='lat' dir='ltr'><strong>rediit</strong></span> <span class='ocrx_word' id='word_1_29' title='bbox 703 485 716 520; x_wconf 89' lang='lat'><strong>:</strong></span> <span class='ocrx_word' id='word_1_30' title='bbox 739 466 877 533; x_wconf 84' lang='lat' dir='ltr'><strong>quod</strong></span> <span class='ocrx_word' id='word_1_31' title='bbox 916 465 1065 518; x_wconf 91' lang='lat' dir='ltr'><strong>canit</strong></span> <span class='ocrx_word' id='word_1_32' title='bbox 1093 461 1350 533; x_wconf 87' lang='lat' dir='ltr'><strong>epitaphii</strong></span> <span class='ocrx_word' id='word_1_33' title='bbox 1382 465 1654 532; x_wconf 84' lang='lat' dir='ltr'><strong>scriptor;</strong></span> <span class='ocrx_word' id='word_1_34' title='bbox 1695 461 1788 516; x_wconf 87' lang='lat' dir='ltr'><strong>sed</strong></span> <span class='ocrx_word' id='word_1_35' title='bbox 1819 477 1917 515; x_wconf 85' lang='lat' dir='ltr'><strong>au-</strong></span> 
     </span>
    </p>
   </div>
   <div class='ocr_carea' id='block_1_4' title="bbox 349 538 846 606">
    <p class='ocr_par' dir='ltr' id='par_1_4' title="bbox 349 538 846 606">
     <span class='ocr_line' id='line_1_4' title="bbox 349 538 846 606; baseline -0.012 -12"><span class='ocrx_word' id='word_1_36' title='bbox 349 538 573 596; x_wconf 88' lang='lat' dir='ltr'><strong>diendus</strong></span> <span class='ocrx_word' id='word_1_37' title='bbox 600 538 717 606; x_wconf 90' lang='lat' dir='ltr'><strong>ipse</strong></span> <span class='ocrx_word' id='word_1_38' title='bbox 743 549 846 589; x_wconf 80' lang='lat' dir='ltr'><strong>eSI.</strong></span> 
     </span>
    </p>
   </div>
   <div class='ocr_carea' id='block_1_5' title="bbox 444 666 1432 728">
    <p class='ocr_par' dir='ltr' id='par_1_5' title="bbox 444 666 1432 728">
     <span class='ocr_line' id='line_1_5' title="bbox 444 666 1432 728; baseline -0.003 -11"><span class='ocrx_word' id='word_1_39' title='bbox 444 667 730 722; x_wconf 83' lang='lat' dir='ltr'><strong>Nestoriana</strong></span> <span class='ocrx_word' id='word_1_40' title='bbox 758 667 868 715; x_wconf 88' lang='lat' dir='ltr'><strong>lues</strong></span> <span class='ocrx_word' id='word_1_41' title='bbox 889 668 1106 716; x_wconf 85' lang='lat' dir='ltr'><strong>successi</strong></span> <span class='ocrx_word' id='word_1_42' title='bbox 1135 666 1432 728; x_wconf 65' lang='lat' dir='ltr'><strong>Pelagianae,</strong></span> 
     </span>
    </p>
   </div>
   <div class='ocr_carea' id='block_1_6' title="bbox 502 732 1558 789">
    <p class='ocr_par' dir='ltr' id='par_1_6' title="bbox 502 732 1558 789">
     <span class='ocr_line' id='line_1_6' title="bbox 502 732 1558 789; baseline 0 -14"><span class='ocrx_word' id='word_1_43' title='bbox 502 732 619 788; x_wconf 68' lang='lat' dir='ltr'><strong>Quae</strong></span> <span class='ocrx_word' id='word_1_44' title='bbox 641 738 800 777; x_wconf 85' lang='lat' dir='ltr'><strong>tamen</strong></span> <span class='ocrx_word' id='word_1_45' title='bbox 824 736 898 776; x_wconf 88' lang='lat' dir='ltr'><strong>est</strong></span> <span class='ocrx_word' id='word_1_46' title='bbox 921 735 1062 776; x_wconf 83' lang='lat' dir='ltr'><strong>utero</strong></span> <span class='ocrx_word' id='word_1_47' title='bbox 1088 735 1410 789; x_wconf 73' lang='lat' dir='ltr'><strong>progenerata</strong></span> <span class='ocrx_word' id='word_1_48' title='bbox 1431 740 1558 777; x_wconf 88' lang='lat' dir='ltr'><strong>meo.</strong></span> 
     </span>
    </p>
   </div>
   <div class='ocr_carea' id='block_1_7' title="bbox 445 791 1436 849">
    <p class='ocr_par' dir='ltr' id='par_1_7' title="bbox 445 791 1436 849">
     <span class='ocr_line' id='line_1_7' title="bbox 445 791 1436 849; baseline -0.003 -8"><span class='ocrx_word' id='word_1_49' title='bbox 445 791 616 843; x_wconf 77' lang='lat' dir='ltr'><strong>Infelix</strong></span> <span class='ocrx_word' id='word_1_50' title='bbox 642 793 833 838; x_wconf 78' lang='lat' dir='ltr'><strong>miserae</strong></span> <span class='ocrx_word' id='word_1_51' title='bbox 858 792 1071 849; x_wconf 77' lang='lat' dir='ltr'><strong>genitrix</strong></span> <span class='ocrx_word' id='word_1_52' title='bbox 1099 796 1151 837; x_wconf 93' lang='lat' dir='ltr'><strong>et</strong></span> <span class='ocrx_word' id='word_1_53' title='bbox 1173 791 1267 835; x_wconf 82' lang='lat' dir='ltr'><strong>tilia</strong></span> <span class='ocrx_word' id='word_1_54' title='bbox 1295 798 1436 848; x_wconf 60' lang='lat' dir='ltr'><strong>nales,</strong></span> 
     </span>
    </p>
   </div>
   <div class='ocr_carea' id='block_1_8' title="bbox 500 849 1532 911">
    <p class='ocr_par' dir='ltr' id='par_1_8' title="bbox 500 849 1532 911">
     <span class='ocr_line' id='line_1_8' title="bbox 500 849 1532 911; baseline -0.004 -11"><span class='ocrx_word' id='word_1_55' title='bbox 500 853 693 900; x_wconf 83' lang='lat' dir='ltr'><strong>Prodivi</strong></span> <span class='ocrx_word' id='word_1_56' title='bbox 722 865 782 900; x_wconf 79' lang='lat' dir='ltr'><strong>ex</strong></span> <span class='ocrx_word' id='word_1_57' title='bbox 810 852 912 908; x_wconf 86' lang='lat' dir='ltr'><strong>ipso</strong></span> <span class='ocrx_word' id='word_1_58' title='bbox 937 851 1159 911; x_wconf 88' lang='lat' dir='ltr'><strong>germine</strong></span> <span class='ocrx_word' id='word_1_59' title='bbox 1191 849 1317 911; x_wconf 88' lang='lat' dir='ltr'><strong>quod</strong></span> <span class='ocrx_word' id='word_1_60' title='bbox 1344 852 1532 910; x_wconf 86' lang='lat' dir='ltr'><strong>peperi.</strong></span> 
     </span>
    </p>
   </div>
   <div class='ocr_carea' id='block_1_9' title="bbox 438 911 1742 973">
    <p class='ocr_par' dir='ltr' id='par_1_9' title="bbox 438 911 1742 973">
     <span class='ocr_line' id='line_1_9' title="bbox 438 911 1742 973; baseline -0.002 -14"><span class='ocrx_word' id='word_1_61' title='bbox 438 914 558 964; x_wconf 84' lang='lat' dir='ltr'><strong>Nam</strong></span> <span class='ocrx_word' id='word_1_62' title='bbox 579 912 781 960; x_wconf 80' lang='lat' dir='ltr'><strong>fundare</strong></span> <span class='ocrx_word' id='word_1_63' title='bbox 803 925 964 960; x_wconf 83' lang='lat' dir='ltr'><strong>arcem</strong></span> <span class='ocrx_word' id='word_1_64' title='bbox 988 913 1177 960; x_wconf 88' lang='lat' dir='ltr'><strong>meritis</strong></span> <span class='ocrx_word' id='word_1_65' title='bbox 1202 913 1331 973; x_wconf 91' lang='lat' dir='ltr'><strong>prior</strong></span> <span class='ocrx_word' id='word_1_66' title='bbox 1357 925 1481 973; x_wconf 12' lang='lat' dir='ltr'><strong>orsa,</strong></span> <span class='ocrx_word' id='word_1_67' title='bbox 1499 911 1742 972; x_wconf 78' lang='lat' dir='ltr'><strong>superbis,</strong></span> 
     </span>
    </p>
   </div>
   <div class='ocr_carea' id='block_1_10' title="bbox 507 971 1559 1034">
    <p class='ocr_par' dir='ltr' id='par_1_10' title="bbox 507 971 1559 1034">
     <span class='ocr_line' id='line_1_10' title="bbox 507 971 1559 1034; baseline -0.006 -10"><span class='ocrx_word' id='word_1_68' title='bbox 507 976 579 1024; x_wconf 90' lang='lat' dir='ltr'><strong>De</strong></span> <span class='ocrx_word' id='word_1_69' title='bbox 602 978 764 1034; x_wconf 79' lang='lat' dir='ltr'><strong>capite</strong></span> <span class='ocrx_word' id='word_1_70' title='bbox 787 973 843 1018; x_wconf 89' lang='lat' dir='ltr'><strong>ad</strong></span> <span class='ocrx_word' id='word_1_71' title='bbox 864 984 1040 1034; x_wconf 86' lang='lat' dir='ltr'><strong>corpus</strong></span> <span class='ocrx_word' id='word_1_72' title='bbox 1058 971 1241 1020; x_wconf 81' lang='lat' dir='ltr'><strong>ducere</strong></span> <span class='ocrx_word' id='word_1_73' title='bbox 1265 984 1385 1031; x_wconf 83' lang='lat' dir='ltr'><strong>Opus</strong></span> <span class='ocrx_word' id='word_1_74' title='bbox 1414 971 1559 1019; x_wconf 90' lang='lat' dir='ltr'><strong>volui.</strong></span> 
     </span>
    </p>
   </div>
   <div class='ocr_carea' id='block_1_11' title="bbox 448 1031 1746 1092">
    <p class='ocr_par' dir='ltr' id='par_1_11' title="bbox 448 1031 1746 1092">
     <span class='ocr_line' id='line_1_11' title="bbox 448 1031 1746 1092; baseline -0.006 -6"><span class='ocrx_word' id='word_1_75' title='bbox 448 1036 547 1087; x_wconf 74' lang='lat' dir='ltr'><strong>Sed</strong></span> <span class='ocrx_word' id='word_1_76' title='bbox 570 1031 679 1082; x_wconf 81' lang='lat' dir='ltr'><strong>mea</strong></span> <span class='ocrx_word' id='word_1_77' title='bbox 701 1035 813 1081; x_wconf 91' lang='lat' dir='ltr'><strong>dum</strong></span> <span class='ocrx_word' id='word_1_78' title='bbox 839 1031 1000 1092; x_wconf 82' lang='lat' dir='ltr'><strong>proles</strong></span> <span class='ocrx_word' id='word_1_79' title='bbox 1025 1036 1069 1080; x_wconf 93' lang='lat' dir='ltr'><strong>in</strong></span> <span class='ocrx_word' id='word_1_80' title='bbox 1093 1046 1277 1080; x_wconf 87' lang='lat' dir='ltr'><strong>summa</strong></span> <span class='ocrx_word' id='word_1_81' title='bbox 1302 1040 1512 1080; x_wconf 80' lang='lat' dir='ltr'><strong>armatur</strong></span> <span class='ocrx_word' id='word_1_82' title='bbox 1539 1032 1600 1080; x_wconf 89' lang='lat' dir='ltr'><strong>ab</strong></span> <span class='ocrx_word' id='word_1_83' title='bbox 1621 1031 1746 1090; x_wconf 81' lang='lat' dir='ltr'><strong>imis,</strong></span> 
     </span>
    </p>
   </div>
   <div class='ocr_carea' id='block_1_12' title="bbox 508 1093 1531 1156">
    <p class='ocr_par' dir='ltr' id='par_1_12' title="bbox 508 1093 1531 1156">
     <span class='ocr_line' id='line_1_12' title="bbox 508 1093 1531 1156; baseline -0.005 -10"><span class='ocrx_word' id='word_1_84' title='bbox 508 1097 729 1156; x_wconf 83' lang='lat' dir='ltr'><strong>C0ngrua</strong></span> <span class='ocrx_word' id='word_1_85' title='bbox 757 1093 966 1142; x_wconf 80' lang='lat' dir='ltr'><strong>bellandi</strong></span> <span class='ocrx_word' id='word_1_86' title='bbox 990 1101 1208 1153; x_wconf 83' lang='lat' dir='ltr'><strong>tempora</strong></span> <span class='ocrx_word' id='word_1_87' title='bbox 1229 1107 1320 1156; x_wconf 85' lang='lat' dir='ltr'><strong>non</strong></span> <span class='ocrx_word' id='word_1_88' title='bbox 1350 1093 1531 1156; x_wconf 84' lang='lat' dir='ltr'><strong>habuit.</strong></span> 
     </span>
    </p>
   </div>
   <div class='ocr_carea' id='block_1_13' title="bbox 447 1154 1626 1216">
    <p class='ocr_par' dir='ltr' id='par_1_13' title="bbox 447 1154 1626 1216">
     <span class='ocr_line' id='line_1_13' title="bbox 447 1154 1626 1216; baseline -0.003 -10"><span class='ocrx_word' id='word_1_89' title='bbox 447 1158 509 1206; x_wconf 78' lang='lat' dir='ltr'><strong>At</strong></span> <span class='ocrx_word' id='word_1_90' title='bbox 526 1154 901 1216; x_wconf 60' lang='lat' dir='ltr'><strong>consanguinea:</strong></span> <span class='ocrx_word' id='word_1_91' title='bbox 917 1163 1022 1215; x_wconf 81' lang='lat' dir='ltr'><strong>post</strong></span> <span class='ocrx_word' id='word_1_92' title='bbox 1039 1156 1189 1216; x_wconf 83' lang='lat' dir='ltr'><strong>tristia</strong></span> <span class='ocrx_word' id='word_1_93' title='bbox 1208 1154 1406 1202; x_wconf 82' lang='lat' dir='ltr'><strong>vulnera</strong></span> <span class='ocrx_word' id='word_1_94' title='bbox 1430 1154 1626 1216; x_wconf 77' lang='lat' dir='ltr'><strong>fraudis,</strong></span> 
     </span>
    </p>
   </div>
   <div class='ocr_carea' id='block_1_14' title="bbox 518 1215 1410 1279">
    <p class='ocr_par' dir='ltr' id='par_1_14' title="bbox 518 1215 1410 1279">
     <span class='ocr_line' id='line_1_14' title="bbox 518 1215 1410 1279; baseline -0.007 -11"><span class='ocrx_word' id='word_1_95' title='bbox 518 1217 700 1279; x_wconf 79' lang='lat' dir='ltr'><strong>Aspera</strong></span> <span class='ocrx_word' id='word_1_96' title='bbox 716 1215 956 1279; x_wconf 79' lang='lat' dir='ltr'><strong>conserui</strong></span> <span class='ocrx_word' id='word_1_97' title='bbox 981 1215 1147 1276; x_wconf 84' lang='lat' dir='ltr'><strong>praelia</strong></span> <span class='ocrx_word' id='word_1_98' title='bbox 1172 1216 1265 1262; x_wconf 80' lang='lat' dir='ltr'><strong>line</strong></span> <span class='ocrx_word' id='word_1_99' title='bbox 1293 1215 1410 1273; x_wconf 89' lang='lat' dir='ltr'><strong>pari.</strong></span> 
     </span>
    </p>
   </div>
   <div class='ocr_carea' id='block_1_15' title="bbox 455 1275 1645 1332">
    <p class='ocr_par' dir='ltr' id='par_1_15' title="bbox 455 1275 1645 1332">
     <span class='ocr_line' id='line_1_15' title="bbox 455 1275 1645 1332; baseline -0.005 -4"><span class='ocrx_word' id='word_1_100' title='bbox 455 1279 533 1328; x_wconf 83' lang='lat' dir='ltr'><strong>Me</strong></span> <span class='ocrx_word' id='word_1_101' title='bbox 558 1275 723 1326; x_wconf 79' lang='lat' dir='ltr'><strong>tamen</strong></span> <span class='ocrx_word' id='word_1_102' title='bbox 748 1289 841 1324; x_wconf 90' lang='lat' dir='ltr'><strong>una</strong></span> <span class='ocrx_word' id='word_1_103' title='bbox 865 1275 1000 1324; x_wconf 89' lang='lat' dir='ltr'><strong>dedit</strong></span> <span class='ocrx_word' id='word_1_104' title='bbox 1024 1280 1197 1324; x_wconf 87' lang='lat' dir='ltr'><strong>victam</strong></span> <span class='ocrx_word' id='word_1_105' title='bbox 1221 1278 1464 1323; x_wconf 84' lang='lat' dir='ltr'><strong>sententia</strong></span> <span class='ocrx_word' id='word_1_106' title='bbox 1488 1275 1645 1332; x_wconf 88' lang='lat' dir='ltr'><strong>letho,</strong></span> 
     </span>
    </p>
   </div>
   <div class='ocr_carea' id='block_1_16' title="bbox 515 1337 1564 1398">
    <p class='ocr_par' dir='ltr' id='par_1_16' title="bbox 515 1337 1564 1398">
     <span class='ocr_line' id='line_1_16' title="bbox 515 1337 1564 1398; baseline -0.006 -10"><span class='ocrx_word' id='word_1_107' title='bbox 515 1338 598 1388; x_wconf 80' lang='lat' dir='ltr'><strong>illa</strong></span> <span class='ocrx_word' id='word_1_108' title='bbox 626 1339 792 1387; x_wconf 84' lang='lat' dir='ltr'><strong>volens</strong></span> <span class='ocrx_word' id='word_1_109' title='bbox 810 1339 987 1385; x_wconf 81' lang='lat' dir='ltr'><strong>iterum</strong></span> <span class='ocrx_word' id='word_1_110' title='bbox 1019 1350 1248 1398; x_wconf 81' lang='lat' dir='ltr'><strong>surgere,</strong></span> <span class='ocrx_word' id='word_1_111' title='bbox 1273 1337 1346 1384; x_wconf 85' lang='lat' dir='ltr'><strong>bis</strong></span> <span class='ocrx_word' id='word_1_112' title='bbox 1369 1338 1564 1384; x_wconf 81' lang='lat' dir='ltr'><strong>cecidit.</strong></span> 
     </span>
    </p>
   </div>
   <div class='ocr_carea' id='block_1_17' title="bbox 452 1394 1935 1459">
    <p class='ocr_par' dir='ltr' id='par_1_17' title="bbox 452 1394 1935 1459">
     <span class='ocr_line' id='line_1_17' title="bbox 452 1394 1935 1459; baseline -0.005 -9"><span class='ocrx_word' id='word_1_113' title='bbox 452 1401 640 1450; x_wconf 85' lang='lat' dir='ltr'><strong>Mecum</strong></span> <span class='ocrx_word' id='word_1_114' title='bbox 666 1401 833 1452; x_wconf 90' lang='lat' dir='ltr'><strong>oritur,</strong></span> <span class='ocrx_word' id='word_1_115' title='bbox 861 1410 1050 1459; x_wconf 87' lang='lat' dir='ltr'><strong>mecum</strong></span> <span class='ocrx_word' id='word_1_116' title='bbox 1077 1394 1298 1456; x_wconf 65' lang='lat' dir='ltr'><strong>moritur,</strong></span> <span class='ocrx_word' id='word_1_117' title='bbox 1331 1409 1623 1459; x_wconf 85' lang='lat' dir='ltr'><strong>mecumque</strong></span> <span class='ocrx_word' id='word_1_118' title='bbox 1657 1394 1935 1457; x_wconf 84' lang='lat' dir='ltr'><strong>sepulcrum</strong></span> 
     </span>
    </p>
   </div>
   <div class='ocr_carea' id='block_1_18' title="bbox 519 1457 1601 1521">
    <p class='ocr_par' dir='ltr' id='par_1_18' title="bbox 519 1457 1601 1521">
     <span class='ocr_line' id='line_1_18' title="bbox 519 1457 1601 1521; baseline 0 -12"><span class='ocrx_word' id='word_1_119' title='bbox 519 1460 689 1521; x_wconf 85' lang='lat' dir='ltr'><strong>Intrat,</strong></span> <span class='ocrx_word' id='word_1_120' title='bbox 720 1466 771 1508; x_wconf 91' lang='lat' dir='ltr'><strong>et</strong></span> <span class='ocrx_word' id='word_1_121' title='bbox 804 1457 981 1507; x_wconf 79' lang='lat' dir='ltr'><strong>inferni</strong></span> <span class='ocrx_word' id='word_1_122' title='bbox 1002 1460 1218 1507; x_wconf 84' lang='lat' dir='ltr'><strong>carceris</strong></span> <span class='ocrx_word' id='word_1_123' title='bbox 1242 1460 1334 1521; x_wconf 82' lang='lat' dir='ltr'><strong>ima</strong></span> <span class='ocrx_word' id='word_1_124' title='bbox 1359 1460 1509 1506; x_wconf 88' lang='lat' dir='ltr'><strong>subit.</strong></span> <span class='ocrx_word' id='word_1_125' title='bbox 1546 1457 1561 1521; x_wconf 58' lang='grc' dir='ltr'><strong>ί</strong></span> <span class='ocrx_word' id='word_1_126' title='bbox 1597 1505 1601 1509; x_wconf 92' lang='grc'>.</span> 
     </span>
    </p>
   </div>
   <div class='ocr_carea' id='block_1_19' title="bbox 454 1519 1588 1582">
    <p class='ocr_par' dir='ltr' id='par_1_19' title="bbox 454 1519 1588 1582">
     <span class='ocr_line' id='line_1_19' title="bbox 454 1519 1588 1582; baseline -0.002 -12"><span class='ocrx_word' id='word_1_127' title='bbox 454 1523 560 1581; x_wconf 87' lang='lat' dir='ltr'><strong>Quo</strong></span> <span class='ocrx_word' id='word_1_128' title='bbox 581 1519 964 1582; x_wconf 56' lang='lat' dir='ltr'><strong>nos&#39;prmcipites</strong></span> <span class='ocrx_word' id='word_1_129' title='bbox 985 1523 1146 1582; x_wconf 87' lang='lat' dir='ltr'><strong>insana</strong></span> <span class='ocrx_word' id='word_1_130' title='bbox 1166 1519 1396 1582; x_wconf 82' lang='lat' dir='ltr'><strong>superbia</strong></span> <span class='ocrx_word' id='word_1_131' title='bbox 1420 1519 1588 1568; x_wconf 77' lang='lat' dir='ltr'><strong>mersit</strong></span> 
     </span>
    </p>
   </div>
   <div class='ocr_carea' id='block_1_20' title="bbox 513 1580 1401 1636">
    <p class='ocr_par' dir='ltr' id='par_1_20' title="bbox 513 1580 1401 1636">
     <span class='ocr_line' id='line_1_20' title="bbox 513 1580 1401 1636; baseline -0.006 -5"><span class='ocrx_word' id='word_1_132' title='bbox 513 1580 699 1632; x_wconf 79' lang='lat' dir='ltr'><strong>Exutas</strong></span> <span class='ocrx_word' id='word_1_133' title='bbox 715 1580 868 1636; x_wconf 88' lang='lat' dir='ltr'><strong>donis,</strong></span> <span class='ocrx_word' id='word_1_134' title='bbox 895 1589 947 1628; x_wconf 88' lang='lat' dir='ltr'><strong>et</strong></span> <span class='ocrx_word' id='word_1_135' title='bbox 970 1581 1175 1629; x_wconf 88' lang='lat' dir='ltr'><strong>tumidas</strong></span> <span class='ocrx_word' id='word_1_136' title='bbox 1195 1581 1401 1628; x_wconf 88' lang='lat' dir='ltr'><strong>meritis.</strong></span> 
     </span>
    </p>
   </div>
   <div class='ocr_carea' id='block_1_21' title="bbox 455 1638 1878 1712">
    <p class='ocr_par' dir='ltr' id='par_1_21' title="bbox 455 1638 1878 1712">
     <span class='ocr_line' id='line_1_21' title="bbox 455 1638 1878 1712; baseline -0.001 -20"><span class='ocrx_word' id='word_1_137' title='bbox 455 1642 574 1712; x_wconf 65' lang='lat' dir='ltr'><strong>Nam</strong></span> <span class='ocrx_word' id='word_1_138' title='bbox 600 1643 838 1712; x_wconf 63' lang='lat' dir='ltr'><strong>Christum</strong></span> <span class='ocrx_word' id='word_1_139' title='bbox 864 1642 1070 1712; x_wconf 68' lang='lat' dir='ltr'><strong>pietate</strong></span> <span class='ocrx_word' id='word_1_140' title='bbox 1087 1654 1289 1712; x_wconf 66' lang='lat' dir='ltr'><strong>operum</strong></span> <span class='ocrx_word' id='word_1_141' title='bbox 1309 1648 1360 1689; x_wconf 91' lang='lat' dir='ltr'><strong>et</strong></span> <span class='ocrx_word' id='word_1_142' title='bbox 1381 1640 1628 1712; x_wconf 77' lang='lat' dir='ltr'><strong>mercede,</strong></span> <span class='ocrx_word' id='word_1_143' title='bbox 1653 1638 1878 1690; x_wconf 88' lang='lat' dir='ltr'><strong>volentes</strong></span> 
     </span>
    </p>
   </div>
   <div class='ocr_carea' id='block_1_22' title="bbox 518 1703 1699 1763">
    <p class='ocr_par' dir='ltr' id='par_1_22' title="bbox 518 1703 1699 1763">
     <span class='ocr_line' id='line_1_22' title="bbox 518 1703 1699 1763; baseline -0.001 -11"><span class='ocrx_word' id='word_1_144' title='bbox 518 1703 642 1753; x_wconf 78' lang='lat' dir='ltr'><strong>Esse</strong></span> <span class='ocrx_word' id='word_1_145' title='bbox 665 1704 840 1762; x_wconf 88' lang='lat' dir='ltr'><strong>Deum,</strong></span> <span class='ocrx_word' id='word_1_146' title='bbox 865 1703 911 1750; x_wconf 93' lang='lat' dir='ltr'><strong>in</strong></span> <span class='ocrx_word' id='word_1_147' title='bbox 931 1705 1100 1763; x_wconf 86' lang='lat' dir='ltr'><strong>capitis</strong></span> <span class='ocrx_word' id='word_1_148' title='bbox 1120 1703 1304 1750; x_wconf 76' lang='lat' dir='ltr'><strong>foedere</strong></span> <span class='ocrx_word' id='word_1_149' title='bbox 1325 1714 1417 1749; x_wconf 89' lang='lat' dir='ltr'><strong>non</strong></span> <span class='ocrx_word' id='word_1_150' title='bbox 1438 1703 1662 1750; x_wconf 83' lang='lat' dir='ltr'><strong>stetimus</strong></span> <span class='ocrx_word' id='word_1_151' title='bbox 1684 1715 1699 1751; x_wconf 87' lang='lat'><strong>:</strong></span> 
     </span>
    </p>
   </div>
   <div class='ocr_carea' id='block_1_23' title="bbox 454 1763 1600 1828">
    <p class='ocr_par' dir='ltr' id='par_1_23' title="bbox 454 1763 1600 1828">
     <span class='ocr_line' id='line_1_23' title="bbox 454 1763 1600 1828; baseline -0.005 -13"><span class='ocrx_word' id='word_1_152' title='bbox 454 1767 821 1828; x_wconf 67' lang='lat' dir='ltr'><strong>Sperantesque</strong></span> <span class='ocrx_word' id='word_1_153' title='bbox 848 1764 992 1811; x_wconf 91' lang='lat' dir='ltr'><strong>animi</strong></span> <span class='ocrx_word' id='word_1_154' title='bbox 1015 1765 1077 1828; x_wconf 82' lang='lat' dir='ltr'><strong>de</strong></span> <span class='ocrx_word' id='word_1_155' title='bbox 1104 1763 1332 1828; x_wconf 77' lang='lat' dir='ltr'><strong>libertate</strong></span> <span class='ocrx_word' id='word_1_156' title='bbox 1355 1775 1600 1828; x_wconf 77' lang='lat' dir='ltr'><strong>coronam,</strong></span> 
     </span>
    </p>
   </div>
   <div class='ocr_carea' id='block_1_24' title="bbox 527 1824 1570 1886">
    <p class='ocr_par' dir='ltr' id='par_1_24' title="bbox 527 1824 1570 1886">
     <span class='ocr_line' id='line_1_24' title="bbox 527 1824 1570 1886; baseline -0.004 -11"><span class='ocrx_word' id='word_1_157' title='bbox 527 1824 848 1884; x_wconf 82' lang='lat' dir='ltr'><strong>Perdidimus,</strong></span> <span class='ocrx_word' id='word_1_158' title='bbox 867 1837 1009 1886; x_wconf 92' lang='lat' dir='ltr'><strong>quam</strong></span> <span class='ocrx_word' id='word_1_159' title='bbox 1028 1824 1106 1872; x_wconf 91' lang='lat' dir='ltr'><strong>dat</strong></span> <span class='ocrx_word' id='word_1_160' title='bbox 1125 1824 1301 1886; x_wconf 83' lang='lat' dir='ltr'><strong>gratia,</strong></span> <span class='ocrx_word' id='word_1_161' title='bbox 1321 1825 1570 1884; x_wconf 76' lang='lat' dir='ltr'><strong>justitiam.</strong></span> 
     </span>
    </p>
   </div>
   <div class='ocr_carea' id='block_1_25' title="bbox 463 1885 1693 1949">
    <p class='ocr_par' dir='ltr' id='par_1_25' title="bbox 463 1885 1693 1949">
     <span class='ocr_line' id='line_1_25' title="bbox 463 1885 1693 1949; baseline -0.001 -14"><span class='ocrx_word' id='word_1_162' title='bbox 463 1888 654 1949; x_wconf 81' lang='lat' dir='ltr'><strong>Quique</strong></span> <span class='ocrx_word' id='word_1_163' title='bbox 679 1887 827 1948; x_wconf 82' lang='lat' dir='ltr'><strong>igitur</strong></span> <span class='ocrx_word' id='word_1_164' title='bbox 849 1885 1058 1949; x_wconf 64' lang='lat' dir='ltr'><strong>gemina;</strong></span> <span class='ocrx_word' id='word_1_165' title='bbox 1081 1885 1328 1933; x_wconf 88' lang='lat' dir='ltr'><strong>miseraris</strong></span> <span class='ocrx_word' id='word_1_166' title='bbox 1352 1887 1491 1934; x_wconf 88' lang='lat' dir='ltr'><strong>busta</strong></span> <span class='ocrx_word' id='word_1_167' title='bbox 1520 1886 1693 1946; x_wconf 82' lang='lat' dir='ltr'><strong>ruinte,</strong></span> 
     </span>
    </p>
   </div>
   <div class='ocr_carea' id='block_1_26' title="bbox 524 1947 1417 1997">
    <p class='ocr_par' dir='ltr' id='par_1_26' title="bbox 524 1947 1417 1997">
     <span class='ocr_line' id='line_1_26' title="bbox 524 1947 1417 1997; baseline -0.006 0"><span class='ocrx_word' id='word_1_168' title='bbox 524 1947 597 1997; x_wconf 84' lang='lat' dir='ltr'><strong>Ne</strong></span> <span class='ocrx_word' id='word_1_169' title='bbox 621 1947 784 1995; x_wconf 83' lang='lat' dir='ltr'><strong>nostro</strong></span> <span class='ocrx_word' id='word_1_170' title='bbox 805 1947 959 1994; x_wconf 86' lang='lat' dir='ltr'><strong>exitio</strong></span> <span class='ocrx_word' id='word_1_171' title='bbox 981 1949 1261 1995; x_wconf 89' lang='lat' dir='ltr'><strong>consociere</strong></span> <span class='ocrx_word' id='word_1_172' title='bbox 1283 1958 1417 1994; x_wconf 87' lang='lat' dir='ltr'><strong>cave.</strong></span> 
     </span>
    </p>
   </div>
   <div class='ocr_carea' id='block_1_27' title="bbox 457 2005 1724 2068">
    <p class='ocr_par' dir='ltr' id='par_1_27' title="bbox 457 2005 1724 2068">
     <span class='ocr_line' id='line_1_27' title="bbox 457 2005 1724 2068; baseline -0.004 -10"><span class='ocrx_word' id='word_1_173' title='bbox 457 2009 578 2059; x_wconf 86' lang='lat' dir='ltr'><strong>Nam</strong></span> <span class='ocrx_word' id='word_1_174' title='bbox 594 2011 633 2056; x_wconf 90' lang='lat' dir='ltr'><strong>si</strong></span> <span class='ocrx_word' id='word_1_175' title='bbox 657 2021 764 2068; x_wconf 63' lang='lat' dir='ltr'><strong>quae</strong></span> <span class='ocrx_word' id='word_1_176' title='bbox 792 2007 978 2055; x_wconf 84' lang='lat' dir='ltr'><strong>Domini</strong></span> <span class='ocrx_word' id='word_1_177' title='bbox 999 2007 1107 2054; x_wconf 89' lang='lat' dir='ltr'><strong>data</strong></span> <span class='ocrx_word' id='word_1_178' title='bbox 1133 2019 1330 2054; x_wconf 86' lang='lat' dir='ltr'><strong>munera</strong></span> <span class='ocrx_word' id='word_1_179' title='bbox 1361 2019 1474 2055; x_wconf 84' lang='lat' dir='ltr'><strong>sero</strong></span> <span class='ocrx_word' id='word_1_180' title='bbox 1498 2005 1724 2067; x_wconf 84' lang='lat' dir='ltr'><strong>fatemur,</strong></span> 
     </span>
    </p>
   </div>
   <div class='ocr_carea' id='block_1_28' title="bbox 522 2069 1560 2128">
    <p class='ocr_par' dir='ltr' id='par_1_28' title="bbox 522 2069 1560 2128">
     <span class='ocr_line' id='line_1_28' title="bbox 522 2069 1560 2128; baseline -0.002 -9"><span class='ocrx_word' id='word_1_181' title='bbox 522 2070 639 2119; x_wconf 74' lang='lat' dir='ltr'><strong>Ilaac</strong></span> <span class='ocrx_word' id='word_1_182' title='bbox 663 2069 844 2117; x_wconf 84' lang='lat' dir='ltr'><strong>homini</strong></span> <span class='ocrx_word' id='word_1_183' title='bbox 866 2069 1028 2117; x_wconf 78' lang='lat' dir='ltr'><strong>Credis</strong></span> <span class='ocrx_word' id='word_1_184' title='bbox 1045 2069 1226 2128; x_wconf 88' lang='lat' dir='ltr'><strong>debita,</strong></span> <span class='ocrx_word' id='word_1_185' title='bbox 1257 2074 1422 2117; x_wconf 88' lang='lat' dir='ltr'><strong>noster</strong></span> <span class='ocrx_word' id='word_1_186' title='bbox 1442 2069 1560 2117; x_wconf 88' lang='lat' dir='ltr'><strong>eris.</strong></span> 
     </span>
    </p>
   </div>
   <div class='ocr_carea' id='block_1_29' title="bbox 438 2212 1941 2286">
    <p class='ocr_par' dir='ltr' id='par_1_29' title="bbox 438 2212 1941 2286">
     <span class='ocr_line' id='line_1_29' title="bbox 438 2212 1941 2286; baseline -0.003 -14"><span class='ocrx_word' id='word_1_187' title='bbox 438 2217 714 2286; x_wconf 82' lang='lat' dir='ltr'><strong>ingeniose</strong></span> <span class='ocrx_word' id='word_1_188' title='bbox 749 2215 962 2280; x_wconf 82' lang='lat' dir='ltr'><strong>quidem</strong></span> <span class='ocrx_word' id='word_1_189' title='bbox 1000 2214 1114 2268; x_wconf 74' lang='lat' dir='ltr'><strong>ll;BC</strong></span> <span class='ocrx_word' id='word_1_190' title='bbox 1143 2224 1194 2286; x_wconf 86' lang='lat' dir='ltr'><strong>et</strong></span> <span class='ocrx_word' id='word_1_191' title='bbox 1225 2222 1382 2286; x_wconf 87' lang='lat' dir='ltr'><strong>acute</strong></span> <span class='ocrx_word' id='word_1_192' title='bbox 1419 2212 1558 2269; x_wconf 90' lang='lat' dir='ltr'><strong>dicta</strong></span> <span class='ocrx_word' id='word_1_193' title='bbox 1593 2213 1799 2286; x_wconf 80' lang='lat' dir='ltr'><strong>fateor,</strong></span> <span class='ocrx_word' id='word_1_194' title='bbox 1845 2214 1941 2268; x_wconf 90' lang='lat' dir='ltr'><strong>sed</strong></span> 
     </span>
    </p>
   </div>
   <div class='ocr_carea' id='block_1_30' title="bbox 371 2284 1941 2354">
    <p class='ocr_par' dir='ltr' id='par_1_30' title="bbox 371 2284 1941 2354">
     <span class='ocr_line' id='line_1_30' title="bbox 371 2284 1941 2354; baseline -0.002 -14"><span class='ocrx_word' id='word_1_195' title='bbox 371 2284 526 2350; x_wconf 67' lang='lat' dir='ltr'><strong>vere,</strong></span> <span class='ocrx_word' id='word_1_196' title='bbox 562 2302 630 2340; x_wconf 90' lang='lat' dir='ltr'><strong>an</strong></span> <span class='ocrx_word' id='word_1_197' title='bbox 662 2301 848 2350; x_wconf 85' lang='lat' dir='ltr'><strong>secus,</strong></span> <span class='ocrx_word' id='word_1_198' title='bbox 872 2301 1006 2354; x_wconf 86' lang='lat' dir='ltr'><strong>opus</strong></span> <span class='ocrx_word' id='word_1_199' title='bbox 1036 2297 1117 2338; x_wconf 91' lang='lat' dir='ltr'><strong>est</strong></span> <span class='ocrx_word' id='word_1_200' title='bbox 1145 2284 1457 2354; x_wconf 82' lang='lat' dir='ltr'><strong>diligentius</strong></span> <span class='ocrx_word' id='word_1_201' title='bbox 1486 2284 1757 2354; x_wconf 86' lang='lat' dir='ltr'><strong>inquirere</strong></span> <span class='ocrx_word' id='word_1_202' title='bbox 1785 2300 1798 2336; x_wconf 90' lang='lat'><strong>:</strong></span> <span class='ocrx_word' id='word_1_203' title='bbox 1831 2292 1941 2337; x_wconf 92' lang='lat' dir='ltr'><strong>tum</strong></span> 
     </span>
    </p>
   </div>
   <div class='ocr_carea' id='block_1_31' title="bbox 371 2354 1940 2428">
    <p class='ocr_par' dir='ltr' id='par_1_31' title="bbox 371 2354 1940 2428">
     <span class='ocr_line' id='line_1_31' title="bbox 371 2354 1940 2428; baseline -0.005 -15"><span class='ocrx_word' id='word_1_204' title='bbox 371 2359 490 2428; x_wconf 89' lang='lat' dir='ltr'><strong>quia</strong></span> <span class='ocrx_word' id='word_1_205' title='bbox 541 2358 676 2410; x_wconf 85' lang='lat' dir='ltr'><strong>ratio</strong></span> <span class='ocrx_word' id='word_1_206' title='bbox 725 2355 1124 2428; x_wconf 80' lang='lat' dir='ltr'><strong>dissertationis</strong></span> <span class='ocrx_word' id='word_1_207' title='bbox 1174 2365 1437 2428; x_wconf 71' lang='lat' dir='ltr'><strong>suscepta:</strong></span> <span class='ocrx_word' id='word_1_208' title='bbox 1491 2356 1546 2428; x_wconf 77' lang='lat' dir='ltr'><strong>id</strong></span> <span class='ocrx_word' id='word_1_209' title='bbox 1590 2354 1775 2428; x_wconf 79' lang='lat' dir='ltr'><strong>exigit,</strong></span> <span class='ocrx_word' id='word_1_210' title='bbox 1828 2362 1940 2428; x_wconf 81' lang='lat' dir='ltr'><strong>tum</strong></span> 
     </span>
    </p>
   </div>
   <div class='ocr_carea' id='block_1_32' title="bbox 378 2421 1939 2496">
    <p class='ocr_par' dir='ltr' id='par_1_32' title="bbox 378 2421 1939 2496">
     <span class='ocr_line' id='line_1_32' title="bbox 378 2421 1939 2496; baseline -0.003 -16"><span class='ocrx_word' id='word_1_211' title='bbox 378 2421 593 2496; x_wconf 58' lang='lat' dir='ltr'><strong>propter</strong></span> <span class='ocrx_word' id='word_1_212' title='bbox 618 2426 924 2496; x_wconf 62' lang='lat' dir='ltr'><strong>potittlamttl</strong></span> <span class='ocrx_word' id='word_1_213' title='bbox 950 2426 1275 2496; x_wconf 66' lang='lat' dir='ltr'><strong>opinionem.</strong></span> <span class='ocrx_word' id='word_1_214' title='bbox 1302 2424 1354 2479; x_wconf 78' lang='lat' dir='ltr'><strong>ill</strong></span> <span class='ocrx_word' id='word_1_215' title='bbox 1379 2439 1483 2492; x_wconf 87' lang='lat' dir='ltr'><strong>qua</strong></span> <span class='ocrx_word' id='word_1_216' title='bbox 1511 2421 1798 2496; x_wconf 79' lang='lat' dir='ltr'><strong>Cassianus</strong></span> 
     </span>
    </p>
   </div>
   <div class='ocr_carea' id='block_1_33' title="bbox 377 2492 1946 2561">
    <p class='ocr_par' dir='ltr' id='par_1_33' title="bbox 377 2492 1946 2561">
     <span class='ocr_line' id='line_1_33' title="bbox 377 2492 1946 2561; baseline -0.004 -10"><span class='ocrx_word' id='word_1_217' title='bbox 377 2492 687 2561; x_wconf 45' lang='lat' dir='ltr'><strong>bris-septem</strong></span> <span class='ocrx_word' id='word_1_218' title='bbox 710 2495 771 2548; x_wconf 81' lang='lat' dir='ltr'><strong>de</strong></span> <span class='ocrx_word' id='word_1_219' title='bbox 798 2493 1008 2547; x_wconf 86' lang='lat' dir='ltr'><strong>Incarn.</strong></span> <span class='ocrx_word' id='word_1_220' title='bbox 1039 2493 1210 2559; x_wconf 84' lang='lat' dir='ltr'><strong>Verbi)</strong></span> <span class='ocrx_word' id='word_1_221' title='bbox 1236 2504 1404 2560; x_wconf 62' lang='lat' dir='ltr'><strong>poeta:</strong></span> <span class='ocrx_word' id='word_1_222' title='bbox 1427 2493 1798 2557; x_wconf 88' lang='lat' dir='ltr'><strong>consentiens,</strong></span> <span class='ocrx_word' id='word_1_223' title='bbox 1830 2492 1946 2544; x_wconf 85' lang='lat' dir='ltr'><strong>alii-</strong></span> 
     </span>
    </p>
   </div>
   <div class='ocr_carea' id='block_1_34' title="bbox 375 2562 1944 2637">
    <p class='ocr_par' dir='ltr' id='par_1_34' title="bbox 375 2562 1944 2637">
     <span class='ocr_line' id='line_1_34' title="bbox 375 2562 1944 2637; baseline -0.003 -16"><span class='ocrx_word' id='word_1_224' title='bbox 375 2584 485 2637; x_wconf 92' lang='lat' dir='ltr'><strong>que</strong></span> <span class='ocrx_word' id='word_1_225' title='bbox 526 2565 837 2620; x_wconf 83' lang='lat' dir='ltr'><strong>Occidentis</strong></span> <span class='ocrx_word' id='word_1_226' title='bbox 879 2564 1093 2637; x_wconf 85' lang='lat' dir='ltr'><strong>Patres,</strong></span> <span class='ocrx_word' id='word_1_227' title='bbox 1133 2565 1329 2637; x_wconf 85' lang='lat' dir='ltr'><strong>quibus</strong></span> <span class='ocrx_word' id='word_1_228' title='bbox 1360 2563 1680 2617; x_wconf 85' lang='lat' dir='ltr'><strong>Nestoriana</strong></span> <span class='ocrx_word' id='word_1_229' title='bbox 1724 2562 1944 2618; x_wconf 63' lang='lat' dir='ltr'><strong>hatresis</strong></span> 
     </span>
    </p>
   </div>
   <div class='ocr_carea' id='block_1_35' title="bbox 385 2635 1619 2702">
    <p class='ocr_par' dir='ltr' id='par_1_35' title="bbox 385 2635 1619 2702">
     <span class='ocr_line' id='line_1_35' title="bbox 385 2635 1619 2702; baseline -0.005 -11"><span class='ocrx_word' id='word_1_230' title='bbox 385 2635 560 2691; x_wconf 83' lang='lat' dir='ltr'><strong>minus</strong></span> <span class='ocrx_word' id='word_1_231' title='bbox 590 2637 742 2689; x_wconf 88' lang='lat' dir='ltr'><strong>initio</strong></span> <span class='ocrx_word' id='word_1_232' title='bbox 774 2643 1049 2702; x_wconf 67' lang='lat' dir='ltr'><strong>perspecta</strong></span> <span class='ocrx_word' id='word_1_233' title='bbox 1076 2635 1192 2697; x_wconf 85' lang='lat' dir='ltr'><strong>luit,</strong></span> <span class='ocrx_word' id='word_1_234' title='bbox 1218 2643 1619 2686; x_wconf 74' lang='lat' dir='ltr'><strong>concesserunt.</strong></span> 
     </span>
    </p>
   </div>
   <div class='ocr_carea' id='block_1_36' title="bbox 451 2703 1945 2772">
    <p class='ocr_par' dir='ltr' id='par_1_36' title="bbox 451 2703 1945 2772">
     <span class='ocr_line' id='line_1_36' title="bbox 451 2703 1945 2772; baseline -0.003 -12"><span class='ocrx_word' id='word_1_235' title='bbox 451 2707 562 2760; x_wconf 89' lang='lat' dir='ltr'><strong>Erit</strong></span> <span class='ocrx_word' id='word_1_236' title='bbox 585 2716 763 2759; x_wconf 89' lang='lat' dir='ltr'><strong>autem</strong></span> <span class='ocrx_word' id='word_1_237' title='bbox 795 2704 1067 2770; x_wconf 77' lang='lat' dir='ltr'><strong>diligentis</strong></span> <span class='ocrx_word' id='word_1_238' title='bbox 1098 2703 1320 2772; x_wconf 86' lang='lat' dir='ltr'><strong>hujusce</strong></span> <span class='ocrx_word' id='word_1_239' title='bbox 1349 2717 1528 2770; x_wconf 71' lang='lat' dir='ltr'><strong>operte</strong></span> <span class='ocrx_word' id='word_1_240' title='bbox 1555 2717 1658 2756; x_wconf 91' lang='lat' dir='ltr'><strong>non</strong></span> <span class='ocrx_word' id='word_1_241' title='bbox 1687 2703 1806 2757; x_wconf 85' lang='lat' dir='ltr'><strong>leve</strong></span> <span class='ocrx_word' id='word_1_242' title='bbox 1829 2717 1945 2770; x_wconf 86' lang='lat' dir='ltr'><strong>pre-</strong></span> 
     </span>
    </p>
   </div>
   <div class='ocr_carea' id='block_1_37' title="bbox 385 2772 1943 2844">
    <p class='ocr_par' dir='ltr' id='par_1_37' title="bbox 385 2772 1943 2844">
     <span class='ocr_line' id='line_1_37' title="bbox 385 2772 1943 2844; baseline -0.003 -13"><span class='ocrx_word' id='word_1_243' title='bbox 385 2777 536 2837; x_wconf 89' lang='lat' dir='ltr'><strong>tium,</strong></span> <span class='ocrx_word' id='word_1_244' title='bbox 567 2775 828 2844; x_wconf 85' lang='lat' dir='ltr'><strong>siquidem</strong></span> <span class='ocrx_word' id='word_1_245' title='bbox 864 2789 985 2825; x_wconf 82' lang='lat' dir='ltr'><strong>vera</strong></span> <span class='ocrx_word' id='word_1_246' title='bbox 1012 2773 1285 2844; x_wconf 87' lang='lat' dir='ltr'><strong>utriusque</strong></span> <span class='ocrx_word' id='word_1_247' title='bbox 1309 2772 1809 2844; x_wconf 61' lang='lat' dir='ltr'><strong>hieresiscognatio,</strong></span> <span class='ocrx_word' id='word_1_248' title='bbox 1840 2787 1943 2826; x_wconf 92' lang='lat' dir='ltr'><strong>non</strong></span> 
     </span>
    </p>
   </div>
   <div class='ocr_carea' id='block_1_38' title="bbox 380 2842 1938 2912">
    <p class='ocr_par' dir='ltr' id='par_1_38' title="bbox 380 2842 1938 2912">
     <span class='ocr_line' id='line_1_38' title="bbox 380 2842 1938 2912; baseline -0.004 -12"><span class='ocrx_word' id='word_1_249' title='bbox 380 2842 665 2900; x_wconf 86' lang='lat' dir='ltr'><strong>admodum</strong></span> <span class='ocrx_word' id='word_1_250' title='bbox 712 2842 870 2912; x_wconf 79' lang='lat' dir='ltr'><strong>vulgo</strong></span> <span class='ocrx_word' id='word_1_251' title='bbox 911 2851 1067 2907; x_wconf 90' lang='lat' dir='ltr'><strong>nota,</strong></span> <span class='ocrx_word' id='word_1_252' title='bbox 1097 2843 1236 2896; x_wconf 90' lang='lat' dir='ltr'><strong>inter</strong></span> <span class='ocrx_word' id='word_1_253' title='bbox 1271 2842 1674 2911; x_wconf 83' lang='lat' dir='ltr'><strong>inquirendum,</strong></span> <span class='ocrx_word' id='word_1_254' title='bbox 1717 2842 1938 2911; x_wconf 89' lang='lat' dir='ltr'><strong>opinor,</strong></span> 
     </span>
    </p>
   </div>
   <div class='ocr_carea' id='block_1_39' title="bbox 421 2915 1520 2969">
    <p class='ocr_par' dir='ltr' id='par_1_39' title="bbox 421 2915 1520 2969">
     <span class='ocr_line' id='line_1_39' title="bbox 421 2915 1520 2969; baseline -0.005 0"><span class='ocrx_word' id='word_1_255' title='bbox 421 2915 616 2969; x_wconf 87' lang='lat' dir='ltr'><strong>ateliet.</strong></span> <span class='ocrx_word' id='word_1_256' title='bbox 1515 2917 1520 2926; x_wconf 88' lang='lat'><strong>‘</strong></span> 
     </span>
    </p>
   </div>
   <div class='ocr_carea' id='block_1_40' title="bbox 385 2933 1946 3052">
    <p class='ocr_par' dir='ltr' id='par_1_40' title="bbox 385 2933 1946 3052">
     <span class='ocr_line' id='line_1_40' title="bbox 385 2933 1946 3052; baseline -0.003 -14"><span class='ocrx_word' id='word_1_257' title='bbox 385 2933 652 3038; x_wconf 41' lang='lat' dir='ltr'><strong>pugil:th</strong></span> <span class='ocrx_word' id='word_1_258' title='bbox 678 2983 835 3050; x_wconf 79' lang='lat' dir='ltr'><strong>igitur</strong></span> <span class='ocrx_word' id='word_1_259' title='bbox 873 2979 1124 3052; x_wconf 87' lang='lat' dir='ltr'><strong>epitaphii</strong></span> <span class='ocrx_word' id='word_1_260' title='bbox 1167 2982 1233 3036; x_wconf 90' lang='lat' dir='ltr'><strong>de</strong></span> <span class='ocrx_word' id='word_1_261' title='bbox 1273 2980 1583 3036; x_wconf 85' lang='lat' dir='ltr'><strong>Nestoriana</strong></span> <span class='ocrx_word' id='word_1_262' title='bbox 1625 2981 1819 3036; x_wconf 77' lang='lat' dir='ltr'><strong>hzeresi</strong></span> <span class='ocrx_word' id='word_1_263' title='bbox 1849 2996 1946 3034; x_wconf 82' lang='lat' dir='ltr'><strong>sex</strong></span> 
     </span>
    </p>
   </div>
   <div class='ocr_carea' id='block_1_41' title="bbox 385 3052 1938 3120">
    <p class='ocr_par' dir='ltr' id='par_1_41' title="bbox 385 3052 1938 3120">
     <span class='ocr_line' id='line_1_41' title="bbox 385 3052 1938 3120; baseline -0.004 -11"><span class='ocrx_word' id='word_1_264' title='bbox 385 3056 602 3109; x_wconf 90' lang='lat' dir='ltr'><strong>omnino</strong></span> <span class='ocrx_word' id='word_1_265' title='bbox 653 3054 848 3108; x_wconf 89' lang='lat' dir='ltr'><strong>docet:</strong></span> <span class='ocrx_word' id='word_1_266' title='bbox 879 3055 1046 3120; x_wconf 85' lang='lat' dir='ltr'><strong>ipsam</strong></span> <span class='ocrx_word' id='word_1_267' title='bbox 1087 3052 1293 3107; x_wconf 80' lang='lat' dir='ltr'><strong>scilicet</strong></span> <span class='ocrx_word' id='word_1_268' title='bbox 1335 3052 1634 3120; x_wconf 65' lang='lat' dir='ltr'><strong>Pelagiana:</strong></span> <span class='ocrx_word' id='word_1_269' title='bbox 1677 3052 1938 3119; x_wconf 81' lang='lat' dir='ltr'><strong>originem</strong></span> 
     </span>
    </p>
   </div>
   <div class='ocr_carea' id='block_1_42' title="bbox 2028 461 3601 532">
    <p class='ocr_par' dir='ltr' id='par_1_42' title="bbox 2028 461 3601 532">
     <span class='ocr_line' id='line_1_42' title="bbox 2028 461 3601 532; baseline 0.003 -19"><span class='ocrx_word' id='word_1_270' title='bbox 2028 461 2194 532; x_wconf 54' lang='lat' dir='ltr'><strong>goria</strong></span> <span class='ocrx_word' id='word_1_271' title='bbox 2225 475 2346 532; x_wconf 77' lang='lat' dir='ltr'><strong>esse</strong></span> <span class='ocrx_word' id='word_1_272' title='bbox 2382 461 2687 532; x_wconf 76' lang='lat' dir='ltr'><strong>Christum,</strong></span> <span class='ocrx_word' id='word_1_273' title='bbox 2718 463 2769 516; x_wconf 92' lang='lat' dir='ltr'><strong>id</strong></span> <span class='ocrx_word' id='word_1_274' title='bbox 2801 473 2912 525; x_wconf 81' lang='lat' dir='ltr'><strong>est,</strong></span> <span class='ocrx_word' id='word_1_275' title='bbox 2943 463 3212 516; x_wconf 86' lang='lat' dir='ltr'><strong>hominem</strong></span> <span class='ocrx_word' id='word_1_276' title='bbox 3252 463 3601 530; x_wconf 81' lang='lat' dir='ltr'><strong>conjunctum</strong></span> 
     </span>
    </p>
   </div>
   <div class='ocr_carea' id='block_1_43' title="bbox 2012 530 3604 608">
    <p class='ocr_par' dir='ltr' id='par_1_43' title="bbox 2012 530 3604 608">
     <span class='ocr_line' id='line_1_43' title="bbox 2012 530 3604 608; baseline 0.003 -24"><span class='ocrx_word' id='word_1_277' title='bbox 2012 530 2206 608; x_wconf 77' lang='lat' dir='ltr'><strong>.Verbo</strong></span> <span class='ocrx_word' id='word_1_278' title='bbox 2235 530 2329 585; x_wconf 91' lang='lat' dir='ltr'><strong>Dei</strong></span> <span class='ocrx_word' id='word_1_279' title='bbox 2364 531 2624 608; x_wconf 69' lang='lat' dir='ltr'><strong>:_ideo_que</strong></span> <span class='ocrx_word' id='word_1_280' title='bbox 2651 533 2870 586; x_wconf 86' lang='lat' dir='ltr'><strong>Mariam</strong></span> <span class='ocrx_word' id='word_1_281' title='bbox 2896 548 3007 608; x_wconf 81' lang='lat' dir='ltr'><strong>non</strong></span> <span class='ocrx_word' id='word_1_282' title='bbox 3035 548 3165 608; x_wconf 78' lang='lat' dir='ltr'><strong>esse</strong></span> <span class='ocrx_word' id='word_1_283' title='bbox 3186 540 3389 608; x_wconf 77' lang='lat' dir='ltr'><strong>tantum</strong></span> <span class='ocrx_word' id='word_1_284' title='bbox 3417 536 3604 608; x_wconf 77' lang='grc' dir='ltr'><strong>ἀνορω-</strong></span> 
     </span>
    </p>
   </div>
   <div class='ocr_carea' id='block_1_44' title="bbox 2027 601 3604 679">
    <p class='ocr_par' dir='ltr' id='par_1_44' title="bbox 2027 601 3604 679">
     <span class='ocr_line' id='line_1_44' title="bbox 2027 601 3604 679; baseline 0.001 -23"><span class='ocrx_word' id='word_1_285' title='bbox 2027 601 2408 679; x_wconf 58' lang='lat' dir='ltr'><strong>noréxov,_sed</strong></span> <span class='ocrx_word' id='word_1_286' title='bbox 2453 601 2616 656; x_wconf 85' lang='lat' dir='ltr'><strong>etiam</strong></span> <span class='ocrx_word' id='word_1_287' title='bbox 2663 603 3025 679; x_wconf 68' lang='lat' dir='ltr'><strong>Xpwroréxov;</strong></span> <span class='ocrx_word' id='word_1_288' title='bbox 3079 603 3296 679; x_wconf 77' lang='lat' dir='ltr'><strong>nolebat</strong></span> <span class='ocrx_word' id='word_1_289' title='bbox 3336 604 3424 657; x_wconf 89' lang='lat' dir='ltr'><strong>ille</strong></span> <span class='ocrx_word' id='word_1_290' title='bbox 3471 601 3604 679; x_wconf 60' lang='lat' dir='ltr'><strong>vero</strong></span> 
     </span>
    </p>
   </div>
   <div class='ocr_carea' id='block_1_45' title="bbox 2029 669 3604 740">
    <p class='ocr_par' dir='ltr' id='par_1_45' title="bbox 2029 669 3604 740">
     <span class='ocr_line' id='line_1_45' title="bbox 2029 669 3604 740; baseline 0.001 -15"><span class='ocrx_word' id='word_1_291' title='bbox 2029 669 2461 738; x_wconf 84' lang='lat' dir='ltr'><strong>conjunctionem</strong></span> <span class='ocrx_word' id='word_1_292' title='bbox 2492 686 2616 727; x_wconf 89' lang='lat' dir='ltr'><strong>esse</strong></span> <span class='ocrx_word' id='word_1_293' title='bbox 2645 669 2774 740; x_wconf 83' lang='lat' dir='ltr'><strong>pu&#39;re</strong></span> <span class='ocrx_word' id='word_1_294' title='bbox 2804 674 3091 733; x_wconf 86' lang='lat' dir='ltr'><strong>moralem,</strong></span> <span class='ocrx_word' id='word_1_295' title='bbox 3118 672 3215 726; x_wconf 91' lang='lat' dir='ltr'><strong>sed</strong></span> <span class='ocrx_word' id='word_1_296' title='bbox 3245 687 3471 740; x_wconf 79' lang='lat' dir='ltr'><strong>negasse</strong></span> <span class='ocrx_word' id='word_1_297' title='bbox 3493 673 3604 728; x_wconf 61' lang='lat' dir='ltr'><strong>ferc</strong></span> 
     </span>
    </p>
   </div>
   <div class='ocr_carea' id='block_1_46' title="bbox 2033 740 3603 810">
    <p class='ocr_par' dir='ltr' id='par_1_46' title="bbox 2033 740 3603 810">
     <span class='ocr_line' id='line_1_46' title="bbox 2033 740 3603 810; baseline 0.001 -16"><span class='ocrx_word' id='word_1_298' title='bbox 2033 751 2117 810; x_wconf 82' lang='lat' dir='ltr'><strong>tur</strong></span> <span class='ocrx_word' id='word_1_299' title='bbox 2161 740 2387 794; x_wconf 87' lang='lat' dir='ltr'><strong>Verbum</strong></span> <span class='ocrx_word' id='word_1_300' title='bbox 2430 755 2549 796; x_wconf 87' lang='lat' dir='ltr'><strong>esse</strong></span> <span class='ocrx_word' id='word_1_301' title='bbox 2591 743 2764 795; x_wconf 84' lang='lat' dir='ltr'><strong>Deum</strong></span> <span class='ocrx_word' id='word_1_302' title='bbox 2802 745 3010 810; x_wconf 87' lang='lat' dir='ltr'><strong>reipsa,</strong></span> <span class='ocrx_word' id='word_1_303' title='bbox 3043 758 3226 796; x_wconf 91' lang='lat' dir='ltr'><strong>verum</strong></span> <span class='ocrx_word' id='word_1_304' title='bbox 3260 743 3603 810; x_wconf 89' lang='lat' dir='ltr'><strong>prolaticiutn</strong></span> 
     </span>
    </p>
   </div>
   <div class='ocr_carea' id='block_1_47' title="bbox 2030 809 3601 878">
    <p class='ocr_par' dir='ltr' id='par_1_47' title="bbox 2030 809 3601 878">
     <span class='ocr_line' id='line_1_47' title="bbox 2030 809 3601 878; baseline 0.003 -16"><span class='ocrx_word' id='word_1_305' title='bbox 2030 809 2304 878; x_wconf 83' lang='lat' dir='ltr'><strong>quiddam,</strong></span> <span class='ocrx_word' id='word_1_306' title='bbox 2335 811 2477 878; x_wconf 90' lang='lat' dir='ltr'><strong>quod</strong></span> <span class='ocrx_word' id='word_1_307' title='bbox 2506 812 2732 866; x_wconf 88' lang='lat' dir='ltr'><strong>subinde</strong></span> <span class='ocrx_word' id='word_1_308' title='bbox 2759 823 2812 866; x_wconf 88' lang='lat' dir='ltr'><strong>et</strong></span> <span class='ocrx_word' id='word_1_309' title='bbox 2843 809 3018 866; x_wconf 27' lang='lat' dir='ltr'><strong>a’Deo</strong></span> <span class='ocrx_word' id='word_1_310' title='bbox 3055 809 3491 877; x_wconf 81' lang='lat' dir='ltr'><strong>proﬁcisceretur</strong></span> <span class='ocrx_word' id='word_1_311' title='bbox 3529 816 3601 866; x_wconf 84' lang='lat' dir='ltr'><strong>ad</strong></span> 
     </span>
    </p>
   </div>
   <div class='ocr_carea' id='block_1_48' title="bbox 2031 879 3604 950">
    <p class='ocr_par' dir='ltr' id='par_1_48' title="bbox 2031 879 3604 950">
     <span class='ocr_line' id='line_1_48' title="bbox 2031 879 3604 950; baseline 0.003 -18"><span class='ocrx_word' id='word_1_312' title='bbox 2031 896 2170 946; x_wconf 89' lang='lat' dir='ltr'><strong>opus</strong></span> <span class='ocrx_word' id='word_1_313' title='bbox 2189 879 2598 950; x_wconf 86' lang='lat' dir='ltr'><strong>demandatum,</strong></span> <span class='ocrx_word' id='word_1_314' title='bbox 2640 891 2692 935; x_wconf 91' lang='lat' dir='ltr'><strong>et</strong></span> <span class='ocrx_word' id='word_1_315' title='bbox 2718 882 2784 935; x_wconf 89' lang='lat' dir='ltr'><strong>ad</strong></span> <span class='ocrx_word' id='word_1_316' title='bbox 2818 882 2979 935; x_wconf 88' lang='lat' dir='ltr'><strong>Deum</strong></span> <span class='ocrx_word' id='word_1_317' title='bbox 3021 882 3221 936; x_wconf 88' lang='lat' dir='ltr'><strong>rediret</strong></span> <span class='ocrx_word' id='word_1_318' title='bbox 3260 893 3379 949; x_wconf 88' lang='lat' dir='ltr'><strong>post</strong></span> <span class='ocrx_word' id='word_1_319' title='bbox 3413 884 3604 950; x_wconf 61' lang='lat' dir='ltr'><strong>impleo</strong></span> 
     </span>
    </p>
   </div>
   <div class='ocr_carea' id='block_1_49' title="bbox 2035 949 3601 1020">
    <p class='ocr_par' dir='ltr' id='par_1_49' title="bbox 2035 949 3601 1020">
     <span class='ocr_line' id='line_1_49' title="bbox 2035 949 3601 1020; baseline 0.003 -19"><span class='ocrx_word' id='word_1_320' title='bbox 2035 960 2143 1020; x_wconf 88' lang='lat' dir='ltr'><strong>tum</strong></span> <span class='ocrx_word' id='word_1_321' title='bbox 2185 963 2340 1014; x_wconf 84' lang='lat' dir='ltr'><strong>Opus.</strong></span> <span class='ocrx_word' id='word_1_322' title='bbox 2377 949 2471 1004; x_wconf 91' lang='lat' dir='ltr'><strong>llle</strong></span> <span class='ocrx_word' id='word_1_323' title='bbox 2509 951 2726 1005; x_wconf 78' lang='lat' dir='ltr'><strong>Mariam</strong></span> <span class='ocrx_word' id='word_1_324' title='bbox 2765 953 2992 1020; x_wconf 78' lang='lat' dir='ltr'><strong>negabat</strong></span> <span class='ocrx_word' id='word_1_325' title='bbox 3021 966 3144 1007; x_wconf 86' lang='lat' dir='ltr'><strong>esse</strong></span> <span class='ocrx_word' id='word_1_326' title='bbox 3173 967 3299 1007; x_wconf 84' lang='lat' dir='ltr'><strong>vere</strong></span> <span class='ocrx_word' id='word_1_327' title='bbox 3338 949 3601 1016; x_wconf 76' lang='grc' dir='ltr'><strong>Θεοτὸκον,</strong></span> 
     </span>
    </p>
   </div>
   <div class='ocr_carea' id='block_1_50' title="bbox 2034 1019 2681 1091">
    <p class='ocr_par' dir='ltr' id='par_1_50' title="bbox 2034 1019 2681 1091">
     <span class='ocr_line' id='line_1_50' title="bbox 2034 1019 2681 1091; baseline 0.002 -20"><span class='ocrx_word' id='word_1_328' title='bbox 2034 1019 2127 1091; x_wconf 82' lang='lat' dir='ltr'><strong>sed</strong></span> <span class='ocrx_word' id='word_1_329' title='bbox 2161 1029 2361 1072; x_wconf 86' lang='lat' dir='ltr'><strong>tantum</strong></span> <span class='ocrx_word' id='word_1_330' title='bbox 2384 1022 2681 1091; x_wconf 71' lang='grc' dir='ltr'><strong>Λογοτὸκον.</strong></span> 
     </span>
    </p>
   </div>
   <div class='ocr_carea' id='block_1_51' title="bbox 2107 1089 3600 1159">
    <p class='ocr_par' dir='ltr' id='par_1_51' title="bbox 2107 1089 3600 1159">
     <span class='ocr_line' id='line_1_51' title="bbox 2107 1089 3600 1159; baseline 0.004 -19"><span class='ocrx_word' id='word_1_331' title='bbox 2107 1089 2393 1156; x_wconf 87' lang='lat' dir='ltr'><strong>Leporius,</strong></span> <span class='ocrx_word' id='word_1_332' title='bbox 2433 1089 2581 1144; x_wconf 80' lang='lat' dir='ltr'><strong>initio</strong></span> <span class='ocrx_word' id='word_1_333' title='bbox 2616 1093 2782 1159; x_wconf 83' lang='lat' dir='ltr'><strong>quinti</strong></span> <span class='ocrx_word' id='word_1_334' title='bbox 2817 1092 3030 1156; x_wconf 67' lang='lat' dir='ltr'><strong>seaculi,</strong></span> <span class='ocrx_word' id='word_1_335' title='bbox 3070 1106 3190 1145; x_wconf 88' lang='lat' dir='ltr'><strong>cum</strong></span> <span class='ocrx_word' id='word_1_336' title='bbox 3233 1091 3398 1145; x_wconf 83' lang='lat' dir='ltr'><strong>Paulo</strong></span> <span class='ocrx_word' id='word_1_337' title='bbox 3434 1093 3600 1146; x_wconf 86' lang='lat' dir='ltr'><strong>sensit</strong></span> 
     </span>
    </p>
   </div>
   <div class='ocr_carea' id='block_1_52' title="bbox 2037 1159 3600 1231">
    <p class='ocr_par' dir='ltr' id='par_1_52' title="bbox 2037 1159 3600 1231">
     <span class='ocr_line' id='line_1_52' title="bbox 2037 1159 3600 1231; baseline 0.003 -21"><span class='ocrx_word' id='word_1_338' title='bbox 2037 1174 2156 1211; x_wconf 89' lang='lat' dir='ltr'><strong>eum</strong></span> <span class='ocrx_word' id='word_1_339' title='bbox 2205 1174 2380 1231; x_wconf 85' lang='lat' dir='ltr'><strong>quem</strong></span> <span class='ocrx_word' id='word_1_340' title='bbox 2415 1159 2578 1212; x_wconf 82' lang='lat' dir='ltr'><strong>Maria</strong></span> <span class='ocrx_word' id='word_1_341' title='bbox 2606 1165 2808 1231; x_wconf 17' lang='lat' dir='ltr'><strong>Agcnuit</strong></span> <span class='ocrx_word' id='word_1_342' title='bbox 2863 1176 2985 1216; x_wconf 89' lang='lat' dir='ltr'><strong>esse</strong></span> <span class='ocrx_word' id='word_1_343' title='bbox 3037 1177 3228 1231; x_wconf 83' lang='lat' dir='ltr'><strong>pmum</strong></span> <span class='ocrx_word' id='word_1_344' title='bbox 3281 1162 3555 1216; x_wconf 85' lang='lat' dir='ltr'><strong>hominem</strong></span> <span class='ocrx_word' id='word_1_345' title='bbox 3584 1207 3600 1226; x_wconf 86' lang='lat'><strong>,</strong></span> 
     </span>
    </p>
   </div>
   <div class='ocr_carea' id='block_1_53' title="bbox 2036 1229 3604 1300">
    <p class='ocr_par' dir='ltr' id='par_1_53' title="bbox 2036 1229 3604 1300">
     <span class='ocr_line' id='line_1_53' title="bbox 2036 1229 3604 1300; baseline 0.004 -20"><span class='ocrx_word' id='word_1_346' title='bbox 2036 1244 2264 1292; x_wconf 85' lang='lat' dir='ltr'><strong>eumque</strong></span> <span class='ocrx_word' id='word_1_347' title='bbox 2304 1229 2416 1300; x_wconf 78' lang='lat' dir='ltr'><strong>suis</strong></span> <span class='ocrx_word' id='word_1_348' title='bbox 2469 1229 2720 1296; x_wconf 88' lang='lat' dir='ltr'><strong>operibus</strong></span> <span class='ocrx_word' id='word_1_349' title='bbox 2752 1229 3104 1296; x_wconf 66' lang='lat' dir='ltr'><strong>promeritam</strong></span> <span class='ocrx_word' id='word_1_350' title='bbox 3154 1241 3212 1284; x_wconf 94' lang='lat' dir='ltr'><strong>ut</strong></span> <span class='ocrx_word' id='word_1_351' title='bbox 3250 1232 3604 1300; x_wconf 48' lang='lat' dir='ltr'><strong>conjungere.</strong></span> 
     </span>
    </p>
   </div>
   <div class='ocr_carea' id='block_1_54' title="bbox 2037 1298 3604 1369">
    <p class='ocr_par' dir='ltr' id='par_1_54' title="bbox 2037 1298 3604 1369">
     <span class='ocr_line' id='line_1_54' title="bbox 2037 1298 3604 1369; baseline 0.003 -19"><span class='ocrx_word' id='word_1_352' title='bbox 2037 1307 2143 1361; x_wconf 87' lang='lat' dir='ltr'><strong>tur,</strong></span> <span class='ocrx_word' id='word_1_353' title='bbox 2174 1308 2228 1352; x_wconf 89' lang='lat' dir='ltr'><strong>et</strong></span> <span class='ocrx_word' id='word_1_354' title='bbox 2268 1298 2479 1366; x_wconf 90' lang='lat' dir='ltr'><strong>quidem</strong></span> <span class='ocrx_word' id='word_1_355' title='bbox 2503 1301 2955 1368; x_wconf 89' lang='lat' dir='ltr'><strong>substantialiter,</strong></span> <span class='ocrx_word' id='word_1_356' title='bbox 2993 1301 3168 1355; x_wconf 86' lang='lat' dir='ltr'><strong>Verbo</strong></span> <span class='ocrx_word' id='word_1_357' title='bbox 3205 1298 3604 1369; x_wconf 39' lang='lat' dir='ltr'><strong>ejusdem—cum</strong></span> 
     </span>
    </p>
   </div>
   <div class='ocr_carea' id='block_1_55' title="bbox 2040 1369 3606 1440">
    <p class='ocr_par' dir='ltr' id='par_1_55' title="bbox 2040 1369 3606 1440">
     <span class='ocr_line' id='line_1_55' title="bbox 2040 1369 3606 1440; baseline 0.003 -20"><span class='ocrx_word' id='word_1_358' title='bbox 2040 1369 2148 1422; x_wconf 92' lang='lat' dir='ltr'><strong>Deo</strong></span> <span class='ocrx_word' id='word_1_359' title='bbox 2175 1369 2514 1440; x_wconf 60' lang='lat' dir='ltr'><strong>substantiae;</strong></span> <span class='ocrx_word' id='word_1_360' title='bbox 2542 1370 2797 1424; x_wconf 87' lang='lat' dir='ltr'><strong>unionem</strong></span> <span class='ocrx_word' id='word_1_361' title='bbox 2828 1383 3002 1426; x_wconf 91' lang='lat' dir='ltr'><strong>tamen</strong></span> <span class='ocrx_word' id='word_1_362' title='bbox 3037 1371 3252 1426; x_wconf 82' lang='lat' dir='ltr'><strong>nolebat</strong></span> <span class='ocrx_word' id='word_1_363' title='bbox 3287 1373 3450 1424; x_wconf 82' lang='lat' dir='ltr'><strong>fuisse</strong></span> <span class='ocrx_word' id='word_1_364' title='bbox 3480 1387 3606 1440; x_wconf 82' lang='lat' dir='ltr'><strong>per-</strong></span> 
     </span>
    </p>
   </div>
   <div class='ocr_carea' id='block_1_56' title="bbox 2038 1439 3605 1506">
    <p class='ocr_par' dir='ltr' id='par_1_56' title="bbox 2038 1439 3605 1506">
     <span class='ocr_line' id='line_1_56' title="bbox 2038 1439 3605 1506; baseline 0.006 -18"><span class='ocrx_word' id='word_1_365' title='bbox 2038 1450 2273 1506; x_wconf 88' lang='lat' dir='ltr'><strong>petuam,</strong></span> <span class='ocrx_word' id='word_1_366' title='bbox 2307 1439 2505 1506; x_wconf 91' lang='lat' dir='ltr'><strong>quippe</strong></span> <span class='ocrx_word' id='word_1_367' title='bbox 2536 1455 2658 1492; x_wconf 92' lang='lat' dir='ltr'><strong>cum</strong></span> <span class='ocrx_word' id='word_1_368' title='bbox 2701 1443 2752 1494; x_wconf 91' lang='lat' dir='ltr'><strong>in</strong></span> <span class='ocrx_word' id='word_1_369' title='bbox 2793 1457 2952 1496; x_wconf 85' lang='lat' dir='ltr'><strong>cruce</strong></span> <span class='ocrx_word' id='word_1_370' title='bbox 2981 1442 3187 1495; x_wconf 88' lang='lat' dir='ltr'><strong>sublata</strong></span> <span class='ocrx_word' id='word_1_371' title='bbox 3220 1441 3320 1505; x_wconf 90' lang='lat' dir='ltr'><strong>sit,</strong></span> <span class='ocrx_word' id='word_1_372' title='bbox 3362 1439 3488 1495; x_wconf 84' lang='lat' dir='ltr'><strong>licet</strong></span> <span class='ocrx_word' id='word_1_373' title='bbox 3514 1458 3605 1504; x_wconf 86' lang='lat' dir='ltr'><strong>re,-</strong></span> 
     </span>
    </p>
   </div>
   <div class='ocr_carea' id='block_1_57' title="bbox 2038 1509 3605 1580">
    <p class='ocr_par' dir='ltr' id='par_1_57' title="bbox 2038 1509 3605 1580">
     <span class='ocr_line' id='line_1_57' title="bbox 2038 1509 3605 1580; baseline 0.003 -20"><span class='ocrx_word' id='word_1_374' title='bbox 2038 1517 2246 1574; x_wconf 86' lang='lat' dir='ltr'><strong>sumpta</strong></span> <span class='ocrx_word' id='word_1_375' title='bbox 2291 1516 2411 1580; x_wconf 69' lang='lat' dir='ltr'><strong>post</strong></span> <span class='ocrx_word' id='word_1_376' title='bbox 2442 1512 2890 1580; x_wconf 80' lang='lat' dir='ltr'><strong>resurrectionem</strong></span> <span class='ocrx_word' id='word_1_377' title='bbox 2927 1524 2942 1568; x_wconf 91' lang='lat'><strong>:</strong></span> <span class='ocrx_word' id='word_1_378' title='bbox 2973 1527 3139 1580; x_wconf 84' lang='lat' dir='ltr'><strong>quare</strong></span> <span class='ocrx_word' id='word_1_379' title='bbox 3167 1509 3396 1564; x_wconf 88' lang='lat' dir='ltr'><strong>asseruit</strong></span> <span class='ocrx_word' id='word_1_380' title='bbox 3433 1511 3605 1572; x_wconf 68' lang='lat' dir='ltr'><strong>Virgi-</strong></span> 
     </span>
    </p>
   </div>
   <div class='ocr_carea' id='block_1_58' title="bbox 2041 1578 3606 1658">
    <p class='ocr_par' dir='ltr' id='par_1_58' title="bbox 2041 1578 3606 1658">
     <span class='ocr_line' id='line_1_58' title="bbox 2041 1578 3606 1658; baseline 0.005 -29"><span class='ocrx_word' id='word_1_381' title='bbox 2041 1593 2160 1658; x_wconf 74' lang='lat' dir='ltr'><strong>nem</strong></span> <span class='ocrx_word' id='word_1_382' title='bbox 2196 1578 2412 1658; x_wconf 89' lang='lat' dir='ltr'><strong>proprie</strong></span> <span class='ocrx_word' id='word_1_383' title='bbox 2446 1578 2556 1658; x_wconf 38' lang='lat' dir='ltr'><strong>dici.</strong></span> <span class='ocrx_word' id='word_1_384' title='bbox 2580 1580 2782 1647; x_wconf 81' lang='lat' dir='ltr'><strong>debere</strong></span> <span class='ocrx_word' id='word_1_385' title='bbox 2820 1578 3022 1658; x_wconf 79' lang='lat' dir='ltr'><strong>tantum</strong></span> <span class='ocrx_word' id='word_1_386' title='bbox 3057 1582 3464 1658; x_wconf 72' lang='grc' dir='ltr'><strong>ἀντρωποτὸκρν,</strong></span> <span class='ocrx_word' id='word_1_387' title='bbox 3500 1599 3606 1636; x_wconf 89' lang='lat' dir='ltr'><strong>non</strong></span> 
     </span>
    </p>
   </div>
   <div class='ocr_carea' id='block_1_59' title="bbox 2041 1648 3497 1724">
    <p class='ocr_par' dir='ltr' id='par_1_59' title="bbox 2041 1648 3497 1724">
     <span class='ocr_line' id='line_1_59' title="bbox 2041 1648 3497 1724; baseline 0.003 -24"><span class='ocrx_word' id='word_1_388' title='bbox 2041 1648 2168 1724; x_wconf 68' lang='lat' dir='ltr'><strong>item</strong></span> <span class='ocrx_word' id='word_1_389' title='bbox 2201 1650 2664 1724; x_wconf 64' lang='lat' dir='ltr'><strong>aut_Xptarordi_ae-J_,</strong></span> <span class='ocrx_word' id='word_1_390' title='bbox 2694 1660 2780 1704; x_wconf 86' lang='lat' dir='ltr'><strong>aut</strong></span> <span class='ocrx_word' id='word_1_391' title='bbox 2802 1651 3098 1724; x_wconf 69' lang='grc' dir='ltr'><strong>Λογοτόκον,</strong></span> <span class='ocrx_word' id='word_1_392' title='bbox 3131 1648 3497 1724; x_wconf 23' lang='grc' dir='ltr'><strong>εξυβᾼθερτόκον.</strong></span> 
     </span>
    </p>
   </div>
   <div class='ocr_carea' id='block_1_60' title="bbox 2111 1717 3607 1789">
    <p class='ocr_par' dir='ltr' id='par_1_60' title="bbox 2111 1717 3607 1789">
     <span class='ocr_line' id='line_1_60' title="bbox 2111 1717 3607 1789; baseline 0.005 -20"><span class='ocrx_word' id='word_1_393' title='bbox 2111 1717 2384 1789; x_wconf 68' lang='lat' dir='ltr'><strong>Nestorin&#39;s</strong></span> <span class='ocrx_word' id='word_1_394' title='bbox 2405 1735 2530 1771; x_wconf 91' lang='lat' dir='ltr'><strong>ann.</strong></span> <span class='ocrx_word' id='word_1_395' title='bbox 2561 1718 2666 1773; x_wconf 67' lang='lat'><strong>4:28</strong></span> <span class='ocrx_word' id='word_1_396' title='bbox 2692 1717 2980 1789; x_wconf 65' lang='lat' dir='ltr'><strong>prtedic&#39;are</strong></span> <span class='ocrx_word' id='word_1_397' title='bbox 3018 1722 3180 1787; x_wconf 72' lang='grc' dir='ltr'><strong>ςωμὶι</strong></span> <span class='ocrx_word' id='word_1_398' title='bbox 3201 1722 3416 1774; x_wconf 81' lang='lat' dir='ltr'><strong>Mariam</strong></span> <span class='ocrx_word' id='word_1_399' title='bbox 3442 1738 3607 1787; x_wconf 84' lang='lat' dir='ltr'><strong>pepe-</strong></span> 
     </span>
    </p>
   </div>
   <div class='ocr_carea' id='block_1_61' title="bbox 2043 1785 3608 1866">
    <p class='ocr_par' dir='ltr' id='par_1_61' title="bbox 2043 1785 3608 1866">
     <span class='ocr_line' id='line_1_61' title="bbox 2043 1785 3608 1866; baseline 0.004 -26"><span class='ocrx_word' id='word_1_400' title='bbox 2043 1785 2178 1866; x_wconf 74' lang='lat' dir='ltr'><strong>risse</strong></span> <span class='ocrx_word' id='word_1_401' title='bbox 2207 1787 2500 1852; x_wconf 85' lang='lat' dir='ltr'><strong>Christum,</strong></span> <span class='ocrx_word' id='word_1_402' title='bbox 2529 1785 2784 1866; x_wconf 40' lang='lat' dir='ltr'><strong>atque-ita</strong></span> <span class='ocrx_word' id='word_1_403' title='bbox 2816 1792 2919 1844; x_wconf 91' lang='lat' dir='ltr'><strong>dici</strong></span> <span class='ocrx_word' id='word_1_404' title='bbox 2948 1785 3317 1866; x_wconf 9' lang='lat' dir='ltr'><strong>deberelrnon</strong></span> <span class='ocrx_word' id='word_1_405' title='bbox 3349 1785 3608 1866; x_wconf 63' lang='grc' dir='ltr'><strong>ἀνθρωιτοο</strong></span> 
     </span>
    </p>
   </div>
   <div class='ocr_carea' id='block_1_62' title="bbox 2043 1857 3606 1934">
    <p class='ocr_par' dir='ltr' id='par_1_62' title="bbox 2043 1857 3606 1934">
     <span class='ocr_line' id='line_1_62' title="bbox 2043 1857 3606 1934; baseline 0.006 -27"><span class='ocrx_word' id='word_1_406' title='bbox 2043 1857 2188 1911; x_wconf 83' lang='grc' dir='ltr'><strong>τόκον</strong></span> <span class='ocrx_word' id='word_1_407' title='bbox 2211 1866 2434 1934; x_wconf 67' lang='grc' dir='ltr'>ιιιιιῑιιιιι,</span> <span class='ocrx_word' id='word_1_408' title='bbox 2453 1858 2547 1912; x_wconf 87' lang='lat' dir='ltr'><strong>sed</strong></span> <span class='ocrx_word' id='word_1_409' title='bbox 2566 1857 2724 1914; x_wconf 83' lang='lat' dir='ltr'><strong>etiam</strong></span> <span class='ocrx_word' id='word_1_410' title='bbox 2748 1863 3114 1934; x_wconf 66' lang='lat' dir='ltr'><strong>Xptarorézov&#39;,</strong></span> <span class='ocrx_word' id='word_1_411' title='bbox 3143 1861 3414 1934; x_wconf 78' lang='lat' dir='ltr'><strong>Christum</strong></span> <span class='ocrx_word' id='word_1_412' title='bbox 3432 1857 3606 1916; x_wconf 68' lang='lat' dir='ltr'><strong>I&#39;atnen</strong></span> 
     </span>
    </p>
   </div>
   <div class='ocr_carea' id='block_1_63' title="bbox 2045 1929 3610 2000">
    <p class='ocr_par' dir='ltr' id='par_1_63' title="bbox 2045 1929 3610 2000">
     <span class='ocr_line' id='line_1_63' title="bbox 2045 1929 3610 2000; baseline 0.006 -21"><span class='ocrx_word' id='word_1_413' title='bbox 2045 1941 2234 2000; x_wconf 82' lang='lat' dir='ltr'><strong>purum</strong></span> <span class='ocrx_word' id='word_1_414' title='bbox 2256 1929 2534 2000; x_wconf 83' lang='lat' dir='ltr'><strong>hominem</strong></span> <span class='ocrx_word' id='word_1_415' title='bbox 2560 1943 2718 1993; x_wconf 84' lang='lat' dir='ltr'><strong>esse,</strong></span> <span class='ocrx_word' id='word_1_416' title='bbox 2756 1929 2845 2000; x_wconf 77' lang='lat' dir='ltr'><strong>qui</strong></span> <span class='ocrx_word' id='word_1_417' title='bbox 2881 1947 2984 1984; x_wconf 90' lang='lat' dir='ltr'><strong>non</strong></span> <span class='ocrx_word' id='word_1_418' title='bbox 3028 1934 3265 1993; x_wconf 88' lang='lat' dir='ltr'><strong>meritis,</strong></span> <span class='ocrx_word' id='word_1_419' title='bbox 3305 1931 3402 1985; x_wconf 90' lang='lat' dir='ltr'><strong>sed</strong></span> <span class='ocrx_word' id='word_1_420' title='bbox 3441 1937 3610 1998; x_wconf 68' lang='lat' dir='ltr'><strong>gratia</strong></span> 
     </span>
    </p>
   </div>
   <div class='ocr_carea' id='block_1_64' title="bbox 2044 1996 3608 2068">
    <p class='ocr_par' dir='ltr' id='par_1_64' title="bbox 2044 1996 3608 2068">
     <span class='ocr_line' id='line_1_64' title="bbox 2044 1996 3608 2068; baseline 0.005 -20"><span class='ocrx_word' id='word_1_421' title='bbox 2044 1997 2148 2068; x_wconf 78' lang='lat' dir='ltr'><strong>iam</strong></span> <span class='ocrx_word' id='word_1_422' title='bbox 2180 1996 2302 2050; x_wconf 90' lang='lat' dir='ltr'><strong>inde</strong></span> <span class='ocrx_word' id='word_1_423' title='bbox 2327 2013 2354 2048; x_wconf 92' lang='lat' dir='ltr'><strong>a</strong></span> <span class='ocrx_word' id='word_1_424' title='bbox 2383 1999 2568 2050; x_wconf 89' lang='lat' dir='ltr'><strong>matris</strong></span> <span class='ocrx_word' id='word_1_425' title='bbox 2593 2009 2744 2053; x_wconf 67' lang='lat' dir='ltr'><strong>utero</strong></span> <span class='ocrx_word' id='word_1_426' title='bbox 2765 1996 2833 2054; x_wconf 81' lang='lat' dir='ltr'><strong>sit</strong></span> <span class='ocrx_word' id='word_1_427' title='bbox 2857 2011 3164 2068; x_wconf 87' lang='lat' dir='ltr'><strong>assumptus</strong></span> <span class='ocrx_word' id='word_1_428' title='bbox 3194 2017 3222 2054; x_wconf 90' lang='lat' dir='ltr'><strong>a</strong></span> <span class='ocrx_word' id='word_1_429' title='bbox 3253 1996 3608 2068; x_wconf 45' lang='lat' dir='ltr'><strong>Verbo&#39;Dt-o,</strong></span> 
     </span>
    </p>
   </div>
   <div class='ocr_carea' id='block_1_65' title="bbox 2045 2067 3609 2138">
    <p class='ocr_par' dir='ltr' id='par_1_65' title="bbox 2045 2067 3609 2138">
     <span class='ocr_line' id='line_1_65' title="bbox 2045 2067 3609 2138; baseline 0.005 -20"><span class='ocrx_word' id='word_1_430' title='bbox 2045 2067 2095 2118; x_wconf 90' lang='lat' dir='ltr'><strong>id</strong></span> <span class='ocrx_word' id='word_1_431' title='bbox 2126 2077 2228 2131; x_wconf 86' lang='lat' dir='ltr'><strong>est,</strong></span> <span class='ocrx_word' id='word_1_432' title='bbox 2260 2082 2287 2117; x_wconf 91' lang='lat' dir='ltr'><strong>a</strong></span> <span class='ocrx_word' id='word_1_433' title='bbox 2323 2068 2554 2138; x_wconf 84' lang='lat' dir='ltr'><strong>secunda</strong></span> <span class='ocrx_word' id='word_1_434' title='bbox 2576 2069 2852 2124; x_wconf 77' lang='lat' dir='ltr'><strong>Trinitatis</strong></span> <span class='ocrx_word' id='word_1_435' title='bbox 2882 2067 3128 2138; x_wconf 86' lang='lat' dir='ltr'><strong>persona,</strong></span> <span class='ocrx_word' id='word_1_436' title='bbox 3158 2072 3250 2124; x_wconf 78' lang='lat' dir='ltr'><strong>sed</strong></span> <span class='ocrx_word' id='word_1_437' title='bbox 3283 2067 3609 2138; x_wconf 47' lang='lat' dir='ltr'><strong>assumptio?</strong></span> 
     </span>
    </p>
   </div>
   <div class='ocr_carea' id='block_1_66' title="bbox 2044 2136 3605 2209">
    <p class='ocr_par' dir='ltr' id='par_1_66' title="bbox 2044 2136 3605 2209">
     <span class='ocr_line' id='line_1_66' title="bbox 2044 2136 3605 2209; baseline 0.004 -21"><span class='ocrx_word' id='word_1_438' title='bbox 2044 2152 2165 2209; x_wconf 87' lang='lat' dir='ltr'><strong>nem</strong></span> <span class='ocrx_word' id='word_1_439' title='bbox 2198 2152 2304 2190; x_wconf 92' lang='lat' dir='ltr'><strong>non</strong></span> <span class='ocrx_word' id='word_1_440' title='bbox 2325 2136 2485 2189; x_wconf 77' lang='lat' dir='ltr'><strong>fuisse</strong></span> <span class='ocrx_word' id='word_1_441' title='bbox 2507 2136 2932 2203; x_wconf 62' lang='lat' dir='ltr'><strong>xae‘animao,</strong></span> <span class='ocrx_word' id='word_1_442' title='bbox 2967 2156 3069 2208; x_wconf 93' lang='lat' dir='ltr'><strong>qua</strong></span> <span class='ocrx_word' id='word_1_443' title='bbox 3087 2141 3246 2195; x_wconf 92' lang='lat' dir='ltr'><strong>homo</strong></span> <span class='ocrx_word' id='word_1_444' title='bbox 3271 2143 3408 2194; x_wconf 69' lang='lat' dir='ltr'><strong>licus</strong></span> <span class='ocrx_word' id='word_1_445' title='bbox 3433 2136 3605 2209; x_wconf 83' lang='lat' dir='ltr'><strong>ﬁeret,</strong></span> 
     </span>
    </p>
   </div>
   <div class='ocr_carea' id='block_1_67' title="bbox 2043 2206 3610 2278">
    <p class='ocr_par' dir='ltr' id='par_1_67' title="bbox 2043 2206 3610 2278">
     <span class='ocr_line' id='line_1_67' title="bbox 2043 2206 3610 2278; baseline 0.004 -20"><span class='ocrx_word' id='word_1_446' title='bbox 2043 2206 2136 2259; x_wconf 89' lang='lat' dir='ltr'><strong>sed</strong></span> <span class='ocrx_word' id='word_1_447' title='bbox 2173 2222 2317 2261; x_wconf 88' lang='lat' dir='ltr'><strong>mere</strong></span> <span class='ocrx_word' id='word_1_448' title='bbox 2343 2213 2576 2278; x_wconf 63' lang='lat' dir='ltr'><strong>Xrt&#39;tﬂlv,</strong></span> <span class='ocrx_word' id='word_1_449' title='bbox 2605 2225 2706 2277; x_wconf 89' lang='lat' dir='ltr'><strong>qua</strong></span> <span class='ocrx_word' id='word_1_450' title='bbox 2739 2214 2897 2264; x_wconf 88' lang='lat' dir='ltr'><strong>homo</strong></span> <span class='ocrx_word' id='word_1_451' title='bbox 2936 2206 3080 2265; x_wconf 66' lang='lat' dir='ltr'><strong>esset</strong></span> <span class='ocrx_word' id='word_1_452' title='bbox 3121 2211 3246 2276; x_wconf 91' lang='lat' dir='ltr'><strong>Dei,</strong></span> <span class='ocrx_word' id='word_1_453' title='bbox 3285 2211 3372 2265; x_wconf 81' lang='lat' dir='ltr'><strong>vel</strong></span> <span class='ocrx_word' id='word_1_454' title='bbox 3405 2206 3610 2265; x_wconf 46' lang='lat' dir='ltr'><strong>instra-&#39;-</strong></span> 
     </span>
    </p>
   </div>
   <div class='ocr_carea' id='block_1_68' title="bbox 2045 2276 3609 2349">
    <p class='ocr_par' dir='ltr' id='par_1_68' title="bbox 2045 2276 3609 2349">
     <span class='ocr_line' id='line_1_68' title="bbox 2045 2276 3609 2349; baseline 0.004 -20"><span class='ocrx_word' id='word_1_455' title='bbox 2045 2288 2300 2339; x_wconf 87' lang='lat' dir='ltr'><strong>mentum,</strong></span> <span class='ocrx_word' id='word_1_456' title='bbox 2329 2276 2409 2330; x_wconf 85' lang='lat' dir='ltr'><strong>vel</strong></span> <span class='ocrx_word' id='word_1_457' title='bbox 2436 2276 2828 2346; x_wconf 85' lang='lat' dir='ltr'><strong>indumentum,</strong></span> <span class='ocrx_word' id='word_1_458' title='bbox 2861 2281 2945 2334; x_wconf 87' lang='lat' dir='ltr'><strong>vel</strong></span> <span class='ocrx_word' id='word_1_459' title='bbox 2977 2282 3251 2349; x_wconf 81' lang='lat' dir='ltr'><strong>templum,</strong></span> <span class='ocrx_word' id='word_1_460' title='bbox 3275 2281 3358 2335; x_wconf 86' lang='lat' dir='ltr'><strong>vel</strong></span> <span class='ocrx_word' id='word_1_461' title='bbox 3388 2282 3609 2335; x_wconf 82' lang='lat' dir='ltr'><strong>simula-</strong></span> 
     </span>
    </p>
   </div>
   <div class='ocr_carea' id='block_1_69' title="bbox 2044 2349 3612 2419">
    <p class='ocr_par' dir='ltr' id='par_1_69' title="bbox 2044 2349 3612 2419">
     <span class='ocr_line' id='line_1_69' title="bbox 2044 2349 3612 2419; baseline 0.005 -22"><span class='ocrx_word' id='word_1_462' title='bbox 2044 2361 2193 2419; x_wconf 78' lang='lat' dir='ltr'><strong>crum</strong></span> <span class='ocrx_word' id='word_1_463' title='bbox 2219 2364 2231 2399; x_wconf 90' lang='lat'><strong>:</strong></span> <span class='ocrx_word' id='word_1_464' title='bbox 2255 2349 2600 2415; x_wconf 88' lang='lat' dir='ltr'><strong>quamobrem</strong></span> <span class='ocrx_word' id='word_1_465' title='bbox 2618 2349 2882 2419; x_wconf 76' lang='lat' dir='ltr'><strong>Virginem</strong></span> <span class='ocrx_word' id='word_1_466' title='bbox 2905 2352 3144 2406; x_wconf 76' lang='grc' dir='ltr'><strong>Θεοτὸκον</strong></span> <span class='ocrx_word' id='word_1_467' title='bbox 3159 2349 3424 2404; x_wconf 89' lang='lat' dir='ltr'><strong>nominari</strong></span> <span class='ocrx_word' id='word_1_468' title='bbox 3452 2367 3612 2419; x_wconf 83' lang='lat' dir='ltr'><strong>posse</strong></span> 
     </span>
    </p>
   </div>
   <div class='ocr_carea' id='block_1_70' title="bbox 2044 2413 3659 2488">
    <p class='ocr_par' dir='ltr' id='par_1_70' title="bbox 2044 2413 3659 2488">
     <span class='ocr_line' id='line_1_70' title="bbox 2044 2413 3659 2488; baseline 0.004 -20"><span class='ocrx_word' id='word_1_469' title='bbox 2044 2413 2339 2488; x_wconf 78' lang='lat' dir='ltr'><strong>fatebatur;</strong></span> <span class='ocrx_word' id='word_1_470' title='bbox 2379 2433 2483 2488; x_wconf 87' lang='lat' dir='ltr'><strong>non</strong></span> <span class='ocrx_word' id='word_1_471' title='bbox 2518 2428 2694 2472; x_wconf 83' lang='lat' dir='ltr'><strong>tamen</strong></span> <span class='ocrx_word' id='word_1_472' title='bbox 2711 2413 2971 2488; x_wconf 58' lang='lat' dir='ltr'><strong>&#39;proprie,</strong></span> <span class='ocrx_word' id='word_1_473' title='bbox 3013 2422 3108 2474; x_wconf 83' lang='lat' dir='ltr'><strong>sed</strong></span> <span class='ocrx_word' id='word_1_474' title='bbox 3130 2437 3194 2474; x_wconf 90' lang='lat' dir='ltr'><strong>eo</strong></span> <span class='ocrx_word' id='word_1_475' title='bbox 3222 2431 3422 2474; x_wconf 86' lang='lat' dir='ltr'><strong>tantum</strong></span> <span class='ocrx_word' id='word_1_476' title='bbox 3451 2413 3611 2475; x_wconf 80' lang='lat' dir='ltr'><strong>modo</strong></span> <span class='ocrx_word' id='word_1_477' title='bbox 3654 2413 3659 2416; x_wconf 65' lang='grc'><em>’</em></span> 
     </span>
    </p>
   </div>
   <div class='ocr_carea' id='block_1_71' title="bbox 2043 2487 3612 2562">
    <p class='ocr_par' dir='ltr' id='par_1_71' title="bbox 2043 2487 3612 2562">
     <span class='ocr_line' id='line_1_71' title="bbox 2043 2487 3612 2562; baseline 0.005 -23"><span class='ocrx_word' id='word_1_478' title='bbox 2043 2501 2152 2562; x_wconf 79' lang='lat' dir='ltr'><strong>quo</strong></span> <span class='ocrx_word' id='word_1_479' title='bbox 2181 2487 2456 2541; x_wconf 83' lang='lat' dir='ltr'><strong>Elizabeth</strong></span> <span class='ocrx_word' id='word_1_480' title='bbox 2501 2487 2755 2562; x_wconf 80' lang='lat' dir='ltr'><strong>appellari</strong></span> <span class='ocrx_word' id='word_1_481' title='bbox 2808 2487 3001 2562; x_wconf 26' lang='lat' dir='ltr'><strong>posset‘</strong></span> <span class='ocrx_word' id='word_1_482' title='bbox 3032 2493 3458 2562; x_wconf 73' lang='grc' dir='ltr'><strong>Πνευματοτὸκος,</strong></span> <span class='ocrx_word' id='word_1_483' title='bbox 3489 2497 3612 2561; x_wconf 78' lang='lat' dir='ltr'><strong>quia</strong></span> 
     </span>
    </p>
   </div>
   <div class='ocr_carea' id='block_1_72' title="bbox 2044 2555 3464 2628">
    <p class='ocr_par' dir='ltr' id='par_1_72' title="bbox 2044 2555 3464 2628">
     <span class='ocr_line' id='line_1_72' title="bbox 2044 2555 3464 2628; baseline 0.004 -18"><span class='ocrx_word' id='word_1_484' title='bbox 2044 2555 2304 2628; x_wconf 62' lang='lat' dir='ltr'><strong>Joannem</strong></span> <span class='ocrx_word' id='word_1_485' title='bbox 2336 2555 2649 2628; x_wconf 54' lang='lat' dir='ltr'><strong>peper_it,&#39;in</strong></span> <span class='ocrx_word' id='word_1_486' title='bbox 2677 2575 2784 2627; x_wconf 92' lang='lat' dir='ltr'><strong>quo</strong></span> <span class='ocrx_word' id='word_1_487' title='bbox 2805 2555 2948 2614; x_wconf 80' lang='lat' dir='ltr'><strong>esset</strong></span> <span class='ocrx_word' id='word_1_488' title='bbox 2972 2555 3204 2628; x_wconf 83' lang='lat' dir='ltr'><strong>Spiritus</strong></span> <span class='ocrx_word' id='word_1_489' title='bbox 3225 2573 3464 2616; x_wconf 87' lang='lat' dir='ltr'><strong>sanctus.</strong></span> 
     </span>
    </p>
   </div>
   <div class='ocr_carea' id='block_1_73' title="bbox 2116 2625 3612 2699">
    <p class='ocr_par' dir='ltr' id='par_1_73' title="bbox 2116 2625 3612 2699">
     <span class='ocr_line' id='line_1_73' title="bbox 2116 2625 3612 2699; baseline 0.003 -19"><span class='ocrx_word' id='word_1_490' title='bbox 2116 2625 2392 2699; x_wconf 69' lang='lat' dir='ltr'><strong>Tertium,</strong></span> <span class='ocrx_word' id='word_1_491' title='bbox 2424 2627 2669 2682; x_wconf 65' lang='lat' dir='ltr'><strong>haeresim</strong></span> <span class='ocrx_word' id='word_1_492' title='bbox 2693 2625 2808 2698; x_wconf 65' lang='lat' dir='ltr'><strong>quae</strong></span> <span class='ocrx_word' id='word_1_493' title='bbox 2839 2646 2865 2680; x_wconf 89' lang='lat' dir='ltr'><strong>a</strong></span> <span class='ocrx_word' id='word_1_494' title='bbox 2903 2625 3116 2699; x_wconf 82' lang='lat' dir='ltr'><strong>Pelagio</strong></span> <span class='ocrx_word' id='word_1_495' title='bbox 3149 2646 3340 2686; x_wconf 90' lang='lat' dir='ltr'><strong>nomen</strong></span> <span class='ocrx_word' id='word_1_496' title='bbox 3373 2632 3612 2699; x_wconf 90' lang='lat' dir='ltr'><strong>accepit,</strong></span> 
     </span>
    </p>
   </div>
   <div class='ocr_carea' id='block_1_74' title="bbox 2046 2697 3612 2770">
    <p class='ocr_par' dir='ltr' id='par_1_74' title="bbox 2046 2697 3612 2770">
     <span class='ocr_line' id='line_1_74' title="bbox 2046 2697 3612 2770; baseline 0.003 -20"><span class='ocrx_word' id='word_1_497' title='bbox 2046 2697 2246 2770; x_wconf 88' lang='lat' dir='ltr'><strong>variam</strong></span> <span class='ocrx_word' id='word_1_498' title='bbox 2279 2711 2490 2770; x_wconf 87' lang='lat' dir='ltr'><strong>quoque</strong></span> <span class='ocrx_word' id='word_1_499' title='bbox 2518 2713 2547 2752; x_wconf 89' lang='lat' dir='ltr'><strong>a</strong></span> <span class='ocrx_word' id='word_1_500' title='bbox 2582 2697 2741 2770; x_wconf 82' lang='lat' dir='ltr'><strong>variis</strong></span> <span class='ocrx_word' id='word_1_501' title='bbox 2767 2697 3102 2770; x_wconf 76' lang='lat' dir='ltr'><strong>auctoribus.</strong></span> <span class='ocrx_word' id='word_1_502' title='bbox 3138 2701 3204 2755; x_wconf 91' lang='lat' dir='ltr'><strong>de</strong></span> <span class='ocrx_word' id='word_1_503' title='bbox 3232 2704 3402 2770; x_wconf 77' lang='lat' dir='ltr'><strong>gratia</strong></span> <span class='ocrx_word' id='word_1_504' title='bbox 3438 2697 3529 2755; x_wconf 87' lang='lat' dir='ltr'><strong>Dei</strong></span> <span class='ocrx_word' id='word_1_505' title='bbox 3559 2703 3612 2754; x_wconf 89' lang='lat' dir='ltr'><strong>in</strong></span> 
     </span>
    </p>
   </div>
   <div class='ocr_carea' id='block_1_75' title="bbox 2047 2767 3611 2838">
    <p class='ocr_par' dir='ltr' id='par_1_75' title="bbox 2047 2767 3611 2838">
     <span class='ocr_line' id='line_1_75' title="bbox 2047 2767 3611 2838; baseline 0.003 -18"><span class='ocrx_word' id='word_1_506' title='bbox 2047 2767 2262 2835; x_wconf 76' lang='lat' dir='ltr'><strong>negotio</strong></span> <span class='ocrx_word' id='word_1_507' title='bbox 2285 2768 2473 2838; x_wconf 85' lang='lat' dir='ltr'><strong>salutis</strong></span> <span class='ocrx_word' id='word_1_508' title='bbox 2497 2769 2636 2823; x_wconf 87' lang='lat' dir='ltr'><strong>male</strong></span> <span class='ocrx_word' id='word_1_509' title='bbox 2655 2771 3038 2829; x_wconf 86' lang='lat' dir='ltr'><strong>sentientibus,</strong></span> <span class='ocrx_word' id='word_1_510' title='bbox 3062 2767 3288 2824; x_wconf 78' lang='lat' dir='ltr'><strong>formam</strong></span> <span class='ocrx_word' id='word_1_511' title='bbox 3309 2775 3611 2838; x_wconf 85' lang='lat' dir='ltr'><strong>accepisse;</strong></span> 
     </span>
    </p>
   </div>
   <div class='ocr_carea' id='block_1_76' title="bbox 2045 2837 3614 2908">
    <p class='ocr_par' dir='ltr' id='par_1_76' title="bbox 2045 2837 3614 2908">
     <span class='ocr_line' id='line_1_76' title="bbox 2045 2837 3614 2908; baseline 0.003 -19"><span class='ocrx_word' id='word_1_512' title='bbox 2045 2838 2206 2890; x_wconf 70' lang='lat' dir='ltr'><strong>alim:</strong></span> <span class='ocrx_word' id='word_1_513' title='bbox 2232 2837 2439 2891; x_wconf 86' lang='lat' dir='ltr'><strong>scilicet</strong></span> <span class='ocrx_word' id='word_1_514' title='bbox 2467 2853 2496 2891; x_wconf 88' lang='lat' dir='ltr'><strong>a</strong></span> <span class='ocrx_word' id='word_1_515' title='bbox 2525 2838 2773 2906; x_wconf 88' lang='lat' dir='ltr'><strong>Leporio,</strong></span> <span class='ocrx_word' id='word_1_516' title='bbox 2805 2841 2896 2908; x_wconf 90' lang='lat' dir='ltr'><strong>qui</strong></span> <span class='ocrx_word' id='word_1_517' title='bbox 2919 2840 3194 2894; x_wconf 83' lang='lat' dir='ltr'><strong>Christum</strong></span> <span class='ocrx_word' id='word_1_518' title='bbox 3223 2840 3411 2904; x_wconf 88' lang='lat' dir='ltr'><strong>voluit,</strong></span> <span class='ocrx_word' id='word_1_519' title='bbox 3446 2837 3614 2894; x_wconf 82' lang='lat' dir='ltr'><strong>horni-</strong></span> 
     </span>
    </p>
   </div>
   <div class='ocr_carea' id='block_1_77' title="bbox 2047 2910 3616 2978">
    <p class='ocr_par' dir='ltr' id='par_1_77' title="bbox 2047 2910 3616 2978">
     <span class='ocr_line' id='line_1_77' title="bbox 2047 2910 3616 2978; baseline 0.001 -18"><span class='ocrx_word' id='word_1_520' title='bbox 2047 2921 2250 2978; x_wconf 87' lang='lat' dir='ltr'><strong>nes_quc</strong></span> <span class='ocrx_word' id='word_1_521' title='bbox 2278 2913 2504 2961; x_wconf 66' lang='lat' dir='ltr'><strong>caeteros</strong></span> <span class='ocrx_word' id='word_1_522' title='bbox 2534 2912 2741 2963; x_wconf 80' lang='lat' dir='ltr'><strong>meritis</strong></span> <span class='ocrx_word' id='word_1_523' title='bbox 2773 2920 2979 2964; x_wconf 53' lang='lat' dir='ltr'><strong>naturae.</strong></span> <span class='ocrx_word' id='word_1_524' title='bbox 3013 2910 3332 2978; x_wconf 88' lang='lat' dir='ltr'><strong>promeritos</strong></span> <span class='ocrx_word' id='word_1_525' title='bbox 3371 2913 3420 2965; x_wconf 90' lang='lat' dir='ltr'><strong>id</strong></span> <span class='ocrx_word' id='word_1_526' title='bbox 3454 2927 3616 2964; x_wconf 87' lang='lat' dir='ltr'><strong>omne</strong></span> 
     </span>
    </p>
   </div>
   <div class='ocr_carea' id='block_1_78' title="bbox 2048 2975 3616 3051">
    <p class='ocr_par' dir='ltr' id='par_1_78' title="bbox 2048 2975 3616 3051">
     <span class='ocr_line' id='line_1_78' title="bbox 2048 2975 3616 3051; baseline 0.004 -24"><span class='ocrx_word' id='word_1_527' title='bbox 2048 2975 2242 3051; x_wconf 69' lang='lat' dir='ltr'><strong>divinae</strong></span> <span class='ocrx_word' id='word_1_528' title='bbox 2266 2979 2474 3051; x_wconf 55' lang='lat' dir='ltr'><strong>gratiae,</strong></span> <span class='ocrx_word' id='word_1_529' title='bbox 2507 2994 2613 3046; x_wconf 89' lang='lat' dir='ltr'><strong>quo</strong></span> <span class='ocrx_word' id='word_1_530' title='bbox 2631 2980 2810 3033; x_wconf 89' lang='lat' dir='ltr'><strong>donati</strong></span> <span class='ocrx_word' id='word_1_531' title='bbox 2841 2991 2992 3043; x_wconf 88' lang='lat' dir='ltr'><strong>sunt;</strong></span> <span class='ocrx_word' id='word_1_532' title='bbox 3016 2975 3175 3051; x_wconf 78' lang='lat' dir='ltr'><strong>aliam</strong></span> <span class='ocrx_word' id='word_1_533' title='bbox 3202 2995 3230 3051; x_wconf 83' lang='lat' dir='ltr'><strong>a</strong></span> <span class='ocrx_word' id='word_1_534' title='bbox 3254 2981 3473 3050; x_wconf 73' lang='lat' dir='ltr'><strong>Pelagio</strong></span> <span class='ocrx_word' id='word_1_535' title='bbox 3491 3023 3503 3042; x_wconf 89' lang='lat'><strong>,</strong></span> <span class='ocrx_word' id='word_1_536' title='bbox 3526 2982 3616 3051; x_wconf 91' lang='lat' dir='ltr'><strong>qui</strong></span> 
     </span>
    </p>
   </div>
   <div class='ocr_carea' id='block_1_79' title="bbox 2051 3045 3619 3120">
    <p class='ocr_par' dir='ltr' id='par_1_79' title="bbox 2051 3045 3619 3120">
     <span class='ocr_line' id='line_1_79' title="bbox 2051 3045 3619 3120; baseline 0.005 -22"><span class='ocrx_word' id='word_1_537' title='bbox 2051 3045 2294 3120; x_wconf 85' lang='lat' dir='ltr'><strong>homines</strong></span> <span class='ocrx_word' id='word_1_538' title='bbox 2312 3045 2534 3120; x_wconf 86' lang='lat' dir='ltr'><strong>quidem</strong></span> <span class='ocrx_word' id='word_1_539' title='bbox 2565 3051 2858 3117; x_wconf 86' lang='lat' dir='ltr'><strong>promereri</strong></span> <span class='ocrx_word' id='word_1_540' title='bbox 2892 3053 3042 3104; x_wconf 81' lang='lat' dir='ltr'><strong>dixit.</strong></span> <span class='ocrx_word' id='word_1_541' title='bbox 3074 3049 3217 3103; x_wconf 77' lang='lat' dir='ltr'><strong>Istud</strong></span> <span class='ocrx_word' id='word_1_542' title='bbox 3238 3045 3619 3120; x_wconf 70' lang='lat' dir='ltr'><strong>quodcumque</strong></span> 
     </span>
    </p>
   </div>
   <div class='ocr_carea' id='block_1_80' title="bbox 384 3116 3620 3191">
    <p class='ocr_par' dir='ltr' id='par_1_80' title="bbox 384 3116 3620 3191">
     <span class='ocr_line' id='line_1_80' title="bbox 384 3116 3620 3191; baseline -0.002 -11"><span class='ocrx_word' id='word_1_543' title='bbox 384 3124 695 3184; x_wconf 85' lang='lat' dir='ltr'><strong>dedisse,ah</strong></span> <span class='ocrx_word' id='word_1_544' title='bbox 723 3125 835 3191; x_wconf 88' lang='lat' dir='ltr'><strong>ipsa</strong></span> <span class='ocrx_word' id='word_1_545' title='bbox 864 3116 1092 3176; x_wconf 83' lang='lat' dir='ltr'><strong>vicissim</strong></span> <span class='ocrx_word' id='word_1_546' title='bbox 1113 3123 1369 3190; x_wconf 81' lang='lat' dir='ltr'><strong>originem</strong></span> <span class='ocrx_word' id='word_1_547' title='bbox 1396 3116 1684 3191; x_wconf 73' lang='lat' dir='ltr'><strong>reécpisse,</strong></span> <span class='ocrx_word' id='word_1_548' title='bbox 1707 3116 1938 3175; x_wconf 76' lang='lat' dir='ltr'><strong>voluisse</strong></span> <span class='ocrx_word' id='word_1_549' title='bbox 1965 3125 2008 3186; x_wconf 84' lang='lat' dir='ltr'><strong>C</strong></span> <span class='ocrx_word' id='word_1_550' title='bbox 2045 3116 2243 3191; x_wconf 79' lang='lat' dir='ltr'><strong>habent</strong></span> <span class='ocrx_word' id='word_1_551' title='bbox 2269 3119 2474 3191; x_wconf 75' lang='lat' dir='ltr'><strong>gratiae,</strong></span> <span class='ocrx_word' id='word_1_552' title='bbox 2503 3116 2772 3191; x_wconf 73' lang='lat' dir='ltr'><strong>Christum</strong></span> <span class='ocrx_word' id='word_1_553' title='bbox 2805 3135 2931 3174; x_wconf 90' lang='lat' dir='ltr'><strong>vero</strong></span> <span class='ocrx_word' id='word_1_554' title='bbox 2967 3121 3194 3190; x_wconf 77' lang='lat' dir='ltr'><strong>gratiam</strong></span> <span class='ocrx_word' id='word_1_555' title='bbox 3220 3116 3326 3190; x_wconf 85' lang='lat' dir='ltr'><strong>qua</strong></span> <span class='ocrx_word' id='word_1_556' title='bbox 3352 3121 3448 3176; x_wconf 88' lang='lat' dir='ltr'><strong>Dei</strong></span> <span class='ocrx_word' id='word_1_557' title='bbox 3480 3116 3620 3176; x_wconf 80' lang='lat' dir='ltr'><strong>ﬁlius</strong></span> 
     </span>
    </p>
   </div>
   <div class='ocr_carea' id='block_1_81' title="bbox 390 3193 1934 3262">
    <p class='ocr_par' dir='ltr' id='par_1_81' title="bbox 390 3193 1934 3262">
     <span class='ocr_line' id='line_1_81' title="bbox 390 3193 1934 3262; baseline -0.002 -14"><span class='ocrx_word' id='word_1_558' title='bbox 390 3194 655 3249; x_wconf 91' lang='lat' dir='ltr'><strong>hominem</strong></span> <span class='ocrx_word' id='word_1_559' title='bbox 699 3193 894 3262; x_wconf 88' lang='lat' dir='ltr'><strong>pietate</strong></span> <span class='ocrx_word' id='word_1_560' title='bbox 932 3204 978 3246; x_wconf 90' lang='lat' dir='ltr'><strong>et</strong></span> <span class='ocrx_word' id='word_1_561' title='bbox 1023 3193 1267 3246; x_wconf 88' lang='lat' dir='ltr'><strong>mercede</strong></span> <span class='ocrx_word' id='word_1_562' title='bbox 1307 3207 1526 3259; x_wconf 86' lang='lat' dir='ltr'><strong>operum</strong></span> <span class='ocrx_word' id='word_1_563' title='bbox 1574 3194 1768 3246; x_wconf 82' lang='lat' dir='ltr'><strong>factum</strong></span> <span class='ocrx_word' id='word_1_564' title='bbox 1815 3205 1934 3262; x_wconf 82' lang='lat' dir='ltr'><strong>esse</strong></span> 
     </span>
    </p>
   </div>
   <div class='ocr_carea' id='block_1_82' title="bbox 387 3261 1930 3333">
    <p class='ocr_par' dir='ltr' id='par_1_82' title="bbox 387 3261 1930 3333">
     <span class='ocr_line' id='line_1_82' title="bbox 387 3261 1930 3333; baseline -0.005 -14"><span class='ocrx_word' id='word_1_565' title='bbox 387 3266 576 3326; x_wconf 89' lang='lat' dir='ltr'><strong>Deum,</strong></span> <span class='ocrx_word' id='word_1_566' title='bbox 606 3261 868 3333; x_wconf 83' lang='lat' dir='ltr'><strong>pugnasse</strong></span> <span class='ocrx_word' id='word_1_567' title='bbox 892 3271 1011 3329; x_wconf 85' lang='lat' dir='ltr'><strong>post</strong></span> <span class='ocrx_word' id='word_1_568' title='bbox 1033 3264 1248 3315; x_wconf 79' lang='lat' dir='ltr'><strong>vulnera</strong></span> <span class='ocrx_word' id='word_1_569' title='bbox 1275 3263 1683 3331; x_wconf 73' lang='lat' dir='ltr'><strong>eonsanguinere</strong></span> <span class='ocrx_word' id='word_1_570' title='bbox 1711 3261 1930 3333; x_wconf 83' lang='lat' dir='ltr'><strong>fraudis,</strong></span> 
     </span>
    </p>
   </div>
   <div class='ocr_carea' id='block_1_83' title="bbox 387 3332 1936 3400">
    <p class='ocr_par' dir='ltr' id='par_1_83' title="bbox 387 3332 1936 3400">
     <span class='ocr_line' id='line_1_83' title="bbox 387 3332 1936 3400; baseline -0.002 -12"><span class='ocrx_word' id='word_1_571' title='bbox 387 3337 540 3389; x_wconf 88' lang='lat' dir='ltr'><strong>unica</strong></span> <span class='ocrx_word' id='word_1_572' title='bbox 571 3332 832 3388; x_wconf 76' lang='lat' dir='ltr'><strong>sententia</strong></span> <span class='ocrx_word' id='word_1_573' title='bbox 877 3343 1205 3400; x_wconf 89' lang='lat' dir='ltr'><strong>peremptam</strong></span> <span class='ocrx_word' id='word_1_574' title='bbox 1233 3346 1386 3394; x_wconf 86' lang='lat' dir='ltr'><strong>esse,</strong></span> <span class='ocrx_word' id='word_1_575' title='bbox 1426 3343 1480 3385; x_wconf 90' lang='lat' dir='ltr'><strong>et</strong></span> <span class='ocrx_word' id='word_1_576' title='bbox 1503 3334 1658 3385; x_wconf 85' lang='lat' dir='ltr'><strong>simul</strong></span> <span class='ocrx_word' id='word_1_577' title='bbox 1690 3347 1808 3385; x_wconf 92' lang='lat' dir='ltr'><strong>cum</strong></span> <span class='ocrx_word' id='word_1_578' title='bbox 1842 3332 1936 3385; x_wconf 86' lang='lat' dir='ltr'><strong>Pe-</strong></span> 
     </span>
    </p>
   </div>
   <div class='ocr_carea' id='block_1_84' title="bbox 391 3402 1790 3473">
    <p class='ocr_par' dir='ltr' id='par_1_84' title="bbox 391 3402 1790 3473">
     <span class='ocr_line' id='line_1_84' title="bbox 391 3402 1790 3473; baseline -0.004 -15"><span class='ocrx_word' id='word_1_579' title='bbox 391 3405 596 3473; x_wconf 79' lang='lat' dir='ltr'><strong>lagiana</strong></span> <span class='ocrx_word' id='word_1_580' title='bbox 629 3403 968 3473; x_wconf 89' lang='lat' dir='ltr'><strong>insepultam,</strong></span> <span class='ocrx_word' id='word_1_581' title='bbox 999 3411 1154 3469; x_wconf 82' lang='lat' dir='ltr'><strong>atque</strong></span> <span class='ocrx_word' id='word_1_582' title='bbox 1178 3403 1448 3454; x_wconf 84' lang='lat' dir='ltr'><strong>detrusain</strong></span> <span class='ocrx_word' id='word_1_583' title='bbox 1477 3402 1540 3454; x_wconf 90' lang='lat' dir='ltr'><strong>ad</strong></span> <span class='ocrx_word' id='word_1_584' title='bbox 1573 3403 1790 3455; x_wconf 84' lang='lat' dir='ltr'><strong>inl’erus.</strong></span> 
     </span>
    </p>
   </div>
   <div class='ocr_carea' id='block_1_85' title="bbox 463 3470 1940 3540">
    <p class='ocr_par' dir='ltr' id='par_1_85' title="bbox 463 3470 1940 3540">
     <span class='ocr_line' id='line_1_85' title="bbox 463 3470 1940 3540; baseline -0.002 -14"><span class='ocrx_word' id='word_1_585' title='bbox 463 3474 586 3526; x_wconf 77' lang='lat' dir='ltr'><strong>Ihec</strong></span> <span class='ocrx_word' id='word_1_586' title='bbox 609 3472 784 3525; x_wconf 89' lang='lat' dir='ltr'><strong>omnia</strong></span> <span class='ocrx_word' id='word_1_587' title='bbox 807 3473 1099 3531; x_wconf 83' lang='lat' dir='ltr'><strong>Contende,</strong></span> <span class='ocrx_word' id='word_1_588' title='bbox 1128 3483 1181 3523; x_wconf 93' lang='lat' dir='ltr'><strong>ut</strong></span> <span class='ocrx_word' id='word_1_589' title='bbox 1212 3488 1237 3524; x_wconf 88' lang='lat' dir='ltr'><strong>a</strong></span> <span class='ocrx_word' id='word_1_590' title='bbox 1273 3478 1425 3539; x_wconf 54' lang='lat' dir='ltr'><strong>poeta</strong></span> <span class='ocrx_word' id='word_1_591' title='bbox 1455 3472 1726 3540; x_wconf 69' lang='lat' dir='ltr'><strong>elegauuzr</strong></span> <span class='ocrx_word' id='word_1_592' title='bbox 1746 3512 1759 3534; x_wconf 87' lang='lat'><strong>,</strong></span> <span class='ocrx_word' id='word_1_593' title='bbox 1789 3480 1844 3522; x_wconf 91' lang='lat' dir='ltr'><strong>nt</strong></span> <span class='ocrx_word' id='word_1_594' title='bbox 1873 3470 1940 3523; x_wconf 91' lang='lat' dir='ltr'><strong>ab</strong></span> 
     </span>
    </p>
   </div>
   <div class='ocr_carea' id='block_1_86' title="bbox 390 3540 1939 3607">
    <p class='ocr_par' dir='ltr' id='par_1_86' title="bbox 390 3540 1939 3607">
     <span class='ocr_line' id='line_1_86' title="bbox 390 3540 1939 3607; baseline -0.003 -9"><span class='ocrx_word' id='word_1_595' title='bbox 390 3544 643 3598; x_wconf 86' lang='lat' dir='ltr'><strong>historico</strong></span> <span class='ocrx_word' id='word_1_596' title='bbox 675 3542 754 3595; x_wconf 88' lang='lat' dir='ltr'><strong>vel</strong></span> <span class='ocrx_word' id='word_1_597' title='bbox 782 3540 1018 3601; x_wconf 84' lang='lat' dir='ltr'><strong>confuse,</strong></span> <span class='ocrx_word' id='word_1_598' title='bbox 1055 3542 1133 3594; x_wconf 91' lang='lat' dir='ltr'><strong>vel</strong></span> <span class='ocrx_word' id='word_1_599' title='bbox 1161 3541 1287 3594; x_wconf 76' lang='lat' dir='ltr'><strong>falso</strong></span> <span class='ocrx_word' id='word_1_600' title='bbox 1322 3541 1490 3606; x_wconf 91' lang='lat' dir='ltr'><strong>dicta;</strong></span> <span class='ocrx_word' id='word_1_601' title='bbox 1519 3543 1658 3607; x_wconf 88' lang='lat' dir='ltr'><strong>quod</strong></span> <span class='ocrx_word' id='word_1_602' title='bbox 1692 3551 1743 3593; x_wconf 91' lang='lat' dir='ltr'><strong>ut</strong></span> <span class='ocrx_word' id='word_1_603' title='bbox 1777 3541 1939 3593; x_wconf 85' lang='lat' dir='ltr'><strong>niani-</strong></span> 
     </span>
    </p>
   </div>
   <div class='ocr_carea' id='block_1_87' title="bbox 395 3611 1849 3679">
    <p class='ocr_par' dir='ltr' id='par_1_87' title="bbox 395 3611 1849 3679">
     <span class='ocr_line' id='line_1_87' title="bbox 395 3611 1849 3679; baseline -0.005 -11"><span class='ocrx_word' id='word_1_604' title='bbox 395 3613 588 3672; x_wconf 78' lang='lat' dir='ltr'><strong>festum</strong></span> <span class='ocrx_word' id='word_1_605' title='bbox 613 3611 722 3679; x_wconf 83' lang='lat' dir='ltr'><strong>ﬁat,</strong></span> <span class='ocrx_word' id='word_1_606' title='bbox 758 3613 856 3665; x_wconf 92' lang='lat' dir='ltr'><strong>tria</strong></span> <span class='ocrx_word' id='word_1_607' title='bbox 885 3621 1009 3662; x_wconf 90' lang='lat' dir='ltr'><strong>sunt</strong></span> <span class='ocrx_word' id='word_1_608' title='bbox 1036 3613 1190 3678; x_wconf 84' lang='lat' dir='ltr'><strong>paulo</strong></span> <span class='ocrx_word' id='word_1_609' title='bbox 1221 3611 1470 3664; x_wconf 78' lang='lat' dir='ltr'><strong>attentius</strong></span> <span class='ocrx_word' id='word_1_610' title='bbox 1492 3611 1849 3666; x_wconf 66' lang='lat' dir='ltr'><strong>observanda.</strong></span> 
     </span>
    </p>
   </div>
   <div class='ocr_carea' id='block_1_88' title="bbox 461 3679 1942 3750">
    <p class='ocr_par' dir='ltr' id='par_1_88' title="bbox 461 3679 1942 3750">
     <span class='ocr_line' id='line_1_88' title="bbox 461 3679 1942 3750; baseline -0.002 -14"><span class='ocrx_word' id='word_1_611' title='bbox 461 3683 726 3746; x_wconf 84' lang='lat' dir='ltr'><strong>Primum,</strong></span> <span class='ocrx_word' id='word_1_612' title='bbox 763 3693 1108 3750; x_wconf 69' lang='lat' dir='ltr'><strong>quaestionem</strong></span> <span class='ocrx_word' id='word_1_613' title='bbox 1163 3681 1233 3734; x_wconf 89' lang='lat' dir='ltr'><strong>de</strong></span> <span class='ocrx_word' id='word_1_614' title='bbox 1295 3681 1572 3735; x_wconf 62' lang='lat' dir='ltr'><strong>divinitate</strong></span> <span class='ocrx_word' id='word_1_615' title='bbox 1644 3681 1838 3735; x_wconf 78' lang='lat' dir='ltr'><strong>Christi</strong></span> <span class='ocrx_word' id='word_1_616' title='bbox 1887 3679 1942 3733; x_wconf 90' lang='lat' dir='ltr'><strong>in</strong></span> 
     </span>
    </p>
   </div>
   <div class='ocr_carea' id='block_1_89' title="bbox 393 3751 1946 3820">
    <p class='ocr_par' dir='ltr' id='par_1_89' title="bbox 393 3751 1946 3820">
     <span class='ocr_line' id='line_1_89' title="bbox 393 3751 1946 3820; baseline -0.005 -11"><span class='ocrx_word' id='word_1_617' title='bbox 393 3753 612 3810; x_wconf 87' lang='lat' dir='ltr'><strong>Oriente</strong></span> <span class='ocrx_word' id='word_1_618' title='bbox 640 3761 816 3804; x_wconf 91' lang='lat' dir='ltr'><strong>natam</strong></span> <span class='ocrx_word' id='word_1_619' title='bbox 846 3765 981 3810; x_wconf 86' lang='lat' dir='ltr'><strong>esse,</strong></span> <span class='ocrx_word' id='word_1_620' title='bbox 1012 3752 1439 3820; x_wconf 60' lang='lat' dir='ltr'><strong>propositumque</strong></span> <span class='ocrx_word' id='word_1_621' title='bbox 1461 3767 1521 3804; x_wconf 89' lang='lat' dir='ltr'><strong>ea</strong></span> <span class='ocrx_word' id='word_1_622' title='bbox 1547 3752 1656 3804; x_wconf 82' lang='lat' dir='ltr'><strong>fere</strong></span> <span class='ocrx_word' id='word_1_623' title='bbox 1677 3751 1946 3803; x_wconf 86' lang='lat' dir='ltr'><strong>communi</strong></span> 
     </span>
    </p>
   </div>
   <div class='ocr_carea' id='block_1_90' title="bbox 395 3821 1948 3888">
    <p class='ocr_par' dir='ltr' id='par_1_90' title="bbox 395 3821 1948 3888">
     <span class='ocr_line' id='line_1_90' title="bbox 395 3821 1948 3888; baseline -0.002 -12"><span class='ocrx_word' id='word_1_624' title='bbox 395 3822 645 3883; x_wconf 77' lang='lat' dir='ltr'><strong>formula,</strong></span> <span class='ocrx_word' id='word_1_625' title='bbox 679 3835 782 3888; x_wconf 86' lang='lat' dir='ltr'><strong>qua</strong></span> <span class='ocrx_word' id='word_1_626' title='bbox 812 3831 1140 3888; x_wconf 71' lang='lat' dir='ltr'><strong>qumreretur</strong></span> <span class='ocrx_word' id='word_1_627' title='bbox 1181 3836 1286 3888; x_wconf 91' lang='lat' dir='ltr'><strong>quo</strong></span> <span class='ocrx_word' id='word_1_628' title='bbox 1320 3825 1532 3874; x_wconf 86' lang='lat' dir='ltr'><strong>nomine</strong></span> <span class='ocrx_word' id='word_1_629' title='bbox 1575 3821 1732 3874; x_wconf 79' lang='lat' dir='ltr'><strong>Maria</strong></span> <span class='ocrx_word' id='word_1_630' title='bbox 1777 3834 1948 3874; x_wconf 87' lang='lat' dir='ltr'><strong>mater</strong></span> 
     </span>
    </p>
   </div>
   <div class='ocr_carea' id='block_1_91' title="bbox 393 3890 1946 3966">
    <p class='ocr_par' dir='ltr' id='par_1_91' title="bbox 393 3890 1946 3966">
     <span class='ocr_line' id='line_1_91' title="bbox 393 3890 1946 3966; baseline -0.001 -20"><span class='ocrx_word' id='word_1_631' title='bbox 393 3893 519 3966; x_wconf 83' lang='lat' dir='ltr'><strong>Jesu</strong></span> <span class='ocrx_word' id='word_1_632' title='bbox 547 3891 766 3945; x_wconf 80' lang='lat' dir='ltr'><strong>deberet</strong></span> <span class='ocrx_word' id='word_1_633' title='bbox 792 3890 928 3966; x_wconf 30' lang='lat' dir='ltr'><strong>dici,‘</strong></span> <span class='ocrx_word' id='word_1_634' title='bbox 948 3905 1012 3943; x_wconf 93' lang='lat' dir='ltr'><strong>an</strong></span> <span class='ocrx_word' id='word_1_635' title='bbox 1036 3890 1407 3966; x_wconf 69' lang='grc' dir='ltr'><strong>ἀνθρωποτρκος</strong></span> <span class='ocrx_word' id='word_1_636' title='bbox 1439 3901 1660 3948; x_wconf 84' lang='lat' dir='ltr'><strong>tantum.</strong></span> <span class='ocrx_word' id='word_1_637' title='bbox 1693 3907 1756 3966; x_wconf 82' lang='lat' dir='ltr'><strong>an</strong></span> <span class='ocrx_word' id='word_1_638' title='bbox 1789 3903 1946 3966; x_wconf 58' lang='lat' dir='ltr'><strong>a070-</strong></span> 
     </span>
    </p>
   </div>
   <div class='ocr_carea' id='block_1_92' title="bbox 394 3961 1951 4036">
    <p class='ocr_par' dir='ltr' id='par_1_92' title="bbox 394 3961 1951 4036">
     <span class='ocr_line' id='line_1_92' title="bbox 394 3961 1951 4036; baseline -0.004 -19"><span class='ocrx_word' id='word_1_639' title='bbox 394 3963 562 4036; x_wconf 63' lang='grc' dir='ltr'><strong>αι’ὀιιος2</strong></span> <span class='ocrx_word' id='word_1_640' title='bbox 591 3978 656 4014; x_wconf 84' lang='lat' dir='ltr'><strong>an</strong></span> <span class='ocrx_word' id='word_1_641' title='bbox 687 3961 1038 4036; x_wconf 54' lang='grc' dir='ltr'><strong>Χριστοτόηος,</strong></span> <span class='ocrx_word' id='word_1_642' title='bbox 1075 3961 1137 4036; x_wconf 77' lang='lat' dir='ltr'><strong>:It_i</strong></span> <span class='ocrx_word' id='word_1_643' title='bbox 1167 3963 1435 4025; x_wconf 80' lang='grc' dir='ltr'><strong>Θεοτὸκος;</strong></span> <span class='ocrx_word' id='word_1_644' title='bbox 1468 3977 1590 4036; x_wconf 68' lang='lat' dir='ltr'><strong>non</strong></span> <span class='ocrx_word' id='word_1_645' title='bbox 1609 3961 1748 4036; x_wconf 82' lang='lat' dir='ltr'><strong>quod</strong></span> <span class='ocrx_word' id='word_1_646' title='bbox 1770 3963 1951 4036; x_wconf 40' lang='lat' dir='ltr'><strong>devito.</strong></span> 
     </span>
    </p>
   </div>
   <div class='ocr_carea' id='block_1_93' title="bbox 398 4029 1951 4098">
    <p class='ocr_par' dir='ltr' id='par_1_93' title="bbox 398 4029 1951 4098">
     <span class='ocr_line' id='line_1_93' title="bbox 398 4029 1951 4098; baseline -0.001 -14"><span class='ocrx_word' id='word_1_647' title='bbox 398 4035 511 4084; x_wconf 81' lang='lat' dir='ltr'><strong>cula</strong></span> <span class='ocrx_word' id='word_1_648' title='bbox 551 4033 613 4084; x_wconf 82' lang='lat' dir='ltr'><strong>lis</strong></span> <span class='ocrx_word' id='word_1_649' title='bbox 660 4029 821 4091; x_wconf 79' lang='lat' dir='ltr'><strong>esset,</strong></span> <span class='ocrx_word' id='word_1_650' title='bbox 876 4032 968 4084; x_wconf 87' lang='lat' dir='ltr'><strong>sed</strong></span> <span class='ocrx_word' id='word_1_651' title='bbox 998 4031 1133 4098; x_wconf 85' lang='lat' dir='ltr'><strong>quod</strong></span> <span class='ocrx_word' id='word_1_652' title='bbox 1185 4035 1444 4098; x_wconf 56' lang='lat' dir='ltr'><strong>praecipua</strong></span> <span class='ocrx_word' id='word_1_653' title='bbox 1470 4031 1785 4083; x_wconf 77' lang='lat' dir='ltr'><strong>Christiana:</strong></span> <span class='ocrx_word' id='word_1_654' title='bbox 1831 4029 1951 4083; x_wconf 83' lang='lat' dir='ltr'><strong>lidci</strong></span> 
     </span>
    </p>
   </div>
   <div class='ocr_carea' id='block_1_94' title="bbox 397 4100 1843 4168">
    <p class='ocr_par' dir='ltr' id='par_1_94' title="bbox 397 4100 1843 4168">
     <span class='ocr_line' id='line_1_94' title="bbox 397 4100 1843 4168; baseline -0.003 -12"><span class='ocrx_word' id='word_1_655' title='bbox 397 4101 758 4160; x_wconf 80' lang='lat' dir='ltr'><strong>coiitroversia</strong></span> <span class='ocrx_word' id='word_1_656' title='bbox 787 4101 966 4168; x_wconf 83' lang='lat' dir='ltr'><strong>propri</strong></span> <span class='ocrx_word' id='word_1_657' title='bbox 990 4115 1033 4164; x_wconf 85' lang='lat' dir='ltr'><strong>s,</strong></span> <span class='ocrx_word' id='word_1_658' title='bbox 1058 4111 1114 4158; x_wconf 90' lang='lat' dir='ltr'><strong>ut</strong></span> <span class='ocrx_word' id='word_1_659' title='bbox 1137 4100 1215 4163; x_wconf 83' lang='lat' dir='ltr'><strong>lit,</strong></span> <span class='ocrx_word' id='word_1_660' title='bbox 1251 4117 1328 4152; x_wconf 83' lang='lat' dir='ltr'><strong>vei</strong></span> <span class='ocrx_word' id='word_1_661' title='bbox 1347 4101 1425 4152; x_wconf 82' lang='lat' dir='ltr'><strong>bis</strong></span> <span class='ocrx_word' id='word_1_662' title='bbox 1451 4101 1843 4166; x_wconf 83' lang='lat' dir='ltr'><strong>cnnciperetnr.</strong></span> 
     </span>
    </p>
   </div>
   <div class='ocr_carea' id='block_1_95' title="bbox 471 4168 1954 4238">
    <p class='ocr_par' dir='ltr' id='par_1_95' title="bbox 471 4168 1954 4238">
     <span class='ocr_line' id='line_1_95' title="bbox 471 4168 1954 4238; baseline -0.004 -11"><span class='ocrx_word' id='word_1_663' title='bbox 471 4171 792 4236; x_wconf 87' lang='lat' dir='ltr'><strong>Secundum,</strong></span> <span class='ocrx_word' id='word_1_664' title='bbox 825 4172 1092 4233; x_wconf 74' lang='lat' dir='ltr'><strong>Interesiiu,</strong></span> <span class='ocrx_word' id='word_1_665' title='bbox 1141 4187 1256 4238; x_wconf 80' lang='lat' dir='ltr'><strong>que</strong></span> <span class='ocrx_word' id='word_1_666' title='bbox 1299 4178 1455 4237; x_wconf 82' lang='lat' dir='ltr'><strong>negat</strong></span> <span class='ocrx_word' id='word_1_667' title='bbox 1495 4169 1660 4222; x_wconf 89' lang='lat' dir='ltr'><strong>Deum</strong></span> <span class='ocrx_word' id='word_1_668' title='bbox 1689 4186 1752 4222; x_wconf 77' lang='lat' dir='ltr'><strong>ex</strong></span> <span class='ocrx_word' id='word_1_669' title='bbox 1794 4168 1954 4222; x_wconf 81' lang='lat' dir='ltr'><strong>Maria</strong></span> 
     </span>
    </p>
   </div>
   <div class='ocr_carea' id='block_1_96' title="bbox 401 4240 1954 4308">
    <p class='ocr_par' dir='ltr' id='par_1_96' title="bbox 401 4240 1954 4308">
     <span class='ocr_line' id='line_1_96' title="bbox 401 4240 1954 4308; baseline -0.003 -12"><span class='ocrx_word' id='word_1_670' title='bbox 401 4251 604 4304; x_wconf 89' lang='lat' dir='ltr'><strong>uatmn,</strong></span> <span class='ocrx_word' id='word_1_671' title='bbox 633 4244 832 4294; x_wconf 86' lang='lat' dir='ltr'><strong>variam</strong></span> <span class='ocrx_word' id='word_1_672' title='bbox 858 4240 1104 4294; x_wconf 57' lang='lat' dir='ltr'><strong>habuisse</strong></span> <span class='ocrx_word' id='word_1_673' title='bbox 1159 4241 1318 4293; x_wconf 88' lang='lat' dir='ltr'><strong>variis</strong></span> <span class='ocrx_word' id='word_1_674' title='bbox 1356 4241 1684 4308; x_wconf 90' lang='lat' dir='ltr'><strong>temporibus</strong></span> <span class='ocrx_word' id='word_1_675' title='bbox 1711 4242 1954 4292; x_wconf 80' lang='lat' dir='ltr'><strong>formam.</strong></span> 
     </span>
    </p>
   </div>
   <div class='ocr_carea' id='block_1_97' title="bbox 405 4309 1958 4379">
    <p class='ocr_par' dir='ltr' id='par_1_97' title="bbox 405 4309 1958 4379">
     <span class='ocr_line' id='line_1_97' title="bbox 405 4309 1958 4379; baseline -0.001 -15"><span class='ocrx_word' id='word_1_676' title='bbox 405 4313 632 4364; x_wconf 86' lang='lat' dir='ltr'><strong>Primam</strong></span> <span class='ocrx_word' id='word_1_677' title='bbox 663 4311 781 4379; x_wconf 85' lang='lat' dir='ltr'><strong>ipsi,</strong></span> <span class='ocrx_word' id='word_1_678' title='bbox 811 4322 1062 4378; x_wconf 67' lang='lat' dir='ltr'><strong>quantum</strong></span> <span class='ocrx_word' id='word_1_679' title='bbox 1101 4312 1200 4363; x_wconf 92' lang='lat' dir='ltr'><strong>huc</strong></span> <span class='ocrx_word' id='word_1_680' title='bbox 1239 4309 1500 4379; x_wconf 88' lang='lat' dir='ltr'><strong>pertinet,</strong></span> <span class='ocrx_word' id='word_1_681' title='bbox 1548 4309 1719 4362; x_wconf 87' lang='lat' dir='ltr'><strong>induit</strong></span> <span class='ocrx_word' id='word_1_682' title='bbox 1764 4309 1958 4363; x_wconf 85' lang='lat' dir='ltr'><strong>Paulus</strong></span> 
     </span>
    </p>
   </div>
   <div class='ocr_carea' id='block_1_98' title="bbox 401 4380 1959 4449">
    <p class='ocr_par' dir='ltr' id='par_1_98' title="bbox 401 4380 1959 4449">
     <span class='ocr_line' id='line_1_98' title="bbox 401 4380 1959 4449; baseline -0.003 -15"><span class='ocrx_word' id='word_1_683' title='bbox 401 4381 780 4449; x_wconf 85' lang='lat' dir='ltr'><strong>Samosatenus</strong></span> <span class='ocrx_word' id='word_1_684' title='bbox 811 4381 1101 4435; x_wconf 64' lang='lat' dir='ltr'><strong>Antiochiae</strong></span> <span class='ocrx_word' id='word_1_685' title='bbox 1133 4383 1410 4449; x_wconf 87' lang='lat' dir='ltr'><strong>episcopus</strong></span> <span class='ocrx_word' id='word_1_686' title='bbox 1447 4398 1459 4433; x_wconf 92' lang='lat'><strong>:</strong></span> <span class='ocrx_word' id='word_1_687' title='bbox 1492 4380 1800 4442; x_wconf 60' lang='lat' dir='ltr'><strong>secundum,</strong></span> <span class='ocrx_word' id='word_1_688' title='bbox 1822 4380 1959 4449; x_wconf 80' lang='lat' dir='ltr'><strong>l’ho-</strong></span> 
     </span>
    </p>
   </div>
   <div class='ocr_carea' id='block_1_99' title="bbox 405 4448 1956 4515">
    <p class='ocr_par' dir='ltr' id='par_1_99' title="bbox 405 4448 1956 4515">
     <span class='ocr_line' id='line_1_99' title="bbox 405 4448 1956 4515; baseline 0.001 -14"><span class='ocrx_word' id='word_1_689' title='bbox 405 4454 567 4513; x_wconf 89' lang='lat' dir='ltr'><strong>tinus,</strong></span> <span class='ocrx_word' id='word_1_690' title='bbox 602 4449 690 4515; x_wconf 92' lang='lat' dir='ltr'><strong>qui</strong></span> <span class='ocrx_word' id='word_1_691' title='bbox 715 4448 991 4501; x_wconf 83' lang='lat' dir='ltr'><strong>Sirmieusi</strong></span> <span class='ocrx_word' id='word_1_692' title='bbox 1015 4448 1267 4504; x_wconf 79' lang='lat' dir='ltr'><strong>Ecclesiae</strong></span> <span class='ocrx_word' id='word_1_693' title='bbox 1297 4450 1504 4509; x_wconf 72' lang='lat' dir='ltr'><strong>prtct&#39;uit</strong></span> <span class='ocrx_word' id='word_1_694' title='bbox 1537 4467 1549 4501; x_wconf 90' lang='lat'><strong>:</strong></span> <span class='ocrx_word' id='word_1_695' title='bbox 1586 4451 1821 4508; x_wconf 85' lang='lat' dir='ltr'><strong>tertiam,</strong></span> <span class='ocrx_word' id='word_1_696' title='bbox 1859 4448 1956 4502; x_wconf 88' lang='lat' dir='ltr'><strong>Le-</strong></span> 
     </span>
    </p>
   </div>
   <div class='ocr_carea' id='block_1_100' title="bbox 405 4516 1958 4586">
    <p class='ocr_par' dir='ltr' id='par_1_100' title="bbox 405 4516 1958 4586">
     <span class='ocr_line' id='line_1_100' title="bbox 405 4516 1958 4586; baseline 0 -16"><span class='ocrx_word' id='word_1_697' title='bbox 405 4519 587 4586; x_wconf 87' lang='lat' dir='ltr'><strong>porius</strong></span> <span class='ocrx_word' id='word_1_698' title='bbox 638 4516 928 4570; x_wconf 89' lang='lat' dir='ltr'><strong>monachus</strong></span> <span class='ocrx_word' id='word_1_699' title='bbox 959 4533 973 4570; x_wconf 94' lang='lat'>:</span> <span class='ocrx_word' id='word_1_700' title='bbox 1007 4519 1558 4586; x_wconf 81' lang='lat' dir='ltr'><strong>(ptartam,Nestorius</strong></span> <span class='ocrx_word' id='word_1_701' title='bbox 1585 4518 1958 4573; x_wconf 86' lang='lat' dir='ltr'><strong>Constantino-</strong></span> 
     </span>
    </p>
   </div>
   <div class='ocr_carea' id='block_1_101' title="bbox 409 4588 1962 4657">
    <p class='ocr_par' dir='ltr' id='par_1_101' title="bbox 409 4588 1962 4657">
     <span class='ocr_line' id='line_1_101' title="bbox 409 4588 1962 4657; baseline 0.001 -17"><span class='ocrx_word' id='word_1_702' title='bbox 409 4590 544 4655; x_wconf 87' lang='lat' dir='ltr'><strong>polis</strong></span> <span class='ocrx_word' id='word_1_703' title='bbox 577 4589 797 4657; x_wconf 64' lang='lat' dir='ltr'><strong>pricsnl;</strong></span> <span class='ocrx_word' id='word_1_704' title='bbox 828 4595 987 4656; x_wconf 87' lang='lat' dir='ltr'><strong>atque</strong></span> <span class='ocrx_word' id='word_1_705' title='bbox 1032 4589 1154 4641; x_wconf 89' lang='lat' dir='ltr'><strong>hinc</strong></span> <span class='ocrx_word' id='word_1_706' title='bbox 1203 4604 1302 4640; x_wconf 88' lang='lat' dir='ltr'><strong>una</strong></span> <span class='ocrx_word' id='word_1_707' title='bbox 1344 4588 1578 4650; x_wconf 73' lang='lat' dir='ltr'><strong>hmresis,</strong></span> <span class='ocrx_word' id='word_1_708' title='bbox 1631 4600 1686 4642; x_wconf 91' lang='lat' dir='ltr'><strong>ut</strong></span> <span class='ocrx_word' id='word_1_709' title='bbox 1727 4590 1962 4641; x_wconf 85' lang='lat' dir='ltr'><strong>diversas</strong></span> 
     </span>
    </p>
   </div>
   <div class='ocr_carea' id='block_1_102' title="bbox 407 4658 1963 4719">
    <p class='ocr_par' dir='ltr' id='par_1_102' title="bbox 407 4658 1963 4719">
     <span class='ocr_line' id='line_1_102' title="bbox 407 4658 1963 4719; baseline -0.001 -7"><span class='ocrx_word' id='word_1_710' title='bbox 407 4659 626 4719; x_wconf 81' lang='lat' dir='ltr'><strong>formas,</strong></span> <span class='ocrx_word' id='word_1_711' title='bbox 660 4658 736 4710; x_wconf 86' lang='lat' dir='ltr'><strong>sic</strong></span> <span class='ocrx_word' id='word_1_712' title='bbox 765 4667 817 4710; x_wconf 91' lang='lat' dir='ltr'><strong>et</strong></span> <span class='ocrx_word' id='word_1_713' title='bbox 849 4659 1058 4710; x_wconf 90' lang='lat' dir='ltr'><strong>nomina</strong></span> <span class='ocrx_word' id='word_1_714' title='bbox 1091 4675 1118 4708; x_wconf 69' lang='grc' dir='ltr'><strong>ιι</strong></span> <span class='ocrx_word' id='word_1_715' title='bbox 1158 4659 1383 4710; x_wconf 79' lang='lat' dir='ltr'><strong>diversis</strong></span> <span class='ocrx_word' id='word_1_716' title='bbox 1423 4659 1727 4711; x_wconf 88' lang='lat' dir='ltr'><strong>auctoribus</strong></span> <span class='ocrx_word' id='word_1_717' title='bbox 1755 4659 1963 4712; x_wconf 86' lang='lat' dir='ltr'><strong>diversa</strong></span> 
     </span>
    </p>
   </div>
   <div class='ocr_carea' id='block_1_103' title="bbox 409 4727 1961 4798">
    <p class='ocr_par' dir='ltr' id='par_1_103' title="bbox 409 4727 1961 4798">
     <span class='ocr_line' id='line_1_103' title="bbox 409 4727 1961 4798; baseline -0.001 -15"><span class='ocrx_word' id='word_1_718' title='bbox 409 4729 612 4798; x_wconf 89' lang='lat' dir='ltr'><strong>accepit</strong></span> <span class='ocrx_word' id='word_1_719' title='bbox 639 4745 652 4781; x_wconf 90' lang='lat'><strong>:</strong></span> <span class='ocrx_word' id='word_1_720' title='bbox 681 4728 818 4782; x_wconf 82' lang='lat' dir='ltr'><strong>dicta</strong></span> <span class='ocrx_word' id='word_1_721' title='bbox 837 4727 1111 4798; x_wconf 63' lang='lat' dir='ltr'><strong>siquidem</strong></span> <span class='ocrx_word' id='word_1_722' title='bbox 1142 4737 1222 4780; x_wconf 81' lang='lat' dir='ltr'><strong>est</strong></span> <span class='ocrx_word' id='word_1_723' title='bbox 1263 4727 1512 4782; x_wconf 72' lang='lat' dir='ltr'><strong>l’auliana</strong></span> <span class='ocrx_word' id='word_1_724' title='bbox 1539 4768 1553 4794; x_wconf 91' lang='lat'><strong>,</strong></span> <span class='ocrx_word' id='word_1_725' title='bbox 1603 4729 1920 4782; x_wconf 82' lang='lat' dir='ltr'><strong>letiuiana</strong></span> <span class='ocrx_word' id='word_1_726' title='bbox 1947 4767 1961 4791; x_wconf 89' lang='lat'><strong>,</strong></span> 
     </span>
    </p>
   </div>
   <div class='ocr_carea' id='block_1_104' title="bbox 413 4795 1676 4867">
    <p class='ocr_par' dir='ltr' id='par_1_104' title="bbox 413 4795 1676 4867">
     <span class='ocr_line' id='line_1_104' title="bbox 413 4795 1676 4867; baseline -0.009 -10"><span class='ocrx_word' id='word_1_727' title='bbox 413 4795 727 4867; x_wconf 67' lang='lat' dir='ltr'><strong>Luporiana,</strong></span> <span class='ocrx_word' id='word_1_728' title='bbox 761 4814 810 4852; x_wconf 86' lang='lat' dir='ltr'><strong>et</strong></span> <span class='ocrx_word' id='word_1_729' title='bbox 833 4795 1012 4852; x_wconf 80' lang='lat' dir='ltr'><strong>Neslm</strong></span> <span class='ocrx_word' id='word_1_730' title='bbox 1029 4797 1168 4850; x_wconf 84' lang='lat' dir='ltr'><strong>iaua.</strong></span> <span class='ocrx_word' id='word_1_731' title='bbox 1673 4843 1676 4846; x_wconf 87' lang='lat'>.</span> 
     </span>
    </p>
   </div>
   <div class='ocr_carea' id='block_1_105' title="bbox 486 4865 1965 4936">
    <p class='ocr_par' dir='ltr' id='par_1_105' title="bbox 486 4865 1965 4936">
     <span class='ocr_line' id='line_1_105' title="bbox 486 4865 1965 4936; baseline -0.003 -13"><span class='ocrx_word' id='word_1_732' title='bbox 486 4865 674 4923; x_wconf 78' lang='lat' dir='ltr'><strong>Paulus</strong></span> <span class='ocrx_word' id='word_1_733' title='bbox 706 4870 860 4923; x_wconf 89' lang='lat' dir='ltr'><strong>tertio</strong></span> <span class='ocrx_word' id='word_1_734' title='bbox 884 4867 1077 4921; x_wconf 67' lang='lat' dir='ltr'><strong>saeculo</strong></span> <span class='ocrx_word' id='word_1_735' title='bbox 1100 4884 1163 4920; x_wconf 91' lang='lat' dir='ltr'><strong>eo</strong></span> <span class='ocrx_word' id='word_1_736' title='bbox 1189 4867 1423 4922; x_wconf 70' lang='lat' dir='ltr'><strong>vesania:</strong></span> <span class='ocrx_word' id='word_1_737' title='bbox 1447 4868 1704 4936; x_wconf 86' lang='lat' dir='ltr'><strong>prorupit,</strong></span> <span class='ocrx_word' id='word_1_738' title='bbox 1733 4877 1809 4933; x_wconf 86' lang='lat' dir='ltr'><strong>ut,</strong></span> <span class='ocrx_word' id='word_1_739' title='bbox 1843 4865 1965 4934; x_wconf 87' lang='lat' dir='ltr'><strong>quia</strong></span> 
     </span>
    </p>
   </div>
   <div class='ocr_carea' id='block_1_106' title="bbox 408 4938 1961 5008">
    <p class='ocr_par' dir='ltr' id='par_1_106' title="bbox 408 4938 1961 5008">
     <span class='ocr_line' id='line_1_106' title="bbox 408 4938 1961 5008; baseline 0.001 -20"><span class='ocrx_word' id='word_1_740' title='bbox 408 4955 567 5008; x_wconf 83' lang='lat' dir='ltr'><strong>quem</strong></span> <span class='ocrx_word' id='word_1_741' title='bbox 619 4939 783 4992; x_wconf 80' lang='lat' dir='ltr'><strong>Maria</strong></span> <span class='ocrx_word' id='word_1_742' title='bbox 835 4938 1037 5006; x_wconf 87' lang='lat' dir='ltr'><strong>peperit</strong></span> <span class='ocrx_word' id='word_1_743' title='bbox 1090 4953 1277 5005; x_wconf 88' lang='lat' dir='ltr'><strong>purum</strong></span> <span class='ocrx_word' id='word_1_744' title='bbox 1336 4939 1604 4991; x_wconf 89' lang='lat' dir='ltr'><strong>hominem</strong></span> <span class='ocrx_word' id='word_1_745' title='bbox 1657 4945 1961 4997; x_wconf 85' lang='lat' dir='ltr'><strong>assereret.</strong></span> 
     </span>
    </p>
   </div>
   <div class='ocr_carea' id='block_1_107' title="bbox 414 5007 1964 5076">
    <p class='ocr_par' dir='ltr' id='par_1_107' title="bbox 414 5007 1964 5076">
     <span class='ocr_line' id='line_1_107' title="bbox 414 5007 1964 5076; baseline -0.001 -14"><span class='ocrx_word' id='word_1_746' title='bbox 414 5007 632 5063; x_wconf 81' lang='lat' dir='ltr'><strong>Mariam</strong></span> <span class='ocrx_word' id='word_1_747' title='bbox 674 5011 913 5067; x_wconf 89' lang='lat' dir='ltr'><strong>diceret,</strong></span> <span class='ocrx_word' id='word_1_748' title='bbox 949 5007 1162 5076; x_wconf 85' lang='lat' dir='ltr'><strong>preprie</strong></span> <span class='ocrx_word' id='word_1_749' title='bbox 1192 5008 1453 5060; x_wconf 89' lang='lat' dir='ltr'><strong>nominari</strong></span> <span class='ocrx_word' id='word_1_750' title='bbox 1496 5023 1600 5061; x_wconf 89' lang='lat' dir='ltr'><strong>non</strong></span> <span class='ocrx_word' id='word_1_751' title='bbox 1655 5023 1837 5075; x_wconf 88' lang='lat' dir='ltr'><strong>posse,</strong></span> <span class='ocrx_word' id='word_1_752' title='bbox 1864 5008 1964 5060; x_wconf 90' lang='lat' dir='ltr'><strong>nisi</strong></span> 
     </span>
    </p>
   </div>
   <div class='ocr_carea' id='block_1_108' title="bbox 411 5077 1970 5153">
    <p class='ocr_par' dir='ltr' id='par_1_108' title="bbox 411 5077 1970 5153">
     <span class='ocr_line' id='line_1_108' title="bbox 411 5077 1970 5153; baseline -0.003 -19"><span class='ocrx_word' id='word_1_753' title='bbox 411 5081 802 5153; x_wconf 57' lang='lat' dir='ltr'><strong>évamroi-éxov,</strong></span> <span class='ocrx_word' id='word_1_754' title='bbox 835 5077 1049 5153; x_wconf 79' lang='lat' dir='ltr'><strong>Addidit</strong></span> <span class='ocrx_word' id='word_1_755' title='bbox 1077 5093 1202 5153; x_wconf 84' lang='lat' dir='ltr'><strong>vero</strong></span> <span class='ocrx_word' id='word_1_756' title='bbox 1235 5078 1410 5130; x_wconf 72' lang='lat' dir='ltr'><strong>Maria:</strong></span> <span class='ocrx_word' id='word_1_757' title='bbox 1451 5078 1610 5153; x_wconf 82' lang='lat' dir='ltr'><strong>tilium</strong></span> <span class='ocrx_word' id='word_1_758' title='bbox 1652 5080 1762 5129; x_wconf 78' lang='lat' dir='ltr'><strong>suis</strong></span> <span class='ocrx_word' id='word_1_759' title='bbox 1793 5079 1970 5153; x_wconf 80' lang='lat' dir='ltr'><strong>operi-</strong></span> 
     </span>
    </p>
   </div>
   <div class='ocr_carea' id='block_1_109' title="bbox 409 5147 1963 5216">
    <p class='ocr_par' dir='ltr' id='par_1_109' title="bbox 409 5147 1963 5216">
     <span class='ocr_line' id='line_1_109' title="bbox 409 5147 1963 5216; baseline -0.001 -15"><span class='ocrx_word' id='word_1_760' title='bbox 409 5147 510 5201; x_wconf 80' lang='lat' dir='ltr'><strong>bus&#39;</strong></span> <span class='ocrx_word' id='word_1_761' title='bbox 541 5149 894 5214; x_wconf 81' lang='lat' dir='ltr'><strong>promeruisse</strong></span> <span class='ocrx_word' id='word_1_762' title='bbox 924 5147 1351 5215; x_wconf 60' lang='lat' dir='ltr'><strong>conjuncti-ineat</strong></span> <span class='ocrx_word' id='word_1_763' title='bbox 1375 5148 1656 5216; x_wconf 84' lang='lat' dir='ltr'><strong>quamdam</strong></span> <span class='ocrx_word' id='word_1_764' title='bbox 1681 5149 1963 5213; x_wconf 77' lang='lat' dir='ltr'><strong>specialem</strong></span> 
     </span>
    </p>
   </div>
   <div class='ocr_carea' id='block_1_110' title="bbox 410 5217 1967 5286">
    <p class='ocr_par' dir='ltr' id='par_1_110' title="bbox 410 5217 1967 5286">
     <span class='ocr_line' id='line_1_110' title="bbox 410 5217 1967 5286; baseline 0.001 -18"><span class='ocrx_word' id='word_1_765' title='bbox 410 5231 530 5271; x_wconf 89' lang='lat' dir='ltr'><strong>cum</strong></span> <span class='ocrx_word' id='word_1_766' title='bbox 563 5217 687 5274; x_wconf 72' lang='lat' dir='ltr'><strong>Deo.</strong></span> <span class='ocrx_word' id='word_1_767' title='bbox 719 5229 934 5285; x_wconf 71' lang='lat' dir='ltr'><strong>propter</strong></span> <span class='ocrx_word' id='word_1_768' title='bbox 963 5233 1118 5286; x_wconf 79' lang='lat' dir='ltr'><strong>quam</strong></span> <span class='ocrx_word' id='word_1_769' title='bbox 1153 5218 1287 5271; x_wconf 83' lang='lat' dir='ltr'><strong>lilius</strong></span> <span class='ocrx_word' id='word_1_770' title='bbox 1323 5219 1411 5269; x_wconf 75' lang='lat' dir='ltr'><strong>Uci</strong></span> <span class='ocrx_word' id='word_1_771' title='bbox 1437 5232 1722 5286; x_wconf 86' lang='lat' dir='ltr'><strong>utcumque</strong></span> <span class='ocrx_word' id='word_1_772' title='bbox 1750 5233 1967 5270; x_wconf 85' lang='lat' dir='ltr'><strong>vocare-</strong></span> 
     </span>
    </p>
   </div>
   <div class='ocr_carea' id='block_1_111' title="bbox 413 5286 1967 5356">
    <p class='ocr_par' dir='ltr' id='par_1_111' title="bbox 413 5286 1967 5356">
     <span class='ocr_line' id='line_1_111' title="bbox 413 5286 1967 5356; baseline 0 -18"><span class='ocrx_word' id='word_1_773' title='bbox 413 5298 526 5350; x_wconf 89' lang='lat' dir='ltr'><strong>tur;</strong></span> <span class='ocrx_word' id='word_1_774' title='bbox 553 5287 645 5341; x_wconf 88' lang='lat' dir='ltr'><strong>sed</strong></span> <span class='ocrx_word' id='word_1_775' title='bbox 674 5288 1102 5353; x_wconf 87' lang='lat' dir='ltr'><strong>conjunctionem</strong></span> <span class='ocrx_word' id='word_1_776' title='bbox 1135 5289 1466 5356; x_wconf 82' lang='lat' dir='ltr'><strong>intelligebat</strong></span> <span class='ocrx_word' id='word_1_777' title='bbox 1498 5291 1664 5339; x_wconf 81' lang='lat' dir='ltr'><strong>Solius</strong></span> <span class='ocrx_word' id='word_1_778' title='bbox 1699 5287 1805 5342; x_wconf 86' lang='lat' dir='ltr'><strong>hab</strong></span> <span class='ocrx_word' id='word_1_779' title='bbox 1832 5286 1967 5340; x_wconf 87' lang='lat' dir='ltr'><strong>tmli-</strong></span> 
     </span>
    </p>
   </div>
   <div class='ocr_carea' id='block_1_112' title="bbox 413 5357 1962 5427">
    <p class='ocr_par' dir='ltr' id='par_1_112' title="bbox 413 5357 1962 5427">
     <span class='ocr_line' id='line_1_112' title="bbox 413 5357 1962 5427; baseline -0.001 -17"><span class='ocrx_word' id='word_1_780' title='bbox 413 5361 526 5422; x_wconf 90' lang='lat' dir='ltr'><strong>nis,</strong></span> <span class='ocrx_word' id='word_1_781' title='bbox 555 5372 779 5426; x_wconf 60' lang='lat' dir='ltr'><strong>eamque</strong></span> <span class='ocrx_word' id='word_1_782' title='bbox 817 5372 934 5412; x_wconf 86' lang='lat' dir='ltr'><strong>cum</strong></span> <span class='ocrx_word' id='word_1_783' title='bbox 977 5360 1081 5411; x_wconf 70' lang='lat' dir='ltr'><strong>Duo</strong></span> <span class='ocrx_word' id='word_1_784' title='bbox 1117 5360 1231 5427; x_wconf 88' lang='lat' dir='ltr'><strong>ipso</strong></span> <span class='ocrx_word' id='word_1_785' title='bbox 1261 5368 1372 5411; x_wconf 88' lang='lat' dir='ltr'><strong>toto</strong></span> <span class='ocrx_word' id='word_1_786' title='bbox 1395 5398 1407 5416; x_wconf 89' lang='lat'><strong>,</strong></span> <span class='ocrx_word' id='word_1_787' title='bbox 1442 5363 1483 5408; x_wconf 87' lang='lat' dir='ltr'><strong>si</strong></span> <span class='ocrx_word' id='word_1_788' title='bbox 1520 5357 1641 5411; x_wconf 88' lang='lat' dir='ltr'><strong>licet</strong></span> <span class='ocrx_word' id='word_1_789' title='bbox 1680 5361 1750 5412; x_wconf 86' lang='lat' dir='ltr'><strong>ita</strong></span> <span class='ocrx_word' id='word_1_790' title='bbox 1780 5358 1922 5426; x_wconf 87' lang='lat' dir='ltr'><strong>loqui</strong></span> <span class='ocrx_word' id='word_1_791' title='bbox 1951 5375 1962 5408; x_wconf 77' lang='grc' dir='ltr'>ε</span> 
     </span>
    </p>
   </div>
   <div class='ocr_carea' id='block_1_113' title="bbox 413 5427 1970 5496">
    <p class='ocr_par' dir='ltr' id='par_1_113' title="bbox 413 5427 1970 5496">
     <span class='ocr_line' id='line_1_113' title="bbox 413 5427 1970 5496; baseline 0.001 -17"><span class='ocrx_word' id='word_1_792' title='bbox 413 5442 776 5495; x_wconf 77' lang='lat' dir='ltr'><strong>ucqtte‘eunn,</strong></span> <span class='ocrx_word' id='word_1_793' title='bbox 809 5439 866 5480; x_wconf 92' lang='lat' dir='ltr'><strong>ut</strong></span> <span class='ocrx_word' id='word_1_794' title='bbox 893 5438 1009 5480; x_wconf 81' lang='lat' dir='ltr'><strong>erat</strong></span> <span class='ocrx_word' id='word_1_795' title='bbox 1041 5429 1274 5482; x_wconf 71' lang='lat' dir='ltr'><strong>Judaicm</strong></span> <span class='ocrx_word' id='word_1_796' title='bbox 1304 5428 1538 5496; x_wconf 76' lang='lat' dir='ltr'><strong>peilidne</strong></span> <span class='ocrx_word' id='word_1_797' title='bbox 1569 5427 1840 5489; x_wconf 79' lang='lat' dir='ltr'><strong>addictus,</strong></span> <span class='ocrx_word' id='word_1_798' title='bbox 1877 5428 1970 5480; x_wconf 89' lang='lat' dir='ltr'><strong>tri-</strong></span> 
     </span>
    </p>
   </div>
   <div class='ocr_carea' id='block_1_114' title="bbox 418 5499 1967 5563">
    <p class='ocr_par' dir='ltr' id='par_1_114' title="bbox 418 5499 1967 5563">
     <span class='ocr_line' id='line_1_114' title="bbox 418 5499 1967 5563; baseline -0.001 -14"><span class='ocrx_word' id='word_1_799' title='bbox 418 5500 634 5550; x_wconf 89' lang='lat' dir='ltr'><strong>nitatem</strong></span> <span class='ocrx_word' id='word_1_800' title='bbox 670 5514 1014 5563; x_wconf 85' lang='lat' dir='ltr'><strong>persouaruin</strong></span> <span class='ocrx_word' id='word_1_801' title='bbox 1047 5500 1347 5552; x_wconf 80' lang='lat' dir='ltr'><strong>divmarum</strong></span> <span class='ocrx_word' id='word_1_802' title='bbox 1378 5499 1642 5550; x_wconf 85' lang='lat' dir='ltr'><strong>catholiee</strong></span> <span class='ocrx_word' id='word_1_803' title='bbox 1675 5501 1967 5561; x_wconf 73' lang='lat' dir='ltr'><strong>t‘atehatur,</strong></span> 
     </span>
    </p>
   </div>
   <div class='ocr_carea' id='block_1_115' title="bbox 413 5565 1968 5637">
    <p class='ocr_par' dir='ltr' id='par_1_115' title="bbox 413 5565 1968 5637">
     <span class='ocr_line' id='line_1_115' title="bbox 413 5565 1968 5637; baseline -0.001 -17"><span class='ocrx_word' id='word_1_804' title='bbox 413 5571 506 5620; x_wconf 88' lang='lat' dir='ltr'><strong>sed</strong></span> <span class='ocrx_word' id='word_1_805' title='bbox 533 5584 660 5621; x_wconf 89' lang='lat' dir='ltr'><strong>voce</strong></span> <span class='ocrx_word' id='word_1_806' title='bbox 689 5579 861 5630; x_wconf 88' lang='lat' dir='ltr'><strong>tenus,</strong></span> <span class='ocrx_word' id='word_1_807' title='bbox 893 5584 1057 5637; x_wconf 87' lang='lat' dir='ltr'><strong>quare</strong></span> <span class='ocrx_word' id='word_1_808' title='bbox 1089 5569 1302 5621; x_wconf 77' lang='lat' dir='ltr'><strong>Mariam</strong></span> <span class='ocrx_word' id='word_1_809' title='bbox 1334 5583 1504 5635; x_wconf 85' lang='lat' dir='ltr'><strong>neque</strong></span> <span class='ocrx_word' id='word_1_810' title='bbox 1541 5565 1841 5637; x_wconf 68' lang='grc' dir='ltr'><strong>Δογοτόκον,</strong></span> <span class='ocrx_word' id='word_1_811' title='bbox 1874 5585 1968 5619; x_wconf 84' lang='lat' dir='ltr'><strong>ne-</strong></span> 
     </span>
    </p>
   </div>
   <div class='ocr_carea' id='block_1_116' title="bbox 413 5637 1974 5713">
    <p class='ocr_par' dir='ltr' id='par_1_116' title="bbox 413 5637 1974 5713">
     <span class='ocr_line' id='line_1_116' title="bbox 413 5637 1974 5713; baseline 0 -24"><span class='ocrx_word' id='word_1_812' title='bbox 413 5654 518 5713; x_wconf 82' lang='lat' dir='ltr'><strong>que</strong></span> <span class='ocrx_word' id='word_1_813' title='bbox 539 5641 795 5713; x_wconf 67' lang='lat' dir='ltr'><strong>eaozéxov,</strong></span> <span class='ocrx_word' id='word_1_814' title='bbox 830 5655 999 5708; x_wconf 86' lang='lat' dir='ltr'><strong>neque</strong></span> <span class='ocrx_word' id='word_1_815' title='bbox 1020 5639 1373 5713; x_wconf 67' lang='lat' dir='ltr'><strong>Xptarqréaov,</strong></span> <span class='ocrx_word' id='word_1_816' title='bbox 1405 5640 1501 5693; x_wconf 74' lang='lat' dir='ltr'><strong>nisi</strong></span> <span class='ocrx_word' id='word_1_817' title='bbox 1526 5640 1763 5705; x_wconf 73' lang='lat' dir='ltr'><strong>ubusrve,</strong></span> <span class='ocrx_word' id='word_1_818' title='bbox 1795 5637 1974 5697; x_wconf 82' lang='lat' dir='ltr'><strong>vocari</strong></span> 
     </span>
    </p>
   </div>
   <div class='ocr_carea' id='block_1_117' title="bbox 417 5711 650 5771">
    <p class='ocr_par' dir='ltr' id='par_1_117' title="bbox 417 5711 650 5771">
     <span class='ocr_line' id='line_1_117' title="bbox 417 5711 650 5771; baseline 0 -9"><span class='ocrx_word' id='word_1_819' title='bbox 417 5711 650 5771; x_wconf 70' lang='lat' dir='ltr'><strong>Volebat.</strong></span> 
     </span>
    </p>
   </div>
   <div class='ocr_carea' id='block_1_118' title="bbox 2043 3189 3620 3257">
    <p class='ocr_par' dir='ltr' id='par_1_118' title="bbox 2043 3189 3620 3257">
     <span class='ocr_line' id='line_1_118' title="bbox 2043 3189 3620 3257; baseline 0.002 -16"><span class='ocrx_word' id='word_1_820' title='bbox 2043 3189 2214 3257; x_wconf 68' lang='lat' dir='ltr'><strong>factus</strong></span> <span class='ocrx_word' id='word_1_821' title='bbox 2247 3200 2356 3250; x_wconf 86' lang='lat' dir='ltr'><strong>est,</strong></span> <span class='ocrx_word' id='word_1_822' title='bbox 2390 3190 2650 3242; x_wconf 87' lang='lat' dir='ltr'><strong>henelicio</strong></span> <span class='ocrx_word' id='word_1_823' title='bbox 2688 3189 2989 3257; x_wconf 85' lang='lat' dir='ltr'><strong>recepisse,</strong></span> <span class='ocrx_word' id='word_1_824' title='bbox 3029 3191 3187 3244; x_wconf 89' lang='lat' dir='ltr'><strong>aliam</strong></span> <span class='ocrx_word' id='word_1_825' title='bbox 3226 3207 3254 3243; x_wconf 90' lang='lat' dir='ltr'><strong>a</strong></span> <span class='ocrx_word' id='word_1_826' title='bbox 3300 3191 3620 3257; x_wconf 63' lang='lat' dir='ltr'><strong>quiliuedam</strong></span> 
     </span>
    </p>
   </div>
   <div class='ocr_carea' id='block_1_119' title="bbox 2038 3256 3622 3329">
    <p class='ocr_par' dir='ltr' id='par_1_119' title="bbox 2038 3256 3622 3329">
     <span class='ocr_line' id='line_1_119' title="bbox 2038 3256 3622 3329; baseline 0.001 -17"><span class='ocrx_word' id='word_1_827' title='bbox 2038 3256 2359 3329; x_wconf 78' lang='lat' dir='ltr'><strong>Pelagianis,</strong></span> <span class='ocrx_word' id='word_1_828' title='bbox 2389 3259 2480 3324; x_wconf 88' lang='lat' dir='ltr'><strong>qui</strong></span> <span class='ocrx_word' id='word_1_829' title='bbox 2508 3256 2834 3324; x_wconf 75' lang='lat' dir='ltr'><strong>assererem,</strong></span> <span class='ocrx_word' id='word_1_830' title='bbox 2863 3276 3033 3329; x_wconf 88' lang='lat' dir='ltr'><strong>neque</strong></span> <span class='ocrx_word' id='word_1_831' title='bbox 3057 3256 3329 3315; x_wconf 86' lang='lat' dir='ltr'><strong>Christum</strong></span> <span class='ocrx_word' id='word_1_832' title='bbox 3354 3263 3480 3315; x_wconf 85' lang='lat' dir='ltr'><strong>ullis</strong></span> <span class='ocrx_word' id='word_1_833' title='bbox 3508 3263 3622 3315; x_wconf 79' lang='lat' dir='ltr'><strong>suis</strong></span> 
     </span>
    </p>
   </div>
   <div class='ocr_carea' id='block_1_120' title="bbox 2040 3328 3623 3400">
    <p class='ocr_par' dir='ltr' id='par_1_120' title="bbox 2040 3328 3623 3400">
     <span class='ocr_line' id='line_1_120' title="bbox 2040 3328 3623 3400; baseline 0.004 -21"><span class='ocrx_word' id='word_1_834' title='bbox 2040 3328 2269 3400; x_wconf 87' lang='lat' dir='ltr'><strong>meritis,</strong></span> <span class='ocrx_word' id='word_1_835' title='bbox 2309 3343 2481 3400; x_wconf 75' lang='lat' dir='ltr'><strong>neque</strong></span> <span class='ocrx_word' id='word_1_836' title='bbox 2510 3330 2751 3400; x_wconf 85' lang='lat' dir='ltr'><strong>reliquos</strong></span> <span class='ocrx_word' id='word_1_837' title='bbox 2785 3328 3028 3383; x_wconf 78' lang='lat' dir='ltr'><strong>homines</strong></span> <span class='ocrx_word' id='word_1_838' title='bbox 3073 3334 3266 3384; x_wconf 86' lang='lat' dir='ltr'><strong>mereri</strong></span> <span class='ocrx_word' id='word_1_839' title='bbox 3306 3347 3464 3399; x_wconf 76' lang='lat' dir='ltr'><strong>posse.</strong></span> <span class='ocrx_word' id='word_1_840' title='bbox 3500 3348 3623 3400; x_wconf 72' lang='lat' dir='ltr'><strong>gra-</strong></span> 
     </span>
    </p>
   </div>
   <div class='ocr_carea' id='block_1_121' title="bbox 2041 3399 3618 3465">
    <p class='ocr_par' dir='ltr' id='par_1_121' title="bbox 2041 3399 3618 3465">
     <span class='ocr_line' id='line_1_121' title="bbox 2041 3399 3618 3465; baseline 0.001 -13"><span class='ocrx_word' id='word_1_841' title='bbox 2041 3399 2168 3452; x_wconf 78' lang='lat' dir='ltr'><strong>tiam</strong></span> <span class='ocrx_word' id='word_1_842' title='bbox 2213 3413 2313 3465; x_wconf 87' lang='lat' dir='ltr'><strong>qua</strong></span> <span class='ocrx_word' id='word_1_843' title='bbox 2341 3399 2526 3451; x_wconf 85' lang='lat' dir='ltr'><strong>donati</strong></span> <span class='ocrx_word' id='word_1_844' title='bbox 2557 3413 2705 3462; x_wconf 87' lang='lat' dir='ltr'><strong>sunt,</strong></span> <span class='ocrx_word' id='word_1_845' title='bbox 2745 3400 2840 3454; x_wconf 89' lang='lat' dir='ltr'><strong>sed</strong></span> <span class='ocrx_word' id='word_1_846' title='bbox 2870 3400 3112 3454; x_wconf 89' lang='lat' dir='ltr'><strong>homines</strong></span> <span class='ocrx_word' id='word_1_847' title='bbox 3144 3401 3260 3454; x_wconf 90' lang='lat' dir='ltr'><strong>suis</strong></span> <span class='ocrx_word' id='word_1_848' title='bbox 3290 3399 3618 3454; x_wconf 26' lang='lat' dir='ltr'><strong>tanttun’co-</strong></span> 
     </span>
    </p>
   </div>
   <div class='ocr_carea' id='block_1_122' title="bbox 2042 3467 3624 3537">
    <p class='ocr_par' dir='ltr' id='par_1_122' title="bbox 2042 3467 3624 3537">
     <span class='ocr_line' id='line_1_122' title="bbox 2042 3467 3624 3537; baseline 0.001 -16"><span class='ocrx_word' id='word_1_849' title='bbox 2042 3467 2276 3530; x_wconf 87' lang='lat' dir='ltr'><strong>natibus,</strong></span> <span class='ocrx_word' id='word_1_850' title='bbox 2307 3480 2509 3537; x_wconf 89' lang='lat' dir='ltr'><strong>suaque</strong></span> <span class='ocrx_word' id='word_1_851' title='bbox 2535 3471 2601 3521; x_wconf 91' lang='lat' dir='ltr'><strong>ad</strong></span> <span class='ocrx_word' id='word_1_852' title='bbox 2645 3471 2808 3524; x_wconf 90' lang='lat' dir='ltr'><strong>Deum</strong></span> <span class='ocrx_word' id='word_1_853' title='bbox 2851 3471 2984 3534; x_wconf 82' lang='lat' dir='ltr'><strong>lide,</strong></span> <span class='ocrx_word' id='word_1_854' title='bbox 3026 3471 3260 3524; x_wconf 83' lang='lat' dir='ltr'><strong>divinam</strong></span> <span class='ocrx_word' id='word_1_855' title='bbox 3295 3470 3624 3525; x_wconf 87' lang='lat' dir='ltr'><strong>benevolen-</strong></span> 
     </span>
    </p>
   </div>
   <div class='ocr_carea' id='block_1_123' title="bbox 2041 3539 3620 3610">
    <p class='ocr_par' dir='ltr' id='par_1_123' title="bbox 2041 3539 3620 3610">
     <span class='ocr_line' id='line_1_123' title="bbox 2041 3539 3620 3610; baseline 0.001 -18"><span class='ocrx_word' id='word_1_856' title='bbox 2041 3539 2172 3593; x_wconf 87' lang='lat' dir='ltr'><strong>tiam</strong></span> <span class='ocrx_word' id='word_1_857' title='bbox 2232 3552 2556 3610; x_wconf 84' lang='lat' dir='ltr'><strong>provocare,</strong></span> <span class='ocrx_word' id='word_1_858' title='bbox 2609 3539 2675 3592; x_wconf 91' lang='lat' dir='ltr'><strong>ad</strong></span> <span class='ocrx_word' id='word_1_859' title='bbox 2731 3543 3139 3608; x_wconf 77' lang='lat' dir='ltr'><strong>impertiendum</strong></span> <span class='ocrx_word' id='word_1_860' title='bbox 3199 3543 3462 3610; x_wconf 81' lang='lat' dir='ltr'><strong>gratiam,</strong></span> <span class='ocrx_word' id='word_1_861' title='bbox 3517 3557 3620 3610; x_wconf 87' lang='lat' dir='ltr'><strong>qua</strong></span> 
     </span>
    </p>
   </div>
   <div class='ocr_carea' id='block_1_124' title="bbox 2044 3609 3255 3677">
    <p class='ocr_par' dir='ltr' id='par_1_124' title="bbox 2044 3609 3255 3677">
     <span class='ocr_line' id='line_1_124' title="bbox 2044 3609 3255 3677; baseline 0.002 -14"><span class='ocrx_word' id='word_1_862' title='bbox 2044 3609 2292 3663; x_wconf 81' lang='lat' dir='ltr'><strong>instructi</strong></span> <span class='ocrx_word' id='word_1_863' title='bbox 2314 3611 2522 3677; x_wconf 87' lang='lat' dir='ltr'><strong>possint</strong></span> <span class='ocrx_word' id='word_1_864' title='bbox 2546 3624 2708 3676; x_wconf 83' lang='lat' dir='ltr'><strong>Opera</strong></span> <span class='ocrx_word' id='word_1_865' title='bbox 2735 3613 2947 3676; x_wconf 83' lang='lat' dir='ltr'><strong>pietatis</strong></span> <span class='ocrx_word' id='word_1_866' title='bbox 2981 3609 3255 3677; x_wconf 74' lang='lat' dir='ltr'><strong>prmstare.</strong></span> 
     </span>
    </p>
   </div>
   <div class='ocr_carea' id='block_1_125' title="bbox 2115 3678 3625 3745">
    <p class='ocr_par' dir='ltr' id='par_1_125' title="bbox 2115 3678 3625 3745">
     <span class='ocr_line' id='line_1_125' title="bbox 2115 3678 3625 3745; baseline 0.001 -15"><span class='ocrx_word' id='word_1_867' title='bbox 2115 3678 2211 3731; x_wconf 87' lang='lat' dir='ltr'><strong>llis</strong></span> <span class='ocrx_word' id='word_1_868' title='bbox 2245 3690 2423 3731; x_wconf 88' lang='lat' dir='ltr'><strong>autem</strong></span> <span class='ocrx_word' id='word_1_869' title='bbox 2463 3679 2880 3745; x_wconf 72' lang='lat' dir='ltr'><strong>animadversis,</strong></span> <span class='ocrx_word' id='word_1_870' title='bbox 2927 3681 3211 3744; x_wconf 86' lang='lat' dir='ltr'><strong>pe:eudum</strong></span> <span class='ocrx_word' id='word_1_871' title='bbox 3249 3696 3276 3734; x_wconf 87' lang='lat' dir='ltr'><strong>a</strong></span> <span class='ocrx_word' id='word_1_872' title='bbox 3316 3679 3625 3735; x_wconf 75' lang='lat' dir='ltr'><strong>defenSnri-</strong></span> 
     </span>
    </p>
   </div>
   <div class='ocr_carea' id='block_1_126' title="bbox 2047 3749 3624 3818">
    <p class='ocr_par' dir='ltr' id='par_1_126' title="bbox 2047 3749 3624 3818">
     <span class='ocr_line' id='line_1_126' title="bbox 2047 3749 3624 3818; baseline 0.001 -16"><span class='ocrx_word' id='word_1_873' title='bbox 2047 3749 2146 3802; x_wconf 88' lang='lat' dir='ltr'><strong>bus</strong></span> <span class='ocrx_word' id='word_1_874' title='bbox 2173 3749 2458 3816; x_wconf 86' lang='lat' dir='ltr'><strong>epitaphii,</strong></span> <span class='ocrx_word' id='word_1_875' title='bbox 2491 3749 2617 3818; x_wconf 87' lang='lat' dir='ltr'><strong>quid</strong></span> <span class='ocrx_word' id='word_1_876' title='bbox 2651 3749 2868 3803; x_wconf 84' lang='lat' dir='ltr'><strong>nomine</strong></span> <span class='ocrx_word' id='word_1_877' title='bbox 2909 3750 3009 3803; x_wconf 82' lang='lat' dir='ltr'><strong>luis</strong></span> <span class='ocrx_word' id='word_1_878' title='bbox 3044 3750 3376 3804; x_wconf 77' lang='lat' dir='ltr'><strong>Nestoriana:</strong></span> <span class='ocrx_word' id='word_1_879' title='bbox 3411 3751 3624 3804; x_wconf 88' lang='lat' dir='ltr'><strong>intelle-</strong></span> 
     </span>
    </p>
   </div>
   <div class='ocr_carea' id='block_1_127' title="bbox 2047 3820 3622 3887">
    <p class='ocr_par' dir='ltr' id='par_1_127' title="bbox 2047 3820 3622 3887">
     <span class='ocr_line' id='line_1_127' title="bbox 2047 3820 3622 3887; baseline 0 -14"><span class='ocrx_word' id='word_1_880' title='bbox 2047 3826 2190 3872; x_wconf 91' lang='lat' dir='ltr'><strong>ctum</strong></span> <span class='ocrx_word' id='word_1_881' title='bbox 2225 3828 2408 3884; x_wconf 90' lang='lat' dir='ltr'><strong>putent</strong></span> <span class='ocrx_word' id='word_1_882' title='bbox 2435 3833 2464 3870; x_wconf 89' lang='lat' dir='ltr'><strong>a</strong></span> <span class='ocrx_word' id='word_1_883' title='bbox 2492 3830 2669 3886; x_wconf 87' lang='lat' dir='ltr'><strong>poeta,</strong></span> <span class='ocrx_word' id='word_1_884' title='bbox 2696 3836 2760 3873; x_wconf 92' lang='lat' dir='ltr'><strong>an</strong></span> <span class='ocrx_word' id='word_1_885' title='bbox 2791 3829 2954 3872; x_wconf 84' lang='lat' dir='ltr'><strong>tutam</strong></span> <span class='ocrx_word' id='word_1_886' title='bbox 2981 3820 3230 3874; x_wconf 65' lang='lat' dir='ltr'><strong>haeresim</strong></span> <span class='ocrx_word' id='word_1_887' title='bbox 3263 3824 3374 3874; x_wconf 88' lang='lat' dir='ltr'><strong>suis</strong></span> <span class='ocrx_word' id='word_1_888' title='bbox 3389 3831 3622 3887; x_wconf 80' lang='lat' dir='ltr'><strong>quatuor</strong></span> 
     </span>
    </p>
   </div>
   <div class='ocr_carea' id='block_1_128' title="bbox 2050 3889 3622 3960">
    <p class='ocr_par' dir='ltr' id='par_1_128' title="bbox 2050 3889 3622 3960">
     <span class='ocr_line' id='line_1_128' title="bbox 2050 3889 3622 3960; baseline 0.003 -20"><span class='ocrx_word' id='word_1_889' title='bbox 2050 3889 2480 3960; x_wconf 14' lang='lat' dir='ltr'><strong>veluti‘parlibus</strong></span> <span class='ocrx_word' id='word_1_890' title='bbox 2505 3899 2871 3960; x_wconf 60' lang='lat' dir='ltr'><strong>constantem;</strong></span> <span class='ocrx_word' id='word_1_891' title='bbox 2903 3907 2968 3943; x_wconf 89' lang='lat' dir='ltr'><strong>an</strong></span> <span class='ocrx_word' id='word_1_892' title='bbox 2997 3906 3152 3942; x_wconf 85' lang='lat' dir='ltr'><strong>unam</strong></span> <span class='ocrx_word' id='word_1_893' title='bbox 3170 3893 3366 3956; x_wconf 86' lang='lat' dir='ltr'><strong>potius,</strong></span> <span class='ocrx_word' id='word_1_894' title='bbox 3393 3906 3622 3960; x_wconf 81' lang='lat' dir='ltr'><strong>eamque</strong></span> 
     </span>
    </p>
   </div>
   <div class='ocr_carea' id='block_1_129' title="bbox 2052 3957 3630 4026">
    <p class='ocr_par' dir='ltr' id='par_1_129' title="bbox 2052 3957 3630 4026">
     <span class='ocr_line' id='line_1_129' title="bbox 2052 3957 3630 4026; baseline 0.001 -15"><span class='ocrx_word' id='word_1_895' title='bbox 2052 3957 2254 4026; x_wconf 91' lang='lat' dir='ltr'><strong>proprii</strong></span> <span class='ocrx_word' id='word_1_896' title='bbox 2292 3960 2519 4010; x_wconf 90' lang='lat' dir='ltr'><strong>nominis</strong></span> <span class='ocrx_word' id='word_1_897' title='bbox 2557 3959 2952 4014; x_wconf 65' lang='lat' dir='ltr'><strong>Nestoriauam.</strong></span> <span class='ocrx_word' id='word_1_898' title='bbox 3003 3961 3057 4014; x_wconf 88' lang='lat' dir='ltr'><strong>Si</strong></span> <span class='ocrx_word' id='word_1_899' title='bbox 3105 3969 3301 4025; x_wconf 89' lang='lat' dir='ltr'><strong>totam,</strong></span> <span class='ocrx_word' id='word_1_900' title='bbox 3354 3957 3630 4026; x_wconf 82' lang='lat' dir='ltr'><strong>quomodo</strong></span> 
     </span>
    </p>
   </div>
   <div class='ocr_carea' id='block_1_130' title="bbox 2053 4028 3629 4094">
    <p class='ocr_par' dir='ltr' id='par_1_130' title="bbox 2053 4028 3629 4094">
     <span class='ocr_line' id='line_1_130' title="bbox 2053 4028 3629 4094; baseline 0.002 -14"><span class='ocrx_word' id='word_1_901' title='bbox 2053 4043 2156 4081; x_wconf 89' lang='lat' dir='ltr'><strong>una</strong></span> <span class='ocrx_word' id='word_1_902' title='bbox 2179 4029 2443 4081; x_wconf 86' lang='lat' dir='ltr'><strong>sententia</strong></span> <span class='ocrx_word' id='word_1_903' title='bbox 2466 4028 2662 4082; x_wconf 82' lang='lat' dir='ltr'><strong>dicitur</strong></span> <span class='ocrx_word' id='word_1_904' title='bbox 2684 4032 2874 4084; x_wconf 90' lang='lat' dir='ltr'><strong>victam</strong></span> <span class='ocrx_word' id='word_1_905' title='bbox 2899 4031 3116 4084; x_wconf 87' lang='lat' dir='ltr'><strong>dedisse</strong></span> <span class='ocrx_word' id='word_1_906' title='bbox 3139 4030 3305 4094; x_wconf 89' lang='lat' dir='ltr'><strong>letho,</strong></span> <span class='ocrx_word' id='word_1_907' title='bbox 3335 4046 3459 4084; x_wconf 88' lang='lat' dir='ltr'><strong>cum</strong></span> <span class='ocrx_word' id='word_1_908' title='bbox 3493 4031 3629 4084; x_wconf 82' lang='lat' dir='ltr'><strong>Pau-</strong></span> 
     </span>
    </p>
   </div>
   <div class='ocr_carea' id='block_1_131' title="bbox 2053 4098 3632 4166">
    <p class='ocr_par' dir='ltr' id='par_1_131' title="bbox 2053 4098 3632 4166">
     <span class='ocr_line' id='line_1_131' title="bbox 2053 4098 3632 4166; baseline -0.001 -14"><span class='ocrx_word' id='word_1_909' title='bbox 2053 4099 2194 4152; x_wconf 89' lang='lat' dir='ltr'><strong>liaua</strong></span> <span class='ocrx_word' id='word_1_910' title='bbox 2237 4098 2459 4150; x_wconf 75' lang='lat' dir='ltr'><strong>luercsis</strong></span> <span class='ocrx_word' id='word_1_911' title='bbox 2514 4101 2859 4153; x_wconf 74' lang='lat' dir='ltr'><strong>Antiochenis</strong></span> <span class='ocrx_word' id='word_1_912' title='bbox 2901 4101 3146 4153; x_wconf 84' lang='lat' dir='ltr'><strong>conciliis</strong></span> <span class='ocrx_word' id='word_1_913' title='bbox 3187 4101 3428 4166; x_wconf 86' lang='lat' dir='ltr'><strong>duobus,</strong></span> <span class='ocrx_word' id='word_1_914' title='bbox 3484 4100 3632 4154; x_wconf 83' lang='lat' dir='ltr'><strong>Pho-</strong></span> 
     </span>
    </p>
   </div>
   <div class='ocr_carea' id='block_1_132' title="bbox 2056 4166 3628 4236">
    <p class='ocr_par' dir='ltr' id='par_1_132' title="bbox 2056 4166 3628 4236">
     <span class='ocr_line' id='line_1_132' title="bbox 2056 4166 3628 4236; baseline 0.001 -15"><span class='ocrx_word' id='word_1_915' title='bbox 2056 4169 2255 4221; x_wconf 90' lang='lat' dir='ltr'><strong>tiniana</strong></span> <span class='ocrx_word' id='word_1_916' title='bbox 2283 4166 2336 4219; x_wconf 92' lang='lat' dir='ltr'><strong>in</strong></span> <span class='ocrx_word' id='word_1_917' title='bbox 2368 4166 2682 4229; x_wconf 83' lang='lat' dir='ltr'><strong>Sirmieusi,</strong></span> <span class='ocrx_word' id='word_1_918' title='bbox 2718 4171 3012 4236; x_wconf 80' lang='lat' dir='ltr'><strong>choriaua</strong></span> <span class='ocrx_word' id='word_1_919' title='bbox 3047 4171 3096 4222; x_wconf 91' lang='lat' dir='ltr'><strong>in</strong></span> <span class='ocrx_word' id='word_1_920' title='bbox 3129 4170 3412 4230; x_wconf 79' lang='lat' dir='ltr'><strong>Africano,</strong></span> <span class='ocrx_word' id='word_1_921' title='bbox 3439 4169 3628 4223; x_wconf 80' lang='lat' dir='ltr'><strong>Nesto-</strong></span> 
     </span>
    </p>
   </div>
   <div class='ocr_carea' id='block_1_133' title="bbox 2056 4238 3632 4307">
    <p class='ocr_par' dir='ltr' id='par_1_133' title="bbox 2056 4238 3632 4307">
     <span class='ocr_line' id='line_1_133' title="bbox 2056 4238 3632 4307; baseline 0 -15"><span class='ocrx_word' id='word_1_922' title='bbox 2056 4239 2203 4292; x_wconf 83' lang='lat' dir='ltr'><strong>riaua</strong></span> <span class='ocrx_word' id='word_1_923' title='bbox 2237 4240 2288 4288; x_wconf 91' lang='lat' dir='ltr'><strong>in</strong></span> <span class='ocrx_word' id='word_1_924' title='bbox 2322 4238 2582 4301; x_wconf 77' lang='lat' dir='ltr'><strong>Romano,</strong></span> <span class='ocrx_word' id='word_1_925' title='bbox 2615 4239 2979 4294; x_wconf 76' lang='lat' dir='ltr'><strong>Alexandrino</strong></span> <span class='ocrx_word' id='word_1_926' title='bbox 3008 4240 3349 4307; x_wconf 87' lang='lat' dir='ltr'><strong>etEphesino</strong></span> <span class='ocrx_word' id='word_1_927' title='bbox 3377 4241 3632 4292; x_wconf 80' lang='lat' dir='ltr'><strong>damnata</strong></span> 
     </span>
    </p>
   </div>
   <div class='ocr_carea' id='block_1_134' title="bbox 2057 4307 3633 4378">
    <p class='ocr_par' dir='ltr' id='par_1_134' title="bbox 2057 4307 3633 4378">
     <span class='ocr_line' id='line_1_134' title="bbox 2057 4307 3633 4378; baseline 0.001 -17"><span class='ocrx_word' id='word_1_928' title='bbox 2057 4309 2161 4362; x_wconf 77' lang='lat' dir='ltr'><strong>sit?</strong></span> <span class='ocrx_word' id='word_1_929' title='bbox 2190 4310 2246 4361; x_wconf 83' lang='lat' dir='ltr'><strong>Si</strong></span> <span class='ocrx_word' id='word_1_930' title='bbox 2277 4307 2645 4361; x_wconf 81' lang='lat' dir='ltr'><strong>Nestorianam</strong></span> <span class='ocrx_word' id='word_1_931' title='bbox 2681 4311 2894 4378; x_wconf 86' lang='lat' dir='ltr'><strong>proprie</strong></span> <span class='ocrx_word' id='word_1_932' title='bbox 2925 4310 3120 4364; x_wconf 86' lang='lat' dir='ltr'><strong>dictam</strong></span> <span class='ocrx_word' id='word_1_933' title='bbox 3153 4311 3502 4378; x_wconf 76' lang='lat' dir='ltr'><strong>signiﬁcatam</strong></span> <span class='ocrx_word' id='word_1_934' title='bbox 3543 4326 3633 4364; x_wconf 79' lang='lat' dir='ltr'><strong>ve-</strong></span> 
     </span>
    </p>
   </div>
   <div class='ocr_carea' id='block_1_135' title="bbox 2061 4379 3630 4446">
    <p class='ocr_par' dir='ltr' id='par_1_135' title="bbox 2061 4379 3630 4446">
     <span class='ocr_line' id='line_1_135' title="bbox 2061 4379 3630 4446; baseline 0.002 -17"><span class='ocrx_word' id='word_1_935' title='bbox 2061 4382 2175 4440; x_wconf 88' lang='lat' dir='ltr'><strong>lint,</strong></span> <span class='ocrx_word' id='word_1_936' title='bbox 2208 4379 2478 4446; x_wconf 89' lang='lat' dir='ltr'><strong>quomodo</strong></span> <span class='ocrx_word' id='word_1_937' title='bbox 2501 4380 2766 4442; x_wconf 81' lang='lat' dir='ltr'><strong>Christus,</strong></span> <span class='ocrx_word' id='word_1_938' title='bbox 2796 4396 3018 4446; x_wconf 90' lang='lat' dir='ltr'><strong>operum</strong></span> <span class='ocrx_word' id='word_1_939' title='bbox 3037 4379 3232 4446; x_wconf 89' lang='lat' dir='ltr'><strong>pietate</strong></span> <span class='ocrx_word' id='word_1_940' title='bbox 3261 4397 3324 4433; x_wconf 86' lang='lat' dir='ltr'><strong>ac</strong></span> <span class='ocrx_word' id='word_1_941' title='bbox 3358 4384 3630 4444; x_wconf 79' lang='lat' dir='ltr'><strong>merCede,</strong></span> 
     </span>
    </p>
   </div>
   <div class='ocr_carea' id='block_1_136' title="bbox 1991 4447 3634 4528">
    <p class='ocr_par' dir='ltr' id='par_1_136' title="bbox 1991 4447 3634 4528">
     <span class='ocr_line' id='line_1_136' title="bbox 1991 4447 3634 4528; baseline 0.002 -30"><span class='ocrx_word' id='word_1_942' title='bbox 1991 4469 2036 4528; x_wconf 71' lang='grc' dir='ltr'>ι)</span> <span class='ocrx_word' id='word_1_943' title='bbox 2062 4449 2230 4501; x_wconf 80' lang='lat' dir='ltr'><strong>laetus</strong></span> <span class='ocrx_word' id='word_1_944' title='bbox 2261 4447 2400 4500; x_wconf 85' lang='lat' dir='ltr'><strong>Deus</strong></span> <span class='ocrx_word' id='word_1_945' title='bbox 2424 4448 2649 4528; x_wconf 78' lang='lat' dir='ltr'><strong>dicitur,</strong></span> <span class='ocrx_word' id='word_1_946' title='bbox 2677 4464 2797 4502; x_wconf 87' lang='lat' dir='ltr'><strong>cum</strong></span> <span class='ocrx_word' id='word_1_947' title='bbox 2826 4449 3133 4528; x_wconf 68' lang='lat' dir='ltr'><strong>Nestoritts,</strong></span> <span class='ocrx_word' id='word_1_948' title='bbox 3164 4460 3219 4503; x_wconf 89' lang='lat' dir='ltr'><strong>et</strong></span> <span class='ocrx_word' id='word_1_949' title='bbox 3258 4454 3429 4528; x_wconf 71' lang='lat' dir='ltr'><strong>reipsa</strong></span> <span class='ocrx_word' id='word_1_950' title='bbox 3467 4451 3634 4503; x_wconf 88' lang='lat' dir='ltr'><strong>Demu</strong></span> 
     </span>
    </p>
   </div>
   <div class='ocr_carea' id='block_1_137' title="bbox 2062 4517 3636 4588">
    <p class='ocr_par' dir='ltr' id='par_1_137' title="bbox 2062 4517 3636 4588">
     <span class='ocr_line' id='line_1_137' title="bbox 2062 4517 3636 4588; baseline 0.002 -17"><span class='ocrx_word' id='word_1_951' title='bbox 2062 4534 2182 4571; x_wconf 82' lang='lat' dir='ltr'><strong>esse</strong></span> <span class='ocrx_word' id='word_1_952' title='bbox 2209 4521 2511 4586; x_wconf 82' lang='lat' dir='ltr'><strong>negaverit,</strong></span> <span class='ocrx_word' id='word_1_953' title='bbox 2545 4528 2604 4573; x_wconf 88' lang='lat' dir='ltr'><strong>et</strong></span> <span class='ocrx_word' id='word_1_954' title='bbox 2634 4522 2687 4572; x_wconf 92' lang='lat' dir='ltr'><strong>in</strong></span> <span class='ocrx_word' id='word_1_955' title='bbox 2711 4530 2860 4573; x_wconf 91' lang='lat' dir='ltr'><strong>utero</strong></span> <span class='ocrx_word' id='word_1_956' title='bbox 2893 4517 3159 4586; x_wconf 79' lang='lat' dir='ltr'><strong>Virginis,</strong></span> <span class='ocrx_word' id='word_1_957' title='bbox 3190 4517 3636 4588; x_wconf 78' lang='lat' dir='ltr'><strong>qualemcumque</strong></span> 
     </span>
    </p>
   </div>
   <div class='ocr_carea' id='block_1_138' title="bbox 2065 4588 3489 4650">
    <p class='ocr_par' dir='ltr' id='par_1_138' title="bbox 2065 4588 3489 4650">
     <span class='ocr_line' id='line_1_138' title="bbox 2065 4588 3489 4650; baseline 0.001 -10"><span class='ocrx_word' id='word_1_958' title='bbox 2065 4588 2301 4650; x_wconf 85' lang='lat' dir='ltr'><strong>admisit,</strong></span> <span class='ocrx_word' id='word_1_959' title='bbox 2330 4589 2582 4642; x_wconf 86' lang='lat' dir='ltr'><strong>unionem</strong></span> <span class='ocrx_word' id='word_1_960' title='bbox 2608 4601 2915 4643; x_wconf 89' lang='lat' dir='ltr'><strong>naturarum</strong></span> <span class='ocrx_word' id='word_1_961' title='bbox 2947 4595 3134 4642; x_wconf 77' lang='lat' dir='ltr'><strong>tactam</strong></span> <span class='ocrx_word' id='word_1_962' title='bbox 3168 4590 3397 4643; x_wconf 79' lang='lat' dir='ltr'><strong>dixerit?</strong></span> <span class='ocrx_word' id='word_1_963' title='bbox 3487 4638 3489 4642; x_wconf 93' lang='lat'>.</span> 
     </span>
    </p>
   </div>
   <div class='ocr_carea' id='block_1_139' title="bbox 2138 4658 3638 4728">
    <p class='ocr_par' dir='ltr' id='par_1_139' title="bbox 2138 4658 3638 4728">
     <span class='ocr_line' id='line_1_139' title="bbox 2138 4658 3638 4728; baseline 0.002 -18"><span class='ocrx_word' id='word_1_964' title='bbox 2138 4658 2426 4710; x_wconf 82' lang='lat' dir='ltr'><strong>l’etendum</strong></span> <span class='ocrx_word' id='word_1_965' title='bbox 2479 4660 2677 4725; x_wconf 91' lang='lat' dir='ltr'><strong>pariter</strong></span> <span class='ocrx_word' id='word_1_966' title='bbox 2726 4661 2994 4728; x_wconf 89' lang='lat' dir='ltr'><strong>quomodo</strong></span> <span class='ocrx_word' id='word_1_967' title='bbox 3040 4660 3203 4712; x_wconf 87' lang='lat' dir='ltr'><strong>velint</strong></span> <span class='ocrx_word' id='word_1_968' title='bbox 3252 4675 3279 4712; x_wconf 87' lang='lat' dir='ltr'><strong>a</strong></span> <span class='ocrx_word' id='word_1_969' title='bbox 3323 4674 3423 4713; x_wconf 91' lang='lat' dir='ltr'><strong>suo</strong></span> <span class='ocrx_word' id='word_1_970' title='bbox 3475 4669 3638 4726; x_wconf 89' lang='lat' dir='ltr'><strong>poeta</strong></span> 
     </span>
    </p>
   </div>
   <div class='ocr_carea' id='block_1_140' title="bbox 2069 4727 3640 4797">
    <p class='ocr_par' dir='ltr' id='par_1_140' title="bbox 2069 4727 3640 4797">
     <span class='ocr_line' id='line_1_140' title="bbox 2069 4727 3640 4797; baseline 0.003 -17"><span class='ocrx_word' id='word_1_971' title='bbox 2069 4727 2402 4796; x_wconf 77' lang='lat' dir='ltr'><strong>Pelagianam</strong></span> <span class='ocrx_word' id='word_1_972' title='bbox 2452 4727 2698 4781; x_wconf 64' lang='lat' dir='ltr'><strong>heresim</strong></span> <span class='ocrx_word' id='word_1_973' title='bbox 2744 4727 3078 4797; x_wconf 82' lang='lat' dir='ltr'><strong>spectatam:</strong></span> <span class='ocrx_word' id='word_1_974' title='bbox 3112 4745 3176 4782; x_wconf 91' lang='lat' dir='ltr'><strong>an</strong></span> <span class='ocrx_word' id='word_1_975' title='bbox 3227 4737 3426 4793; x_wconf 86' lang='lat' dir='ltr'><strong>totam,</strong></span> <span class='ocrx_word' id='word_1_976' title='bbox 3467 4745 3536 4782; x_wconf 89' lang='lat' dir='ltr'><strong>an</strong></span> <span class='ocrx_word' id='word_1_977' title='bbox 3587 4732 3640 4784; x_wconf 90' lang='lat' dir='ltr'><strong>in</strong></span> 
     </span>
    </p>
   </div>
   <div class='ocr_carea' id='block_1_141' title="bbox 2070 4799 3638 4865">
    <p class='ocr_par' dir='ltr' id='par_1_141' title="bbox 2070 4799 3638 4865">
     <span class='ocr_line' id='line_1_141' title="bbox 2070 4799 3638 4865; baseline 0.003 -18"><span class='ocrx_word' id='word_1_978' title='bbox 2070 4807 2237 4865; x_wconf 84' lang='lat' dir='ltr'><strong>parte.</strong></span> <span class='ocrx_word' id='word_1_979' title='bbox 2269 4799 2322 4850; x_wconf 90' lang='lat' dir='ltr'><strong>Si</strong></span> <span class='ocrx_word' id='word_1_980' title='bbox 2355 4806 2541 4861; x_wconf 89' lang='lat' dir='ltr'><strong>totam,</strong></span> <span class='ocrx_word' id='word_1_981' title='bbox 2572 4814 2674 4863; x_wconf 90' lang='lat' dir='ltr'><strong>qua</strong></span> <span class='ocrx_word' id='word_1_982' title='bbox 2705 4801 2928 4853; x_wconf 89' lang='lat' dir='ltr'><strong>veritate</strong></span> <span class='ocrx_word' id='word_1_983' title='bbox 2954 4801 3149 4853; x_wconf 86' lang='lat' dir='ltr'><strong>cecinit</strong></span> <span class='ocrx_word' id='word_1_984' title='bbox 3184 4799 3427 4852; x_wconf 68' lang='lat' dir='ltr'><strong>hmresim</strong></span> <span class='ocrx_word' id='word_1_985' title='bbox 3466 4801 3638 4863; x_wconf 86' lang='lat' dir='ltr'><strong>hanc,</strong></span> 
     </span>
    </p>
   </div>
   <div class='ocr_carea' id='block_1_142' title="bbox 2071 4868 3643 4937">
    <p class='ocr_par' dir='ltr' id='par_1_142' title="bbox 2071 4868 3643 4937">
     <span class='ocr_line' id='line_1_142' title="bbox 2071 4868 3643 4937; baseline 0.003 -20"><span class='ocrx_word' id='word_1_986' title='bbox 2071 4882 2190 4937; x_wconf 85' lang='lat' dir='ltr'><strong>cunt</strong></span> <span class='ocrx_word' id='word_1_987' title='bbox 2222 4869 2382 4921; x_wconf 91' lang='lat' dir='ltr'><strong>vellet</strong></span> <span class='ocrx_word' id='word_1_988' title='bbox 2405 4870 2595 4921; x_wconf 91' lang='lat' dir='ltr'><strong>iterum</strong></span> <span class='ocrx_word' id='word_1_989' title='bbox 2626 4884 2876 4937; x_wconf 87' lang='lat' dir='ltr'><strong>surgere,</strong></span> <span class='ocrx_word' id='word_1_990' title='bbox 2909 4869 2992 4924; x_wconf 85' lang='lat' dir='ltr'><strong>bis</strong></span> <span class='ocrx_word' id='word_1_991' title='bbox 3021 4869 3312 4923; x_wconf 82' lang='lat' dir='ltr'><strong>cecidisse?</strong></span> <span class='ocrx_word' id='word_1_992' title='bbox 3342 4868 3477 4922; x_wconf 85' lang='lat' dir='ltr'><strong>Nam</strong></span> <span class='ocrx_word' id='word_1_993' title='bbox 3504 4879 3558 4923; x_wconf 91' lang='lat' dir='ltr'><strong>et</strong></span> <span class='ocrx_word' id='word_1_994' title='bbox 3589 4871 3643 4922; x_wconf 91' lang='lat' dir='ltr'><strong>in</strong></span> 
     </span>
    </p>
   </div>
   <div class='ocr_carea' id='block_1_143' title="bbox 2069 4936 3645 5007">
    <p class='ocr_par' dir='ltr' id='par_1_143' title="bbox 2069 4936 3645 5007">
     <span class='ocr_line' id='line_1_143' title="bbox 2069 4936 3645 5007; baseline 0.001 -17"><span class='ocrx_word' id='word_1_995' title='bbox 2069 4936 2302 5005; x_wconf 74' lang='lat' dir='ltr'><strong>Pelagio,</strong></span> <span class='ocrx_word' id='word_1_996' title='bbox 2335 4938 2706 5007; x_wconf 70' lang='lat' dir='ltr'><strong>leestioque</strong></span> <span class='ocrx_word' id='word_1_997' title='bbox 2729 4936 2832 4993; x_wconf 80' lang='lat' dir='ltr'><strong>non</strong></span> <span class='ocrx_word' id='word_1_998' title='bbox 2864 4940 3059 4998; x_wconf 85' lang='lat' dir='ltr'><strong>semel.</strong></span> <span class='ocrx_word' id='word_1_999' title='bbox 3097 4939 3209 4992; x_wconf 86' lang='lat' dir='ltr'><strong>sive</strong></span> <span class='ocrx_word' id='word_1_1000' title='bbox 3237 4939 3502 5007; x_wconf 83' lang='lat' dir='ltr'><strong>Diospoli,</strong></span> <span class='ocrx_word' id='word_1_1001' title='bbox 3531 4942 3645 4992; x_wconf 84' lang='lat' dir='ltr'><strong>sive</strong></span> 
     </span>
    </p>
   </div>
   <div class='ocr_carea' id='block_1_144' title="bbox 2073 5006 3646 5077">
    <p class='ocr_par' dir='ltr' id='par_1_144' title="bbox 2073 5006 3646 5077">
     <span class='ocr_line' id='line_1_144' title="bbox 2073 5006 3646 5077; baseline 0.003 -19"><span class='ocrx_word' id='word_1_1002' title='bbox 2073 5008 2284 5072; x_wconf 60' lang='lat' dir='ltr'><strong>limine,</strong></span> <span class='ocrx_word' id='word_1_1003' title='bbox 2308 5008 2421 5062; x_wconf 87' lang='lat' dir='ltr'><strong>sive</strong></span> <span class='ocrx_word' id='word_1_1004' title='bbox 2448 5006 2790 5076; x_wconf 84' lang='lat' dir='ltr'><strong>Carthagine,</strong></span> <span class='ocrx_word' id='word_1_1005' title='bbox 2822 5009 2937 5063; x_wconf 90' lang='lat' dir='ltr'><strong>sive</strong></span> <span class='ocrx_word' id='word_1_1006' title='bbox 2968 5009 3199 5077; x_wconf 82' lang='lat' dir='ltr'><strong>Ephesi,</strong></span> <span class='ocrx_word' id='word_1_1007' title='bbox 3231 5022 3284 5062; x_wconf 91' lang='lat' dir='ltr'><strong>et</strong></span> <span class='ocrx_word' id='word_1_1008' title='bbox 3323 5009 3373 5062; x_wconf 93' lang='lat' dir='ltr'><strong>in</strong></span> <span class='ocrx_word' id='word_1_1009' title='bbox 3415 5009 3646 5077; x_wconf 85' lang='lat' dir='ltr'><strong>Leporio</strong></span> 
     </span>
    </p>
   </div>
   <div class='ocr_carea' id='block_1_145' title="bbox 2071 5077 3646 5149">
    <p class='ocr_par' dir='ltr' id='par_1_145' title="bbox 2071 5077 3646 5149">
     <span class='ocr_line' id='line_1_145' title="bbox 2071 5077 3646 5149; baseline 0.001 -20"><span class='ocrx_word' id='word_1_1010' title='bbox 2071 5077 2122 5130; x_wconf 91' lang='lat' dir='ltr'><strong>in</strong></span> <span class='ocrx_word' id='word_1_1011' title='bbox 2150 5079 2325 5131; x_wconf 70' lang='lat' dir='ltr'><strong>Africa</strong></span> <span class='ocrx_word' id='word_1_1012' title='bbox 2356 5077 2698 5149; x_wconf 85' lang='lat' dir='ltr'><strong>anathemate</strong></span> <span class='ocrx_word' id='word_1_1013' title='bbox 2735 5093 2985 5149; x_wconf 88' lang='lat' dir='ltr'><strong>percussa</strong></span> <span class='ocrx_word' id='word_1_1014' title='bbox 3022 5090 3124 5132; x_wconf 90' lang='lat' dir='ltr'><strong>est.</strong></span> <span class='ocrx_word' id='word_1_1015' title='bbox 3160 5081 3213 5133; x_wconf 92' lang='lat' dir='ltr'><strong>Si</strong></span> <span class='ocrx_word' id='word_1_1016' title='bbox 3256 5080 3304 5132; x_wconf 93' lang='lat' dir='ltr'><strong>in</strong></span> <span class='ocrx_word' id='word_1_1017' title='bbox 3341 5087 3490 5146; x_wconf 87' lang='lat' dir='ltr'><strong>parte</strong></span> <span class='ocrx_word' id='word_1_1018' title='bbox 3531 5091 3646 5131; x_wconf 54' lang='lat' dir='ltr'><strong>tan.</strong></span> 
     </span>
    </p>
   </div>
   <div class='ocr_carea' id='block_1_146' title="bbox 2075 5148 3644 5215">
    <p class='ocr_par' dir='ltr' id='par_1_146' title="bbox 2075 5148 3644 5215">
     <span class='ocr_line' id='line_1_146' title="bbox 2075 5148 3644 5215; baseline 0 -13"><span class='ocrx_word' id='word_1_1019' title='bbox 2075 5156 2214 5211; x_wconf 86' lang='lat' dir='ltr'><strong>tum,</strong></span> <span class='ocrx_word' id='word_1_1020' title='bbox 2263 5163 2364 5215; x_wconf 88' lang='lat' dir='ltr'><strong>qua</strong></span> <span class='ocrx_word' id='word_1_1021' title='bbox 2414 5148 2621 5202; x_wconf 91' lang='lat' dir='ltr'><strong>ratione</strong></span> <span class='ocrx_word' id='word_1_1022' title='bbox 2676 5148 2915 5203; x_wconf 83' lang='lat' dir='ltr'><strong>asseruit</strong></span> <span class='ocrx_word' id='word_1_1023' title='bbox 2971 5150 3202 5202; x_wconf 86' lang='lat' dir='ltr'><strong>voluisse</strong></span> <span class='ocrx_word' id='word_1_1024' title='bbox 3253 5150 3522 5215; x_wconf 76' lang='lat' dir='ltr'><strong>Pelagium</strong></span> <span class='ocrx_word' id='word_1_1025' title='bbox 3589 5156 3644 5202; x_wconf 87' lang='lat' dir='ltr'><strong>ut</strong></span> 
     </span>
    </p>
   </div>
   <div class='ocr_carea' id='block_1_147' title="bbox 2072 5215 3644 5273">
    <p class='ocr_par' dir='ltr' id='par_1_147' title="bbox 2072 5215 3644 5273">
     <span class='ocr_line' id='line_1_147' title="bbox 2072 5215 3644 5273; baseline -0.001 -3"><span class='ocrx_word' id='word_1_1026' title='bbox 2072 5215 2316 5273; x_wconf 75' lang='lat' dir='ltr'><strong>Christus</strong></span> <span class='ocrx_word' id='word_1_1027' title='bbox 2353 5218 2555 5271; x_wconf 79' lang='lat' dir='ltr'><strong>meritis</strong></span> <span class='ocrx_word' id='word_1_1028' title='bbox 2587 5222 2819 5272; x_wconf 60' lang='lat' dir='ltr'><strong>evaserit</strong></span> <span class='ocrx_word' id='word_1_1029' title='bbox 2850 5218 2902 5272; x_wconf 91' lang='lat' dir='ltr'><strong>in</strong></span> <span class='ocrx_word' id='word_1_1030' title='bbox 2933 5218 3131 5272; x_wconf 79' lang='lat' dir='ltr'><strong>Deum?</strong></span> <span class='ocrx_word' id='word_1_1031' title='bbox 3162 5221 3293 5272; x_wconf 89' lang='lat' dir='ltr'><strong>Cum</strong></span> <span class='ocrx_word' id='word_1_1032' title='bbox 3324 5219 3569 5272; x_wconf 81' lang='lat' dir='ltr'><strong>Julianus</strong></span> <span class='ocrx_word' id='word_1_1033' title='bbox 3593 5218 3644 5270; x_wconf 91' lang='lat' dir='ltr'><strong>in</strong></span> 
     </span>
    </p>
   </div>
   <div class='ocr_carea' id='block_1_148' title="bbox 2077 5287 3647 5356">
    <p class='ocr_par' dir='ltr' id='par_1_148' title="bbox 2077 5287 3647 5356">
     <span class='ocr_line' id='line_1_148' title="bbox 2077 5287 3647 5356; baseline -0.003 -16"><span class='ocrx_word' id='word_1_1034' title='bbox 2077 5288 2256 5342; x_wconf 80' lang='lat' dir='ltr'><strong>libello</strong></span> <span class='ocrx_word' id='word_1_1035' title='bbox 2293 5287 2470 5350; x_wconf 82' lang='lat' dir='ltr'><strong>Fidei,</strong></span> <span class='ocrx_word' id='word_1_1036' title='bbox 2499 5291 2547 5340; x_wconf 93' lang='lat' dir='ltr'><strong>in</strong></span> <span class='ocrx_word' id='word_1_1037' title='bbox 2579 5305 2684 5356; x_wconf 90' lang='lat' dir='ltr'><strong>quo</strong></span> <span class='ocrx_word' id='word_1_1038' title='bbox 2715 5289 2913 5343; x_wconf 75' lang='lat' dir='ltr'><strong>libellis</strong></span> <span class='ocrx_word' id='word_1_1039' title='bbox 2948 5290 3172 5341; x_wconf 88' lang='lat' dir='ltr'><strong>aliormn</strong></span> <span class='ocrx_word' id='word_1_1040' title='bbox 3201 5289 3428 5342; x_wconf 88' lang='lat' dir='ltr'><strong>duorum</strong></span> <span class='ocrx_word' id='word_1_1041' title='bbox 3455 5303 3647 5345; x_wconf 64' lang='lat' dir='ltr'><strong>causa,</strong></span> 
     </span>
    </p>
   </div>
   <div class='ocr_carea' id='block_1_149' title="bbox 2075 5358 3646 5426">
    <p class='ocr_par' dir='ltr' id='par_1_149' title="bbox 2075 5358 3646 5426">
     <span class='ocr_line' id='line_1_149' title="bbox 2075 5358 3646 5426; baseline -0.001 -17"><span class='ocrx_word' id='word_1_1042' title='bbox 2075 5368 2185 5422; x_wconf 75' lang='grc' dir='ltr'>ιι.ιι,</span> <span class='ocrx_word' id='word_1_1043' title='bbox 2220 5358 2410 5409; x_wconf 79' lang='lat' dir='ltr'><strong>factam</strong></span> <span class='ocrx_word' id='word_1_1044' title='bbox 2434 5360 2484 5409; x_wconf 91' lang='lat' dir='ltr'><strong>in</strong></span> <span class='ocrx_word' id='word_1_1045' title='bbox 2518 5369 2667 5412; x_wconf 81' lang='lat' dir='ltr'><strong>utero</strong></span> <span class='ocrx_word' id='word_1_1046' title='bbox 2699 5359 2929 5426; x_wconf 68' lang='lat' dir='ltr'><strong>Virginis</strong></span> <span class='ocrx_word' id='word_1_1047' title='bbox 2964 5359 3398 5426; x_wconf 84' lang='lat' dir='ltr'><strong>conjuncttOneut</strong></span> <span class='ocrx_word' id='word_1_1048' title='bbox 3434 5370 3646 5411; x_wconf 81' lang='lat' dir='ltr'><strong>natura-</strong></span> 
     </span>
    </p>
   </div>
   <div class='ocr_carea' id='block_1_150' title="bbox 2073 5428 3641 5494">
    <p class='ocr_par' dir='ltr' id='par_1_150' title="bbox 2073 5428 3641 5494">
     <span class='ocr_line' id='line_1_150' title="bbox 2073 5428 3641 5494; baseline 0 -16"><span class='ocrx_word' id='word_1_1049' title='bbox 2073 5443 2192 5480; x_wconf 88' lang='lat' dir='ltr'><strong>rum</strong></span> <span class='ocrx_word' id='word_1_1050' title='bbox 2244 5429 2522 5481; x_wconf 76' lang='lat' dir='ltr'><strong>coufess‘us</strong></span> <span class='ocrx_word' id='word_1_1051' title='bbox 2571 5431 2640 5483; x_wconf 87' lang='lat' dir='ltr'><strong>sit</strong></span> <span class='ocrx_word' id='word_1_1052' title='bbox 2683 5428 2871 5482; x_wconf 87' lang='lat' dir='ltr'><strong>iisdem</strong></span> <span class='ocrx_word' id='word_1_1053' title='bbox 2909 5430 3085 5482; x_wconf 89' lang='lat' dir='ltr'><strong>verbis</strong></span> <span class='ocrx_word' id='word_1_1054' title='bbox 3123 5430 3315 5491; x_wconf 81' lang='lat' dir='ltr'><strong>quibus</strong></span> <span class='ocrx_word' id='word_1_1055' title='bbox 3354 5431 3641 5494; x_wconf 71' lang='lat' dir='ltr'><strong>Leporius,</strong></span> 
     </span>
    </p>
   </div>
   <div class='ocr_carea' id='block_1_151' title="bbox 2073 5497 3644 5565">
    <p class='ocr_par' dir='ltr' id='par_1_151' title="bbox 2073 5497 3644 5565">
     <span class='ocr_line' id='line_1_151' title="bbox 2073 5497 3644 5565; baseline 0 -15"><span class='ocrx_word' id='word_1_1056' title='bbox 2073 5497 2408 5563; x_wconf 83' lang='lat' dir='ltr'><strong>approbante</strong></span> <span class='ocrx_word' id='word_1_1057' title='bbox 2435 5500 2664 5552; x_wconf 88' lang='lat' dir='ltr'><strong>concilio</strong></span> <span class='ocrx_word' id='word_1_1058' title='bbox 2696 5499 2969 5562; x_wconf 79' lang='lat' dir='ltr'><strong>Africano,</strong></span> <span class='ocrx_word' id='word_1_1059' title='bbox 2994 5508 3048 5552; x_wconf 91' lang='lat' dir='ltr'><strong>et</strong></span> <span class='ocrx_word' id='word_1_1060' title='bbox 3083 5499 3388 5565; x_wconf 73' lang='lat' dir='ltr'><strong>Augustino</strong></span> <span class='ocrx_word' id='word_1_1061' title='bbox 3415 5498 3644 5551; x_wconf 83' lang='lat' dir='ltr'><strong>subscri-</strong></span> 
     </span>
    </p>
   </div>
   <div class='ocr_carea' id='block_1_152' title="bbox 2075 5566 3639 5635">
    <p class='ocr_par' dir='ltr' id='par_1_152' title="bbox 2075 5566 3639 5635">
     <span class='ocr_line' id='line_1_152' title="bbox 2075 5566 3639 5635; baseline -0.002 -17"><span class='ocrx_word' id='word_1_1062' title='bbox 2075 5566 2141 5619; x_wconf 84' lang='lat' dir='ltr'><strong>be</strong></span> <span class='ocrx_word' id='word_1_1063' title='bbox 2167 5577 2264 5631; x_wconf 70' lang='lat' dir='ltr'><strong>ite,</strong></span> <span class='ocrx_word' id='word_1_1064' title='bbox 2293 5572 2356 5618; x_wconf 87' lang='lat' dir='ltr'><strong>ad</strong></span> <span class='ocrx_word' id='word_1_1065' title='bbox 2390 5567 2545 5628; x_wconf 75' lang='lat' dir='ltr'><strong>tidem</strong></span> <span class='ocrx_word' id='word_1_1066' title='bbox 2579 5570 2895 5624; x_wconf 78' lang='lat' dir='ltr'><strong>catholicam</strong></span> <span class='ocrx_word' id='word_1_1067' title='bbox 2937 5571 3159 5635; x_wconf 72' lang='lat' dir='ltr'><strong>pristino</strong></span> <span class='ocrx_word' id='word_1_1068' title='bbox 3192 5586 3289 5620; x_wconf 69' lang='lat' dir='ltr'><strong>suo</strong></span> <span class='ocrx_word' id='word_1_1069' title='bbox 3328 5571 3493 5621; x_wconf 84' lang='lat' dir='ltr'><strong>errori</strong></span> <span class='ocrx_word' id='word_1_1070' title='bbox 3525 5583 3639 5618; x_wconf 84' lang='lat' dir='ltr'><strong>eon-</strong></span> 
     </span>
    </p>
   </div>
   <div class='ocr_carea' id='block_1_153' title="bbox 2081 5637 3639 5706">
    <p class='ocr_par' dir='ltr' id='par_1_153' title="bbox 2081 5637 3639 5706">
     <span class='ocr_line' id='line_1_153' title="bbox 2081 5637 3639 5706; baseline 0.003 -18"><span class='ocrx_word' id='word_1_1071' title='bbox 2081 5638 2292 5688; x_wconf 70' lang='lat' dir='ltr'><strong>ll‘JI&#39;ldllt</strong></span> <span class='ocrx_word' id='word_1_1072' title='bbox 2325 5640 2718 5705; x_wconf 68' lang='lat' dir='ltr'><strong>exponendam,</strong></span> <span class='ocrx_word' id='word_1_1073' title='bbox 2754 5655 2882 5692; x_wconf 81' lang='lat' dir='ltr'><strong>usus</strong></span> <span class='ocrx_word' id='word_1_1074' title='bbox 2911 5649 3014 5694; x_wconf 78' lang='lat' dir='ltr'><strong>est.</strong></span> <span class='ocrx_word' id='word_1_1075' title='bbox 3050 5637 3297 5693; x_wconf 74' lang='lat' dir='ltr'><strong>Nascitur</strong></span> <span class='ocrx_word' id='word_1_1076' title='bbox 3328 5656 3446 5706; x_wconf 75' lang='lat' dir='ltr'><strong>ergo</strong></span> <span class='ocrx_word' id='word_1_1077' title='bbox 3475 5637 3639 5706; x_wconf 63' lang='lat' dir='ltr'><strong>nobis.</strong></span> 
     </span>
    </p>
   </div>
   <div class='ocr_carea' id='block_1_154' title="bbox 2078 5704 3640 5778">
    <p class='ocr_par' dir='ltr' id='par_1_154' title="bbox 2078 5704 3640 5778">
     <span class='ocr_line' id='line_1_154' title="bbox 2078 5704 3640 5778; baseline -0.01 -11"><span class='ocrx_word' id='word_1_1078' title='bbox 2078 5708 2246 5778; x_wconf 72' lang='grc' dir='ltr'>ὶιιιιιιὶι</span> <span class='ocrx_word' id='word_1_1079' title='bbox 2287 5709 2568 5777; x_wconf 69' lang='lat' dir='ltr'><strong>chuius,</strong></span> <span class='ocrx_word' id='word_1_1080' title='bbox 2609 5711 2809 5777; x_wconf 65' lang='lat' dir='ltr'><strong>proprii:</strong></span> <span class='ocrx_word' id='word_1_1081' title='bbox 2849 5712 2910 5768; x_wconf 77' lang='lat' dir='ltr'><strong>de</strong></span> <span class='ocrx_word' id='word_1_1082' title='bbox 2951 5709 3149 5776; x_wconf 73' lang='lat' dir='ltr'><strong>Spiritu</strong></span> <span class='ocrx_word' id='word_1_1083' title='bbox 3193 5704 3448 5764; x_wconf 36' lang='lat' dir='ltr'><strong>sancto—ct</strong></span> <span class='ocrx_word' id='word_1_1084' title='bbox 3480 5704 3640 5762; x_wconf 71' lang='lat' dir='ltr'><strong>Matio</strong></span> 
     </span>
    </p>
   </div>
  </div>
