3958 6178
221 294 318 352 697

719 288 1026 346 DISSERT.
1059 287 1172 342 VII.
1205 287 1292 340 DE
1320 282 1501 339 URTU
1538 280 1625 336 ET
1653 279 2118 338 lNCliEMEXTIS
2151 281 2462 339 "ERESiS
2494 283 2925 339 ΡΕΙΛΕΙΑΝᾸΒ.

3333 263 3436 350 698

219 424 406 475 numer
469 403 673 475 Virgine
725 399 861 475 Deus
908 401 1062 475 homo
1110 399 1273 475 Iesus
1297 374 1548 475 Δωινὶιιιιξ
1578 467 1586 475 _
1611 393 1783 450 Filius
1811 401 1856 458 Α
1887 396 2166 475 Mercator,
2199 395 2490 475 Patresqne
2531 399 2579 451 in
2613 400 2837 475 eoncilia
2867 408 2940 451 tot
2973 407 3219 475 tantaque
3256 404 3452 475 coacti,

219 467 336 538 Dei,
359 489 459 531 etc.
483 467 759 529 Juiianus:
782 472 1025 525 Nascitur
1044 488 1160 541 ergo
1192 470 1332 522 nobis
1357 483 1420 541 ex
1446 467 1644 541 Spiritu
1665 483 1783 541 aon-

217 558 295 602 ιιο
321 537 366 599 et
397 546 565 599 Maria
589 560 784 615 semper
823 542 1046 615 Virgine,
1073 537 1158 615 (fui
1179 537 1454 615 secundum
1477 537 1786 615 divinitatem

217 633 489 686 numquam
538 606 706 683 defuit.
741 611 888 666 Patri
913 606 948 686 ξ
981 627 1043 686 εξ
1079 606 1273 686 uitulina
1301 609 1465 686 igitur
1496 606 1786 686 substantiis

216 673 542 754 plenissimis,
566 673 715 750 aique
743 683 975 754 perfectis
1004 680 1098 734 Dei
1121 691 1166 732 et
1193 676 1410 730 hominis
1435 675 1612 729 Jesttm
1637 673 1788 728 Chri-

216 752 343 810 Stitiri
371 753 569 809 Filium
599 754 694 807 Dei
721 752 1027 820 accepimus.

283 824 434 892 Quod
465 825 514 880 si
550 825 770 878 nomine
801 817 1099 890 Pelagianae
1143 817 1375 892 haeresis
1415 817 1528 885 ipse
1571 829 1788 886 quoque

218 887 624 950 Massiliensium
682 909 836 948 error
873 887 1296 956 comprehensus
1345 887 1577 950 dicatur,
1625 899 1784 953 quam

217 968 381 1020 multa
411 973 626 1034 oportet
661 965 718 1018 in
759 963 1032 1034 historiam
1074 958 1314 1034 pecc;ir_ii
1345 958 1472 1034 Nam
1502 965 1560 1034 et.
1583 957 1790 1034 Cassig-

217 1053 314 1090 nus
346 1023 761 1090 Massiliensium
808 1023 1358 1100 princeps-acerrime
1386 1027 1656 1100 invehitur
1689 1023 1785 1100 (In

216 1107 357 1159 libris
392 1105 456 1158 de
486 1104 731 1172 lncarn.)
764 1095 824 1156 ιη’
857 1095 1214 1172 ιιαιιοᾯίιιίςξιῇ
1257 1114 1330 1172 ex,
1361 1097 1600 1172 meritis,
1637 1095 1789 1164 quasi

219 1176 602 1229 mercenariam
633 1168 913 1232 deitatem,
937 1176 994 1224 et
1013 1168 1424 1222 Massiliensium
1444 1168 1636 1234 dogma
1668 1181 1790 1232 prn-

216 1247 473 1313 scriptutn
502 1260 608 1299 non
632 1255 713 1298 εει
732 1258 852 1298 cum
872 1239 1209 1313 Nestoriauo,
1229 1239 1279 1290 in
1299 1236 1561 1313 Epliesina
1583 1235 1790 1304 synodo

217 1308 554 1370 sed'centutn
589 1315 699 1368 fere
725 1322 844 1382 post
873 1311 1028 1382 asinis
1055 1310 1107 1362 in
1136 1308 1461 1382 Arausicana
1485 1321 1546 1382 tt.

284 1385 424 1452 Quid
457 1387 603 1452 plura
638 1375 960 1452 persequar?
1001 1379 1176 1452 Poeta:
1213 1377 1393 1452 procul
1423 1376 1586 1430 dubio
1618 1375 1790 1452 Lepo-

217 1446 366 1508 riana
397 1446 622 1508 ha'trcsis
639 1446 736 1519 pro
762 1446 1076 1506 Nestoriana
1100 1449 1290 1512 illusit,
1314 1463 1434 1500 cum
1460 1456 1632 1519 tamen
1657 1446 1792 1519 mult

219 1537 328 1578 tum
387 1514 714 1579 discriminis
771 1523 911 1576 inter
967 1528 1246 1586 utramque
1301 1517 1627 1582 intercedat;
1694 1514 1788 1569 sed

219 1595 393 1648 danda
445 1602 613 1660 poeta:
661 1608 726 1648 eo
773 1591 978 1645 facilior
1012 1590 1194 1655 venia,
1235 1589 1374 1658 quod
1425 1587 1540 1654 ipse
1578 1601 1789 1660 quoque

215 1658 523 1727 Cassianus,
549 1677 600 1718 et
641 1664 693 1717 in
727 1664 918 1718 eodem
949 1660 1280 1727 peccaverit,
1314 1668 1366 1713 et
1393 1671 1545 1712 suam
1585 1658 1635 1727 in
1667 1670 1790 1708 scn-

217 1735 434 1789 tetttiatn
476 1738 700 1788 traxerit
725 1726 958 1786 amicum
981 1728 1211 1782 Leontem
1236 1729 1480 1796 Magnum
1499 1769 1514 1792 ,
1549 1726 1789 1793 altosque

216 1805 561 1874 postmodum
596 1803 812 1873 plures,
851 1810 1051 1855 tantam
1096 1800 1374 1868 utriusque
1411 1799 1784 1852 auctoritatem

214 1891 339 1928 δεειι
349 1887 451 1928 IUS-

280 1946 549 2012 Upinatus
584 1951 669 1999 est
704 1944 910 1998 scilicet
938 1943 1260 2002 Cassianus,
1299 1940 1606 1995 Nestorium
1639 1939 1786 2012 paria

214 2014 262 2067 in
298 2011 558 2068 omnibus
599 2029 720 2068 cum
769 2015 1121 2071 Samosateuo
1167 2013 1457 2066 meritorite
1515 2011 1789 2079 dignitatis

214 2097 438 2139 auctore
476 2085 707 2147 sentire,
740 2087 951 2153 quicum
996 2087 1046 2136 in
1075 2082 1289 2150 capitali
1328 2081 1579 2153 dogmate
1600 2123 1614 2146 ,
1646 2081 1787 2153 quod

216 2155 464 2208 Christus
494 2155 562 2208 sit
595 2170 652 2207 re
678 2149 794 2217 ipsa
826 2169 990 2220 purus
1023 2149 1206 2214 homo,
1239 2152 1613 2205 consentiebat
1646 2166 1660 2202 :
1690 2149 1786 2203 sed

215 2224 471 2292 Opinione
512 2239 606 2278 sua
639 2225 803 2278 falsus
832 2233 946 2290 est,
989 2233 1272 2290 propterea
1307 2222 1447 2290 quod
1486 2223 1535 2274 in
1565 2220 1792 2292 Oriente

218 2290 434 2348 vixerat
463 2308 584 2348 ante
605 2294 834 2348 Nestorii
861 2294 1171 2360 patefactam
1201 2293 1470 2355 hmresiin,
1489 2303 1540 2344 et
1563 2290 1614 2344 in
1639 2293 1696 2344 0t
1715 2291 1791 2344 ci-

216 2367 376 2418 dente
428 2365 697 2418 scribebat
743 2365 1012 2422 Massiliae.
1063 2363 1150 2416 ubi
1190 2363 1524 2416 SiIIIIOSﬂlt‘lli
1573 2361 1787 2428 dogma,

219 2445 439 2503 propter
467 2435 754 2502 Leporium
786 2433 1140 2493 monachum,
1177 2434 1227 2484 in
1257 2442 1443 2503 aperto
1474 2442 1618 2503 erat.
1656 2431 1793 2503 Διςιηειι

215 2499 398 2558 autem
451 2507 504 2558 in
547 2499 785 2558 obscuro
840 2505 1015 2557 adhuc
1058 2502 1410 2557 Nestorianus
1469 2502 1520 2553 in
1569 2499 1788 2565 Galliis,

216 2587 379 2644 atque
411 2577 573 2644 etiam
616 2576 667 2627 in
699 2574 846 2627 Italia
886 2592 900 2627 :
934 2589 1054 2626 nam
1086 2574 1224 2626 fama
1263 2573 1511 2644 vulgante
1537 2572 1790 2644 rescitum

216 2641 351 2707 erat,
384 2659 414 2695 a
437 2643 700 2704 .Nestorio
733 2645 1065 2699 Samosate‘ui
1105 2643 1350 2695 haeresim
1380 2641 1661 2702 renovari,
1696 2656 1794 2694 nec

217 2723 397 2768 tamen
425 2729 735 2772 sermones.
769 2716 1113 2781 epistolzeqne
1141 2712 1366 2765 Nestorii
1397 2728 1424 2762 ει
1454 2711 1633 2764 Leone
1669 2719 1794 2764 tunc

216 2788 482 2847 d.acono,
511 2783 782 2838 Coe'estini
811 2784 964 2852 jussu
999 2783 1062 2836 ad
1091 2781 1404 2838 Cassianum
1437 2782 1594 2852 inissa
1622 2795 1792 2852 super

217 2869 275 2908 ea
320 2870 381 2906 re
427 2854 658 2907 haeretici
693 2850 924 2908 meniem
957 2856 1124 2907 latere
1165 2852 1391 2907 volentis
1429 2850 1746 2917 aperiebant
1778 2867 1791 2903 :

216 2925 266 2976 id
295 2940 436 2978 vero
467 2925 623 2976 facile
661 2924 900 2992 quisquis
931 2923 1222 2990 intelliget,
1255 2921 1479 2975 simodo
1507 2919 1732 2987 scriptas
1764 2935 1794 2973 a

218 2993 474 3048 Nestorio
495 2995 559 3046 ad
576 2994 918 3061 Cmtestinum
946 2993 1172 3060 litteras,
1198 3001 1319 3046 cum
1343 2992 1539 3045 nostris
1561 2992 1626 3043 ad
1656 2994 1797 3058 ipsas

216 3066 384 3130 notis,
424 3065 635 3132 legerit.

1891 482 2060 547 peque
2082 467 2179 520 hac
2203 468 2392 547 invi-dia
2424 468 2782 547 oneraverint,
2817 483 2988 547 neque
3028 467 3314 547 impietatis
3355 467 3454 528 hu;

1882 537 2034 604 jusce
2077 537 2425 612 accusarintt
2451 553 2550 612 qua
2586 538 2733 612 enim
2769 540 2972 612 ratione
3015 537 3182 605 potuit
3225 550 3449 612 tantam,

1888 615 2099 673 tamque
2127 606 2479 676 acriumifidci
2511 607 2848 662 defensorum
2874 609 3226 676 diligentiam,
3256 606 3452 668 intelii-l

1885 677 2221 749 geutiamque
2251 678 2302 730 id
2334 675 2531 744 fugere,
2556 678 2692 749 quod
2721 677 2946 749 aliorum
2977 675 3124 732 foculi
3153 681 3453 749 deprehen-

1885 745 2250 822 derintlllaec
2276 748 2695 822 sanegravisest
2727 747 2976 822 obiectio,
3012 751 3104 804 sed
3141 745 3257 819 qua:
3285 757 3450 822 possit

1886 819 2010 872 inde
2039 817 2190 880 dilui,
2219 819 2356 870 unde
2378 817 2480 868 vim
2503 817 2744 884 accipere
2773 819 2998 873 videtur.

1958 887 2200 941 Nondum
2232 887 2467 952 profecto
2496 888 2699 940 fuerant
2746 899 2944 940 exorta:
2984 888 3308 946 Ncsmrianm
3347 903 3450 948 tur-

1889 957 1990 1019 bae,
2023 973 2140 1011 cum
2167 957 2361 1026 Pelagii
2381 957 2667 1010 hactesisin
2695 958 3181 1024 pulilicutnet'upit:
3213 965 3447 1019 nonduin

1889 1027 2157 1101 Theodori
2211 1031 2346 1080 larua
2389 1030 2632 1101 laborare
2679 1038 2942 1092 temperat,
2989 1043 3160 1097 neque
3209 1033 3450 1101 impietas

1886 1099 2104 1172 clepens
2140 1113 2287 1172 sese,
2326 1097 2600 1153 catholicis
2643 1107 2732 1172 aut
2776 1110 2921 1154 certe
2966 1101 3225 1168 ambiguis
3257 1097 3446 1172 verbis,

1887 1169 2218 1237 deprehensa
2265 1169 2455 1232 fuerat,
2491 1183 2610 1223 cum
2643 1170 2834 1238 ubique
2869 1179 3162 1238 proSIratus
3201 1169 3451 1230 Ecclesiae

1889 1239 2196 1293 fulminibus
2238 1238 2658 1307 Pelagianismus
2717 1240 2990 1293 \idebatnr
3031 1253 3322 1296 emortuus.
3378 1246 3451 1302 Ea

1887 1324 2075 1362 omnes
2105 1317 2262 1363 aetate
2303 1311 2729 1370 Samosatenum,
2767 1309 3156 1378 Pliotinumque
3203 1329 3450 1368 exsecra-

1889 1378 2104 1448 bantur,
2130 1387 2394 1449 tamquam
2420 1383 2647 1448 geminm
2682 1380 3027 1447 blasphemus
3070 1397 3211 1445 reos,
3247 1385 3452 1438 violata:

1889 1450 2099 1523 scilicet
2125 1452 2398 1523 Trinitatis
2437 1466 2498 1503 ac
2530 1451 2944 1523 incarnationis:
2985 1451 3257 1506 infandum
3297 1457 3451 1523 quid-

1888 1521 2012 1588 quid
2053 1520 2122 1574 illi
2171 1519 2495 1581 ell'ulicrant.
2549 1521 2862 1574 Theodorus
2909 1525 3096 1590 partim
3135 1519 3449 1588 emollierat,

1891 1590 2167 1644 manifesta
2189 1590 2430 1661 ὁμοουσία
2453 1590 2804 1652 ct-uic'Ssioue,
2823 1593 3011 1658 partim
3029 1593 3452 1650 dissimulaverat

1888 1661 2109 1732 obtentu
2141 1660 2419 1714 meliorum
2450 1660 2748 1732 deichristo
2779 1677 2968 1714 vocum
2996 1680 3008 1714 :
3037 1678 3200 1730 quare
3225 1680 3452 1732 appare-

1822 1762 1863 1818 Β
1893 1729 1981 1810 hat
2002 1745 2139 1818 sana)
2161 1733 2212 1785 in
2238 1734 2470 1802 speciem
2507 1731 2639 1785 ﬁdes
2667 1729 3065 1812 Pelagianorum
3100 1733 3166 1788 de
3210 1729 3452 1789 lncarna-

1895 1799 2064 1873 tione,
2107 1801 2234 1854 dum
2268 1799 2490 1870 'pestem
2543 1811 2781 1869 tegerent
2837 1804 2885 1854 in
2938 1817 3169 1862 recessu,
3227 1819 3451 1873 cumque

1888 1871 2190 1936 Theodoro,
2223 1875 2386 1927 immo
2411 1888 2530 1926 cum
2547 1873 2821 1928 catholicis
2851 1873 3147 1940 loquentes,
3171 1871 3454 1930 crederen-

1889 1951 1974 1995 tur
1993 1943 2176 1996 eadem
2200 1945 2399 2005 animo,
2429 1959 2545 2012 quae
2569 1947 2745 1998 verbis
2777 1944 2994 1997 sentire.
3026 1944 3153 1997 Erat
3183 1959 3358 1999 autem
3388 1963 3453 2006 eo

1891 2014 2205 2080 propensior
2244 2014 2292 2066 in
2329 2015 2462 2066 hanc
2493 2023 2692 2079 partem
2734 2014 3042 2080 credulitas,
3085 2030 3188 2082 qtto
3225 2018 3446 2071 manife-

1889 2083 2024 2136 stius
2052 2098 2110 2136 se
2141 2083 2431 2150 prodebant
2467 2084 2552 2135 alii
2591 2099 2820 2147 errores,
2850 2085 2936 2149 qui
2973 2101 3062 2136 sua
3106 2089 3282 2150 specie
3321 2089 3454 2141 deli-

1892 2163 2078 2222 nerent
2109 2155 2334 2213 animos,
2357 2155 2638 2222 studioque
2665 2153 2784 2207 lidci
2809 2170 2946 2207 verte
2973 2170 3257 2208 succensus
3291 2159 3339 2208 in
3368 2160 3450 2212 sui

1889 2221 2066 2274 odium
2092 2233 2482 2278 converterent.

1960 2294 2284 2360 Quamquam
2313 2293 2659 2360 Augustinus,
2693 2294 3160 2348 uterathominum
3187 2296 3454 2360 perspica-
3532 2331 3534 2336 τ

1891 2364 2134 2414 cissimus
2163 2362 2214 2415 in
2263 2365 2601 2428 pervidendis
2636 2379 2877 2416 errorum
2912 2366 3148 2427 latelu-i-,
3186 2365 3210 2418 .I
3239 2366 3449 2420 «ltaouin

1894 2442 2110 2499 propter
2140 2435 2500 2500 imprudentes
2530 2437 2782 2501 quasdam
2818 2448 2975 2486 voces
3013 2445 3313 2499 ειιςιιιιεῑιιιη
3362 2437 3455 2490 ha-

1892 2502 2001 2555 bttit
2029 2505 2288 2571 dogmatis
2311 2506 2377 2556 de
2407 2507 2736 2557 mercenaria
2767 2501 2962 2557 Christi
2989 2505 3289 2560 divinitate.

1968 2573 2041 2624 Ex
2071 2589 2134 2626 eo
2155 2589 2303 2635 sane,
2330 2574 2469 2642 quod
2501 2584 2612 2627 erat
2644 2574 2868 2640 positum
2895 2589 2922 2625 a
2948 2575 3237 2643 Pelagianis
3263 2577 3456 2642 princi-

1896 2642 2060 2708 pium,
2093 2647 2312 2710 gratiam
2341 2661 2443 2696 non
2469 2645 2566 2696 nisi
2602 2660 2666 2696 ex
2694 2643 2893 2695 meritis
2935 2642 3084 2707 dari,
3108 2660 3172 2697 ne
3219 2648 3287 2698 sit
3316 2647 3453 2714 apud

1898 2715 2060 2764 Deum
2094 2714 2363 2779 iniquitas,
2395 2724 2554 2780 atque
2583 2716 2819 2780 acceptio
2859 2728 3224 2781 personarum,
3265 2732 3450 2767 neces-

1893 2783 2031 2854 saria
2062 2785 2888 2854 consecutioneAconncctebatur
2910 2799 3062 2838 error
3081 2784 3146 2837 dc
3170 2790 3454 2854 promerita

1896 2852 2143 2906 humanis
2163 2855 2366 2908 meritis
2387 2870 2414 2907 a
2437 2852 2649 2907 Christo
2671 2853 2974 2908 divinitate:
2997 2852 3279 2922 quantillo
3305 2857 3452 2921 dato,

1895 2922 2034 2990 quttd
2081 2934 2200 2977 erat
2252 2925 2513 2993 quoddam
2567 2924 2989 2994 totittsihteresis
3032 2923 3451 2994 futnlamcntntn,

1897 2995 2075 3061 negari
2107 3010 2211 3046 non
2245 3003 2448 3060 poterat
2475 2997 2608 3047 l>ltlti
2642 2994 2708 3046 ab
2737 2993 2974 3056 homine,
2999 2996 3083 3062 qui
3121 3010 3268 3047 suam
3304 2997 3460 3049 vellit

1895 3072 2143 3117 Constare
2166 3064 2294 3126 sibi,
2339 3073 2494 3130 atque
2527 3066 2828 3116 consentire
2873 3066 3211 3117 sententiam.
3263 3065 3454 3118 Verum

285 3122 432 3202 Quid
475 3122 624 3202 Ergo,
654 3132 893 3201 inquies,
923 3134 1137 3188 nullane
1157 3132 1253 3187 luit
1281 3132 1618 3202 Pelagianam
1653 3133 1794 3187 inter
1821 3122 1867 3184 C
1896 3134 2036 3186 aliud
2053 3147 2132 3187 eat
2153 3122 2548 3188 laborare'vitio
2569 3133 2938 3195 ὰνακολουθὶας,
2959 3134 3096 3186 aliud
3123 3148 3457 3203 consequens

216 3216 268 3260 et
296 3205 680 3259 Nestorianam
715 3205 962 3256 hmresitn
1000 3203 1262 3256 societas?
1295 3203 1415 3257 Fuit
1435 3220 1586 3269 sane,
1609 3219 1791 3270 eaque

218 3275 378 3344 longe
428 3275 599 3341 majhr
642 3289 802 3342 quam
845 3276 1002 3343 vulgo
1032 3275 1267 3327 creditur
1298 3291 1311 3327 :
1339 3275 1614 3328 Nestorius
1649 3274 1790 3326 enim

219 3345 357 3399 bene
397 3346 635 3398 sensisse
682 3359 783 3396 non
811 3345 1049 3407 videtur,
1083 3360 1257 3411 neque
1301 3345 1368 3398 de
1409 3353 1628 3414 peccato
1671 3344 1792 3412 ipso

217 3415 509 3483 originali,
563 3422 721 3483 prout
767 3424 944 3469 mente
998 3413 1324 3467 discernitur
1375 3429 1403 3467 a
1452 3415 1638 3468 debito
1678 3430 1793 3466 mo-

217 3485 420 3544 riendi,
449 3488 665 3552 promer
695 3485 884 3539 Adami
920 3494 1193 3548 peccatum
1223 3494 1584 3548 contractum;
1620 3498 1795 3552 neque

217 3555 283 3608 de
311 3557 496 3624 gratia
527 3555 756 3621 Christi,
797 3569 958 3622 quam
1002 3570 1030 3606 a
1066 3556 1181 3622 lege
1213 3561 1265 3605 et
1301 3555 1542 3607 dot-trina
1581 3568 1682 3607 nOn
1715 3556 1796 3606 di-

217 3626 480 3694 stinguit;
513 3639 686 3693 neque
724 3630 790 3678 de
828 3624 1215 3694 lucarnationis
1253 3625 1358 3678 line
1381 3665 1396 3691 ,
1437 3640 1594 3692 quem
1630 3624 1797 3694 voluit

220 3693 346 3750 esse
373 3697 551 3748 solum
583 3705 731 3750 recte
757 3693 969 3748 vivendi
999 3695 1302 3761 exemplum
1334 3695 1540 3747 caeteris
1563 3693 1796 3745 homini-

219 3767 317 3818 bus
342 3783 375 3818 a
410 3763 624 3824 Christo
651 3764 1005 3833 prmstaudutn
1039 3781 1052 3817 :
1086 3779 1204 3832 qua:
1235 3765 1336 3817 tria
1372 3775 1496 3818 sunt
1528 3765 1794 3833 praecipua

217 3835 630 3903 Pelagianarum
657 3839 1009 3904 quaestionum
1038 3837 1206 3902 capita
1219 3874 1232 3887 .

287 3906 539 3960 Julianus
567 3903 722 3971 vero,
757 3905 948 3974 partim
977 3905 1028 3957 in
1055 3904 1391 3972 professione
1421 3903 1570 3962 lidei,
1606 3905 1794 3971 partim

218 3978 270 4030 iu
290 3991 467 4044 opere
502 3983 772 4044 postremo
800 3985 985 4030 contra
1016 3975 1402 4044 Augustinum,
1432 3988 1540 4026 non
1572 3974 1798 4028 obscure

219 4043 430 4114 prod;t,
457 4058 515 4100 ut
546 4048 659 4114 ipse
683 4045 898 4114 quidem
933 4043 1139 4114 putavit
1165 4045 1515 4112 Augustinus,
1549 4059 1607 4098 se
1639 4059 1797 4099 suos-

214 4113 324 4185 que
371 4113 662 4186 magistros
705 4113 973 4186 Pelagium
1013 4122 1067 4168 et
1104 4113 1415 4186 Ctelestimn
1441 4114 1519 4186 _de
1559 4116 1800 4169 incarna-

219 4184 372 4243 tione
401 4184 582 4250 V'erbi,
613 4187 896 4240 Theodoro
923 4185 1323 4255 Mopsuesteno,
1344 4184 1641 4255 Ruﬁnoque
1664 4186 1802 4255 Syro

215 4258 478 4311 assentiri
506 4256 664 4328 (Vide
693 4255 934 4328 notos_ud
966 4251 1331 4328 professionem
1355 4255 1506 4323 fidei,
1541 4251 1585 4308 et
1606 4251 1803 4324 ξάὶεὲεν-

218 4330 474 4381 tationem
517 4326 579 4380 de
616 4327 796 4378 Ita-'resi
832 4326 1172 4390 Nestor-iano,
1212 4326 1349 4394 infra
1381 4327 1448 4378 ad
1479 4339 1517 4378 ιι
1545 4335 1678 4396 part.
1711 4343 1798 4396 op.

219 4397 301 4451 Η.
328 4397 640 4452 Mercatoris
665 4397 752 4450 lib.
782 4406 880 4461 ιν).

1895 3219 1987 3268 per
2017 3204 2246 3269 seipsum
2278 3208 2442 3257 tueri:
2479 3205 2527 3257 id
2557 3205 2696 3258 enim
2724 3205 2822 3258 nisi
2849 3205 2915 3256 ita
2948 3219 3004 3255 se
3029 3204 3270 3264 haberet,
3300 3221 3457 3259 nt-mo

1893 3274 2172 3328 luereticus
2231 3275 2436 3326 ratione
2480 3290 2726 3341 umquam
2776 3273 3017 3326 convinci
3073 3277 3266 3340 possit;
3319 3277 3457 3329 unde

1893 3346 2032 3397 enim
2064 3345 2254 3412 possit,
2278 3361 2430 3413 quam
2455 3361 2514 3398 ex
2551 3361 2615 3397 eo
2655 3342 2794 3413 quod
2824 3360 3005 3396 verum
3040 3345 3264 3398 fatetur?
3303 3345 3457 3398 Pela-

1893 3414 2075 3479 gianos
2103 3414 2275 3467 fateor
2308 3430 2554 3479 peccasse
2585 3432 2634 3467 Ill
2661 3413 2954 3467 dialectica:
2997 3416 3159 3481 leges,
3205 3430 3457 3480 peccasso

1894 3498 2030 3552 nego
2067 3495 2246 3538 contra
2294 3487 2450 3538 tidem
2500 3485 2638 3538 hanc
2685 3484 3095 3550 lncarnationis;
3147 3484 3458 3542 Cassianum

1895 3569 2036 3635 reor,
2061 3554 2367 3623 pra-judicio
2391 3559 2556 3625 magis
2586 3570 2742 3624 quam
2765 3563 2910 3608 certo
2948 3556 3274 3623 testimonio,
3307 3557 3463 3612 Pela-

1893 3640 2077 3693 gtanos
2097 3639 2394 3679 300083558.

1966 3695 2131 3748 Immo
2163 3695 2404 3766 Pelagius
2437 3711 2503 3750 eo
2541 3695 2592 3748 in
2621 3694 2758 3748 libro
2799 3694 2934 3764 (Lib.
2959 3697 3022 3750 de
3068 3695 3319 3766 Natura),
3352 3714 3460 3766 quo

1897 3766 2126 3817 maxime
2163 3765 2384 3831 gratiam
2430 3766 2776 3832 impugnavit,
2821 3767 2986 3820 videri
3035 3774 3209 3833 potest
3248 3765 3458 3822 beatam

1900 3834 2163 3902 Virginem
2190 3834 2468 3901 Deiparam
2492 3836 2807 3891 creditiiSse:
2837 3851 2955 3888 rum
2978 3837 3117 3887 enim
3147 3845 3358 3890 sanctas
3387 3838 3463 3890 fe-

1897 3905 2069 3956 minas
2099 3915 2416 3970 i-ecenseret,
2443 3921 2536 3972 pro
2559 3907 2810 3960 coronide
2843 3905 3105 3972 adjunxit,
3127 3906 3288 3972 ipsam
3310 3907 3461 3960 etiam

1901 3974 2102 4026 Domini
2132 3990 2192 4025 ac
2215 3974 2497 4030 Salvatoris
2524 3977 2683 4029 nostri
2706 3989 2936 4040 matrem,
2964 3991 3113 4043 quam
3132 3977 3237 4028 sine
3257 3987 3460 4040 peccato

1898 4045 2128 4116 confiteri
2157 4061 2356 4116 necesse
2383 4056 2455 4100 est
2489 4049 2683 4116 pietati.
2715 4048 2771 4102 Si
2803 4047 2943 4100 enim
2980 4045 3140 4099 Maria
3178 4045 3330 4114 Virgo
3360 4046 3463 4100 Do-

1901 4114 2030 4168 mini
2067 4129 2128 4168 ac
2166 4115 2460 4171 Salvatoris
2490 4114 2679 4172 'mater
2709 4133 2833 4172 vere
2874 4116 3086 4178 dicitur,
3139 4116 3182 4170 is
3223 4116 3462 4183 profecto

1898 4199 2054 4251 quem
2084 4187 2285 4253 genuit,
2315 4202 2482 4255 neque
2507 4188 2616 4242 suis
2648 4190 2851 4241 meritis
2875 4185 3102 4239 obtinuit
3132 4185 3458 4239 dominatum

1899 4256 1950 4308 i'u
1975 4267 2199 4324 czeteros
2223 4257 2481 4322 homines,
2507 4273 2677 4324 neque
2715 4272 2932 4321 operum
2963 4255 3208 4308 mercede
3232 4256 3462 4324 accepit,

1901 4323 2041 4378 unde
2062 4339 2241 4392 pOsset
2265 4329 2514 4396 populum
2537 4323 2688 4380 suum
2715 4328 2920 4380 salvaie
2943 4341 2970 4378 a
3001 4326 3228 4392 peccatis
3250 4323 3455 4392 eorum,

1901 4395 2094 4463 alioqui
2136 4395 2344 4449 infirma
2385 4405 2528 4450 esset
2569 4397 2817 4451 Ecclesiae
2856 4396 3128 4449 conclusio
3163 4395 3460 4463 coliigentis

194 4519 202 4530 ,
291 4469 802 4545 Quantumcumque
828 4465 1148 4545 ergolatere
1167 4463 1478 4545 conatisint
1507 4465 1795 4545 Pelagiani,
1832 4488 1875 4545 υ
1902 4482 1971 4545 es.
1999 4466 2383 4545 aYIllliqi-O,.Ilbi
2424 4467 2588 4545 Filius
2621 4468 2707 4521 Dei
2750 4467 2960 4545 ili-citur,
3005 4476 3148 4518 natus
3186 4483 3246 4518 ea:
3292 4466 3460 4520 Maria

220 4534 520 4607 verbisque
547 4538 600 4589 in
628 4537 860 4604 speciem
883 4535 1162 4590 catholicis
1183 4534 1630 4607 dissimttlaverint
1652 4552 1801 4590 men-

217 4620 330 4662 tem
360 4605 691 4668 litereticam,
720 4607 929 4660 idoneis
959 4617 1129 4659 tamen
1156 4605 1365 4660 indiciis
1394 4606 1710 4673 produntur,
1745 4617 1802 4662 ttt

215 4695 329 4732 non
373 4678 646 4732 immerito
684 4676 1044 4746 Hieronymus
1084 4676 1353 4746 Pelagium
1397 4675 1592 4728 dixerit
1641 4677 1793 4731 Anti-

217 4749 518 4816 christum,
543 4763 647 4816 quo
689 4745 904 4800 nomine
935 4747 1118 4799 Patres
1144 4745 1450 4816 Nestorium
1489 4761 1684 4800 vocare
1712 4764 1798 4799 so-

215 4815 335 4873 lent
357 4858 374 4882 ,
405 4815 642 4883 aliosque
670 4816 1126 4870 Christomachos.
1158 4815 1297 4869 Nihil
1333 4829 1461 4883 ergo
1499 4819 1688 4868 mirum
1708 4856 1722 4880 ,
1752 4818 1796 4872 si

216 4886 481 4941 Nestorio
513 4895 616 4941 tam
651 4888 998 4954 pertinaciter
1036 4885 1232 4955 Pelagii
1271 4900 1527 4952 sequaces
1558 4885 1796 4940 adlnese-

217 4958 366 5024 rint,
403 4968 458 5010 ut
499 4958 760 5026 Ephesina
797 4955 1035 5026 synodus
1074 4959 1288 5009 eosdem
1337 4971 1569 5009 canones
1608 4958 1796 5010 adver-

217 5044 316 5082 sus
386 5025 732 5081 hesto’riauos
787 5025 849 5080 ac
912 5025 1269 5080 C(Blestiauos
1337 5026 1664 5092 condiderit,
1741 5037 1795 5081 et

215 5108 514 5168 utrumque
541 5113 754 5162 nomen,
781 5097 1020 5165 ejusdem
1050 5097 1282 5161 invidi-.c,
1308 5097 1652 5164 ejusdemque
1691 5097 1782 5151 itn-
1810 5099 1816 5106 ’

217 5169 560 5239 pietatis,“
591 5175 906 5239 tempestate
938 5168 1222 5221 existeret.

293 5236 578 5292 Mirabitur
610 5235 744 5291 forte
785 5237 1070 5305 quispiam,
1111 5237 1249 5306 quod
1284 5235 1350 5290 de
1384 5236 1680 5307 Pelagianis
1718 5251 1792 5290 as.

206 5322 268 5369 se
282 5308 477 5374 rimus,
493 5324 616 5367 cum
639 5309 782 5378 ipsos
801 5307 1171 5377 llieronymm,
1191 5310 1533 5377 Augustinus,
1551 5307 1790 5375 Orosius,

1910 4535 2135 4604 Virgine,
2166 4537 2378 4589 Mariam
2397 4538 2620 4606 proprie
2647 4553 2706 4591 es
2736 4554 2764 4589 e
2793 4537 3088 4604 Deiparam.

1973 4607 2028 4658 ln
2054 4622 2278 4671 summa,
2309 4603 2716 4661 nec’CaQSianus
2754 4603 2979 4661 Neobrii
3017 4614 3108 4658 aut
3141 4603 3462 4674 Pelagiano-

1901 4691 2016 4728 rum
2048 4675 2340 4730 doctrinam
2369 4687 2642 4731 assecutus
2672 4690 2753 4730 est
2782 4695 2793 4728 :
2825 4692 2921 4729 nec
2954 4677 3183 4743 scriptor
3207 4676 3460 4743 epitaphii

1901 4761 1994 4812 pro
2011 4749 2232 4800 veritate
2253 4748 2475 4801 cecinit:
2509 4763 2607 4801 nec
2627 4763 2652 4798 a
2665 4750 2794 4799 nilne
2821 4748 3051 4801 hmreses
3073 4747 3122 4799 in
3140 4760 3202 4798 eo
3225 4756 3463 4808 cognata:

1897 4827 2050 4887 sunt,
2082 4817 2219 4884 quod
2257 4829 2479 4887 utraque
2534 4820 2769 4882 lit-iparzn
2811 4833 3001 4871 nomen
3037 4814 3237 4887 Virgini
3264 4815 3461 4887 Alliariae

1898 4883 2257 4953 abjutliearet:
2297 4883 2404 4941 ncc'
2432 4889 2802 4950 Massilienses,
2847 4902 3070 4956 quorum
3117 4886 3225 4938 dux
3253 4883 3466 4938 Cassia-

1899 4973 2017 5018 nus,
2042 4959 2136 5010 rati
2167 4967 2291 5010 sunt
2319 4957 2586 5011 Christum
2613 4958 2855 5012 mercede
2876 4972 3091 5023 operum
3124 4956 3314 5008 laetum
3344 4971 3466 5009 esse

1899 5027 2098 5079 Deum:
2133 5042 2231 5080 nec
2260 5032 2582 5093 Αιιςιιμιίιιιιε
2617 5031 2900 5090 gratuitam
2941 5025 3457 5093 pra-destinationem

1897 5097 2110 5167 aliunde
2135 5099 2398 5164 probavit,
2421 5114 2576 5167 qttatn
2605 5113 2668 5150 ex
2692 5097 2936 5151 Confesso
2958 5097 3092 5163 apud
3122 5097 3264 5164 ipSos
3288 5111 3466 5167 excin-

1897 5167 1987 5235 plo
2026 5166 2223 5220 Christi
2259 5185 2272 5218 :
2309 5183 2402 5222 nec
2441 5165 2720 5236 popularis
2749 5169 2948 5234 opinio,
2995 5167 3060 5219 de
3090 5165 3469 5221 cunlwderatis

1896 5249 2080 5318 contra
2107 5239 2346 5294 Θεοτὸκον
2373 5239 2665 5293 litercsibus
2685 5238 2911 5305 duabus,
2939 5238 3129 5292 idonea
3154 5238 3468 5290 auctoritate

1898 5318 2104 5365 lttltlul'.

1760 5556 2198 5565 __—_.____
