3958 6178
505 278 603 332 6'35)
1000 289 1359 344 ΡῐίιιΕῐ-ἊΤΙΟ
1397 288 1462 343 IN
1498 288 1875 346 SECUNDAM
1914 288 2068 343 PAR'

2185 291 2193 344 l
2234 288 2511 343 OPERUM
2555 285 2747 343 MAR"
2788 283 3240 339 MERCATURlS.
3644 289 3748 343 700

1952 426 2296 435 *ν’-ια...-

1942 528 2321 614 MARII

788 702 3453 927 MERCATORIS

956 1080 1789 1228 OPERUM
1883 1083 2347 1262 QU/E
2440 1084 3339 1228 EXSTANT

1405 1353 1808 1459 PARS
1940 1355 2866 1489 POSTEnron,

1996 1565 2291 1607 CONTINENS

1173 1687 1275 1746 EA
1306 1685 1488 1760 QUAS
1525 1688 1629 1746 ΑΙ)
1662 1686 2037 1746 HJEllESlM
2073 1686 2642 1747 NESTORIANAM
2672 1686 2736 1749 Sl

1536 1688 1629 1746 an
1662 1686 2037 1746 nmmsm
2073 1686 2642 1747 NESTORIANAM
2672 1640 3099 1753 SPECTANT.

990 2025 2029 2159 PB/EFATIO
2128 2025 3282 2156 HISTORICA.

579 2264 854 2321 Posterior
880 2275 1006 2332 pars
1033 2273 1258 2328 operum
1287 2255 1439 2309 Marii
1460 2253 1772 2309 Mercatoris
1800 2268 1920 2307 cum
1950 2251 2318 2306 Nestorianam
2340 2266 2554 2306 causam
2587 2250 2880 2315 contineat,
2911 2265 3015 2319 qua
3041 2252 3184 2307 nulla
3210 2253 3322 2310 fere
3347 2263 3429 2311 est
3450 2258 3503 2312 in
3527 2261 3765 2316 ecclesia.

508 2359 653 2415 sticis
682 2352 1039 2411 monumentis
1063 2349 1359 2413 celebrior;
1390 2360 1617 2414 cumque
1644 2345 1893 2399 exhibeat
1922 2347 2098 2397 omnia
2130 2343 2239 2397 fere
2280 2343 2430 2398 istius
2454 2357 2627 2397 causa:
2650 2342 3020 2409 instrumenta,
3052 2359 3169 2413 quae
3190 2346 3243 2399 in
3270 2347 3411 2404 hunc
3434 2367 3602 2420 usque
3630 2354 3766 2409 diem

508 2452 592 2505 vel
612 2451 836 2505 obscura
865 2447 1076 2499 fuerunt
1103 2440 1187 2496 vel
1215 2438 1424 2510 penitus
1446 2437 1626 2505 ignota
1651 2454 1663 2488 :
1690 2452 1794 2489 non
1823 2434 1942 2495 erit,
1976 2434 2185 2502 opinor,
2211 2434 2417 2502 ingrata
2445 2434 2698 2488 studiosis
2725 2449 2902 2487 rerum
2924 2436 3426 2505 ecclesiasticarum,
3462 2442 3631 2496 immo
3656 2445 3768 2513 pla-

508 2541 678 2596 citura
701 2537 847 2593 credi
875 2539 1073 2605 potest,
1100 2536 1324 2600 pmpter
1351 2526 1662 2585 novitatem,
1694 2523 1934 2591 lucisque
1961 2521 2052 2575 diu
2072 2522 2319 2590 expetita:
2338 2521 2720 2589 aﬂ'ulgcntiam.
2752 2521 2869 2575 Non
2898 2524 3109 2577 videtur
3135 2532 3312 2580 tamen
3335 2544 3492 2596 posse
3522 2532 3627 2599 legi
3654 2543 3768 2587 tan-

517 2644 573 2689 ta
602 2640 723 2690 cum
752 2631 913 2686 animi
942 2627 1217 2696 voluptate
1258 2629 1511 2687 tantaque
1538 2617 1784 2678 utilitate,
1816 2623 2070 2683 quantam
2108 2613 2300 2668 all'erre
2325 2613 2484 2681 valet,
2518 2614 2616 2668 nisi
2655 2615 2803 2684 prius
2842 2625 3121 2686 perspecta
3151 2619 3221 2673 sit
3247 2619 3468 2677 historia
3509 2640 3769 2682 annorum

507 2734 653 2793 octo,
683 2724 775 2793 qui
802 2739 832 2777 a
857 2716 1087 2775 Nestorii
1116 2712 1451 2770 ordinatione
1480 2709 1545 2763 ad
1569 2708 1735 2778 ipsius
1762 2705 2190 2776 deportationem
2221 2706 2274 2759 in
2295 2702 2471 2760 Oasim
2496 2704 2834 2761 el‘lluxerunt.

578 2818 753 2883 Atque
779 2816 891 2868 lucc
917 2827 1004 2865 me
1030 2810 1170 2865 ratio
1199 2807 1436 2871 adduxit,
1465 2815 1525 2861 ut
1550 2812 1796 2875 putarem
1824 2801 2191 2871 hujuscemodi
2218 2802 2498 2856 historiam
2521 2802 2976 2871 praemittendam;
3002 2820 3101 2860 nec
3119 2813 3293 2860 tamen
3319 2810 3680 2879 accipiendam
3706 2829 3769 2868 ex

509 2908 630 2961 aliis
656 2903 1024 2973 scriptoribus,
1055 2914 1217 2969 quam
1236 2898 1328 2966 qui
1355 2898 1441 2952 vel
1470 2896 1741 2965 negotium
1769 2895 1874 2949 hoc
1899 2894 2181 2962 gesserint,
2213 2901 2270 2947 ut
2289 2891 2628 2959 leestinus,
2658 2892 2905 2965 Cyrillus,
2938 2896 3231 2961 Nestorius,
3263 2898 3569 2967 Cassianus,
3600 2903 3769 2959 Theo-

509 2999 745 3062 doretus,
773 3004 828 3049 et
853 2993 1038 3048 Patres
1067 2990 1354 3061 Ephesini;
1383 2987 1470 3045 vel
1493 2988 1603 3043 suis
1631 2986 1801 3043 oculis
1828 2992 2072 3055 spectare
2098 2983 2392 3053 potuerint,
2428 2998 2547 3052 quae
2574 2986 2928 3053 gerebantur,
2960 2995 3016 3040 ut
3053 2987 3303 3043 Socrates
3330 2998 3383 3043 et
3410 2988 3765 3057 Sozomenus;

510 3088 595 3141 vel
622 3087 783 3157 paulo
810 3092 932 3156 post
951 3083 1274 3148 exstiterint,
1306 3088 1367 3135 ut
1409 3077 1734 3141 Gennadius,
1764 3083 1954 3131 auctor
1982 3073 2380 3141 Prmdestinati,
2413 3074 2669 3144 Evagrius
2688 3116 2702 3141 ,
2733 3078 2955 3146 aliique,
3000 3080 3112 3134 sive
3150 3082 3241 3149 qui
3270 3082 3565 3139 catholicas
3594 3096 3767 3154 partes

509 3177 679 3232 secuti
706 3183 849 3241 sunt,
881 3175 993 3230 sive
1021 3174 1112 3243 qui
1139 3171 1435 3227 contrarias
1464 3187 1477 3222 :
1508 3184 1575 3223 eo
1604 3168 1748 3223 enim
1771 3165 2027 3234 majorem
2055 3180 2175 3233 quae
2194 3165 2438 3219 dicentur
2458 3165 2773 3221 obtinebunt
2796 3166 2971 3232 ﬁdem,
3002 3183 3110 3237 quo
3136 3171 3310 3224 minus
3331 3180 3423 3224 aut
3449 3172 3629 3227 dubiis
3645 3191 3767 3230 con-

508 3272 745 3345 jecturis,
783 3276 874 3325 aut
901 3268 1107 3323 levibus
1143 3263 1436 3319 ratiociniis
1462 3260 1863 3332 probabuntur;
1894 3258 2057 3313 immo
2084 3272 2190 3326 quo
2233 3258 2552 3313 certioribus
2580 3258 2843 3327 ejusmodi
2884 3270 3163 3316 auctorum
3205 3264 3522 3321 testimoniis
3564 3269 3765 3324 verbis-

510 3378 615 3432 que
659 3363 820 3416 etiam
862 3359 1183 3417 referentur.

580 3456 705 3511 Scio
730 3456 810 3510 rei
834 3453 1163 3508 Nestorianae
1183 3447 1457 3520 synopsim
1488 3441 1760 3515 prmilxam
1789 3459 1908 3499 esse
1935 3442 2162 3499 concilio
2188 3440 2478 3511 Ephesino.
2504 3440 2630 3498 Scio
2659 3454 2713 3499 et
2740 3443 2977 3513 ejusdem
3002 3446 3079 3501 rei
3119 3462 3151 3501 a
3190 3446 3349 3503 Patre
3390 3447 3616 3506 Petavio
3645 3471 3766 3510 con.

512 3548 765 3617 scriptam
794 3544 1072 3600 historiam
1098 3560 1112 3609 ;
1156 3558 1255 3598 nec
1295 3542 1483 3611 ignoro
1513 3554 1683 3609 nuper
1710 3556 1739 3594 a
1768 3536 2070 3592 Christiano
2099 3533 2248 3603 Lupo
2276 3534 2707 3592 dissertationem
2727 3537 2943 3604 editam,
2977 3539 3138 3597 immo
3174 3552 3229 3598 et
3257 3545 3489 3600 additam
3520 3541 3766 3598 disserta-

512 3637 646 3693 tioni
675 3634 1026 3707 appendicem
1055 3634 1121 3689 de
1146 3638 1485 3688 sacrosancta
1515 3629 1718 3700 synodo
1746 3626 2031 3697 Ephesina.
2066 3624 2169 3681 Sed
2208 3642 2383 3696 neque
2410 3644 2496 3683 me
2524 3630 2771 3699 synopsis
2796 3645 2955 3698 quam
2983 3631 3111 3697 dixi,
3158 3648 3329 3702 neque
3357 3633 3561 3689 Petavii
3602 3636 3765 3690 histo-

510 3730 615 3793 ria,
646 3729 771 3783 licet
798 3725 1227 3789 accuratissima,
1259 3736 1434 3791 neque
1461 3722 1681 3776 alterius
1713 3720 1813 3774 viri
1850 3719 1994 3774 docti
2021 3718 2173 3773 labor
2200 3734 2231 3772 a
2266 3721 2544 3788 proposito
2589 3720 2849 3775 deterruit
2892 3740 2906 3776 :
2949 3724 3170 3793 perinde
3205 3727 3357 3795 quasi
3392 3742 3478 3782 me
3507 3726 3766 3796 superﬂua

515 3834 682 3890 opera
703 3830 1032 3882 exercerem,
1064 3813 1225 3883 idque
1264 3826 1476 3882 agerem
1504 3809 1648 3880 quod
1671 3809 1783 3878 jam
1812 3809 1879 3863 ab
1908 3807 2127 3863 eruditis
2148 3808 2454 3862 hominibus
2479 3818 2793 3877 occupatum
2825 3820 2985 3865 esset.

580 3911 715 3965 Nam
742 3915 1097 3980 pmterquam
1124 3905 1268 3976 quod
1290 3920 1508 3960 necesse
1534 3902 1634 3958 fuit
1656 3901 1921 3957 rationem
1950 3899 2171 3954 reddere
2196 3900 2399 3954 ordinis
2426 3914 2534 3968 quo
2577 3900 2888 3956 Mercatoris
2917 3900 3089 3972 Opera
3127 3904 3503 3975 disposuimus,
3548 3907 3762 3962 lectori-

513 4002 717 4073 busque
745 3999 1029 4057 ostendere
1056 4014 1163 4068 quo
1192 3996 1397 4066 singula
1428 4003 1688 4063 tempore,
1719 4005 1932 4060 quaque
1970 3990 2254 4045 occasione
2284 3998 2409 4043 nata
2450 3990 2574 4055 sint,
2604 3992 2848 4061 synopsis
2886 4001 3031 4048 certe
3068 3995 3294 4050 concilio
3335 3995 3604 4064 Ephesina
3631 4012 3761 4066 pra:-

512 4096 687 4167 posita
714 4091 929 4147 brevior
956 4097 1040 4145 est
1067 4103 1226 4157 quam
1250 4102 1347 4156 par
1373 4085 1443 4139 sit
1467 4101 1482 4149 ;
1514 4081 1717 4137 Petavii
1745 4079 1965 4134 historia
1994 4078 2060 4132 ad
2083 4078 2133 4132 id
2159 4078 2302 4147 quod
2325 4078 2647 4133 intendimus
2674 4095 2860 4149 parum
2898 4081 3180 4147 conducit;
3211 4091 3263 4137 et
3291 4083 3628 4139 Christianus
3665 4084 3762 4138 Lu—

514 4201 633 4258 pus,
665 4199 787 4240 cum
815 4182 1077 4236 immensa
1099 4176 1414 4233 eruditionis
1434 4176 1608 4245 copia,
1635 4188 1795 4243 quam
1824 4173 1879 4227 in
1900 4172 2102 4227 scholia
2129 4187 2394 4227 canonum
2422 4173 2489 4227 ab
2519 4180 2642 4228 octo
2675 4175 2912 4229 conciliis
2938 4175 3200 4230 editorum
3229 4178 3516 4246 congessit,
3547 4179 3637 4232 vix
3664 4194 3766 4232 non

513 4280 846 4343 obrueretur,
877 4291 987 4329 non
1023 4270 1190 4327 valuit
1232 4269 1298 4325 ad
1327 4266 1604 4323 subtiliora
1631 4264 1875 4335 quaedam
1902 4262 2197 4327 attendere,
2228 4278 2347 4333 quae
2368 4279 2397 4317 a
2426 4264 2599 4331 nobis,
2626 4264 2752 4319 dum
2776 4266 3025 4335 pauciora
3056 4268 3448 4337 prosequimur,
3481 4276 3537 4322 et
3559 4269 3615 4323 in
3655 4285 3756 4323 uno

515 4371 744 4429 concilio
771 4367 1043 4438 Ephesino
1073 4366 1354 4429 haeremus,
1386 4362 1649 4419 curiosius
1677 4360 2043 4415 animadversa
2072 4368 2193 4415 sunt
2236 4377 2248 4413 :
2292 4375 2356 4415 ea
2382 4368 2559 4415 tamen
2590 4377 2696 4415 non
2726 4376 2892 4431 parvo
2921 4377 3099 4431 operat
3138 4364 3311 4433 pretio
3350 4366 3674 4428 referuntur,
3705 4365 3767 4419 si-

514 4462 729 4531 quidem
767 4459 1074 4515 subtilitatis
1104 4473 1209 4511 non
1239 4471 1454 4525 parum,
1484 4453 1709 4507 multum
1740 4453 1995 4506 n.0menti
2026 4450 2090 4505 ad
2118 4451 2397 4505 historiam
2424 4452 2643 4507 habent.
2674 4452 2808 4507 Nam
2844 4453 3130 4522 populares
3171 4456 3450 4524 opiniones
3480 4472 3588 4509 non
3633 4472 3761 4525 pau-

516 4567 610 4606 cas
649 4547 968 4605 auctoritate
1014 4546 1327 4611 gravissima
1371 4544 1697 4609 convellunt,
1743 4550 1798 4598 et
1824 4541 1992 4596 Mario
2040 4541 2321 4596 Mercatori
2371 4550 2627 4611 quantum
2670 4556 2801 4611 gens
2848 4544 3179 4599 eruditorum
3226 4544 3438 4613 debeat,
3488 4549 3766 4603 manifeste

516 4642 825 4701 ostendunt.

1914 4717 2045 4757 ANNO
2073 4716 2365 4757 CCCCXXVII.

585 4848 870 4911 Sisinnius,
902 4838 1064 4898 Attici
1092 4852 1390 4900 successor,
1424 4850 1545 4892 cum
1576 4835 1830 4891 tenuisset
1858 4834 2005 4889 urbis
2032 4833 2191 4901 regite
2217 4832 2398 4888 sedem
2426 4833 2787 4903 episcopalem
2814 4851 2922 4891 non
2952 4844 3094 4892 totos
3122 4850 3293 4893 annos
3320 4837 3474 4903 duos,
3508 4838 3625 4893 fato
3652 4840 3766 4893 fun-

513 4953 632 4999 ctus
660 4948 743 4997 est
767 4952 859 4993 vm
887 4935 993 4991 kal.
1019 4933 1236 4988 Ianuar.
1270 4930 1449 4985 Hierio
1471 4935 1527 4984 et
1554 4927 1851 4983 Ardaburio
1878 4942 2019 4982 coss.
2045 4944 2059 4993 ;
2090 4925 2187 4980 fuit
2215 4941 2386 4981 annus
2424 4926 2512 4981 ille
2548 4925 2746 4982 Christi
2785 4927 2904 4994 427,
2936 4928 3210 4984 leestini
3237 4944 3387 4999 papae
3436 4926 3487 4993 5,
3521 4929 3767 4985 Theodo-

514 5037 577 5090 sii
594 5034 823 5104 junioris
845 5031 933 5095 20,
958 5025 1313 5083 Valentiniani
1338 5023 1479 5079 tertii
1509 5023 1543 5076 5
1572 5021 1836 5092 (Socrates
1856 5019 1943 5074 lib.
1976 5036 2047 5086 IV,
2083 5037 2199 5092 cap.
2229 5018 2341 5092 26).
2384 5018 2512 5075 Post
2538 5016 2757 5075 Sisinnii
2784 5022 2989 5075 obitum
3015 5021 3643 5090 Constantinopolitanus
3664 5024 3767 5077 cle-

462 5188 468 5197 ,
516 5143 635 5190 rus,
668 5126 807 5179 inter
843 5118 1107 5190 agendum
1128 5118 1195 5172 de
1222 5130 1529 5171 successore
1559 5115 1631 5169 ita
1658 5114 1858 5169 divisus
1889 5121 1973 5166 cst
2000 5112 2054 5166 in
2093 5119 2293 5182 partes,
2318 5120 2378 5167 ut
2416 5114 2535 5168 aliis
2577 5112 2786 5176 Proclo,
2817 5129 2977 5182 quem
3003 5112 3575 5185 CyzycenarEcclesiae
3604 5114 3768 5169 Sisin-

520 5216 640 5269 nius
660 5211 988 5283 prmfecerat,
1017 5208 1135 5262 aliis
1159 5206 1403 5276 Philippo
1442 5204 1755 5274 presbytero
1782 5200 2127 5272 pertinaciter
2154 5199 2472 5262 faventibus.
2504 5203 2592 5256 vix
2622 5203 2727 5256 ulla
2755 5203 3055 5257 concordia:
3083 5218 3205 5272 spes
3245 5203 3524 5272 at‘l‘ulgeret
3554 5221 3567 5256 :
3602 5217 3767 5271 quare

514 5308 684 5363 visum
718 5303 815 5359 fuit
836 5300 1137 5357 Theodosio
1159 5298 1486 5371 imperatori,
1510 5295 1578 5351 ad
1606 5293 2032 5365 componendum
2060 5291 2353 5359 dissidium,
2386 5308 2452 5348 ex
2492 5294 2820 5348 Antiochena
2860 5291 3099 5350 Ecclesia
3125 5293 3428 5349 Nestorium
3469 5307 3765 5357 accersere,

513 5402 604 5471 qui
623 5402 705 5456 sin
732 5400 907 5454 minus
928 5399 1137 5466 utrique
1157 5396 1298 5467 parti
1324 5394 1462 5449 foret
1481 5398 1752 5460 acceptus,
1780 5388 1955 5444 neutri
1981 5396 2126 5443 certe
2153 5386 2289 5441 foret
2320 5388 2577 5454 ingratus.

583 5493 663 5546 Ad
693 5492 747 5546 id
772 5507 900 5546 vero
926 5487 1263 5559 imperatoris
1284 5486 1537 5549 animum,
1568 5488 1763 5551 praeter
1789 5480 2022 5535 studium
2049 5478 2214 5547 pacis,
2241 5485 2348 5531 tres
2376 5492 2549 5531 causa:
2578 5476 2917 5530 induxerunt.
2946 5475 3075 5530 Nam
3105 5483 3160 5530 et
3184 5476 3235 5529 in
3260 5476 3392 5529 urbe
3418 5476 3565 5543 regia
3592 5473 3765 5544 Chry-

516 5584 733 5643 :ostomi
762 5584 1019 5638 memoria
1040 5587 1225 5636 sancta
1254 5586 1387 5642 erat,
1417 5576 1509 5645 qui
1538 5573 1818 5629 Antiochia
1846 5580 2101 5627 evocatus
2124 5572 2189 5624 ad
2218 5569 2397 5623 sedem
2424 5562 3091 5638 Constantinopolitanam,
3115 5581 3303 5621 omnes
3325 5566 3637 5636 irnpleverat
3666 5582 3765 5622 nu-

507 5693 689 5736 meros
715 5675 945 5733 absoluti
971 5673 1239 5742 pontificis
1263 5690 1276 5726 :
1308 5678 1363 5727 et
1390 5684 1453 5725 ea
1484 5672 1799 5737 tempestate
1836 5664 2165 5720 Antiochena
2191 5660 2432 5718 Ecclesia
2461 5660 2762 5717 abundabat
2788 5659 3142 5729 presbyteris,
3174 5673 3284 5715 non
3314 5658 3615 5714 sanctitatis
3641 5673 3765 5713 mo-
