3980 6182
208 315 303 371 70!
698 316 1066 375 PREFATIO
1106 319 1170 374 IN
1206 286 1571 377 SECUNDAM
1612 318 1889 376 PARTEM
1926 320 2206 380 OPERUM
2244 321 2438 379 MAI!"
2477 321 2937 384 MERCATOBIS.
3343 332 3449 391 ’1οΞ

186 430 283 492 do,
311 425 406 482 sed
432 429 593 481 etiam
615 428 873 485 doctrina:
898 433 1325 502 eloquentiaeque
1347 435 1603 503 opinione
1638 435 1978 504 celebribus;
2009 442 2065 496 et
2089 436 2371 495 Nestorius
2399 446 2480 495 tot
2506 439 2648 497 inter
2675 441 2910 511 insignes
2935 443 3101 509 viros,
3129 452 3222 499 aut
3252 448 3447 503 merito

185 517 497 588 praestabat,
528 524 621 573 aut
646 526 792 575 certe
821 521 1083 591 majorem
1106 524 1223 578 aliis
1246 524 1441 578 famam
1464 524 1772 593 collegerat.

257 606 393 661 Erat
418 608 507 663 ille
534 606 867 667 Germanicia
904 614 1161 669 oriundus
1197 615 1454 685 oppidulo
1480 616 1666 688 Syriae,
1703 632 2027 686 quamquam
2065 619 2406 677 Marcellinus
2442 620 2739 677 Antiochia:
2778 630 2962 678 natum
2988 624 3237 692 prodidit.
3284 625 3447 682 Addit

180 696 475 752 Cassianus
495 700 548 753 in
576 701 765 756 eadem
787 704 918 758 urbe
939 704 1257 769 institutum,
1286 707 1722 777 baptizatumqne
1749 709 1925 765 adhuc
1952 708 2207 765 infantem
2239 730 2253 766 :
2278 712 2466 767 scribit
2484 711 2741 782 Evagrius
2759 716 3108 771 monasticam
3137 718 3300 771 vitam
3327 735 3448 788 pro-

178 791 387 874 {cssum
415 791 469 845 in
490 790 662 847 Laura
691 796 861 850 sancti
887 795 1141 867 Euprepii
1162 813 1331 867 prope
1359 799 1727 867 Antiochiam;
1758 815 1987 870 cumque
2012 800 2104 856 diu
2130 817 2190 857 se
2217 802 2563 869 exercuisset,
2589 802 2796 859 Joanne
2828 813 2884 858 et
2910 805 3248 861 Theodoreto
3262 809 3441 874 sociis,

178 873 387 933 factum
416 896 485 934 ex
510 885 775 938 monacho
802 887 1175 958 presbyterum
1196 903 1227 943 a
1254 888 1536 944 Theodoto
1561 890 1834 960 episcopo.
1866 891 2046 961 Ipsum
2074 891 2164 946 alii
2193 892 2428 958 tradunt,
2458 893 2550 948 ubi
2574 894 2803 964 primum
2832 893 3001 950 factus
3039 901 3123 951 est
3140 897 3441 969 presbyter,

176 973 533 1040 praepositum
554 973 717 1031 fuisse
745 979 1042 1044 catecbesi,
1075 978 1338 1049 ﬁdemque
1374 982 1428 1036 in
1473 981 1714 1037 Ecclesia
1739 999 1846 1038 non
1877 992 2086 1039 tantum
2118 984 2549 1055 competentibus
2576 986 2915 1055 exposuisse,
2938 986 3031 1042 sed
3063 988 3223 1042 etiam
3255 991 3445 1045 adver—

173 1078 271 1117 sus
303 1064 586 1121 haereticos
612 1066 913 1124 defendisse
938 1088 951 1123 :
978 1085 1099 1139 qua:
1123 1071 1230 1126 duo
1258 1080 1414 1128 erant
1442 1074 1738 1145 presbyteri
1803 1075 2109 1130 catechistie
2130 1074 2323 1130 oflicia.

250 1153 452 1209 Habuit
494 1158 728 1213 animum
756 1176 787 1215 a
814 1170 1006 1217 natura
1045 1165 1363 1233 superbum,
1395 1173 1449 1219 et
1475 1165 1695 1220 honoris
1741 1165 1987 1231 avidum,
2032 1176 2266 1223 mentem
2306 1168 2624 1238 opiniosam,
2655 1174 2710 1222 et
2742 1166 3014 1236 ingenium
3056 1168 3334 1222 tractabile
3388 1170 3444 1226 in

176 1246 451 1313 quaslibet
476 1249 762 1306 simulandi
797 1259 959 1308 artes.
1008 1253 1167 1309 Fovit
1203 1256 1320 1311 hme
1346 1256 1599 1310 vitiorum
1625 1258 1829 1312 semina
1857 1259 2110 1325 solitudo,
2140 1260 2345 1315 homini
2368 1276 2467 1331 per
2502 1276 2561 1316 se
2586 1260 2876 1315 vanissimo
2913 1258 3116 1314 faciens
3158 1259 3241 1315 sui
3280 1258 3445 1329 ipsius

177 1335 416 1403 pretium
440 1344 498 1391 et
522 1352 781 1395 amorem.
814 1339 939 1397 Haec
964 1342 1152 1397 eadem
1180 1344 1372 1398 mirum
1394 1344 1447 1398 in
1475 1344 1692 1398 modum
1720 1346 1871 1399 auxit
1897 1345 2167 1401 Theodori
2196 1347 2557 1418 Mopsuesteni
2581 1347 2861 1417 disciplina
2879 1384 2897 1412 ,
2935 1362 3045 1416 quo
3067 1346 3322 1415 magistro
3352 1345 3437 1399 di-

177 1425 332 1491 dicit,
368 1430 597 1497 primum
626 1433 767 1487 male
794 1434 993 1489 sentire
1012 1434 1079 1490 de
1100 1436 1467 1491 incarnatione
1492 1436 1674 1501 Verbi,
1703 1444 1814 1491 tum
1839 1438 2171 1493 orthodoxos
2198 1439 2473 1508 despicere
2501 1440 2653 1508 quasi
2684 1439 2861 1504 rudes,
2879 1447 2935 1494 et
2961 1438 3178 1493 tandem
3198 1437 3443 1492 haeresim

177 1518 398 1587 pepulis
425 1519 655 1577 incautis
676 1522 905 1578 facunde
919 1523 1187 1580 insinuare
1214 1541 1312 1595 pro
1339 1534 1581 1598 tempore
1608 1534 1664 1582 et
1687 1526 1807 1581 loco
1836 1543 1851 1579 :
1875 1526 2108 1581 nativam
2136 1528 2280 1581 enim
2310 1527 2609 1583 facundiam
2627 1566 2642 1592 ,
2666 1526 2986 1597 dicendique
3013 1524 3436 1597 extemporalem

179 1608 498 1667 facilitatem
526 1615 791 1669 convertit
818 1616 871 1669 in
895 1614 1129 1673 nefarios
1157 1634 1304 1672 usus.

249 1701 531 1771 Ejusmodi
560 1704 740 1760 indole
758 1705 1145 1778 disciplinaque
1172 1709 1507 1773 informatus,
1538 1708 1806 1764 affectavit
1847 1709 1900 1765 in
1930 1710 2116 1781 primis
2162 1710 2458 1765 sanctitatis
2488 1710 2723 1779 speciem
2747 1750 2761 1774 ,
2793 1710 2880 1765 cui
2910 1709 3066 1764 fidem
3088 1709 3250 1763 etiam
3300 1705 3442 1776 apud

178 1808 289 1848 non
317 1794 838 1864 imprudentissimos
865 1798 1093 1855 faciebat
1115 1800 1470 1868 infrequentia
1508 1801 1702 1871 publici
1754 1802 2169 1863 secessus,inter
2196 1802 2380 1864 libros,
2410 1801 2554 1871 pulla
2572 1802 2738 1856 vestis
2762 1841 2776 1867 ,
2808 1801 2979 1871 pallor
3008 1802 3213 1865 vultus,
3247 1799 3437 1853 inediae

177 1884 635 1953 continentiaeque
658 1886 836 1952 index,
852 1890 1205 1958 cogitabunda
1234 1890 1425 1946 frontis
1447 1891 1698 1959 gravitas,
1712 1902 1766 1947 et
1786 1892 2029 1947 modesta
2054 1892 2301 1962 quaedam
2323 1892 2555 1957 tristitia,
2586 1892 2783 1961 aliique
2812 1893 2948 1959 fuci,
2978 1894 3172 1963 quibus
3200 1892 3440 1961 nequitia

177 1974 318 2029 solet
344 1977 559 2031 mentiri
589 1978 859 2033 virtutem.

249 2068 429 2123 lllusis
460 2086 620 2139 porro
646 2071 789 2128 hunc
812 2073 865 2126 in
888 2073 1105 2128 modum
1127 2075 1297 2129 oculis
1323 2074 1695 2143 mentibusque
1724 2074 2017 2137 hominum,
2043 2074 2175 2129 alias
2196 2075 2440 2131 adhibuit
2466 2085 2637 2142 artes,
2669 2085 2722 2132 et
2742 2090 2880 2146 pene
2907 2077 3222 2146 priestigias,
3244 2078 3440 2147 quibus

180 2160 488 2217 voluntates
516 2162 756 2218 omnium
780 2165 1026 2219 ordinum
1047 2165 1147 2221 sibi
1175 2166 1502 2221 conciliaret.
1536 2164 1603 2219 Et
1632 2165 1859 2234 primum
1899 2166 2147 2234 quidem,
2179 2166 2342 2219 etiam
2381 2183 2505 2221 cum
2547 2168 2842 2222 Antiochia:
2864 2178 3187 2234 versaretur,
3216 2169 3443 2238 praebuit

178 2264 242 2305 se
268 2250 641 2322 Chrysoetomi
670 2270 777 2309 non
803 2255 1181 2312 admiratorem
1208 2265 1433 2322 tantum,
1464 2257 1559 2311 sed
1587 2257 1749 2310 etiam
1776 2256 2117 2321 imitatorem,
2149 2258 2325 2325 quoad
2346 2272 2516 2325 genus
2545 2258 2673 2312 illud
2707 2258 2918 2313 dicendi
2956 2257 3248 2313 Asiaticum
3271 2297 3287 2323 ,
3330 2272 3440 2326 quo

178 2343 389 2398 nullum
408 2347 608 2415 populo
636 2348 838 2415 gratius
865 2355 964 2402 est.
990 2348 1185 2403 Postea
1209 2357 1267 2403 ut
1294 2349 1482 2418 optimi
1505 2348 1763 2417 cujusque
1784 2348 2115 2417 studiosique
2143 2347 2267 2403 ﬁdei
2290 2350 2719 2405 benevolentiam
2754 2357 3168 2420 promereretur,
3186 2349 3441 2404 adversus

177 2437 483 2503 haereticos,
516 2439 605 2507 qui
637 2440 869 2494 maxime
897 2448 1024 2495 tunc
1053 2448 1209 2495 erant
1236 2441 1410 2506 invisi,
1445 2440 1872 2510 Apollinaristas,
1897 2439 2143 2505 Arianos,
2172 2440 2517 2509 Origenistas,
2541 2441 2781 2509 aliosque
2807 2440 2987 2495 odium
3022 2439 3252 2508 capitale
3283 2454 3441 2493 exer-

175 2529 310 2584 cuit.
338 2529 594 2597 Denique,
626 2538 908 2599 postquam
940 2531 1085 2585 venit
1107 2529 1645 2599 Constantinopolim,
1679 2530 1733 2583 in
1760 2536 2066 2596 magnatum
2094 2529 2572 2592 existimationem,
2597 2529 2871 2597 ipsiusque
2892 2524 3235 2597 imperatoris
3271 2533 3327 2581 et
3354 2539 3440 2579 re-

176 2622 435 2689 ginarum
458 2621 716 2689 virginum
740 2621 986 2689 gratiam,
1019 2621 1383 2675 conciliatrice
1410 2620 1569 2684 fama,
1600 2620 1862 2687 obrepere
1889 2633 2051 2673 ausus
2079 2626 2179 2673 est.
2212 2618 2395 2687 Neque
2421 2619 2708 2674 audentem
2737 2633 2858 2688 spes
2884 2615 3071 2672 fefellit
3092 2638 3118 2681 ,-
3138 2629 3332 2683 magno
3360 2612 3439 2668 rei

176 2710 487 2765 christiana:
508 2711 649 2766 malo
672 2729 685 2765 :
711 2727 835 2767 nam
864 2719 1053 2767 cuncta
1079 2711 1397 2766 moliebatur
1416 2727 1481 2766 eo
1503 2718 1712 2765 tantum
1737 2710 1981 2778 consilio,
2006 2718 2066 2766 ut
2092 2711 2337 2766 haeresim
2364 2719 2545 2767 mente
2570 2719 2887 2780 conceptam
2926 2718 3039 2764 tum
3073 2706 3289 2763 demum
3311 2720 3439 2777 pro-

174 2801 362 2865 deret,
393 2818 517 2857 cnm
544 2817 663 2857 eam
690 2811 874 2873 posset
900 2803 1218 2858 auctoritate
1255 2811 1575 2858 sustentare.

252 2891 616 2947 Molitionibus
643 2894 873 2949 hominis
902 2902 1012 2949 tam
1040 2894 1407 2950 fraudulenter
1444 2894 1672 2963 improbi
1717 2894 1931 2949 favebat
1962 2893 2200 2951 conditio
2228 2902 2550 2964 temporum,
2596 2893 2731 2948 aulae
2758 2900 2930 2946 status
2950 2931 2967 2958 ,
3003 2898 3059 2946 et
3096 2890 3438 2959 imperatoris

180 2982 471 3038 Theodosii
505 2984 751 3040 indoles:
778 2993 894 3039 erat
932 2986 1075 3040 enim
1104 2987 1308 3055 optimo
1334 2986 1563 3056 principi
1601 2985 1744 3039 mitis
1767 2986 1996 3051 animus,
2023 2986 2278 3055 pacisque
2305 2993 2363 3041 et
2403 2985 2677 3054 religionis
2716 2999 2937 3049 amans,
2978 2982 3072 3039 sed
3111 2981 3282 3038 facilis
3314 2980 3436 3051 capi

176 3074 397 3145 pietatis
416 3075 594 3143 specie
616 3116 631 3139 ,
662 3082 717 3129 et
744 3076 1125 3145 occupantium
1146 3076 1484 3145 prmjudiciis.
1515 3078 1614 3132 Diu
1641 3077 1850 3132 vixerat
1887 3079 1986 3133 sub
2015 3077 2309 3133 Pulcheriie
2331 3077 2533 3132 sororis
2549 3115 2565 3141 ,
2596 3084 2793 3131 sanctae
2819 3075 3037 3145 quidem
3064 3075 3301 3145 virginis,
3337 3075 3434 3131 sed

180 3166 486 3239 iniperiosm
513 3167 787 3238 regimine,
817 3182 923 3239 qua
946 3169 1093 3223 velut
1119 3184 1186 3223 ex
1213 3170 1489 3234 servitute,
1518 3178 1575 3223 ut
1595 3185 1655 3226 se
1682 3170 1967 3239 aliquando
1990 3171 2045 3225 in
2066 3170 2367 3226 libertatem
2404 3177 2688 3233 assereret,
2721 3185 2809 3224 res
2840 3185 2939 3239 per
2958 3185 3018 3225 se
3043 3183 3233 3237 gerere
3254 3167 3424 3223 videri

179 3262 430 3328 volebat;
459 3266 723 3318 serviebat
764 3270 943 3319 tamen
975 3260 1268 3319 aulicorum
1305 3261 1564 3327 consiliis,
1595 3262 1789 3331 quibus
1827 3278 2033 3319 summa
2078 3271 2197 3320 erat
2223 3262 2453 3318 audendi
2476 3261 2736 3333 quidlibet
2779 3262 2880 3319 sub
2923 3263 3141 3319 nomine
3166 3261 3430 3333 principis

179 3350 419 3409 licentia.

1546 3442 1682 3481 ANNO
1719 3441 2030 3481 CCCCXXYHI.

251 3551 530 3608 Nestorius
562 3553 724 3622 igitur
749 3570 780 3610 a
810 3555 1113 3611 Theodosio
1142 3562 1397 3611 evocatus
1434 3562 1558 3625 post
1600 3556 1867 3609 trimestre
1898 3534 2131 3626 spatium
2154 3556 2394 3611 vacantis
2428 3555 2571 3611 sedis
2592 3596 2607 3623 ,
2637 3555 3159 3626 Constantinopolim
3188 3554 3423 3619 advenit,

178 3642 356 3700 Tauro
384 3654 440 3701 et
464 3645 641 3703 Felice
663 3662 828 3714 coss.,
856 3661 1147 3717 secumque
1174 3645 1456 3702 Antiochia
1493 3646 1832 3701 Anastasium
1867 3646 2239 3718 presbyterum
2272 3647 2522 3711 adduxit,
2551 3662 2869 3702 arcanorum
2896 3648 3135 3702 omnium
3166 3647 3420 3703 consilio-

177 3751 404 3806 rumque
423 3740 649 3805 socium,
672 3755 779 3809 quo
805 3741 1145 3810 postmodum
1166 3757 1293 3797 usus
1320 3750 1432 3805 est,
1458 3741 1602 3796 velut
1627 3740 1939 3795 administro
1968 3740 2257 3809 impietatis
2284 3747 2339 3794 et
2365 3741 2592 3808 professi
2629 3741 2684 3794 in
2712 3740 2996 3809 Deiparam
3024 3739 3155 3795 odii.

190 3856 197 3869 κ
244 3828 527 3885 Ordinatus
556 3847 607 3886 1v
634 3832 751 3886 idus
772 3832 966 3901 Aprilis
990 3846 1184 3904 magno
1211 3840 1325 3887 tum
1349 3833 1742 3902 episcoporum,
1770 3839 1884 3886 tum
1907 3831 2241 3894 clericorum,
2270 3830 2509 3899 aulieque
2531 3837 2586 3885 et
2612 3830 2783 3899 plebis
2823 3830 3025 3885 favore.
3055 3848 3073 3881 ι
3110 3829 3413 3900 Extemplo,

173 3921 337 3990 inquit
364 3920 624 3983 Socrates,
656 3935 777 3977 cum
805 3922 1103 3975 orationem
1131 3921 1271 3990 apud
1291 3922 1666 3990 imperatorem
1696 3922 1937 3984 haberet,
1969 3922 2108 3975 hanc
2136 3920 2474 3986 sententiam,
2500 3935 2620 3989 qua:
2649 3920 2835 3974 multis
2874 3921 2927 3974 in
2954 3936 3050 3975 ore
3080 3926 3163 3975 est
3181 3961 3196 3985 ,
3223 3934 3408 3976 coram

176 4010 429 4065 universo
464 4010 660 4079 populo
682 4012 941 4080 protulit:
974 4010 1157 4066 Tribue
1180 4013 1324 4075 mihi,
1354 4014 1647 4081 imperator,
1689 4020 1877 4064 terram
1909 4011 2163 4065 hrzrcticis
2202 4019 2491 4082 purgatam,
2514 4020 2565 4065 et
2589 4027 2683 4081 ego
2720 4010 2811 4065 tibi
2847 4012 3026 4065 calam
3068 4010 3305 4065 tribuam.
3340 4012 3417 4065 Tu

176 4104 299 4157 mihi
320 4105 376 4157 in
407 4104 745 4175 pro/ligandi:
767 4104 1018 4158 Iuereticis
1043 4104 1268 4169 subveni,
1292 4114 1340 4158 et
1367 4122 1458 4175 ego
1485 4104 1572 4157 tibi
1594 4104 1647 4155 in
1671 4102 2012 4173 pro/ligandi:
2034 4102 2209 4157 Persis
2229 4102 2540 4157 subveniam.
2573 4102 2687 4170 Qua
2714 4119 2848 4160 voce
2876 4104 3018 4159 visus
3052 4112 3135 4158 est
3162 4120 3268 4158 non
3306 4112 3419 4158 tam

176 4197 349 4251 zelum
372 4194 494 4252 ﬁdei
521 4213 681 4266 quam
710 4198 872 4252 animi
894 4198 1320 4268 intempestivam
1344 4198 1617 4253 audaciam
1644 4204 1699 4251 et
1727 4197 1900 4253 inanis
1925 4197 2109 4264 gloria;
2132 4198 2477 4267 cupiditatem
2506 4199 2804 4269 prodidisse
2833 4198 2969 4267 (Lib.
2994 4215 3085 4261 vn,
3117 4215 3233 4268 cap.
3264 4198 3409 4269 29).»

237 4289 439 4355 Quinto
467 4297 589 4359 post
614 4290 728 4356 die,
766 4289 1083 4345 Arianorum
1113 4290 1393 4345 ecclesiam
1422 4289 1812 4344 demoliendam
1858 4291 2096 4354 curavit;
2144 4290 2237 4344 sed
2271 4291 2510 4359 ipsismet
2548 4289 2776 4356 Arianis,
2808 4306 2916 4359 pra:
2939 4291 3250 4360 impotentia
3293 4292 3412 4357 im,

167 4382 312 4439 faces
334 4385 387 4438 in
408 4385 594 4454 templi
621 4385 702 4440 sui
731 4392 928 4440 tectum
958 4385 1332 4454 injicicntibus,
1360 4385 1494 4453 ignis
1520 4384 1777 4453 corripuit
1799 4384 2003 4438 vicinas
2027 4383 2187 4450 aedes,
2221 4384 2575 4452 incendioque
2606 4384 2859 4440 fmdasset
2897 4385 3104 4447 urbem,
3137 4384 3240 4439 nisi
3268 4384 3413 4440 Deus

165 4477 428 4541 impetum
458 4476 683 4533 ﬂammae
709 4479 1052 4547 repressisset
1082 4496 1094 4530 :
1136 4476 1277 4531 unde
1299 4483 1599 4531 commotus
1623 4475 1849 4544 populus
1877 4473 2145 4541 Nestorio,
2170 4474 2321 4543 quasi
2347 4473 2663 4541 vaticinans,
2695 4475 2820 4529 fecit
2852 4474 3163 4530 incendiarii
3192 4489 3411 4529 nomen.

236 4567 349 4623 Nec
378 4568 607 4623 Arianos
634 4578 836 4623 tantum
886 4569 1156 4623 insecutus
1196 4577 1310 4629 est,
1359 4565 1451 4620 sed
1494 4564 1907 4619 Maccdonianos
1951 4578 2169 4632 quoque
2197 4572 2252 4618 et
2272 4563 2641 4628 Novatianos,
2674 4572 2835 4632 atque
2874 4563 3409 4630 Quartadecimanos,

160 4660 329 4715 immo
358 4669 414 4715 et
441 4660 823 4725 C(elcstianos;
855 4661 948 4715 sed
977 4661 1109 4715 istos
1133 4660 1427 4722 remissius,
1458 4658 1592 4713 alios
1623 4665 1727 4710 tam
1757 4658 1970 4719 acriter,
2000 4664 2058 4709 ut
2086 4656 2153 4710 de
2193 4655 2354 4710 modo
2384 4655 2647 4710 servando
2677 4655 2881 4709 moneri
2922 4654 3167 4709 debuerit
3204 4655 3271 4709 ab
3312 4655 3412 4707 im-

161 4759 418 4823 peratore
448 4752 577 4820 :qui
604 4760 782 4806 tamen
810 4752 975 4821 ipsius
1004 4750 1230 4820 impulsu
1260 4750 1325 4803 ad
1354 4748 1685 4803 Florentium
1725 4746 1786 4799 P.
1821 4746 1877 4799 P.
1903 4746 2160 4800 adversus
2200 4760 2386 4800 omnes
2414 4746 2692 4800 haereticos
2720 4745 2892 4813 legem
2920 4744 3068 4798 dedit
3099 4742 3409 4797 Constanti-

158 4843 347 4912 nopoli
375 4859 432 4897 ιιι
461 4842 565 4896 kal.
597 4842 755 4907 Junii,
788 4842 967 4896 Felice
1007 4847 1063 4895 et
1090 4838 1266 4893 Tauro
1294 4853 1432 4893 coss.
1489 4836 1738 4907 (Socrat.
1773 4836 1861 4889 lib.
1890 4852 1959 4889 vn
2004 4851 2120 4905 cap.
2169 4832 2239 4889 29
2266 4834 2306 4905 ).
2351 4834 2606 4889 Poterant
2650 4834 2765 4889 haec
2790 4833 2959 4888 videri
3003 4830 3178 4888 ofﬁcia
3220 4832 3410 4901 optimi

152 4935 419 5005 episcopi,
443 4936 564 5000 nisi,
596 4934 740 5003 quod
768 4934 843 4987 ait
870 4932 1181 4987 Vincentius
1208 4929 1515 4994 Lirinensis,
1546 4928 1709 4981 utuni
1728 4943 1837 4981 sua;
1856 4927 2039 4981 haeresi
2059 4925 2256 4980 aditum
2284 4927 2632 4998 patefaceret,
2669 4932 2971 4978 cunctarum
2998 4923 3261 4979 Iuereseon
3301 4922 3409 4977 bla-

156 5027 418 5097 sphemia:
444 5028 719 5081 insectatus
742 5033 870 5079 esset
899 5022 1238 5095 (Cammom't.
1269 5038 1323 5075 η.
1354 5020 1463 5091 Η).

226 5117 366 5182 Quin
391 5117 553 5171 etiam
580 5115 946 5187 Chrysostomi
976 5130 1167 5170 nomen
1190 5113 1301 5182 jam
1322 5113 1550 5167 relatum
1572 5111 1639 5165 ab
1662 5111 1837 5165 Attico
1865 5108 1918 5164 in
1940 5125 2092 5165 sacra
2122 5109 2393 5180 diptycha,
2424 5108 2518 5165 sed
2542 5108 2716 5163 adhuc
2745 5107 2974 5163 invisum
3003 5107 3155 5171 aulae,
3188 5114 3409 5177 propter

148 5219 370 5264 veteres
412 5217 695 5278 parentum
734 5206 1021 5263 Theodosii
1060 5205 1392 5270 inimicitias,
1415 5203 1709 5273 gratiosum
1736 5202 1914 5257 effecit
1941 5202 2190 5257 omnibus
2221 5218 2235 5255 :
2263 5209 2531 5270 lanaeque
2568 5200 2716 5271 pacis
2753 5209 3033 5269 sequester
3052 5238 3067 5265 ,
3096 5218 3203 5256 non
3230 5201 3405 5256 solum

150 5300 361 5355 aulicos
388 5300 488 5353 sibi
515 5299 772 5364 devinxit,
803 5298 896 5353 sed
923 5298 1133 5367 plebem
1161 5297 1343 5361 etiam,
1375 5304 1432 5349 et
1458 5311 1552 5350 eos
1572 5295 1820 5359 maxime,
1855 5294 1966 5362 qui,
1996 5294 2249 5361 quoniam
2274 5293 2342 5348 ab
2370 5294 2489 5367 aliis
2523 5301 2747 5362 propter
2770 5290 3034 5348 Joannem
3078 5292 3405 5364 Cbrysosto-

152 5406 302 5444 mum
328 5392 526 5459 ingenti
555 5405 780 5445 numero
820 5390 1202 5445 discessionem
1230 5388 1493 5451 fecerant,
1517 5387 1782 5441 Joannitse
1812 5384 2147 5440 dicebantur.

220 5484 357 5539 Cum
388 5494 676 5556 occuparet
694 5486 795 5541 hac
822 5492 936 5539 arte
959 5485 1196 5540 omnium
1224 5482 1555 5537 saecularium
1583 5481 1809 5542 animos,
1842 5477 2096 5533 tendebat
2133 5476 2292 5531 simul
2314 5476 2533 5533 insidias
2560 5475 2774 5546 utrique
2800 5476 2956 5531 alteri
2987 5475 3180 5541 ordini,
3205 5481 3262 5530 ut
3281 5491 3401 5534 cum

150 5581 397 5636 bmrcsim
418 5579 773 5650 propalasset,
805 5579 1028 5634 clericos
1049 5577 1477 5645 monachosque,
1509 5583 1564 5631 et
1590 5575 1939 5646 coepiscopos
1962 5612 1977 5639 ,
2013 5588 2150 5645 quos
2184 5571 2370 5644 procul
2409 5573 2572 5630 dubio
2599 5579 2997 5644 repngnaturos
3031 5570 3390 5643 intelligebat,

150 5670 350 5740 partim
374 5670 509 5726 aulae
528 5672 788 5741 potentia,
816 5672 1008 5741 partim
1032 5670 1385 5728 multitudinis
1406 5669 1661 5725 violentia
1695 5674 1943 5724 terreret.
