3958 6178
528 310 641 365 Ἲοδ
1032 307 1396 366 ΡΒᾹΞΕΑΤΙΟ
1436 306 1500 361 IN
1539 303 1908 362 SECUNDAM
1952 301 2091 357 I’All‘

2266 302 2555 359 OPERUM
2595 303 2809 360 MAlilll
2849 303 3310 361 HERCATORIS.
3702 305 3793 364 τοι

609 427 789 482 Rebus
813 430 887 481 ita
914 426 1257 496 comparatis,
1289 425 1513 480 credidit
1537 441 1596 480 se
1621 424 1732 494 jam
1758 432 1876 478 tuto
1906 437 2063 492 posse
2090 422 2336 475 hazresim
2366 422 2659 487 insinuare,
2692 422 2788 477 sed
2827 422 3017 477 dolose
3053 422 3230 477 adhuc
3250 428 3305 475 et
3343 436 3438 491 per
3476 420 3613 475 ﬁdos
3641 421 3793 476 dum-

538 526 685 572 taxat
716 518 1005 580 ministros,
1029 517 1312 585 alienaque
1332 532 1563 585 persona
1588 558 1602 583 ,
1640 525 1700 571 ut
1737 517 1781 571 si
1810 514 2059 570 secundis
2101 513 2319 568 auribus
2358 514 2739 583 exciperentur
2784 514 3151 568 ministrorum
3192 513 3367 579 dicta,
3410 520 3659 567 uteretur
3689 514 3796 581 ipse

535 609 779 678 p0pulari
809 624 938 661 aura
966 609 1032 662 ad
1059 608 1383 663 tendendum
1406 624 1601 677 porro;
1624 609 1706 663 sin
1737 614 1926 662 contra
1953 611 2429 660 commoverentur
2455 606 2637 671 animi,
2667 606 2989 661 subduceret
3015 621 3135 662 sese
3164 605 3376 660 invidia:
3397 647 3413 673 ,
3456 612 3511 659 et
3537 620 3708 660 voces
3737 604 3795 659 ab

533 700 653 754 aliis
680 702 732 753 in
762 701 950 767 vulgus
978 717 1191 771 sparsas
1219 710 1522 771 opportuna
1551 702 1909 771 explicatione
1935 698 2231 754 inﬂecteret
2260 699 2312 751 in
2340 699 2641 752 molliorem
2676 714 2912 752 sensum.

508 782 514 821 '
605 790 839 844 Primum
871 792 998 845 illud
1029 792 1224 847 factum
1251 794 1339 846 alii
1368 794 1526 846 aliter
1553 800 1791 846 narrant.
1827 793 1901 845 lta
1930 791 2157 862 Cyrillus
2190 808 2203 843 :
2238 789 2368 843 Erat
2408 791 2675 859 episcopus
2704 790 2931 861 quidam,
2965 788 3254 843 Dorotheus
3278 790 3511 854 nomine,
3538 786 3800 840 Constan-

534 882 941 952 tinopotteadem
956 884 1353 954 qmeNestorius
1375 888 1598 957 sapiens,
1631 888 1707 939 rir
1727 895 1945 956 qmestus
1966 900 2124 936 causa
2153 882 2442 935 adulationi
2482 881 2703 945 deditus,
2741 882 3017 953 linguaque
3042 882 3111 934 ad
3152 884 3483 935 temeritatem
3512 887 3797 950 promptus.

535 974 639 1028 Hic
660 975 781 1029 dum
809 979 1044 1047 frequens
1072 988 1200 1031 esset
1220 981 1271 1032 in
1295 981 1509 1033 ecclesia
1535 981 1771 1051 populus,
1808 978 2050 1032 Nestorio
2073 980 2127 1031 in
2165 976 2410 1030 cathedra
2434 975 3022 1047 Constantinopolitante
3049 977 3277 1030 ecclesia:
3304 976 3527 1037 sedente.
3554 976 3798 1033 surrexit.

535 1075 585 1117 et
610 1083 799 1136 magna
829 1084 947 1121 voce
984 1068 1265 1122 inclamare
1310 1087 1462 1123 ausus
1484 1080 1558 1123 est
1581 1088 1597 1123 :
1620 1070 1676 1124 SI
1702 1087 1818 1133 QUlS
1848 1070 2060 1123 Manna
2092 1068 2366 1122 Dzimasu
2395 1084 2517 1122 esse
2548 1084 2783 1131 DIXERIT,
2810 1085 3095 1122 auarus)“
3125 1084 3227 1122 sn.
3260 1067 3387 1122 Mox
3411 1070 3596 1139 ingens
3631 1067 3802 1136 populi

536 1158 751 1221 clamor,
776 1168 823 1211 et
844 1158 1086 1213 discessio
1118 1171 1387 1213 consecuta
1407 1174 1509 1225 est,
1542 1170 1645 1215 etc.
1675 1160 1877 1230 (Epist.
1904 1160 1972 1211 ad
1995 1160 2238 1211 Acacium
2273 1158 2511 1213 Beroens.
2534 1158 2571 1227 ).

610 1247 779 1302 Aliter
806 1248 1074 1304 Socrates.
1116 1250 1305 1317 Causa,
1340 1252 1530 1320 inquit,
1561 1253 1669 1323 ejus
1691 1253 1890 1323 generis
1916 1254 2031 1320 fuit.
2073 1251 2376 1303 Anastasius
2399 1250 2679 1320 presbyter,
2711 1252 2794 1321 qui
2824 1268 2928 1303 una
2950 1269 3064 1305 cum
3092 1269 3152 1306 eo
3182 1253 3456 1305 Antiochia
3482 1252 3613 1305 illnc
3652 1268 3801 1303 renc~

537 1348 639 1400 rat,
662 1341 869 1411 ejusque
888 1343 1248 1396 consuetudine
1275 1359 1473 1413 semper
1500 1360 1619 1397 usus
1642 1352 1769 1407 erat,
1802 1354 1849 1396 et
1870 1345 1923 1395 in
1948 1358 2136 1412 magno
2166 1340 2359 1394 honore
2388 1341 2450 1393 ab
2482 1341 2571 1394 illo
2604 1341 2833 1405 habitus,
2871 1344 3015 1412 eique
3051 1344 3105 1395 in
3129 1343 3275 1396 rebus
3298 1342 3532 1413 gerendis
3557 1344 3805 1396 consilia-

536 1433 662 1496 rius,
686 1433 906 1503 quodam
928 1442 1151 1503 tempore
1176 1435 1231 1486 in
1270 1434 1486 1488 ecclesia
1523 1435 1725 1497 docuit,
1769 1434 1981 1487 Mme
2006 1451 2035 1486 Α
2068 1448 2260 1486 utantur:
2300 1432 2571 1486 DEIPABA!
2612 1450 2797 1488 VOCARI
2830 1452 3063 1497 DEBERE;
3099 1453 3205 1488 mu
3235 1452 3357 1489 eum
3388 1452 3628 1489 nontam:
3661 1452 3801 1498 ESSE,

539 1543 607 1580 ετ
638 1543 701 1581 ΑΒ
732 1544 925 1583 ιιοωκε
956 1529 1106 1583 ῡεωι
1137 1545 1237 1583 non
1265 1544 1418 1585 POSSE
1450 1546 1617 1584 mser.
1661 1529 1789 1583 Haec
1836 1532 1985 1583 verba
2013 1530 2236 1582 omnium
2280 1528 2479 1581 animos
2498 1568 2514 1593 ,
2549 1537 2651 1580 tam
2677 1528 2975 1581 clericorum
2999 1544 3150 1597 quam
3180 1526 3427 1579 laicorum
3447 1566 3462 1589 ,
3493 1543 3804 1597 magnopere

538 1617 905 1670 conturbarunt
930 1618 1065 1688 (Lib.
1100 1636 1189 1684 vn,
1222 1636 1335 1689 cap.
1362 1620 1468 1689 52).

536 1696 539 1699 ⁷
607 1708 955 1778 Quocumque
978 1711 1195 1765 tandem
1225 1710 1385 1765 modo
1412 1727 1497 1765 res
1525 1710 1809 1775 acciderit,
1842 1712 1955 1765 sive
1984 1728 2049 1766 eo
2074 1753 2087 1777 ,
2129 1728 2289 1780 quem
2316 1712 2482 1767 refert
2516 1713 2763 1783 Cyrillus,
2797 1713 2910 1767 sive
2939 1712 3109 1767 altero
3133 1753 3147 1776 ,
3179 1726 3337 1780 quem
3373 1711 3629 1767 Socrates
3653 1755 3667 1777 ,
3700 1715 3804 1767 sive

538 1801 698 1853 etiam
726 1810 972 1869 utroque,
1004 1803 1149 1869 quod
1177 1804 1346 1870 magis
1374 1819 1527 1869 reor;
1556 1806 1837 1859 Anastasio
1860 1806 2063 1859 scilicet
2092 1807 2322 1875 primum
2350 1805 2673 1874 disputante,
2709 1806 2980 1859 Dorotheo
3003 1802 3231 1873 primum
3254 1804 3542 1857 anathema
3574 1805 3800 1865 dicente,

540 1892 795 1945 adversus
817 1894 1085 1955 Θεοτόκονς
1119 1891 1395 1947 Nestorius
1415 1903 1561 1948 certe
1592 1895 1762 1947 neutri
1789 1896 2002 1956 restitit,
2027 1896 2119 1949 sed
2149 1897 2394 1948 oratione
2417 1897 2594 1963 potius
2616 1895 2761 1948 favit.
2783 1896 2912 1948 Nam
2935 1912 3056 1950 cum
3088 1894 3402 1947 Anastasius
3429 1911 3529 1947 suo
3559 1910 3803 1948 sermone

546 1981 828 2034 tumultum
872 1982 924 2035 in
966 1984 1192 2037 ecclesia
1216 1986 1538 2040 concitasset
1575 2004 1585 2037 :
1618 1983 1911 2051 Nestorius,
1947 1987 2118 2054 inquit
2146 1984 2415 2049 Socrates,
2458 1987 2763 2039 sententiam
2797 1987 3057 2039 Anastasii
3083 1987 3393 2055 conﬁrmare
3414 1986 3629 2039 studens
3668 1986 3803 2055 (nam

543 2088 676 2135 cum,
700 2089 847 2142 quem
870 2076 996 2127 tanti
1028 2074 1264 2143 faciebat,
1295 2092 1397 2129 non
1428 2087 1482 2129 ut
1503 2077 1843 2146 blasphemias
1877 2078 1929 2128 in
1952 2076 2207 2129 Christum
2221 2077 2496 2148 jacientem
2525 2078 2735 2147 coargui
2758 2077 2958 2143 voluit),
2987 2078 3268 2146 smpissime
3291 2076 3353 2130 de
3373 2095 3433 2130 ea
3459 2081 3804 2131 controversia

543 2163 597 2214 in
626 2164 839 2217 ecclesia
873 2183 965 2234 pro
986 2168 1227 2219 concione
1252 2167 1530 2232 disseruit;
1561 2170 1719 2241 deque
1741 2170 1916 2222 eadem
1956 2172 2259 2239 pugnaciter
2286 2174 2586 2243 qumstiones
2612 2174 2796 2241 posuit,
2829 2181 2877 2224 et
2898 2188 3065 2224 uocem
3096 2170 3369 2223 DEIPARAII
3398 2171 3610 2222 omnino
3636 2170 3806 2238 rcjccit

546 2252 744 2324 (ibid.).
788 2255 1115 2310 Dorotheum
1156 2259 1358 2327 pariter
1385 2261 1465 2313 sin
1506 2260 1684 2314 minus
1723 2261 1959 2329 impulit,
1993 2260 2137 2327 quod
2177 2269 2355 2315 tamen
2385 2262 2610 2315 similius
2641 2277 2787 2323 vero,
2820 2261 3023 2325 saltem,
3049 2269 3107 2314 ut
3136 2260 3323 2315 scribit
3349 2258 3603 2329 Cyrillus,
3630 2276 3805 2327 passus

542 2354 617 2397 est
638 2346 811 2415 palam
841 2349 895 2401 in
939 2347 1173 2412 ecclesia,
1208 2349 1327 2403 dum
1347 2367 1497 2403 sacra
1527 2360 1908 2422 peragerentur,
1944 2353 2212 2406 temerario
2241 2369 2367 2406 ausu
2395 2353 2628 2421 e/futire:
2655 2352 2710 2407 St
2738 2368 2855 2416 oms
2883 2353 3096 2406 Manum
3117 2353 3393 2405 DEII‘ABAI
3423 2366 3548 2405 esse
3572 2367 3804 2416 DIXEBIT,

543 2453 826 2492 ΑΝΑτιιεκΑ
856 2455 939 2492 SIT
968 2437 1158 2509 (Epist.
1185 2441 1254 2492 ad
1276 2442 1517 2495 Acacium
1549 2441 1895 2511 Beroensem).

613 2529 721 2585 Nec
744 2538 948 2584 tantum
972 2531 1240 2600 patienter
1280 2532 1397 2586 tulit
1440 2533 1781 2586 Anastasium
1813 2533 2251 2600 Dorotheumque
2292 2532 2452 2602 impie
2490 2535 2719 2589 locutos.
2764 2534 2870 2587 Sed
2898 2550 3020 2588 cum
3043 2534 3369 2587 decrevisset
3396 2541 3716 2602 conceptum
3742 2548 3804 2586 ex

530 2618 704 2688 longo
731 2622 883 2675 virus
917 2636 1015 2690 per
1058 2638 1116 2676 se
1162 2622 1373 2675 tandem
1424 2638 1695 2685 evomere,
1748 2623 1799 2675 in
1830 2638 2022 2690 magna
2053 2624 2297 2690 ecclesia,
2332 2626 2419 2679 ubi
2446 2626 2697 2694 frequens
2727 2635 2840 2680 erat
2869 2627 3105 2680 omnium
3137 2626 3383 2681 ordinum
3410 2627 3805 2695 exspectatione

448 2702 453 2710 ’
548 2712 893 2782 pendentium
922 2729 1224 2779 consessus,
1257 2730 1560 2769 sermonem
1590 2714 1776 2767 habuit
1802 2714 1869 2768 de
1897 2714 2267 2770 incarnatione
2297 2716 2590 2780 Dominica,
2623 2717 2708 2771 vel
2738 2717 2805 2770 de
2829 2718 3067 2785 virgineo
3089 2724 3265 2785 partu,
3296 2731 3453 2783 quem
3483 2732 3590 2769 non
3623 2718 3803 2770 imme-

544 2805 647 2859 rito
677 2806 1148 2875 insipientissimum
1180 2815 1453 2859 tractatum
1483 2806 1679 2859 Marius
1716 2806 1983 2861 Mercator
2014 2805 2105 2876 (In
2134 2808 2368 2861 contrad.
2404 2808 2463 2861 11
2499 2808 2808 2876 anathem.),
2836 2809 3133 2878 pestiferum
3156 2805 3445 2859 Cassianus
3477 2804 3617 2875 (Lib.
3649 2822 3717 2860 vn
3746 2808 3803 2860 de

553 2894 768 2948 Incarn.
805 2912 917 2964 cap.
946 2894 1021 2963 6),
1054 2896 1384 2966 blasphemia:
1412 2898 1577 2950 omnis
1600 2898 1951 2967 compendium
1975 2896 2204 2968 Cyrillus
2231 2911 2420 2964 vocat;
2441 2909 2607 2954 totum
2640 2902 2781 2955 enim
2811 2900 3050 2955 continet
3075 2915 3341 2954 venenum
3371 2899 3663 2968 impietatis
3684 2907 3801 2955 tunc

548 2984 778 3051 primum
802 2999 831 3036 a
862 2983 1107 3038 Nestorio
1139 2985 1456 3054 propalalm;
1490 2995 1543 3039 et
1563 2986 1675 3040 hmo
1702 2988 1998 3055 pnesertim
2028 2988 2213 3052 verba,
2240 3004 2359 3057 qua:
2393 2991 2460 3044 ab
2488 2991 2735 3045 omnibus
2765 2990 2875 3044 fere
2904 2990 3258 3059 scriptoribus
3287 3006 3405 3044 cum
3436 2990 3801 3044 exsecratione

543 3074 850 3130 referuntur
874 3094 887 3129 :
920 3075 1091 3131 Habet
1120 3088 1335 3131 matrem
1363 3078 1535 3134 Deus:
1558 3097 1678 3149 ergo
1717 3082 2025 3135 excusabilis
2044 3084 2306 3153 gentilitas
2335 3095 2551 3139 matrem
2581 3086 2679 3140 diis
2700 3086 3140 3141 subintroducens.
3178 3084 3229 3138 Ν
3234 3103 3319 3150 on,
3353 3089 3427 3140 rir
3447 3090 3657 3157 optime,
3690 3086 3798 3140 lla-

544 3170 625 3222 ria
646 3172 839 3240 peperit
866 3170 1049 3236 Deum,
1082 3181 1208 3237 etc.,
1240 3175 1437 3243 peperit
1465 3174 1718 3227 hominem
1744 3174 1963 3229 Deitatis
1991 3177 2403 3242 instrumentum,
2436 3176 2689 3230 hominem
2719 3178 2978 3251 Θεοφόρον,
3004 3185 3106 3231 etc.
3148 3177 3422 3233 Sermonis
3445 3179 3676 3244 initium,
3700 3190 3794 3234 etc.

544 3260 795 3316 Doctrina
815 3264 1017 3332 pietatis
1038 3271 1115 3316 est
1140 3272 1462 3317 sensatorum
1483 3266 1537 3317 in
1566 3265 1781 3318 ecclesia
1820 3268 2041 3319 intentio
2066 3283 2083 3329 ;
2115 3267 2317 3335 pietatis
2348 3277 2517 3319 autem
2546 3267 2782 3320 doctrina
2807 3267 3138 3335 providentiae
3158 3269 3381 3338 cognitio
3409 3278 3504 3331 est,
3538 3277 3640 3323 etc.

615 3350 694 3404 Ad
718 3359 919 3405 tantam
941 3351 1326 3420 blasphemiam
1357 3352 1861 3407 cohorrescentibus
1892 3355 2158 3417 omnibus,
2183 3369 2246 3407 ea
2272 3352 2369 3407 fuit
2392 3354 2692 3409 auditorum
2715 3354 3027 3420 indignatio,
3057 3370 3226 3423 eaque
3249 3354 3479 3409 fidelium
3504 3357 3795 3413 animorum

542 3442 864 3506 commotio,
898 3449 955 3495 ut
981 3457 1087 3494 non
1114 3440 1381 3496 defuerint
1408 3443 1499 3510 qui
1528 3443 1578 3495 in
1610 3444 1943 3498 sanctissima
1972 3442 2201 3499 ecclesia
2231 3458 2415 3497 coram
2443 3444 2534 3498 illo
2563 3444 2950 3508 reclamarent;
2982 3446 3181 3499 factum
3223 3446 3365 3499 enim
3395 3454 3481 3500 est
3509 3447 3700 3500 eodem
3721 3448 3795 3501 die

542 3548 651 3603 quo
678 3549 857 3588 sermo
885 3534 951 3587 de
998 3532 1366 3589 incarnatione
1407 3535 1582 3591 dictus
1610 3544 1693 3591 est
1716 3578 1729 3601 ,
1762 3548 1817 3589 ut
1845 3536 2064 3607 simplex
2084 3535 2292 3607 quidam
2314 3536 2623 3600 monachus,
2654 3538 2827 3592 statim
2850 3535 3026 3588 habita
3047 3537 3307 3601 concione,
3340 3553 3453 3589 cum
3484 3537 3608 3606 ﬁdei
3635 3539 3794 3591 studio

541 3629 761 3694 arderet,
788 3630 839 3681 in
869 3629 1090 3683 medium
1115 3630 1342 3684 ecclesiae
1371 3648 1687 3701 progressus,
1714 3648 1825 3684 cum
1847 3632 2059 3699 sgnaris
2084 3630 2441 3693 celebraretur,
2473 3632 2750 3700 impietatis
2784 3644 3090 3699 prteconem,
3115 3629 3247 3701 quod
3269 3629 3539 3683 haereticus
3559 3640 3708 3691 esset,
3739 3630 3791 3682 ab

538 3725 771 3790 ingressu
790 3722 1056 3791 prohibere
1086 3732 1299 3775 conatus
1320 3723 1405 3775 sit.
1449 3720 1556 3776 Sed
1584 3722 1717 3775 hunc
1745 3723 1833 3775 ille
1855 3722 2175 3795 (Nestorius)
2207 3740 2391 3776 cwsum
2418 3722 2709 3791 magniﬁcis
2739 3721 3040 3791 praesidibus
3066 3721 3305 3784 tradidit,
3334 3721 3616 3792 ﬂagrisque
3638 3724 3792 3777 denuo

540 3814 831 3879 dissectum,
864 3824 912 3867 et
942 3813 1139 3884 publice
1166 3831 1352 3868 cursum
1375 3855 1388 3879 ,
1420 3830 1657 3884 prwcone
1684 3831 1787 3868 non
1818 3815 2005 3885 absque
2034 3816 2255 3869 clamore
2282 3823 2569 3885 prazeunte,
2602 3813 2655 3864 in
2684 3812 2921 3864 exsilium
2950 3812 3165 3877 expulit.
3208 3808 3386 3881 Neque
3417 3812 3667 3881 tragoedia
3696 3814 3794 3866 haec

537 3907 677 3960 hisce
703 3904 892 3975 ﬁnibus
916 3907 1173 3970 constitit;
1206 3907 1391 3959 etenim
1420 3907 1506 3977 qui
1536 3915 1706 3976 partes
1728 3905 2067 3975 sequebantur
2096 3908 2268 3959 omnia
2288 3922 2375 3974 per
2406 3905 2504 3955 vim
2539 3902 2757 3972 agentis,
2783 3910 2897 3969 post
2916 3900 3128 3968 impiam
3164 3899 3300 3952 illius
3341 3900 3637 3953 concionem
3658 3942 3670 3964 ,
3703 3903 3793 3955 nisi

538 4001 677 4055 Deus
706 4000 1065 4070 prohibuisset,
1108 4001 1161 4053 in
1191 4000 1407 4069 ipsumet
1439 4006 1771 4052 sacrosancta
1802 3997 1898 4050 Dei
1937 3998 2149 4050 ecclesia
2191 3996 2378 4051 ccedam
2407 3996 2592 4049 edituri
2619 4002 2784 4047 erant.
2827 3992 2903 4045 Ita
2933 3992 3183 4046 monachi
3208 3980 3792 4061 ConstantinOpolitani

536 4091 590 4145 in
615 4091 1006 4162 supplicatione
1033 4090 1341 4159 imperatori
1374 4089 1552 4143 oblata
1585 4089 1623 4158 (ι
1653 4070 1789 4158 part:
1815 4104 1959 4141 conc.
1990 4087 2179 4157 Ephes.
2219 4104 2261 4140 c.
2296 4086 2403 4155 '50).

608 4181 828 4241 Factum
849 4199 1083 4253 quoque,
1113 4182 1255 4252 quod
1280 4182 1465 4239 scribit
1492 4181 1740 4252 Cyrillus,
1764 4190 1821 4233 ut
1844 4180 1982 4251 plebs
2006 4178 2573 4249 Constantinopolitano
2594 4219 2607 4242 ,
2658 4176 2846 4235 let‘ibus
2879 4176 3181 4247 quibusdam
3212 4178 3449 4247 vanisque
3488 4176 3789 4237 hominibus.

533 4289 583 4335 et
620 4280 683 4331 iis
712 4280 797 4349 qui
829 4276 1070 4332 Nestorio
1100 4275 1466 4339 adulabantur,
1498 4275 1740 4344 exceptis,
1786 4290 1817 4326 a
1846 4274 2033 4343 synaxi
2067 4272 2372 4334 abstineret;
2403 4270 2714 4321 abstinerent
2739 4267 2802 4320 ab
2824 4285 2885 4321 ea
2914 4285 3109 4337 quoque
3137 4269 3308 4320 omnia
3338 4270 3443 4337 fere
3463 4270 3789 4331 monasteria,

535 4384 808 4439 eorumque
836 4368 1274 4433 archimandritw,
1305 4370 1459 4421 immo
1489 4376 1537 4420 et
1566 4383 1753 4436 magna
1789 4382 1909 4435 pars
1939 4374 2179 4418 senatus:
2212 4372 2436 4416 verentes
2480 4378 2541 4414 ne
2568 4362 2783 4430 ipsemet
2821 4361 3087 4429 episc‘Opo,
3114 4368 3163 4411 et
3201 4359 3302 4411 illis
3331 4360 3514 4422 etiam,
3547 4376 3673 4431 quos
3694 4360 3792 4410 An-

539 4457 727 4510 tiochia
750 4457 1011 4511 discedens
1040 4458 1159 4511 inde
1186 4474 1355 4523 secum
1376 4456 1688 4521 abduxerat,
1720 4455 1916 4526 quidvis
1944 4470 2234 4524 perversum
2255 4451 2615 4513 evomentibus,
2640 4450 2846 4521 aliquod
2882 4451 2933 4503 in
2978 4451 3081 4519 ﬁde
3121 4448 3476 4502 detrimentum
3509 4451 3791 4518 acciperent

538 4549 580 4621 (ι
600 4558 737 4619 part.
770 4563 913 4601 conc.
939 4546 1073 4616 Eph.
1105 4564 1221 4616 cap.
1254 4546 1363 4615 14).
1950 4630 2085 4667 Amo
2112 4628 2388 4667 cccc‘x“.

608 4732 884 4789 Nestorius
911 4729 1105 4801 partim
1135 4727 1213 4782 ira
1241 4727 1439 4793 furens,
1471 4728 1664 4797 partim
1688 4727 1854 4781 fretus
1876 4727 2009 4779 aulae
2038 4728 2299 4796 potentia,
2330 4727 2492 4795 paulo
2522 4734 2644 4795 post
2667 4726 2895 4781 alterum
2922 4741 3225 4780 sermonem
3248 4726 3391 4787 lecit,
3427 4725 3578 4778 velut
3609 4725 3790 4780 adver~

533 4844 623 4884 sus
669 4826 897 4881 Arianos
937 4830 991 4878 et
1030 4820 1472 4885 Macedonianos,
1516 4822 1690 4890 reipsa
1729 4836 1857 4875 vero
1900 4819 2155 4875 adversus
2189 4821 2515 4881 catholicos,
2544 4835 2651 4889 quo
2680 4828 2735 4873 et
2764 4820 3000 4889 priorem
3029 4820 3349 4873 confirmare
3376 4818 3523 4872 visus
3552 4827 3657 4883 est,
3688 4820 3791 4873 sive

531 4919 799 4974 calumnia
839 4916 1116 4971 catholicis
1148 4914 1351 4977 inusta,
1392 4914 1505 4967 sive
1544 4913 1771 4984 symboli
1814 4913 2014 4967 Nicami
2057 4914 2375 4967 auctoritate
2418 4929 2543 4967 suos
2585 4915 2637 4966 in
2666 4929 2855 4967 sensus
2882 4912 3114 4967 detorta.
3157 4914 3275 4979 Quo
3305 4922 3547 4982 tempore
3577 4914 3793 4979 contigit

532 5012 777 5067 mirabile
803 5010 1073 5081 quiddam,
1106 5016 1266 5074 atque
1293 5007 1464 5061 audax
1495 5007 1715 5071 facinus,
1748 5006 1891 5075 quod
1922 5014 2103 5059 narrat
2128 5005 2353 5077 Cyrillus
2382 5006 2448 5060 de
2482 5006 2712 5060 Eusebio
2731 5047 2745 5069 ,
2778 5006 2866 5073 qui
2897 5014 3119 5075 propter
3145 5006 3470 5073 singularem
3498 5007 3788 5061 doctrinam

530 5107 585 5153 et
631 5100 886 5169 pietatem
933 5097 1143 5152 Doriltei
1175 5096 1459 5165 episcopus
1498 5094 1613 5148 fuit.
1654 5095 1745 5150 llle
1786 5111 1904 5150 cum
1950 5096 2088 5150 inter
2122 5096 2285 5150 laicos
2326 5104 2452 5150 tunc
2496 5098 2753 5166 temporis
2800 5104 3122 5161 versaretur,
3168 5096 3330 5166 impie
3378 5096 3651 5151 dicentem
3699 5112 3789 5166 pro

484 5190 490 5219 '
533 5192 794 5247 concione
823 5191 1131 5259 episc0pum
1162 5204 1320 5243 ausus
1348 5196 1431 5243 est
1458 5188 1620 5242 verbo
1648 5188 1822 5257 palam
1867 5202 2090 5257 arguere
2112 5229 2128 5255 ,
2176 5203 2391 5256 sumque
2435 5187 2587 5251 ﬁdei,
2625 5195 2785 5256 atque
2819 5188 3069 5241 animosa:
3111 5187 3164 5240 in
3202 5186 3436 5241 haereses
3466 5186 3792 5243 fortitudinis

529 5280 800 5349 specimen
828 5279 1080 5333 eximium
1108 5278 1273 5332 dedit.

603 5369 753 5425 Fecit
773 5379 827 5423 et
857 5370 1091 5431 tertium,
1124 5368 1273 5422 brevi
1296 5376 1417 5439 post
1443 5375 1704 5436 tempore,
1734 5368 1879 5422 velut
1908 5368 1961 5421 in
1992 5366 2417 5437 Apollinaristas,
2447 5366 2515 5421 de
2542 5366 2793 5435 dogmate
2820 5383 2915 5423 seu
2944 5372 3254 5445 Θεογνωσίᾳ,
3295 5370 3348 5424 id
3378 5378 3479 5436 est,
3518 5370 3588 5427 de
3612 5373 3799 5427 incon-

531 5460 649 5517 fusa
678 5462 902 5517 duarum
931 5462 983 5516 in
1013 5460 1225 5515 Christo
1252 5467 1559 5513 naturarum
1590 5458 1995 5526 conjunctione,
2027 5465 2081 5511 et
2109 5458 2379 5527 reciproca
2405 5457 2681 5511 nominum
2712 5458 3118 5520 communione;
3152 5458 3202 5510 in
3230 5472 3345 5527 quo
3368 5473 3636 5513 venenum
3666 5461 3797 5515 texit

534 5555 694 5624 paulo
743 5554 1108 5617 artificiosius,
1160 5560 1419 5619 tantoque
1459 5551 1741 5605 nocentius
1788 5552 2001 5623 populis
2047 5550 2276 5613 infudit,
2318 5549 2465 5617 quod
2512 5550 2777 5604 videretur
2805 5549 2858 5602 in
2901 5548 3329 5618 Apollinaristas,
3370 5551 3459 5620 qui
3492 5560 3717 5606 naturas
3747 5552 3798 5606 in

530 5648 747 5703 Christo
769 5646 1186 5711 contundebant,
1228 5644 1457 5698 invisum
1486 5643 1765 5698 catholicis
1792 5658 1855 5697 ea
1886 5649 2203 5713 tempestate
2224 5656 2439 5705 nomen,
2464 5640 2643 5694 invehi
2668 5659 2679 5693 :
2704 5656 3025 5709 quamquam
3049 5641 3291 5718 hmresim
3314 5660 3465 5698 suam
3484 5644 3552 5699 de
3576 5644 3798 5700 Christo

533 5759 667 5815 puro
693 5740 931 5803 homine,
962 5748 1015 5795 ct
1042 5740 1155 5795 sola
1186 5738 1493 5808 praestantia
1522 5754 1551 5791 a
1582 5737 1781 5793 sanctis
1811 5737 2033 5807 aliisque
2060 5735 2363 5793 hominibus
2392 5733 2623 5802 diverso,
2656 5743 2835 5792 tacere
2860 5751 2964 5790 non
2994 5736 3185 5804 potuit.
