3958 6178
145 319 253 374 705
646 315 1006 371 PREFATIJ
1047 318 1111 372 IN
1149 321 1513 377 SECUNDAM
1557 321 1832 378 PARTE.“
1875 324 2158 380 OI’ERUM
2199 323 2389 381 MAR"
2430 323 2890 384 MERCATORIS.
3292 336 3396 393 706
3472 316 3477 321 θ

177 468 181 472 .
216 427 293 480 ita
336 425 529 481 furenti
574 428 623 479 in
670 426 935 481 Christum
971 429 1221 484 hmretico
1262 431 1442 500 plures
1481 434 1686 500 magnis
1726 434 1917 489 animis
1952 436 2295 501 restiterunt;
2326 436 2449 502 sed,
2488 436 2631 505 quod
2663 435 3014 489 admiratione
3039 435 3256 503 dignum
3295 447 3399 501 est.

144 519 267 572 laici
297 519 525 587 primum
549 558 563 579 ,
614 527 668 571 et
716 520 994 582 monachi,
1028 520 1220 573 deinde
1250 524 1585 592 presbyteri,
1636 524 1851 578 demum
1890 526 2149 594 episcopi.
2192 526 2373 594 Neque
2419 542 2548 580 vero
2576 542 2689 579 rem
2718 528 2976 592 agendam
3005 526 3169 579 verbo
3200 534 3403 581 tantum

142 616 404 678 putarunt
448 610 770 677 magnanimi
819 610 1129 666 defensores
1177 612 1325 679 fidei,
1370 615 1464 669 scd
1499 616 1715 684 scriptis
1756 623 1811 669 et
1850 617 1990 688 stylo
2026 631 2272 685 quoque,
2305 624 2364 671 ut
2405 617 2471 670 ad
2510 618 2692 686 plures
2718 618 3011 687 pertineret
3039 634 3215 673 causa:
3243 626 3404 674 tantm

144 710 364 767 tamque
394 700 655 767 religiosa:
677 701 930 766 cognitio.

214 790 429 845 Primus
476 795 710 845 omnium
740 792 1028 859 Eusebius,
1059 794 1239 849 divino
1279 796 1465 864 spiritu
1506 797 1775 860 incensus,
1807 798 2221 853 obtestationem
2251 799 2304 851 in
2333 799 2637 853 Nestorium
2662 798 2871 867 publice
2897 800 3197 868 proposuit,
3228 814 3403 868 eoque

142 884 289 937 facto
345 885 583 944 omnium
639 886 846 941 animos
888 887 1232 943 inflammavit
1278 888 1398 944 ﬁdei
1443 891 1619 945 studio
1666 892 1923 947 adversus
1961 892 2272 960 episcopum
2316 892 2565 946 hzeretica
2616 891 2766 943 Pauli
2794 889 3131 945 Samosateni
3153 893 3401 960 dogmata

142 984 517 1031 renovantem.
558 974 854 1031 Obtestatio
881 980 958 1033 sic
984 995 1042 1033 se
1062 980 1223 1033 habet
1248 999 1259 1032 :
1294 978 1604 1051 Quicumque
1624 982 1863 1035 schedam
1885 982 2018 1034 hanc
2039 982 2297 1052 accepturi
2317 991 2455 1044 sunt,
2479 998 2563 1034 eos
2584 998 2675 1051 per
2696 991 3080 1033 sacrosanctam
3102 981 3404 1035 Trinitatem

144 1072 352 1140 ndjuro,
385 1071 722 1140 obtestorque,
754 1081 808 1123 ut
828 1072 1003 1124 eadem
1031 1073 1280 1142 episcopis
1301 1114 1315 1138 ,
1348 1072 1651 1141 presbyteris
1671 1115 1683 1137 ,
1711 1075 1943 1126 diaconis
1961 1114 1975 1137 ,
2009 1073 2279 1125 lectoribus
2300 1111 2313 1135 ,
2356 1088 2552 1125 necnon
2579 1081 2628 1125 et
2656 1072 2802 1125 laicis
2828 1089 3020 1142 quoque
3043 1071 3406 1126 Constantino—

144 1164 251 1229 poli
275 1160 621 1215 habitantibus
656 1162 945 1224 ostendunt,
987 1162 1310 1233 ejusdemque
1344 1162 1629 1231 exemplum
1658 1163 1727 1214 ad
1752 1164 2031 1216 evidentem
2062 1163 2288 1215 haeretici
2328 1158 2560 1213 Nestorii
2607 1160 2958 1229 confusionem
3000 1157 3177 1211 iisdem
3212 1159 3403 1227 imper-

148 1254 376 1317 tiuntur;
433 1264 491 1306 ut
540 1256 624 1324 qui
664 1253 837 1307 eadem
879 1270 1087 1322 prorsus
1126 1255 1314 1306 sentiat
1348 1270 1459 1324 qua:
1481 1252 1676 1307 Paulus
1712 1240 2114 1316 Samosatenus,
2165 1262 2518 1307 antercentum
2558 1253 2830 1322 sexaginta
2869 1266 3032 1302 annos
3072 1268 3103 1302 a
3142 1250 3405 1305 catholici:

146 1342 401 1411 episcopis
431 1344 755 1395 anathemate
783 1343 1145 1396 condemnatus
1169 1342 1434 1411 (Leontius
1465 1341 1551 1395 lib.
1578 1360 1631 1396 ιιι
1653 1354 1831 1397 contra
1851 1342 2069 1412 Eutych.
2094 1353 2142 1396 et
2165 1341 2547 1410 Nestorianos).

217 1431 369 1487 Tunc
392 1435 667 1503 temporis,
692 1441 749 1487 ut
775 1435 904 1487 mihi
932 1434 1147 1501 quidem
1174 1436 1398 1500 videtur,
1425 1435 1620 1487 Marius
1652 1435 1914 1490 Mercator
1939 1436 2151 1505 scripsit
2178 1436 2461 1505 epistolam
2491 1435 2730 1503 ejusdem
2770 1450 2888 1488 cum
2915 1433 3132 1488 Eusebii
3161 1435 3399 1488 obtesta-

152 1524 297 1578 tione
343 1525 663 1593 argumenti,
714 1534 767 1579 et
803 1524 1042 1593 ejusdem
1072 1525 1192 1604 fere
1234 1526 1396 1588 modi,
1448 1526 1696 1579 nimirum
1732 1527 1799 1581 de
1837 1528 2142 1581 discrimine
2171 1528 2309 1580 inter
2334 1527 2576 1580 haeresim
2600 1526 2849 1591 Nestorii,
2882 1534 2937 1580 et
2964 1526 3211 1594 dogmata
3255 1526 3403 1580 Pauli

149 1616 509 1681 Samosateni,
536 1618 770 1682 Ebionis,
798 1619 1027 1686 Photini,
1051 1629 1105 1675 et
1125 1619 1357 1674 Marcelli
1378 1610 1611 1685 Galatzc;
1636 1621 1875 1675 fervebat
1894 1622 2037 1675 enim
2059 1622 2199 1675 inter
2218 1637 2405 1676 omnes
2425 1622 2669 1690 qumstio,
2689 1638 2754 1674 an
2778 1621 3050 1675 Nestorius
3071 1636 3191 1675 cum
3212 1620 3403 1675 Samo-

150 1716 341 1763 sateno
362 1712 612 1776 sentiret;
643 1721 696 1764 et
717 1720 773 1765 ut
800 1713 1045 1781 quisque,
1094 1721 1185 1767 aut
1227 1714 1531 1782 ingeniosus
1574 1714 1674 1768 sibi
1712 1714 2011 1779 videbatur,
2045 1723 2136 1768 aut
2163 1714 2423 1775 eruditus,
2456 1710 2777 1767 sententiam
2808 1711 3050 1765 ferebat:
3084 1713 3223 1766 unde
3250 1727 3401 1765 suum

150 1816 367 1869 quoque
388 1801 656 1864 Socrates,
688 1811 1171 1871 quantumcumque
1200 1804 1384 1867 laicus,
1411 1812 1465 1858 et
1494 1819 1673 1857 rerum
1700 1804 2121 1872 theologicarum
2145 1805 2369 1873 peritus,
2402 1810 2461 1857 ut
2490 1804 2651 1857 homo
2681 1803 2747 1856 de
2780 1803 2919 1867 aula,
2949 1802 3207 1870 judicium
3239 1803 3405 1855 inter-

153 1908 357 1959 ponere
377 1893 546 1947 voluit
568 1893 715 1963 (Lib.
743 1912 828 1957 vn,
854 1912 968 1965 cap.
994 1896 1113 1966 51).
1138 1896 1311 1951 Habet
1326 1913 1451 1951 vero
1474 1897 1786 1952 Mercatoris
1812 1899 2040 1967 epistola
2060 1900 2165 1954 hoc
2191 1900 2398 1954 initium
2426 1917 2439 1951 :
2466 1898 2792 1953 Samosateni
2824 1898 2977 1951 Pauli
2998 1907 3150 1961 atque
3172 1896 3224 1951 Ν
3229 1898 3401 1951 estorii

151 1993 224 2035 est
241 1984 350 2036 ista
377 2000 480 2037 non
502 1985 669 2038 minus
697 1987 855 2056 impia
874 2002 1026 2057 quam
1055 2004 1188 2040 vana
1217 1988 1470 2054 doctrina,
1503 1997 1606 2043 etc.

220 2074 373 2129 Tunc
394 2076 594 2143 pariter
620 2076 864 2145 exemplo
890 2077 1146 2131 laicorum
1174 2079 1376 2133 incensi
1405 2080 1725 2151 presbyteri,
1747 2096 1867 2135 cum
1898 2082 1948 2134 in
1975 2082 2201 2136 ecclesia
2230 2080 2515 2148 qumlreae
2538 2080 2802 2131 maritima
2826 2080 3167 2134 dicebaturin
3185 2096 3407 2149 pravum

155 2166 347 2234 dogma
374 2167 571 2220 invecti
600 2176 796 2232 essent,
827 2169 1082 2223 continuo
1111 2169 1269 2223 minis
1296 2178 1350 2223 et
1375 2172 1695 2224 auctoritate
1723 2169 2022 2224 frendentis
2052 2171 2294 2239 episcopi
2324 2170 2482 2223 silere
2513 2166 2648 2236 jussi
2679 2175 2838 2220 sunt:
2864 2168 3002 2221 unde
3021 2169 3209 2221 accidit
3230 2178 3285 2220 ut
3317 2185 3410 2237 po-

154 2257 302 2324 pulus
333 2259 575 2311 usitatam
603 2258 722 2327 ﬁdei
744 2260 1161 2328 prtedicationem
1182 2262 1441 2331 requirens
1463 2262 1660 2331 publice
1680 2262 2019 2315 inclamaret:
2054 2278 2427 2317 iursnsroasu
2452 2277 2711 2326 HABEIUS,
2739 2275 3025 2314 EPISCOPUI
3046 2276 3146 2314 non
3173 2275 3411 2313 ιιηειιυε

158 2347 253 2417 (In
282 2350 507 2418 supplic,
539 2348 738 2414 Basilii,
765 2367 781 2404 ι
810 2362 944 2420 part.
970 2368 1113 2405 conc.
1144 2351 1280 2422 Eph.
1306 2369 1421 2423 cap.
1455 2354 1572 2417 50).

226 2441 411 2510 Neque
442 2450 645 2497 tantum
665 2446 897 2512 querelis
920 2447 1146 2514 populus
1167 2462 1281 2500 rem
1303 2450 1429 2515 egit,
1458 2448 1552 2501 sed
1583 2449 1740 2503 minis
1772 2463 1987 2517 quoque
2022 2459 2075 2503 et
2101 2450 2313 2519 publica
2347 2450 2765 2519 exprobratione
2802 2449 3063 2503 scelerum
3082 2428 3208 2515 qum
3235 2446 3414 2515 specie

154 2536 375 2603 pietatis
402 2534 678 2589 Nestorius
718 2544 953 2604 tegeret;
984 2537 1180 2605 objecit
1214 2539 1356 2591 enim
1384 2538 1720 2609 indigentium
1763 2541 2141 2609 negligentiam,
2176 2539 2543 2610 facultatesque
2571 2556 2851 2610 pauperum
2892 2537 3089 2606 cupidis
3126 2535 3414 2590 hominibus

154 2638 434 2697 erogatas;
467 2636 577 2680 tum
624 2629 860 2683 minatus
885 2638 966 2683 est
1011 2631 1376 2699 projectionem
1426 2632 1475 2683 in
1518 2648 1679 2696 mare,
1737 2639 1787 2685 et
1833 2634 2054 2703 pastoris
2088 2634 2142 2685 in
2180 2633 2354 2703 lupum
2406 2633 2536 2685 versi
2578 2648 2751 2685 necem
2800 2629 3016 2700 (Cyrill.
3063 2631 3119 2682 in
3165 2627 3415 2683 Encomio

166 2720 398 2790 Virginis
3500 2705 3506 2711 ’

229 2810 402 2863 Minas
440 2811 771 2879 excepissent
798 2809 954 2874 facta,
988 2811 1089 2865 nisi
1135 2810 1541 2878 magistratuum
1572 2812 1833 2882 potentia,
1866 2812 2141 2881 ipsiusque
2188 2811 2526 2882 imperatoris
2559 2810 2808 2864 Nestorio
2850 2809 3077 2863 faventis
3111 2808 3417 2862 retinuisset

157 2912 357 2957 metus.
393 2900 685 2970 Utrumque
714 2902 878 2956 libera
916 2903 1255 2972 simplicitate
1295 2903 1543 2957 monachi
1573 2904 1785 2973 ipsimet
1812 2904 2113 2959 Theodosio
2154 2903 2485 2972 objecerunt.
2530 2901 2819 2970 Postquam
2865 2901 3010 2955 enim
3056 2899 3419 2969 impotentiam

159 2994 415 3055 Nestorii,
448 3002 502 3048 et
548 2992 750 3048 furendi
791 2995 1046 3050 adversus
1073 2996 1363 3065 quemlibet
1392 2996 1660 3051 licentiam
1702 3005 2062 3066 exposuerunt
2092 3014 2102 3047 :
2138 2995 2410 3064 Superbia,
2463 2994 2728 3062 inquiunt,
2760 3010 2860 3065 qua
2886 3009 3060 3047 omnes
3081 2992 3419 3062 parvipendit,

160 3088 347 3151 elatus,
368 3088 689 3157 pecuniisque
709 3096 757 3141 et
794 3098 1146 3158 corruptorum
1172 3089 1505 3160 quorumdam
1535 3089 1796 3144 hominum
1822 3091 2049 3160 potentia
2074 3076 2251 3159 fretus,
2282 3098 2331 3140 et
2356 3096 2410 3139 ut
2440 3086 2594 3141 libere
2620 3086 2756 3157 quod
2782 3102 2862 3139 res
2888 3094 2965 3140 est
2984 3086 3234 3151 dicamus,
3257 3095 3423 3139 vestra

160 3198 362 3253 quoque
382 3183 727 3236 dominatione
757 3184 935 3253 fretus,
960 3184 1069 3237 lucc
1091 3185 1218 3255 facit
1241 3182 1341 3254 (In
1373 3185 1590 3255 supplic.
1622 3193 1796 3255 Ipart.
1824 3201 1969 3239 conc.
1992 3184 2128 3254 Eph.
2151 3200 2264 3254 cap.
2300 3182 2421 3253 30).

238 3273 373 3325 Dum
396 3280 586 3326 cuncta
613 3272 875 3326 ferverent
897 3273 1050 3334 odiis,
1081 3272 1206 3327 hinc
1235 3281 1288 3327 et
1317 3274 1439 3327 inde
1477 3274 1691 3341 quidem
1720 3274 1946 3338 infestis,
1996 3288 2104 3327 non
2133 3280 2310 3325 tamen
2340 3271 2545 3341 pariter
2577 3272 2703 3325 hinc
2730 3280 2785 3325 ct
2832 3270 2955 3324 inde
2978 3260 3151 3338 justis,
3185 3268 3424 3335 Proclus,

165 3367 258 3433 qni
290 3382 320 3419 a
342 3365 574 3419 Sisinnio
603 3365 878 3420 ordinatus
906 3363 1078 3419 fuerat
1093 3364 1490 3435 Cyzyccnorum
1512 3365 1814 3434 episcopus,
1849 3365 2103 3434 pergebat
2130 3363 2409 3431 pristinum
2436 3362 2668 3417 ofﬁcium
2698 3361 2920 3431 implere
2939 3359 3424 3428 ConstantinOpoli,

166 3465 224 3509 et
253 3458 308 3509 in
337 3457 556 3510 ecclesia
582 3457 836 3526 populum
863 3456 1075 3511 docere.
1100 3456 1232 3509 Cum
1254 3464 1432 3509 autem
1462 3457 1687 3509 moleste
1708 3456 1870 3511 ferret
1899 3456 2099 3508 zizania
2122 3455 2299 3523 spargi
2326 3471 2423 3524 pro
2452 3455 2593 3509 bona
2632 3461 2873 3509 semente
2901 3454 2956 3507 in
2993 3468 3178 3521 agrum
3206 3450 3426 3516 Christi,

169 3563 331 3616 quem
353 3548 700 3603 excolendum
722 3556 1045 3619 susceperat,
1070 3548 1195 3601 dum
1219 3547 1369 3601 fieret
1395 3548 1718 3615 amplissima
1739 3548 1979 3616 quaedam
2000 3547 2234 3617 synaxis,
2254 3554 2476 3615 urgente
2495 3554 2683 3616 pectus
2704 3560 2829 3600 vere
2858 3544 3212 3613 apostolicum
3231 3541 3427 3596 Christi

172 3640 453 3703 charitale,
486 3640 668 3694 habuit
697 3640 750 3693 in
779 3641 1012 3694 maximo
1043 3640 1280 3695 omnium
1301 3638 1547 3692 ordinum
1576 3646 1716 3693 coetu
1745 3653 1844 3707 pro
1875 3638 2098 3707 Deipara
2119 3638 2325 3706 virgine
2344 3647 2530 3692 contra
2558 3638 2861 3692 Nestorium
2883 3636 3180 3691 orationem
3201 3647 3429 3703 panegy-

171 3732 359 3794 ricam,
395 3732 447 3786 in
468 3748 590 3801 qua,
623 3733 748 3788 licet
775 3733 1065 3787 adversarii
1095 3747 1289 3787 nomen
1324 3731 1567 3795 tacuerit,
1599 3730 1975 3800 praesidentem
2015 3732 2324 3800 episcopum
2372 3731 2654 3791 reveritus,
2699 3730 2945 3783 haeresim
2976 3738 3153 3780 tamen
3182 3725 3428 3779 omnibus

178 3830 376 3885 notam,
427 3837 637 3876 summo
676 3822 973 3876 aulitorum
1013 3821 1201 3890 plausu
1220 3859 1233 3884 ,
1262 3818 1474 3874 refellit.
1505 3818 1724 3873 Factum
1764 3825 1984 3870 narrant
2015 3818 2368 3888 Theophanes
2412 3827 2462 3872 et
2488 3816 2763 3872 Cedrenus
2788 3818 2869 3870 his
2906 3817 3083 3870 verbis
3109 3833 3122 3867 :
3153 3814 3232 3869 ’Βν
3259 3819 3349 3884 μιᾷ
3374 3813 3429 3868 Si

172 3920 414 3988 κυριακῇ,
455 3915 880 3990 προκαθεζομένον
920 3915 1213 3986 Νεσιὲορὶου,
1264 3913 1573 3988 προτραπεὶς
1629 3910 1838 3985 Πρὸγλος
1874 3917 1964 3965 τοῦ
2006 3912 2348 3983 ἐξηγήσασθαι
2370 3907 2522 3965 εἶπεν·
2553 3908 2753 3981 Ὀμιλίοι
2780 3911 2851 3970 εἷς
2871 3914 2961 3967 τήν
2989 3908 3268 3973 Θεοτὸκον,
3303 3906 3362 3967 ἧς
3398 3910 3430 3965 ἡ

171 4009 337 4078 ἀρχή,
363 4008 622 4080 Παρθενικὴ
649 4009 927 4081 πανήγυρις
948 4008 1185 4076 σήμερον,
1218 4000 1432 4074 ἀδελφοὶ,
1468 4009 1572 4055 etc.
1604 3999 1703 4053 Die
1730 4039 1734 4070 Α

1910 4001 2232 4063 solemniore,
2265 4000 2572 4071 praesidente
2600 3998 2863 4063 Nestorio,
2896 4009 3165 4052 conversus
3203 3996 3274 4048 ad
3301 4012 3427 4049 con-

171 4096 484 4150 donandum
505 4096 719 4150 Proclus
749 4097 917 4149 dixit:
950 4094 1179 4148 Homilia
1207 4095 1261 4147 in
1292 4093 1590 4162 Deiparam,
1623 4092 1769 4162 cujus
1804 4093 2007 4147 initium
2040 4101 2135 4157 est,
2168 4091 2473 4146 VIRGINALIS
2500 4106 2802 4154 convnnrus
2830 4105 3005 4150 nonis,
3034 4101 3292 4149 rasam-:5,
3321 4092 3428 4140 etc.

174 4188 485 4242 Vincentius
534 4187 804 4251 Ricardus,
840 4203 906 4240 ex
932 4193 1113 4240 vetere
1142 4184 1500 4251 Chronologia
1531 4183 1716 4239 Graaca
1738 4186 2122 4254 manuscripta,
2152 4183 2308 4253 paulo
2339 4182 2495 4236 aliter
2524 4181 2721 4235 factum
2746 4179 2927 4234 refert.
2950 4181 3077 4233 Μίαν
3107 4176 3159 4233 δέ
3183 4181 3430 4249 κυριακὴν

174 4285 354 4354 ὥρισεν
380 4282 645 4355 Νιστόριος
670 4287 742 4350 τῷ
767 4280 984 4355 Πρόκλῳ,
1014 4280 1096 4332 ἶνα
1118 4276 1311 4348 διδάξῃ.
1348 4280 1434 4329 καὶ
1462 4278 1600 4336 εὐθὺς
1631 4272 1765 4331 εἶπεν
1795 4276 1820 4331 ὅ
1849 4277 2064 4353 Πρόκλος
2089 4274 2277 4349 μεγάλῃ
2296 4282 2447 4348 φωνῇ’
2467 4274 2663 4342 “Opillia
2686 4276 2757 4330 εἰς
2776 4277 2864 4329 τὴν
2886 4269 3150 4324 δέσποιναν
3171 4268 3425 4323 Θεοτόκον.

172 4375 463 4449 nuperum},
480 4380 583 4425 etc.
608 4372 951 4425 Constituerat
972 4368 1024 4421 Ν
1027 4370 1241 4422 estorius
1264 4371 1448 4439 festum
1468 4369 1743 4422 solemnius
1764 4369 1969 4433 Prorlo,
1995 4384 2092 4438 quo
2114 4367 2317 4419 doceret
2339 4365 2615 4434 populum;
2638 4362 2855 4416 Proclus
2878 4370 2998 4415 vero‘
3015 4371 3217 4430 repente
3234 4375 3428 4431 magna

170 4485 290 4521 race
318 4466 489 4519 dixit:
521 4462 751 4517 Homilia
780 4464 833 4525 in
857 4462 1116 4517 dominam
1139 4459 1438 4530 Deiparam,
1475 4459 1792 4525 VIRGINALIS,
1819 4468 1920 4514 etc.
3316 4436 3319 4439 I

241 4558 434 4612 Habita
458 4565 540 4611 est
568 4555 783 4622 insignis
812 4555 899 4607 illa
929 4553 1272 4620 omniumque
1301 4551 1545 4606 laudibus
1573 4552 1840 4605 celebrata
1868 4549 2087 4604 homilia
2116 4563 2257 4602 anno
2278 4544 2476 4601 Christi
2514 4543 2636 4610 429,
2678 4544 2769 4613 qui
2802 4545 3006 4613 primus
3048 4541 3145 4597 fuit
3176 4541 3425 4603 Nestorii,

169 4652 255 4706 die
286 4651 423 4705 festo
451 4648 792 4709 solemniore,
819 4655 910 4701 aut
928 4645 1143 4710 Christi,
1170 4644 1443 4698 autbeatac
1462 4643 1711 4711 Virginis.
1729 4641 1895 4698 Erant
1923 4641 2064 4695 enim
2092 4638 2353 4709 ejusmodi
2378 4639 2547 4709 ἑορταὶ
2574 4638 2828 4715 κυριακαί.
2854 4635 3097 4688 Habitum
3118 4647 3246 4699 ergo
3275 4647 3430 4700 opor-

171 4750 265 4801 tet,
300 4740 385 4794 vel
413 4740 466 4793 in
487 4742 776 4813 Θεοφανεὶᾳ,
809 4737 893 4791 die
922 4735 954 4789 6
990 4735 1248 4798 Januarii,
1280 4734 1422 4804 quod
1450 4735 1624 4787 minus
1650 4749 1734 4789 rec

1861 4734 1932 4787 vel
1964 4736 2013 4787 ἐν
2041 4743 2113 4806 τῷ
2140 4730 2486 4802 Εὐαγελισμῷ,
2513 4743 2671 4797 quam
2694 4726 3161 4781 Annuntiatinnem
3184 4724 3424 4788 dicimus,

167 4831 253 4885 die
275 4830 347 4883 9.5
376 4830 568 4894 Martii,
598 4837 655 4882 ut
679 4816 850 4898 ipsum
867 4827 1022 4881 docet
1042 4825 1298 4880 orationis
1318 4832 1706 4893 argumentum,
1726 4830 1885 4890 atque
1915 4822 2026 4891 ipse
2055 4829 2359 4875 contextus.

239 4922 449 4977 Dicenti
473 4929 653 4975 tantus
674 4921 741 4975 ab
762 4919 1009 4973 omnibus
1028 4918 1181 4972 datus
1203 4924 1279 4970 est
1300 4917 1541 4985 plausus,
1566 4923 1823 4983 quantum
1849 4913 2025 4967 facere
2047 4913 2220 4980 potuit
2240 4910 2529 4964 maximum
2546 4949 2560 4973 ,
2580 4923 2687 4962 non
2709 4908 2880 4961 solum
2901 4905 3159 4958 orationis
3177 4904 3426 4971 dignitas,

166 5015 261 5068 sed
293 5013 597 5068 auditorum
626 5013 788 5065 etiam
815 5026 934 5064 cum
964 5009 1134 5078 pietas
1173 5007 1224 5060 in
1256 5006 1555 5075 Deiparam,
1590 5014 1702 5057 tum
1732 5003 1911 5057 odium
1944 5005 1995 5057 in
2024 5001 2328 5056 Nestorium
2358 5017 2369 5052 :
2407 5014 2566 5053 ausus
2600 5006 2682 5052 est
2706 4997 2821 5065 ipse
2849 5004 3028 5048 tamen
3049 4994 3303 5048 continuo
3331 5008 3431 5062 pro

167 5122 321 5160 more
348 5105 606 5175 populum
632 5102 800 5165 affari,
832 5113 1141 5167 summaque
1170 5098 1496 5167 impudentia
1518 5112 1581 5150 ac
1610 5095 1903 5165 impietate,
1932 5093 2103 5147 Procli
2131 5092 2395 5161 prtecipua
2417 5104 2642 5159 qumque
2665 5088 2805 5143 dicta
2834 5084 3243 5155 reprehendam,
3268 5084 3432 5139 immo

166 5206 222 5253 et
250 5197 596 5266 blasphemia:
624 5195 898 5250 damnare.
930 5192 1197 5246 Orationis
1224 5188 1431 5244 initium
1468 5195 1585 5241 est:
1620 5186 1884 5239 Amatores
1914 5183 2103 5238 Christi
2134 5182 2347 5253 populos
2379 5182 2586 5250 plausus
2621 5180 2699 5233 his
2741 5180 2975 5248 conferre
3019 5178 3105 5247 qui
3143 5193 3236 5247 pro
3276 5176 3425 5229 beata

168 5290 345 5347 Maria
367 5288 667 5360 impendunt
684 5286 935 5340 sermonis
956 5284 1192 5353 ofﬁcium,
1212 5298 1314 5336 non
1335 5290 1410 5334 est
1430 5277 1743 5332 mirandum.
1762 5275 1876 5329 Hoc
1899 5276 2034 5329 enim
2055 5276 2238 5345 ipsum,
2257 5272 2391 5343 quod
2413 5273 2551 5343 facta
2569 5274 2645 5323 est
2668 5267 2906 5338 templum
2921 5265 3208 5320 Dominicw
3232 5266 3427 5329 carnis,

168 5378 371 5433 excedit
390 5393 539 5431 omne
565 5373 699 5447 quod
719 5382 795 5427 est
822 5372 974 5426 laude
1001 5372 1375 5442 dignissimum,
1401 5377 1504 5423 etc.

238 5470 425 5539 Neque
464 5443 591 5522 vero
623 5472 907 5521 contentus
943 5462 1110 5518 semel
1138 5461 1335 5515 dixisse
1375 5459 1631 5513 adversus
1668 5457 1911 5525 Deipara:
1948 5454 2304 5516 laudatorem,
2349 5459 2459 5505 tres
2500 5450 2693 5504 iterum
2720 5448 2908 5503 habuit
2933 5458 3230 5507 sermones,
3265 5443 3435 5497 tribu:-

168 5535 623 5635 consequentibus
660 5568 783 5632 post
818 5558 1092 5631 paschalia
1119 5554 1425 5627 synaxibus,
1456 5554 1648 5623 quibus
1692 5551 1913 5619 singulis
1938 5548 2201 5619 prolixius
2241 5554 2352 5600 tres
2388 5544 2684 5614 praecipuas
2710 5538 2887 5595 Procli
2915 5535 3211 5635 sententias
3239 5538 3455 5601 arguit,

166 5660 311 5728 qucd
353 5624 497 5713 lleus
524 5656 594 5711 sit
619 5624 805 5724 passus
820 5624 887 5706 et
914 5624 1174 5711 mortuus,
1207 5645 1349 5715 quod
1389 5644 1529 5699 Deus
1554 5644 1623 5698 sit
1660 5651 1845 5728 noster
1872 5637 2133 5709 pontifex,
2164 5637 2414 5706 quodque
2443 5634 2598 5688 beata
2626 5630 2788 5698 Virgo
2832 5627 2939 5682 dici
2957 5624 3150 5724 debeat
3168 5624 3430 5728 Bs‘ornonpc.

162 5709 302 5801 Cum
324 5762 457 5802 vero
488 5709 718 5813 syna-xes
737 5741 863 5796 olim
891 5730 1079 5794 tierent
1099 5709 1284 5790 diebus
1314 5733 1599 5788 Dominicis
1628 5738 1682 5785 et
1710 5716 1964 5791 sabbatis,
1998 5734 2157 5795 atque
2179 5725 2338 5779 etiam
2368 5724 2419 5778 in
2450 5720 2722 5776 memoriis
2744 5724 3061 5787 martyrum,
3096 5713 3183 5769 vix
3210 5709 3433 5767 delinire
