3958 6178
2366 206 2385 231 ἢ

538 327 639 383 707
820 322 825 327 ”
1028 316 1397 376 PIUEFATIO
1432 314 1497 370 IN
1534 308 1893 370 SECUNDAM
1930 313 2208 369 PARTEM
2247 312 2530 369 OPERUM
2574 315 2766 370 MAR“
2809 315 3269 375 MERCATORIS.
3686 322 3793 378 703

534 442 660 496 licet
686 454 794 508 quo
812 437 1036 506 quisque
1055 447 1232 487 sermo
1257 430 1344 485 die
1368 430 1438 483 sit
1464 430 1638 484 dictus
1662 447 1675 481 :
1702 444 2027 498 quamquam
2048 429 2135 483 vix
2156 429 2322 482 ullum
2348 428 2662 483 crediderim
2687 428 2881 483 factum
2920 430 3008 485 die
3037 430 3192 496 festo,
3224 430 3337 485 sive
3376 436 3647 503 martyris,
3680 437 3797 491 sive

535 534 703 589 sancti
734 530 982 591 alterius;
1009 527 1059 579 in
1089 525 1139 579 id
1168 524 1312 577 enim
1340 523 1596 591 temporis
1622 523 1821 577 nullum
1848 522 1988 585 novi,
2020 521 2110 589 qui
2134 520 2405 575 inciderit.

605 623 776 678 Unum
818 634 924 688 pne
961 617 1169 673 cteteris
1207 616 1342 671 dixit
1372 616 1422 668 in
1453 614 1652 681 ingenti
1675 629 1871 671 corona
1893 628 1992 681 per
2012 629 2138 667 suos
2165 619 2374 677 coacta,
2411 627 2643 681 eumque
2667 620 2817 666 tanto
2842 614 3211 668 nocentiorem
3238 614 3475 683 reliquis,
3504 626 3714 685 quanto
3743 626 3800 674 et

533 712 791 782 prolixior
814 716 913 771 est,
938 715 992 761 et
1020 722 1081 761 ea
1104 707 1344 761 continuet
1372 705 1706 773 explicatius,
1738 720 1854 771 qum
1886 705 1937 757 in
1966 704 2081 757 aliis
2102 704 2336 758 breviter
2376 706 2659 772 minusque
2684 714 2873 774 aperte
2908 706 3047 759 dicta
3079 704 3309 759 fuerant.
3332 706 3611 763 Sermonis
3634 726 3800 779 argu-

532 811 771 855 mentum
801 807 953 852 erat:
985 797 1235 852 Adversus
1263 812 1348 849 eos
1377 797 1462 866 qui
1492 804 1697 865 propter
1724 798 1963 847 unionem
1984 804 2073 847 aut
2093 794 2408 847 divinitatem
2446 794 2598 849 Verbi
2633 796 2967 865 mortiﬁcant,
3005 806 3097 849 aut
3124 797 3492 851 hmanitatem
3522 800 3795 860 deiﬁcant.

534 892 744 945 Initium
773 910 784 943 :
812 889 1154 945 Contumelias
1176 889 1377 959 quidem
1406 888 1763 941 hmreticorum
1786 888 1838 939 in
1860 903 1959 950 me,
1992 896 2251 956 tamquam
2280 886 2609 940 delirantium
2636 887 2919 951 machinas,
2943 898 2992 939 et
3014 887 3193 941 horum
3214 890 3268 941 in
3289 906 3430 943 mare
3452 892 3675 946 commin
3692 903 3800 947 itas

535 984 925 1045 submersiones,
957 979 1391 1050 perturbationum
1419 994 1613 1049 quoque
1641 978 1911 1039 desideria,
1934 988 1983 1030 et
2009 979 2410 1047 persecutionum
2432 995 2561 1033 nova
2581 995 2691 1049 qua:
2713 979 3041 1033 intenduntur
3059 979 3343 1045 molimina,
3368 992 3415 1035 et
3454 984 3797 1053 indigentium

536 1075 914 1145 negligentiam,
942 1088 1092 1142 quam
1121 1070 1263 1125 nobis
1293 1070 1558 1139 objiciunt,
1587 1079 1636 1121 et
1654 1070 1874 1121 aliorum
1901 1070 1955 1121 in
1978 1085 2069 1121 nos
2092 1070 2409 1137 garrulitatis
2430 1070 2787 1134 deliramenta,
2815 1081 3071 1143 tamquam
3094 1090 3337 1127 ranarum
3364 1077 3604 1145 strepitus
3626 1076 3797 1143 rideo,

537 1179 625 1220 aut
644 1177 776 1219 certe
800 1175 1044 1237 quantum
1069 1165 1344 1233 infantium
1367 1162 1546 1233 jacula
1572 1177 1659 1213 seu
1691 1170 1861 1213 castra
1883 1163 2242 1224 contremisco,
2276 1168 2380 1215 elc.

606 1257 665 1311 In
690 1258 790 1311 hac
818 1257 1061 1309 oratione
1084 1254 1248 1308 tacuit
1273 1252 1447 1306 Procli
1471 1266 1665 1305 nomen
1686 1289 1699 1311 ,
1731 1261 1789 1303 ut
1820 1250 1871 1302 in
1902 1250 2021 1303 aliis
2051 1251 2219 1303 tribus
2249 1250 2547 1319 prioribus;
2580 1250 2672 1305 sed
2702 1250 2905 1318 singula
2946 1251 3112 1320 ipsius
3140 1265 3398 1320 arguens,
3432 1261 3595 1320 atque
3631 1269 3698 1308 ea
3741 1254 3798 1310 in

536 1354 723 1425 primis
750 1368 866 1421 quae
893 1351 1054 1404 Deum
1083 1349 1420 1404 continerent
1447 1364 1539 1417 pro
1569 1346 1713 1399 nobis
1742 1356 2015 1409 mortuum,
2040 1344 2213 1398 virum
2235 1344 2482 1398 omnibus
2503 1345 2696 1399 exinde
2725 1346 2854 1399 satis
2875 1354 3079 1412 notum,
3106 1338 3400 1412 miserrimi,
3432 1347 3683 1413 hazretici,
3708 1364 3800 1401 ca-

537 1444 878 1506 lumniatoris,
911 1440 1245 1509 Apollinaris,
1272 1440 1477 1509 Ariique
1506 1438 1711 1490 nomine
1734 1436 1985 1491 traduxit.

606 1533 824 1587 Miserat
844 1531 1090 1586 infandus
1114 1529 1393 1583 hmreticus
1423 1544 1518 1597 per
1541 1528 1673 1580 [idos
1702 1527 1948 1581 homines
1975 1525 2207 1595 primum
2233 1541 2388 1579 suum
2412 1533 2697 1581 tractatuum
2721 1526 2788 1582 de
2808 1527 3199 1593 lncarnatione,
3232 1545 3354 1584 cum
3385 1531 3658 1587 nonnullis
3676 1533 3796 1586 aliis

534 1622 768 1679 homiliis
797 1622 848 1675 in
884 1620 1214 1691 provincias,
1248 1619 1312 1673 ad
1341 1627 1545 1687 pestem
1575 1618 1730 1671 latius
1759 1616 2137 1686 spargendam.
2169 1616 2263 1671 His
2302 1617 2356 1671 in
2392 1617 2685 1689 Egyptum
2720 1618 2969 1688 perlatis,
3002 1628 3056 1674 et
3092 1621 3142 1674 in
3185 1624 3507 1677 monasteria
3540 1624 3798 1680 insidiose

534 1713 870 1780 maligneque
898 1710 1191 1773 submissis,
1215 1707 1415 1780 Cyrillo
1441 1707 1811 1761 Alexandrina:
1832 1706 2083 1760 Ecclesia:
2104 1706 2357 1776 episcopo
2380 1708 2627 1778 imposita
2657 1717 2741 1764 est
2768 1712 3060 1765 necessitas
3085 1712 3352 1767 scribendi
3382 1714 3447 1767 ad
3475 1716 3793 1781 monachos,

534 1810 595 1855 ut
621 1802 831 1856 obviam
862 1802 965 1855 iret
991 1800 1153 1865 malo,
1178 1799 1322 1868 quod
1349 1806 1571 1868 propter
1600 1798 1996 1860 nonnullorum,
2027 1813 2256 1866 quorum
2287 1800 2340 1852 in
2379 1814 2569 1853 manus
2598 1801 2794 1871 scripta
2826 1812 3114 1869 venerant,
3150 1805 3451 1875 imperitam
3479 1807 3794 1877 simplicita-

534 1898 662 1956 tem,
690 1901 743 1946 et
769 1891 1042 1949 credulam
1071 1890 1342 1944 levitatem
1374 1890 1548 1943 timeri
1568 1898 1781 1960 poterat
1820 1910 1833 1945 :
1877 1892 2115 1963 proclive
2142 1891 2285 1946 enim
2314 1898 2460 1954 erat,
2496 1897 2554 1943 ut
2589 1893 2878 1945 commotio
2907 1894 3234 1959 animorum,
3276 1910 3395 1964 quae
3418 1896 3527 1965 jam
3570 1898 3789 1952 suborta

535 1982 728 2048 fuerat,
761 1981 1033 2052 paulatim,
1066 1987 1125 2033 ut
1156 1980 1230 2045 lit,
1259 1980 1607 2034 altercatione
1635 1991 1932 2045 cresceret,
1959 1990 2013 2037 et
2046 1983 2098 2036 in
2128 1981 2477 2051 pertinaciam
2507 1981 2707 2036 erroris
2734 1981 3088 2051 hmresimque
3110 1994 3428 2039 verteretur.
3463 1986 3538 2039 ιω
3561 1985 3791 2057 Cyrillus

540 2072 657 2140 ipse
683 2078 864 2124 narrat
891 2067 1181 2123 Caelestino
1204 2083 1356 2137 papae
1380 2086 1393 2120 :
1426 2067 1670 2122 liomiliis
1697 2068 1929 2125 Nestor-ii
1948 2072 2004 2127 in
2033 2070 2320 2141 zEgyptum
2353 2070 2581 2140 perlatis,
2605 2071 2736 2124 leves
2764 2073 3011 2143 quosdam
3041 2073 3269 2129 homines
3292 2076 3345 2128 in
3366 2092 3595 2129 errorem
3616 2075 3783 2129 abdu-

533 2176 660 2228 cfos,
689 2173 889 2216 rectene
912 2162 998 2215 ille
1024 2162 1234 2214 sentiret
1269 2169 1319 2212 et
1353 2160 1657 2231 loqueretur,
1683 2178 1750 2214 an
1778 2178 1941 2226 secus,
1966 2164 2123 2215 anxie
2149 2162 2284 2214 inter
2303 2179 2357 2215 se
2397 2162 2679 2232 disquirere
2705 2178 3041 2231 cognoveram
3058 2204 3071 2227 ,
3117 2174 3345 2218 metuens
3367 2182 3431 2218 ne
3461 2168 3598 2235 forte
3624 2165 3790 2219 morbi

531 2255 822 2324 contagium
851 2253 905 2305 in
926 2251 1295 2321 simpliciorum
1318 2252 1567 2305 mentibus
1590 2253 1796 2306 altiores
1826 2254 2027 2306 radices
2048 2254 2297 2322 paulatim
2320 2263 2509 2324 ageret,
2534 2252 2603 2305 ad
2632 2252 2849 2324 Αἶρε]ρή
2876 2256 3187 2308 monasteria
3209 2258 3498 2326 generalem
3518 2258 3789 2326 epistolam

529 2345 732 2415 scripsi,
761 2352 1093 2413 nutantesque
1120 2343 1174 2395 in
1202 2352 1340 2395 recta
1366 2342 1471 2411 ﬁde
1491 2343 1789 2412 conﬁrmavi
1818 2344 1834 2411 (
1861 2354 2032 2414 tpart.
2066 2360 2207 2397 conc.
2240 2344 2375 2415 Eph.
2408 2362 2523 2416 cap.
2548 2345 2666 2415 Η).
2700 2345 2911 2399 Missam
2940 2354 3154 2415 oportet
3181 2348 3481 2417 epistolam,
3506 2364 3617 2403 non
3645 2349 3788 2403 circa

529 2436 670 2491 diem
696 2436 888 2489 festum
906 2434 1229 2507 Θιοφανιίας,
1261 2447 1370 2501 quo
1398 2441 1642 2502 tempore
1670 2434 1946 2490 monachis
1988 2434 2321 2489 indicebatur
2347 2435 2461 2490 dies
2501 2436 2794 2506 paschalis,
2828 2436 3026 2505 alioqui
3055 2453 3206 2491 suam
3240 2438 3463 2494 haberet
3488 2439 3786 2495 solemnem

530 2527 844 2591 clausulam,
875 2539 997 2593 qua:
1024 2524 1299 2580 Paschatis
1328 2530 1539 2593 tempus
1567 2523 1853 2591 indiceret;
1876 2524 1970 2579 sed
2001 2535 2121 2594 post
2147 2526 2287 2580 diem
2317 2524 2507 2579 festum
2536 2526 2873 2595 paschalem,
2905 2525 2971 2579 ad
3004 2541 3164 2595 quem
3199 2543 3321 2581 cum
3355 2528 3613 2598 episeopo
3640 2528 3786 2583 cele-

528 2620 791 2678 brandum
817 2619 1081 2684 nonnulli,
1113 2633 1178 2673 ex
1201 2620 1420 2689 singulis
1447 2619 1834 2674 monachorum
1856 2618 2111 2683 cmtibus,
2137 2616 2514 2673 Alexandriam
2541 2617 2726 2672 venire
2754 2616 2898 2671 soliti
2927 2624 3112 2683 erant,
3143 2619 3224 2674 sic
3246 2626 3517 2687 tamquam
3546 2619 3787 2673 omnium

527 2717 1076 2852 pmtlaonrﬁtioillim
1102 2796 1342 2865 epistola:
1367 2796 1432 2850 ad
1461 2796 1754 2851 monachos
1773 2796 2006 2867 exempla
2023 2836 2039 2861 ,
2072 2796 2243 2865 inquit
2269 2794 2527 2868 Cyrillus,
2571 2798 2640 2850 ad
2667 2795 3298 2869 Constantinopolitanam
3334 2799 3511 2852 urbem
3539 2814 3783 2868 quorum-

531 2888 652 2942 dam
679 2904 836 2957 opera
857 2887 1126 2956 deportata
1157 2885 1222 2956 (a
1249 2885 1452 2957 Cyrillo
1480 2886 1591 2941 suis
1606 2886 1978 2954 apocrisiariis
2006 2900 2105 2955 pro
2133 2893 2282 2940 certo
2311 2887 2473 2940 missa
2500 2887 2655 2956 sunt)
2686 2884 2970 2958 ibidemque
2989 2888 3139 2949 lecta,
3166 2896 3307 2942 tanto
3348 2886 3650 2957 adjummto
3673 2889 3785 2957 fue-

528 2987 668 3041 runt,
690 2986 748 3032 ut
772 2976 980 3048 plurimi
999 2993 1028 3031 e
1045 2978 1349 3047 magistratu
1378 2977 1487 3047 ejus
1509 2977 1580 3031 rei
1600 2993 1759 3031 causa
1779 2993 1868 3047 per
1888 2977 2088 3032 litteras
2116 2976 2311 3046 Cyrillo
2340 2980 2536 3047 gratias
2563 2979 2779 3048 egerint.
2823 2978 3009 3033 Verum
3038 2979 3134 3034 hoc
3162 2979 3329 3048 ipsum
3350 2977 3601 3035 Nestorio
3628 2978 3784 3051 quod-

529 3072 649 3126 dam
674 3073 771 3129 εγω
790 3081 969 3126 contra
989 3070 1237 3144 Cyrillum
1265 3081 1515 3141 susceplte
1537 3072 1815 3142 fomentum
1834 3069 2239 3125 subministravit
2264 3070 2467 3141 (Epist.
2492 3071 2560 3124 ad
2588 3069 2965 3138 Ctelestinum).

595 3160 760 3216 Iussit
780 3176 909 3231 ergo
938 3162 1212 3217 Nestorius
1241 3161 1487 3215 Photium
1526 3160 1812 3230 quemdam
1839 3160 2166 3231 respondere
2209 3161 2260 3231 (ι
2293 3170 2428 3232 part.
2460 3177 2607 3215 conc.
2643 3159 2777 3231 Eph.
2821 3178 2936 3232 cap.
2982 3161 3113 3231 12);
3156 3161 3249 3216 sed
3278 3163 3593 3231 responsio,
3624 3174 3783 3230 quam

524 3251 754 3325 Cyrillus
782 3253 1067 3322 aliquando
1086 3254 1219 3309 vidit
1247 3252 1338 3323 (In
1359 3253 1506 3323 epist.
1530 3252 1565 3306 2
1583 3252 1652 3305 ad
1672 3249 2026 3321 Nestorium),
2058 3251 2126 3305 ad
2151 3261 2351 3317 nostra,
2383 3252 2527 3320 quod
2554 3254 2739 3318 sciam,
2773 3261 3016 3321 tempora
3043 3269 3150 3307 non
3180 3254 3457 3322 pervenit;
3482 3269 3586 3308 nec
3611 3270 3677 3307 ea
3697 3270 3779 3308 re-

525 3344 816 3413 sponsione
835 3351 1143 3408 contentus,
1176 3342 1413 3399 occultas
1442 3342 1702 3411 primum,
1732 3349 1845 3395 tum
1873 3348 2087 3411 apertas
2117 3341 2418 3397 inimicitias
2448 3345 2701 3398 adversus
2728 3342 2982 3414 Cyrillum
3007 3344 3265 3399 exercuit.
3297 3342 3541 3413 Cumque
3571 3345 3625 3398 in
3656 3346 3782 3399 urbe

525 3437 671 3504 regia
699 3436 938 3506 Egyptii
964 3435 1178 3505 quidam
1206 3443 1567 3506 versarentur,
1599 3435 1651 3488 in
1674 3448 1812 3502 quos
1838 3432 2230 3488 Alexandrinus
2258 3433 2542 3503 episcopus
2564 3442 2786 3503 propter
2813 3433 3085 3489 infamiam
3109 3435 3231 3489 vitm
3255 3450 3319 3488 ex
3348 3450 3621 3489 canonum
3651 3451 3782 3504 pne-

524 3500 729 3594 scripto
756 3500 1221 3587 animadverterat,
1240 3538 1335 3577 eos
1355 3500 1629 3581 Nestorius
1648 3500 1981 3587 subornavit,
2006 3520 2070 3574 ad
2091 3500 2408 3576 calumniam
2429 3500 2627 3593 Cyrillo
2654 3500 2971 3588 faciendam,
2995 3522 3303 3591 dandosque
3322 3524 3586 3578 adversus
3612 3500 3781 3593 ipsum

524 3612 625 3668 sibi
653 3628 716 3668 ac
744 3612 1048 3668 Theodosio
1069 3612 1294 3676 libellos,
1325 3612 1519 3680 quibus
1547 3617 1878 3679 argueretur,
1903 3625 2010 3667 non
2038 3610 2333 3666 Ecclesiam
2359 3611 2519 3666 modo
2548 3613 2685 3667 male
2710 3612 3102 3678 administrare,
3131 3615 3224 3669 sed
3260 3615 3313 3669 in
3340 3613 3583 3686 JEgypto
3610 3616 3772 3670 etiam

523 3714 710 3762 contra
740 3704 1114 3773 imperatorem
1141 3718 1279 3771 pene
1309 3703 1642 3774 tyrannidem
1671 3717 1956 3773 occupare,
1988 3710 2134 3756 certe
2156 3701 2209 3755 in
2231 3703 2576 3770 magistratus
2597 3704 2777 3760 turbas
2799 3705 2962 3761 ciere.
2986 3705 3113 3761 Haec
3139 3706 3405 3761 calumnia
3436 3707 3778 3776 postmodum

523 3796 699 3870 erupit
720 3796 772 3855 in
798 3804 1061 3865 apertum,
1085 3796 1223 3850 sicut
1249 3802 1304 3849 et
1331 3795 1454 3857 alia,
1482 3808 1619 3863 quae,
1645 3802 1702 3847 ut
1720 3793 2039 3863 quibusdam
2080 3793 2251 3849 visum
2278 3802 2393 3862 est,
2429 3795 2801 3852 Alexandrinis
2822 3796 3028 3853 clericis
3056 3798 3110 3851 in
3139 3798 3397 3852 comitatu
3428 3799 3780 3854 existentibus

514 3878 696 3947 inusta
724 3898 825 3955 est,
856 3890 1009 3958 quasi
1036 3904 1158 3945 cum
1190 3887 1494 3945 Manicbteis
1521 3887 1803 3942 sentirent.

591 3980 710 4039 Non
740 3988 944 4037 tantum
961 3978 1426 4047 Constantinopoli
1456 3979 1725 4032 turbatum
1754 3985 1855 4042 est,
1879 3977 1973 4033 sed
1992 3977 2209 4035 Oriente
2234 3987 2366 4043 toto,
2392 3978 2531 4047 quod
2564 3979 2724 4033 tradit
2752 3978 2997 4050 Cyrillus,
3029 3981 3313 4035 occasione
3343 3996 3656 4036 sermonum
3677 3981 3777 4035 Ne-

519 4073 668 4128 storii
700 4089 713 4127 :
737 4088 873 4141 quos
900 4086 1021 4129 cum
1048 4070 1345 4139 accepisset
1363 4068 1607 4125 alicunde
1629 4067 1950 4124 Coelestinus
1971 4068 2246 4125 Romanus
2274 4070 2530 4137 pontifex,
2561 4071 2824 4139 simulque
2866 4074 3082 4147 nuntios
3110 4072 3177 4126 de
3216 4073 3385 4128 turbis
3413 4071 3778 4129 Ecclesiarum

518 4164 879 4229 orientalium,
902 4162 1135 4218 offensus
1164 4160 1304 4225 inde,
1336 4175 1457 4215 cum
1486 4159 1603 4212 aliis
1632 4159 1914 4228 episcopis,
1938 4174 2162 4227 quorum
2185 4160 2235 4213 in
2261 4167 2405 4214 coetu
2431 4159 2497 4214 de
2527 4162 2734 4214 cunctis
2756 4160 2942 4216 referri
2971 4160 3189 4225 fecerat,
3210 4162 3601 4217 consulendum
3631 4172 3777 4218 ratus

517 4263 602 4311 est.
626 4269 788 4324 super
808 4268 873 4309 ea
902 4267 962 4307 re
986 4250 1271 4323 Cyrillum,
1300 4264 1366 4302 an
1396 4246 1619 4317 perinde
1656 4262 1715 4301 se
1755 4262 1842 4302 res
1871 4247 2091 4301 haberet
2119 4255 2280 4314 atque
2320 4245 2459 4299 fama
2492 4246 2747 4314 jactabat.
2782 4247 2996 4304 Littera:
3024 4248 3299 4304 leestini
3339 4250 3619 4319 perierunt
3638 4290 3652 4313 ,
3685 4250 3777 4305 sed

518 4358 703 4401 earum
722 4343 963 4398 meminit
980 4340 1209 4413 Cyrillus
1236 4339 1482 4395 Nestorio
1511 4338 1750 4393 scribens
1779 4338 1831 4391 in
1860 4336 1972 4392 lucc
1998 4337 2158 4391 verba
2191 4355 2202 4388 :
2237 4336 2375 4400 Quid
2414 4347 2665 4406 postremo
2700 4340 2930 4409 faciam?
2959 4348 3152 4409 tempus
3185 4341 3320 4394 enim
3349 4340 3594 4410 loquendi
3623 4350 3701 4393 est
3728 4347 3775 4394 et

516 4434 813 4504 conferendi
841 4450 954 4485 cum
973 4434 1295 4486 veneratione
1324 4440 1427 4493 tua,
1452 4429 1710 4483 indicante
1735 4427 1798 4481 de
1825 4427 2070 4481 chartulis
2092 4426 2394 4498 quibusdam
2414 4466 2427 4488 ,
2466 4443 2578 4497 qua:
2606 4430 2776 4482 nescio
2815 4429 3065 4499 quomodo
3108 4429 3326 4483 Romam
3363 4430 3580 4499 perlata:
3625 4440 3765 4493 sunt,

516 4524 787 4581 remmdo
816 4540 877 4579 ac
898 4524 1280 4593 religiosissima
1312 4520 1662 4575 Romanorum
1690 4520 1927 4589 episcopo
1948 4515 2216 4571 leestino
2235 4557 2248 4579 ,
2275 4534 2389 4571 cum
2411 4517 2641 4571 omnibus
2672 4521 2756 4587 qui
2786 4535 2900 4573 cum
2939 4537 2997 4575 eo
3018 4530 3138 4574 sunt
3157 4521 3408 4590 episcopis
3442 4522 3770 4583 venerandis,

513 4615 635 4687 quia
654 4622 823 4668 utrum
842 4612 945 4665 sint
964 4610 1223 4680 religionis
1245 4618 1363 4671 tute,
1380 4625 1448 4660 an
1468 4624 1590 4670 non,
1604 4606 1815 4660 habetur
1838 4608 2086 4660 incertum
2098 4623 2115 4669 ;
2137 4607 2366 4660 scribunt
2384 4607 2521 4659 enim
2542 4606 2706 4669 nobis,
2726 4618 2934 4677 propter
2951 4609 3091 4678 ipsas
3108 4608 3422 4661 uehementer
3442 4607 3653 4675 offensi.

584 4702 704 4761 Uno
733 4702 1029 4769 eodemque
1053 4705 1315 4766 tempore,
1340 4704 1400 4749 ut
1424 4711 1522 4765 par
1547 4703 1629 4750 est
1656 4694 1896 4759 credere,
1926 4694 1976 4747 id
2006 4703 2105 4759 est,
2137 4695 2235 4748 sub
2266 4693 2423 4748 linem
2449 4693 2664 4764 Aprilis,
2696 4695 2921 4763 cpistola
2952 4695 3208 4750 adversus
3238 4696 3489 4752 homilias
3529 4699 3762 4756 Nestorii

511 4798 673 4853 missa
704 4805 784 4850 est
809 4810 840 4849 a
867 4791 1088 4864 Cyrillo,
1121 4797 1232 4843 tum
1262 4787 1329 4841 ad
1357 4787 1666 4852 monachos,
1694 4794 1752 4839 ut
1778 4786 2137 4849 erudirentur,
2164 4794 2275 4840 tum
2303 4783 2824 4856 Constantinopolim
2847 4786 2911 4841 ad
2934 4786 3159 4841 clericos
3186 4787 3581 4844 Alexandrinos
3602 4806 3635 4845 a
3655 4792 3771 4861 qui-

509 4891 611 4945 bus
638 4894 977 4959 spargeretur
1008 4902 1020 4937 :
1051 4883 1233 4952 plures
1260 4881 1403 4935 enim
1423 4877 1652 4950 Cyrillus
1678 4893 1710 4933 e
1755 4878 1867 4933 suis
1900 4877 2110 4933 clericis
2157 4892 2223 4931 eo
2262 4876 2614 4941 submiserat,
2643 4878 2733 4945 qui
2763 4893 2867 4931 non
2912 4884 3117 4930 tantum
3149 4877 3216 4931 de
3244 4892 3396 4931 more
3423 4894 3513 4931 res
3541 4888 3766 4947 agerent

512 4982 874 5038 Ecclesiarum
902 4976 1120 5047 Egypti
1148 4975 1203 5029 in
1231 4973 1364 5029 urbe
1395 4972 1560 5041 regia,
1585 4970 1680 5025 sed
1709 4971 1870 5025 etiam
1900 4971 1993 5039 qui
2019 4970 2347 5025 excubarent
2374 4984 2471 5039 pro
2498 4967 2620 5032 fide,
2643 4976 2914 5035 certoque,
2941 4966 3006 5021 de
3035 4967 3255 5035 singulis
3275 4967 3507 5023 Nestorii
3530 4971 3760 5025 molitio-

509 5076 666 5130 nibus
693 5082 854 5142 atque
881 5069 1137 5132 consiliis,
1166 5065 1449 5137 praesulem
1477 5078 1635 5119 suum
1655 5070 1959 5118 monerent.

579 5164 661 5217 Ab
687 5162 772 5217 bis
791 5176 912 5217 cum
937 5158 1237 5215 nuntiatum
1278 5161 1421 5210 esset
1442 5152 1746 5208 Nestorium
1771 5151 2083 5207 exulcerato
2114 5150 2294 5207 animo
2322 5165 2538 5206 omnem
2564 5149 2795 5220 lapidem
2825 5164 3058 5215 movere,
3093 5164 3201 5219 quo
3223 5150 3463 5220 epistolae
3490 5159 3763 5208 auctorem

506 5251 821 5315 oﬂ‘enderet,
844 5248 1195 5317 omnibusque
1223 5246 1341 5301 aliis
1362 5245 1589 5299 invisum
1614 5242 1890 5306 redderet,
1914 5242 2123 5297 litteras
2150 5241 2297 5297 dedit
2323 5240 2553 5313 Cyrillus
2586 5241 2655 5296 ad
2690 5241 3016 5308 Nestorium,
3040 5243 3233 5310 quibus
3254 5252 3309 5299 et
3336 5243 3549 5312 objecta
3574 5258 3767 5314 purga-

503 5354 606 5409 ret,
639 5352 694 5399 et
721 5350 961 5397 motuum
982 5355 1171 5394 causas
1190 5338 1498 5393 refunderet
1520 5336 1573 5389 in
1599 5350 1753 5390 suum
1781 5342 2083 5397 auctorem,
2106 5341 2160 5387 et
2178 5333 2426 5401 querelas
2447 5332 2674 5389 Romani
2696 5332 2963 5405 pontiﬁcis
2990 5332 3057 5388 de
3079 5333 3392 5390 tractatibus
3420 5332 3488 5389 ad
3509 5349 3571 5389 se
3593 5335 3768 5392 missis

502 5440 817 5505 exponeret,
849 5440 905 5487 et
925 5429 1293 5501 penitentiam
1319 5426 1586 5491 suaderet,
1620 5432 1675 5480 et
1699 5438 1852 5478 suam
1873 5421 2183 5493 sponderet,
2202 5420 2264 5476 in
2300 5421 2664 5492 promovenda
2691 5437 2749 5476 re
2786 5421 2939 5485 ﬁdei,
2969 5422 3347 5477 constantiam.
3381 5421 3639 5492 Epistolas
3668 5423 3769 5477 ini~

504 5525 632 5580 tium
662 5529 745 5577 est
770 5538 783 5574 :
824 5518 1149 5575 Venerabiles
1169 5518 1263 5571 viri
1284 5534 1345 5570 ac
1367 5515 1472 5585 ﬁde
1498 5514 1642 5587 digni
1660 5511 2032 5568 Alexandriam
2060 5513 2312 5566 venientes
2335 5511 2617 5569 retulerunt
2657 5512 2825 5576 nobis,
2851 5528 2986 5584 wgre
3005 5511 3285 5567 admodum
3308 5515 3445 5584 ferre
3467 5515 3766 5585 religionem

503 5626 660 5682 tuum,
691 5624 741 5669 et
759 5613 829 5669 ad
847 5611 1136 5669 laedendum
1167 5627 1248 5665 me
1284 5616 1467 5665 cuncta
1499 5623 1715 5673 mouere,
1746 5613 1795 5659 ct
1814 5604 1978 5659 modis
2007 5604 2238 5659 omnibus
2280 5604 2410 5669 niti;
2448 5620 2624 5676 meque
2661 5604 2856 5659 doloris
2904 5605 2975 5657 tui
3014 5596 3213 5661 uolente
3250 5621 3435 5663 causas
3470 5605 3763 5677 addiscere,

501 5709 756 5773 dixerunt,
786 5705 917 5775 quod
939 5704 1207 5776 epistolam
1229 5718 1390 5757 meam
1413 5699 1482 5755 ad
1507 5708 1712 5755 sanctos
1732 5697 2009 5754 monachos
2031 5696 2393 5767 circumferant
2414 5695 2753 5753 Alexandrini
2790 5694 2998 5768 quidam
3013 5736 3028 5763 ,
3065 5704 3171 5754 etc.
