3958 6178
494 316 594 372 Ὴι
984 307 1349 366 PREFATIO
1387 306 1453 363 IN
1490 306 1859 364 SECUNDAM
1898 299 2171 363 PARTEM
2211 308 2490 365 OPERUM
2532 308 2722 364 MARII
2762 305 3194 365 MERCATORIS
3633 306 3747 360 ἨΞ

496 433 596 483 bus
618 426 863 495 injuriam
891 422 1002 492 pati
1040 430 1374 490 quereretur,
1405 426 1460 474 et
1485 434 1789 475 sermonem
1813 427 2061 488 quartum
2091 420 2146 474 in
2185 418 2452 486 Proclum,
2484 420 2636 488 quasi
2672 418 2811 473 aliud
2842 432 3026 485 agens,
3058 418 3345 482 refelleret,
3378 426 3431 471 et
3471 418 3628 472 ﬁdem
3655 434 3755 473 ca—

498 521 745 574 tholicam
773 522 1087 583 exponeret,
1118 513 1292 567 sciens
1321 512 1501 580 utique
1543 512 1697 567 dolos
1728 512 1932 567 versari
1980 512 2045 566 ab
2074 511 2396 567 adversariis
2429 530 2441 564 :
2474 513 2564 580 qui
2596 512 2735 565 enim
2764 512 2897 565 alias
2925 510 3197 563 videretur
3237 525 3421 564 amans
3451 510 3752 575 turbarum,

496 612 540 664 si
568 610 712 679 pacis
738 605 984 674 cupidum
1014 604 1306 657 irritasset?
1332 602 1523 672 Incipit
1551 603 1776 672 epistola
1826 603 1892 657 ab
1946 603 2030 658 his
2070 604 2245 658 verbis
2278 620 2289 656 :
2326 602 2593 667 Garriuut,
2644 606 2776 657 sicut
2814 605 2986 668 audio,
3030 603 3237 674 quidam
3283 602 3345 655 de
3372 604 3757 658 existimatione

494 717 607 754 mea
635 698 772 768 apud
794 696 1087 766 religionem
1122 705 1278 756 tuam,
1328 704 1379 749 et
1406 695 1500 749 hoc
1530 697 1819 765 frequenter
1846 696 2225 765 processionum
2260 695 2339 748 vel
2366 706 2698 748 conventuum
2728 705 3012 763 opportuna
3057 704 3283 763 tempora
3322 702 3657 762 aucupantes.
3698 693 3756 746 In

494 796 721 850 concilio
749 792 1171 848 Chalcedonensi
1198 792 1334 845 datze
1357 791 1606 844 dicuntur
1634 804 1817 844 mense
1839 790 2059 853 Mechir,
2095 790 2384 845 indictione
2412 790 2495 855 1‘2,
2528 790 2581 845 id
2610 798 2708 855 est,
2740 806 2768 843 a
2798 790 2885 844 die
2911 787 2977 842 26
3000 787 3235 841 Januarii
3260 788 3325 843 ad
3346 787 3414 840 26
3442 788 3755 852 Februarii;

494 885 596 938 hoc
624 884 765 937 enim
787 883 1043 952 temporis
1074 881 1351 934 intervallo
1382 877 1618 949 Egyptii
1644 895 1881 933 mensem
1914 880 2119 935 Mechir
2145 880 2489 935 deﬁniebant.

566 974 675 1030 Sub
704 976 846 1029 idem
883 974 1157 1042 temporis,
1191 970 1353 1025 immo
1401 970 1587 1025 eadem
1621 972 1722 1036 via,
1755 986 1881 1024 suos
1927 972 2045 1025 illos
2074 972 2485 1040 apocrisiarios,
2513 973 2676 1026 misso
2705 971 3135 1034 commonitorio,
3159 969 3385 1041 Cyrillus
3412 970 3615 1035 docuit,
3648 984 3759 1038 qua

493 1068 704 1121 ratione
744 1066 1020 1130 deberent,
1050 1064 1095 1118 si
1123 1064 1189 1117 de
1218 1077 1350 1132 pace
1380 1070 1725 1125 tractaretur,
1756 1076 1943 1129 gerere
1971 1077 2030 1115 se
2059 1077 2181 1116 cum
2210 1062 2577 1129 Nestorianis;
2608 1064 2801 1131 quibus
2841 1061 3038 1132 pacisci
3068 1062 3487 1127 conditionibus;
3520 1062 3647 1130 quid
3688 1060 3761 1117 ad

494 1160 815 1226 quaestiones
841 1157 1193 1226 respondere;
1225 1155 1351 1222 quid
1380 1156 1431 1208 in
1460 1154 1831 1221 congressibus
1855 1154 2065 1219 dicere;
2090 1168 2251 1222 quam
2279 1155 2466 1209 testari
2487 1169 2635 1209 suam
2658 1170 2777 1210 esse
2806 1154 2970 1208 animi
2995 1154 3331 1217 sententiam,
3351 1160 3457 1208 etc.
3485 1153 3760 1223 Scriptum

497 1251 568 1303 ita
599 1250 783 1318 incipit
812 1268 823 1301 :
860 1248 980 1317 Legi
1018 1248 1214 1301 litteras
1244 1247 1425 1297 missas
1452 1244 1655 1307 avobis,
1681 1245 1860 1315 quibus
1889 1244 2065 1308 didici,
2091 1252 2196 1298 etc.

567 1342 721 1395 Dedit
750 1356 854 1394 una
884 1341 1086 1393 litteras
1109 1338 1175 1390 ad
1203 1337 1431 1390 amicum
1454 1336 1738 1403 quemdam
1762 1335 2010 1397 Nestorii,
2034 1350 2141 1402 quo
2170 1344 2225 1389 et
2253 1336 2368 1405 ipse
2398 1335 2559 1389 etiam
2598 1334 2932 1389 familiariter
2952 1334 3203 1388 utebatur
3228 1333 3510 1401 (Acacium
3541 1332 3757 1387 Melite-

497 1447 718 1485 nensem
745 1429 888 1499 reor)
919 1430 1109 1497 quibus
1138 1434 1362 1482 testatur
1389 1440 1447 1479 se
1476 1442 1581 1479 non
1606 1425 1898 1478 abhorrere
1925 1439 1956 1477 a
1984 1425 2131 1493 pacis
2158 1426 2415 1487 consiliis,
2441 1424 2599 1478 modo
2635 1422 2765 1477 ﬁdes
2798 1424 2945 1477 salva
2975 1431 3135 1484 esset,
3164 1421 3493 1489 oﬁ‘ensioque
3518 1421 3754 1475 ﬁdelium

500 1520 805 1582 tolleretur;
836 1518 917 1570 sin
958 1517 1157 1578 minus,
1190 1530 1247 1568 se
1275 1521 1520 1582 paratum
1545 1513 1818 1581 quodlibet
1847 1512 1986 1566 ferre
2024 1513 2171 1581 prius
2201 1528 2363 1581 quam
2397 1514 2489 1567 Dei
2519 1528 2736 1568 causam
2774 1513 3064 1567 desereret.
3096 1512 3305 1566 Initium
3336 1513 3413 1566 sic
3454 1527 3511 1565 se
3550 1511 3711 1565 habet
3738 1528 3751 1563 :

499 1606 625 1666 Οἶδα
649 1613 737 1683 μὲν
764 1618 855 1669 τῆς
875 1618 966 1670 σῆς
987 1612 1187 1679 ἀγάπης
1216 1610 1272 1662 τὸ
1301 1608 1570 1684 εἰλικρινὲς,
1603 1609 1685 1659 καὶ
1706 1608 1789 1658 οὐκ
1817 1606 2034 1677 ἡγνὸηκα
2062 1610 2153 1664 τήν
2176 1605 2428 1665 σπουδήν.
2470 1613 2575 1659 etc.

573 1700 707 1752 Dum
736 1699 896 1752 verba
915 1698 982 1751 de
1011 1712 1141 1764 pace
1169 1697 1357 1749 ﬁerent
1386 1696 1452 1747 ab
1482 1694 1784 1747 hominibus
1813 1693 2245 1746 Nestorianarum
2273 1694 2523 1762 partium,
2548 1692 2824 1747 Nestorius
2847 1692 2959 1762 ipse
2981 1690 3265 1761 perﬁdiose
3291 1689 3611 1743 calumniam
3641 1704 3755 1743 mo-

498 1791 745 1853 liebatur,
779 1789 860 1843 vel
888 1789 1123 1859 ipsismet
1145 1786 1515 1841 Alexandrinis
1544 1786 1769 1850 clericis,
1796 1785 1877 1838 vel
1902 1784 2021 1837 aliis
2050 1785 2245 1854 potius,
2278 1784 2367 1854 qui
2399 1801 2519 1838 cum
2556 1782 2756 1855 Cyrillo
2784 1785 3073 1847 sentirent;
3098 1784 3195 1837 hos
3224 1782 3364 1835 enim
3382 1822 3396 1844 ,
3421 1790 3611 1835 coacto
3632 1796 3755 1834 con-

500 1884 643 1947 cilio,
668 1882 1077 1950 impellentibus,
1102 1886 1159 1931 ut
1187 1894 1283 1947 par
1310 1884 1392 1931 est
1412 1875 1647 1937 credere,
1680 1872 1996 1942 Pelagianis,
2027 1874 2327 1929 Manichreae
2368 1874 2655 1942 impietatis
2674 1887 2797 1927 reos
2824 1871 3158 1941 peragendos
3188 1870 3338 1933 fecit,
3390 1878 3552 1936 atque
3592 1884 3756 1922 exau-

501 1982 739 2027 ctoratos
766 1974 1105 2025 anathemate
1133 1969 1376 2039 perculit.
1422 1967 1510 2021 Sic
1546 1967 1687 2021 enim
1717 1968 1940 2035 ipsemet
1967 1964 2064 2036 Cyr

2198 1966 2379 2019 scribit
2408 1984 2419 2018 :
2446 1969 2653 2021 Γίνωσκε
2681 1965 2735 2020 δέ
2775 1965 3148 2034 πεπλανημένον
3196 1963 3388 2018 σαυτὸν
3412 1962 3512 2015 ὑπὸ
3542 1969 3640 2015 τῶν
3665 1970 3754 2020 τῆς·

501 2074 598 2127 σῆς
622 2064 748 2126 ἴσως
777 2065 1045 2125 διαθέσεως
1072 2064 1329 2136 κληρικῶν,
1358 2060 1461 2114 ὑπὸ
1487 2067 1586 2113 τῶν
1615 2060 1829 2113 ἐνταῦθα
1854 2060 1952 2113 ἀπὸ
1975 2066 2065 2117 τῆς
2090 2059 2240 2128 ἁγίας
2270 2057 2483 2113 συνόδου
2514 2058 2892 2129 καθῃρημένων,
2923 2058 2991 2113 ὡς
3018 2057 3084 2109 τὰ
3113 2056 3406 2125 Μανιχαίων
3434 2055 3743 2126 φρονύντων,

504 2164 633 2220 elc.,
664 2172 782 2224 qute
809 2156 969 2209 verba
993 2154 1189 2206 Marius
1226 2151 1492 2204 Mercator
1519 2150 1763 2217 ambigue
1792 2150 1861 2202 ita
1893 2150 2277 2218 interpretatur
2308 2170 2318 2200 ς
2353 2148 2498 2202 Scito
2520 2160 2706 2211 autem,
2730 2147 2993 2201 seductum
3016 2163 3124 2200 esse
3153 2156 3199 2199 te
3227 2146 3289 2199 ab
3320 2146 3383 2198 iis
3403 2146 3488 2215 qui
3517 2162 3550 2196 a
3576 2153 3752 2197 sancto

513 2247 732 2301 concilio
754 2245 969 2315 depositi
988 2253 1125 2307 sunt,
1151 2250 1419 2313 propterea
1438 2240 1573 2311 quod
1595 2238 1769 2293 morbo
1798 2239 2203 2293 Manichaeorum
2224 2249 2390 2291 essent
2418 2239 2615 2307 repleti,
2640 2248 2746 2301 aut,
2772 2238 2906 2307 quod
2926 2238 3243 2307 potissimum
3262 2246 3354 2298 est,
3382 2252 3413 2287 a
3442 2236 3642 2288 clericis
3670 2237 3754 2305 af-

504 2340 739 2409 fectionis
766 2347 885 2392 tuae.
906 2336 1204 2389 Concilium
1254 2333 1518 2400 ejusmodi
1564 2332 1749 2386 haberi
1778 2331 2017 2400 oportuit
2044 2331 2148 2385 hoc
2186 2345 2346 2394 anno,
2378 2331 2517 2385 circa
2542 2344 2781 2384 mensem
2812 2330 3124 2398 Augustum.
3150 2329 3206 2381 In
3236 2343 3301 2382 eo
3330 2328 3529 2382 factum
3578 2327 3629 2381 id
3656 2342 3754 2397 pro

506 2427 810 2497 Pelagianis
835 2429 1127 2491 decretum,
1153 2424 1294 2494 quod
1324 2424 1378 2477 in
1407 2424 1549 2477 hunc
1567 2437 1735 2491 usque
1756 2421 1895 2476 diem
1922 2420 2181 2475 creditum
2207 2430 2290 2475 est
2314 2436 2343 2473 a
2371 2421 2720 2476 scliismaticis
2748 2420 3097 2475 orientalibus
3117 2417 3312 2487 Ephesi
3340 2418 3623 2472 sancitum.

577 2520 787 2574 Interea
813 2534 1051 2574 summus
1074 2516 1313 2587 pontifex
1339 2513 1676 2578 leestinus,
1700 2530 1823 2568 cum
1851 2513 2147 2583 accepisset
2176 2530 2205 2567 a
2234 2514 2481 2569 Nestorio
2510 2516 2732 2581 litteras,
2764 2530 2896 2584 quas
2924 2522 3048 2569 ante
3076 2515 3323 2577 diximus,
3355 2514 3621 2583 simulque
3652 2523 3758 2568 tres

506 2614 783 2673 tractatus,
814 2622 873 2662 re
898 2605 1287 2661 communicata
1318 2618 1437 2657 cum
1460 2602 1642 2656 Leone
1668 2601 1916 2663 diacono,
1940 2616 2048 2668 quo
2075 2601 2324 2656 utebatur
2346 2604 2613 2673 prmcipuo
2636 2604 2687 2656 in
2706 2603 2933 2669 regenda
2957 2602 3193 2657 Ecclesia
3218 2602 3551 2667 administro,
3577 2604 3758 2655 statuit

508 2706 677 2753 totum
706 2696 759 2750 id
779 2694 1009 2748 Nestorii
1035 2693 1289 2760 scriptum
1316 2688 1573 2744 Cassiano
1599 2688 1795 2742 Leonis
1823 2689 1996 2743 amico
2025 2689 2254 2755 mittere,
2278 2707 2385 2745 non
2414 2692 2726 2745 vertendum
2758 2692 2916 2745 modo
2944 2707 3009 2745 ex
3035 2691 3222 2746 Grarco
3244 2706 3489 2745 sermone
3529 2692 3584 2744 in
3614 2690 3758 2745 Lati-

518 2802 664 2853 num,
695 2787 789 2841 sed
812 2786 974 2840 etiam
1001 2781 1345 2837 refellendum
1370 2798 1384 2847 ;
1414 2778 1697 2834 Cassianus
1719 2780 1860 2833 enim
1896 2789 2091 2849 przcter
2133 2783 2408 2850 utriusque
2436 2783 2627 2850 lingute
2652 2784 2914 2851 peritiam,
2947 2782 3175 2835 maxima
3205 2780 3459 2836 doctrinae
3499 2781 3659 2835 laude
3698 2798 3759 2836 ea

510 2884 826 2946 tempestate
868 2874 1121 2935 clarebat,
1152 2870 1905 2939 Constantinopolitanamque
1952 2870 2264 2938 Ecclesiam,
2296 2873 2449 2941 cujus
2477 2889 2505 2927 a
2536 2872 2917 2943 Chrysostomo
2954 2876 3231 2929 ordinatus
3279 2873 3450 2929 fuerat
3478 2872 3753 2939 diaconus,

508 2968 758 3036 singulari
782 2966 955 3021 studio
984 2962 1424 3034 prosequebatur.
1456 2962 1702 3031 Acceptis
1742 2963 1830 3017 ille
1854 2963 2187 3028 tractatibus,
2212 2965 2389 3018 statim
2418 2980 2695 3033 aggressus
2725 2971 2805 3020 est
2846 2980 2982 3035 opus
3012 2966 3262 3019 eximium
3293 2966 3359 3021 de
3386 2967 3757 3024 Incarnatione

507 3063 733 3125 Christi,
770 3076 878 3129 quo
931 3066 1134 3128 septem
1182 3054 1330 3111 libris
1359 3055 1653 3110 confutavit
1692 3055 1934 3110 haeresim
1974 3056 2232 3122 Nestorii,
2274 3058 2367 3112 sed
2409 3059 2572 3112 tacito
2623 3058 2856 3121 nomine,
2888 3073 3009 3111 cum
3047 3058 3221 3113 adhuc
3267 3058 3757 3131 Constantinopoli-

508 3163 687 3206 tanam
732 3151 820 3205 ille
866 3149 1047 3203 sedem
1075 3155 1281 3203 teneret
1315 3164 1327 3199 :
1363 3147 1542 3215 plures
1570 3161 1698 3200 vero
1725 3147 2011 3202 Cassianus
2040 3150 2332 3204 sententias
2360 3149 2412 3202 in
2441 3150 2607 3205 hocce
2636 3166 2797 3219 opere
2824 3151 3031 3216 retulit,
3066 3159 3177 3206 tum
3207 3167 3273 3206 ex
3300 3154 3492 3209 litteris
3528 3155 3756 3210 Nestorii

507 3242 576 3296 ad
606 3238 951 3294 C(Blestinum
976 3276 990 3299 ,
1024 3245 1135 3289 tum
1184 3250 1252 3289 ex
1297 3236 1474 3304 primo
1511 3249 1761 3289 sermone
1796 3236 1862 3289 de
1901 3237 2304 3305 Incarnatione,
2346 3240 2621 3307 alteroque
2661 3242 2915 3295 adversus
2970 3241 3199 3297 Arianos
3237 3252 3291 3297 et
3329 3242 3758 3299 Macedonianos.

576 3332 853 3386 Nestorius
875 3338 1117 3397 tempore
1144 3326 1590 3393 Quadragesimae,
1615 3327 1861 3380 secunda:
1899 3328 2080 3399 Cyl-illi
2110 3331 2348 3398 epistolae
2376 3331 2662 3405 secundam
2692 3340 2747 3385 ct
2776 3332 2888 3401 ipse
2921 3348 3071 3386 suam
3097 3334 3356 3402 reposuit,
3382 3349 3500 3401 qua:
3529 3350 3654 3390 cum
3683 3335 3757 3388 le-

510 3434 724 3493 geretur
752 3423 806 3475 in
831 3421 1058 3476 concilio
1078 3418 1366 3488 Ephesino,
1390 3419 1502 3471 visa
1524 3426 1606 3472 est
1632 3418 1878 3473 Patribus
1899 3421 2175 3475 continere
2203 3421 2498 3475 doctrinam
2527 3423 2801 3477 catholica:
2829 3424 3181 3488 contrariam;
3208 3439 3304 3478 nec
3326 3424 3615 3489 immerito,
3642 3439 3758 3478 cum

509 3515 810 3586 Cyrillianm
848 3511 1093 3566 secunda:
1120 3512 1529 3578 contradiceret,
1561 3527 1679 3580 quae
1708 3512 1913 3564 sincera
1950 3512 2190 3579 quaedam
2218 3521 2332 3565 erat
2362 3511 2481 3566 ﬁdei
2510 3528 2539 3566 a
2568 3512 2861 3583 majoribus
2890 3523 3122 3583 accepta:
3166 3516 3451 3584 expositio.
3485 3514 3758 3569 Nestorius

515 3623 678 3678 porro
707 3615 848 3661 totus
874 3603 1136 3658 incoluit
1173 3619 1292 3658 cum
1322 3604 1597 3669 scriberet,
1630 3613 1688 3657 ut
1715 3605 1967 3673 probaret
2010 3620 2182 3671 neque
2219 3612 2424 3671 natum,
2454 3621 2629 3675 neque
2668 3622 2904 3676 passum,
2938 3624 3109 3676 neque
3137 3619 3405 3663 mortuum
3432 3610 3529 3664 Dei
3574 3609 3760 3662 Filium

518 3700 621 3753 dici
652 3712 838 3768 posse;
872 3696 922 3750 id
952 3702 1129 3749 autem
1156 3696 1477 3749 moliebatur
1503 3712 1611 3750 non
1646 3696 1985 3751 artiﬁciosius
2023 3713 2181 3765 quam
2210 3700 2490 3768 malignius
2515 3718 2527 3753 :
2557 3716 2679 3754 nam
2719 3708 2773 3755 et
2801 3718 2995 3756 nomen
3026 3704 3325 3757 Divinitatis
3364 3704 3639 3773 usurpavit
3667 3719 3759 3772 pro

512 3790 649 3853 Deo,
681 3789 785 3842 hoc
829 3795 931 3851 est,
963 3794 1022 3839 ut
1063 3786 1386 3853 loquuntur,
1418 3786 1741 3840 abstractum
1786 3802 1883 3856 pro
1933 3798 2207 3851 concreto,
2258 3798 2312 3843 et
2340 3791 2641 3845 testimonia
2688 3789 2977 3861 Scriptura:
3026 3792 3250 3846 detorsit
3294 3794 3345 3847 in
3389 3795 3596 3848 alienos
3642 3809 3759 3848 sen-

511 3898 632 3946 sus;
665 3881 895 3949 denique
931 3878 1186 3932 doctrina:
1211 3892 1241 3931 a
1266 3877 1466 3947 Cyrillo
1514 3877 1721 3931 tradita:
1764 3879 1831 3933 de
1873 3878 2251 3946 conjunctione
2288 3890 2597 3935 naturarum
2646 3881 2699 3935 in
2737 3883 2994 3935 unitatem
3042 3882 3360 3952 hypostasis,
3403 3884 3569 3937 verbo
3610 3893 3761 3937 tenus

515 3986 767 4025 assensus
806 3980 906 4035 est,
936 3984 1032 4037 per
1067 3968 1347 4023 subdolum
1385 3967 1531 4021 vocis
1572 3984 1805 4037 persona:
1852 3970 2096 4023 abusum.
2138 3968 2351 4023 Initium
2390 3970 2627 4039 epistola:
2664 3968 2923 4039 ejusmodi
2963 3977 3042 4023 est
3076 3988 3086 4021 :
3122 3969 3351 4041 Iujurias
3381 3971 3761 4024 admirabilium

513 4062 819 4122 litterarum,
862 4067 967 4113 etc.
1724 4054 1739 4059 ’

581 4153 691 4207 Sub
735 4161 1046 4205 autumnum
1077 4149 1375 4218 versipellis
1403 4150 1683 4205 haereticus
1710 4151 1905 4205 iterum
1949 4150 2237 4206 Ctelestino
2264 4168 2416 4221 papm
2462 4153 2643 4207 retulit
2671 4152 2737 4207 de
2758 4152 3162 4220 Pelagianorum
3193 4167 3369 4215 causa,
3400 4152 3513 4218 sed,
3557 4161 3616 4205 ut
3645 4158 3759 4205 erat

512 4246 717 4308 solitus,
740 4244 807 4298 de
835 4245 1007 4298 aliena
1031 4259 1088 4297 re
1116 4243 1293 4296 minus
1319 4256 1478 4310 quam
1502 4242 1569 4296 de
1589 4258 1685 4296 sua
1707 4243 1983 4297 sollicitus.
2010 4243 2237 4297 Litteras
2264 4244 2454 4298 detulit
2472 4245 2715 4298 Valerius
2736 4245 2816 4297 vir
2844 4244 3078 4307 illustris,
3103 4244 3192 4312 qui
3224 4259 3316 4297 sua
3346 4242 3607 4310 dignitate
3628 4256 3763 4311 pon-
3831 4312 3849 4322 α

516 4336 616 4388 dus
638 4336 719 4389 his
744 4335 982 4399 adderet,
1017 4334 1278 4402 ﬁdemque
1301 4333 1519 4397 faceret,
1550 4349 1655 4387 non
1686 4335 1899 4403 scriptis
1929 4344 2132 4388 tantum
2158 4336 2407 4398 Nestorii,
2443 4337 2595 4405 cujus
2622 4345 2736 4391 erat
2762 4335 3099 4389 ﬁdelissimus
3128 4336 3348 4399 amicus,
3373 4335 3467 4388 sed
3508 4336 3573 4388 iis
3605 4336 3764 4389 etiam

516 4439 633 4491 qua:
659 4424 898 4477 dicturus
925 4432 1039 4477 erat
1066 4426 1133 4478 de
1155 4426 1311 4478 rebus
1340 4422 1965 4493 Constantinopolitanis,
1999 4425 2048 4478 id
2082 4432 2182 4489 est,
2209 4424 2275 4479 de
2304 4424 2711 4493 Pelagianorum
2756 4426 2988 4493 querelis
3017 4424 3155 4493 apud
3184 4425 3579 4492 imperatorem,
3613 4434 3667 4478 et
3702 4426 3765 4478 de

516 4513 949 4569 contentionibus
976 4512 1226 4577 Nestorii,
1273 4516 1467 4582 partim
1495 4503 1614 4569 clum
1644 4515 1843 4586 Cyrillo
1871 4516 2121 4583 urbisque
2148 4516 2308 4584 regite
2335 4517 2500 4581 clero,
2532 4517 2726 4586 partim
2755 4532 2874 4571 cum
2916 4517 3033 4571 aliis
3068 4516 3231 4585 ipsius
3258 4515 3497 4569 doctrina
3527 4516 3761 4570 olfensis.

519 4601 770 4672 Epistolas
798 4601 1073 4655 exordium
1103 4610 1184 4655 est
1209 4620 1219 4653 :
1254 4602 1405 4672 Saepe
1431 4606 1613 4673 scripsi
1642 4604 1940 4659 beatitudini
1964 4615 2063 4659 tua:
2090 4616 2295 4676 prapter
2320 4605 2608 4671 Iulianum,
2642 4605 2930 4673 Orontium,
2955 4619 3002 4661 et
3023 4617 3254 4671 crateras,
3283 4608 3368 4677 qui
3390 4606 3485 4659 sibi
3513 4616 3767 4678 usurpant

518 4696 857 4766 episcopalem
878 4693 1197 4763 dignitatem,
1223 4700 1327 4746 etc.

585 4788 816 4859 Cyr-illus
834 4800 958 4839 cum
977 4785 1177 4851 legeret
1197 4784 1483 4838 secundam
1514 4785 1739 4839 Nestorii
1766 4787 2066 4856 epistolam,
2097 4789 2349 4843 attentius
2370 4790 2651 4859 perpendit
2679 4798 2917 4845 extrema
2948 4791 3059 4844 hzec
3081 4790 3241 4843 verba
3274 4807 3285 4840 :
3322 4786 3449 4851 Qua:
3489 4788 3559 4839 ad
3589 4785 3765 4841 Eccle-

520 4881 648 4933 sium
675 4887 906 4932 nostram
935 4877 1206 4946 pertinent,
1231 4876 1455 4945 quotidie
1482 4887 1733 4946 augentur
1761 4878 1813 4930 in
1846 4879 2055 4942 melius;
2080 4889 2128 4932 et
2155 4896 2268 4950 qua:
2297 4881 2365 4932 ad
2398 4881 2611 4950 plebem,
2646 4883 2842 4934 noveris
2872 4883 2924 4934 in
2955 4882 3202 4951 majorem
3228 4882 3511 4949 profectum
3542 4880 3765 4943 extendi,

523 4988 613 5040 per
641 4970 861 5039 gratiam
883 4965 1092 5028 Christi,
1116 4967 1167 5018 in
1191 4974 1406 5026 tantum,
1436 4976 1492 5018 ut
1514 4968 1782 5019 multitudo
1804 4969 1914 5021 hare
1942 4968 2141 5022 roribus
2170 4972 2429 5040 propheta:
2467 4972 2687 5025 clamet:
2718 4971 3058 5025 Rancntrun
3088 4986 3259 5024 TERRA
3290 4986 3525 5023 scrcnru
3560 4970 3765 5035 Domni,

522 5076 669 5114 suzur
717 5074 851 5120 ΑρυΑ
884 5073 1061 5110 ιιυιτΑ
1093 5070 1412 5109 εοορειιιεδε
1441 5072 1620 5109 manu.
1652 5055 1870 5111 Noveris
1896 5068 1946 5111 et
1966 5061 2085 5130 regit

2205 5062 2383 5113 lomum
2413 5062 2690 5115 dilucidato
2712 5063 2946 5131 dogmate
2965 5064 3017 5114 in
3050 5078 3235 5131 magno
3258 5061 3444 5131 gaudio
3475 5062 3696 5131 degere;
3726 5071 3768 5113 et

523 5158 577 5200 ut
602 5148 803 5217 pagina:
835 5147 989 5215 finem
1018 5146 1227 5216 faciam,
1261 5145 1404 5198 illam
1434 5146 1496 5198 de
1521 5146 1774 5209 Ecclesia,
1806 5164 1919 5218 qua:
1958 5150 2095 5218 apud
2144 5166 2234 5203 nos
2259 5161 2353 5211 est,
2384 5168 2534 5220 super
2574 5151 2804 5203 omnibus
2854 5151 3149 5213 Itarcsibus,
3182 5168 3293 5221 qua’
3321 5152 3562 5204 adversus
3609 5151 3770 5205 Deum

524 5239 744 5307 litigant,
772 5253 942 5290 vocem
988 5236 1100 5289 vide
1130 5236 1327 5306 impleri
1363 5253 1381 5289 :
1411 5236 1534 5291 Ian
1564 5253 1735 5292 nouus
1786 5238 1957 5303 SAUL,
1997 5255 2065 5292 sr
2102 5255 2517 5307 INFIRHABATL‘R;
2560 5258 2678 5295 mn
2734 5256 2905 5296 nouus
2962 5243 3162 5303 stm,
3207 5259 3273 5295 ετ
3324 5258 3769 5299 CONFORTABATUI

525 5324 602 5396 (II
630 5324 756 5395 Reg.
788 5342 864 5389 ιιι,
897 5329 915 5379 i
946 5325 987 5393 ).

519 5406 524 5412 ’
593 5410 727 5466 Cum
756 5412 869 5467 hare
894 5427 1023 5467 vero
1053 5412 1307 5466 attentius
1346 5413 1733 5483 perpendisset,
1767 5416 1929 5468 immo
1978 5415 2048 5468 ita
2079 5430 2135 5469 se
2180 5431 2293 5469 rem
2322 5417 2539 5480 habere,
2572 5426 2731 5486 atque
2759 5419 3043 5487 scripserat
3072 5419 3364 5477 Nestorius.
3392 5421 3664 5476 didicisset
3710 5437 3772 5494 ex

521 5502 652 5569 suis,
677 5502 1005 5572 intepescere
1025 5504 1227 5559 scilicet
1254 5504 1487 5559 ﬁdelium
1509 5506 1775 5570 ardorem,
1801 5505 2346 5575 Nestorianorumque
2368 5510 2574 5565 animos
2602 5511 2840 5573 accendi,
2867 5511 3223 5567 invalcsecnte
3253 5522 3305 5565 In
3334 5513 3449 5566 dies
3471 5514 3609 5583 apud
3639 5514 3774 5565 mul~

522 5604 608 5651 tos
634 5596 905 5666 Opinione,
932 5597 1076 5666 quod
1121 5596 1189 5651 de
1216 5596 1467 5665 dogmate
1512 5599 1736 5666 quaestio
1766 5614 1873 5653 non
1902 5608 2063 5664 esset,
2096 5598 2190 5653 sed
2220 5598 2287 5653 de
2333 5602 2487 5654 unica
2532 5609 2738 5654 tantum
2764 5602 2988 5664 vocula;
3037 5603 3239 5657 veritus
3268 5612 3348 5657 est
3378 5602 3498 5656 ﬁdei
3528 5602 3779 5658 defensor

520 5689 782 5758 egregius,
815 5704 882 5744 ne
909 5689 1055 5744 vafer
1096 5690 1395 5756 haereticus,
1426 5698 1481 5744 et
1519 5705 1728 5745 summo
1755 5689 1993 5760 pontiﬁci
2023 5704 2120 5761 per
2147 5690 2372 5757 litteras,
2397 5701 2452 5746 et
2478 5691 2786 5761 imperatori
2815 5693 3024 5748 blandis
3051 5694 3405 5756 sermonibus.
3437 5704 3492 5750 et
3520 5693 3642 5749 aliis
3672 5693 3772 5749 Ec-
