3958 6178
458 297 564 352 715
954 299 1319 354 PRIEFATIO
1358 301 1422 355 IN
1460 299 1824 355 SECUNDAM
1865 299 2139 355 PARTEM
2179 302 2456 358 OPERUM
2499 303 2688 358 MAR]!
2730 305 3186 363 BERCATORIS.
3585 310 3694 364 7I6

453 413 969 483 Constantinopolim
1011 411 1205 465 afferri.
1246 412 1488 480 Ignotum
1528 412 1653 480 quid
1684 413 2021 482 responderit
2058 415 2369 477 Nestorius,
2400 418 2747 485 pertinaciter
2790 418 2843 471 in
2874 422 3137 473 sententia
3186 422 3437 475 mansisse
3478 432 3705 477 eventus

455 504 655 558 docuit.

524 595 739 648 Interim
766 593 819 647 in
849 593 1080 663 .IEgypto
1108 594 1391 649 concilium
1419 592 1648 665 Cyrillus
1674 596 1849 662 coegit
1872 610 1940 649 ex
1972 597 2216 649 universa
2245 596 2493 660 dioecesi,
2527 608 2847 668 quamquam
2892 600 3213 653 ordinariam
3247 615 3344 669 par
3367 608 3448 654 est
3469 603 3704 670 Opinari,

448 701 567 755 qua:
590 686 728 739 circa
776 686 1017 738 autumni
1067 694 1276 755 tempus
1321 686 1608 740 haberetur
1654 703 1721 741 ex
1766 687 1980 743 Niczeno
2010 689 2337 757 praescripto.
2380 689 2505 743 Inde
2532 690 2838 760 synodicam
2865 692 3007 745 misit
3037 692 3302 756 Nestorio,
3333 706 3437 758 qua
3457 693 3708 747 contine—

448 783 633 831 rentur
654 777 773 839 tria,
807 775 927 831 ﬁdei
955 777 1242 846 expositio,
1274 777 1557 832 duodecim
1584 779 2011 833 anathematismi
2043 779 2443 853 subscribendi,
2488 786 2543 833 et
2581 779 2913 835 denuntiatio
2951 783 3231 836 sententi-.e
3270 797 3299 835 a
3325 796 3534 835 summo
3565 798 3711 851 pon-

448 865 587 920 tiﬁce
614 864 903 921 Caelestino
932 868 1073 921 latae.
1112 866 1323 921 Initium
1348 876 1428 921 est
1453 886 1463 920 :
1494 867 1706 921 Dicente
1729 867 1997 923 Saluatore
2018 878 2211 932 nostro,
2243 876 2346 922 etc.
2390 867 2573 935 Legati
2609 878 2733 923 sunt
2759 884 2789 922 a
2818 870 3022 940 synodo
3052 871 3288 939 episcopi
3325 879 3576 936 quatuor,
3612 870 3710 937 qui

446 954 652 1009 litteras
679 954 956 1010 leestini
998 963 1052 1010 et
1098 956 1404 1026 synodicam
1443 956 1633 1010 darent
1677 956 1943 1021 Nestorio,
1989 956 2406 1025 Theopemptus,
2459 957 2671 1022 Daniel,
2718 955 2979 1011 Potamon
3017 968 3072 1012 et
3100 958 3390 1021 Macarius,
3422 973 3582 1026 quem
3612 958 3710 1011 alii

445 1061 728 1116 perperam
756 1046 1060 1101 Comarium
1089 1054 1299 1101 vocant.
1374 1047 1531 1101 Latet
1569 1062 1654 1101 me
1704 1062 1864 1115 porro
1894 1061 2055 1102 causa
2084 1063 2180 1101 cur
2207 1046 2469 1101 Baronius
2495 1046 2631 1101 duos
2667 1053 2870 1101 tantum
2907 1049 3204 1115 legatorum
3234 1049 3513 1117 episcopos
3539 1048 3708 1102 faciat

446 1139 871 1211 Theopemptum
901 1150 956 1195 et
981 1140 1282 1203 Danielem,
1326 1138 1673 1194 Potamonem
1712 1154 1840 1194 vero
1882 1146 1937 1193 et
1979 1138 2267 1194 Macarium
2297 1139 2349 1191 in
2379 1138 2620 1192 ordinem
2654 1139 3019 1193 ministrorum
3049 1139 3418 1194 Alexandrina:
3446 1139 3705 1195 Ecclesia:

446 1232 670 1300 redigat.
714 1233 962 1301 Tempus,
1008 1247 1115 1299 quo
1161 1231 1284 1285 data
1332 1238 1413 1285 est
1458 1230 1745 1301 synodica,
1798 1238 1958 1299 atque
2000 1230 2133 1283 adeo
2174 1228 2409 1297 synodus
2438 1228 2655 1293 habita,
2701 1229 2755 1282 in
2783 1238 2962 1284 vetere
2989 1231 3349 1299 manuscripto
3376 1230 3701 1294 invenimus,

448 1341 639 1395 nempe
668 1324 809 1379 diem
838 1325 1054 1378 tertium
1080 1322 1413 1379 Novembris.

516 1419 648 1473 Cum
679 1417 931 1488 synodica
959 1416 1175 1470 directa“:
1204 1423 1329 1469 sunt
1350 1414 1465 1468 alia:
1495 1413 1612 1467 dure
1642 1428 1669 1466 a
1699 1412 1897 1483 Cyrillo
1920 1414 2145 1477 litterae,
2177 1413 2242 1467 ad
2271 1414 2470 1467 clerum
2518 1427 2708 1482 nempe
2756 1420 2811 1467 et
2856 1413 3296 1467 archimandritas
3325 1413 3472 1467 urbis
3510 1415 3697 1480 regias,

446 1508 638 1575 quibus
666 1505 732 1558 de
760 1519 819 1558 re
848 1511 959 1556 tota
988 1502 1326 1567 docerentur,
1359 1510 1412 1556 et
1440 1502 1595 1554 simul
1626 1500 2081 1553 inﬂammarentur
2102 1501 2167 1554 ad
2194 1500 2442 1554 tuendam
2498 1499 2673 1565 ﬁdem,
2702 1501 3262 1569 perseverandumque
3290 1501 3343 1555 in
3370 1504 3696 1567 constantia,

446 1606 499 1654 et
521 1599 733 1652 interim
762 1594 1257 1651 communicandum
1285 1596 1350 1648 iis
1378 1609 1513 1663 quos
1540 1594 1721 1661 inique
1749 1592 2026 1646 Nestorius
2054 1607 2084 1645 a
2114 1600 2258 1648 cmtu
2282 1591 2513 1646 ﬁdelium
2542 1592 2881 1660 sejunxisset.

514 1689 732 1743 Interim
760 1687 1054 1751 Nestorius,
1105 1702 1227 1741 cum
1272 1688 1504 1755 acceptis
1547 1702 1576 1739 a
1618 1685 1823 1740 Joanne
1851 1686 2071 1749 litteris,
2120 1686 2313 1753 quibus
2341 1693 2671 1751 moneretur,
2702 1686 2937 1754 visisque
2965 1686 3225 1754 exemplis
3245 1692 3357 1739 tum
3384 1687 3696 1755 apostolicus

443 1780 759 1841 sententias,
809 1784 924 1831 tum
965 1777 1313 1846 epistolarum
1359 1775 1630 1830 leestini
1678 1783 1731 1829 et
1778 1773 1960 1845 Cyrilli
2005 1775 2071 1829 ad
2108 1775 2401 1842 Joannem,
2440 1775 2761 1842 intelligeret
2793 1782 2992 1841 quanta
3035 1788 3133 1827 suo
3169 1774 3331 1842 capiti
3360 1774 3697 1842 impenderet

444 1878 735 1941 tempestas
760 1911 773 1933 ,
804 1884 903 1924 nec
932 1884 1050 1923 eam
1079 1877 1255 1921 tamen
1278 1868 1437 1921 vellet
1466 1882 1573 1936 prce
1604 1866 1768 1919 animi
1799 1866 2113 1934 impotentia
2144 1875 2403 1930 avertere,
2428 1881 2537 1934 qua
2578 1880 2683 1918 una
2714 1864 2921 1919 ratione
2948 1862 3028 1916 fas
3055 1872 3190 1927 erat,
3224 1864 3417 1918 idonea
3446 1864 3693 1917 nimirum

444 1966 827 2020 retractatione
874 1964 1156 2028 dictorum,
1204 1971 1258 2017 et
1305 1962 1517 2031 publica
1561 1958 1805 2018 Θεοτόκου
1855 1960 2227 2026 confessione,
2278 1959 2483 2013 vocatis
2527 1960 2580 2012 in
2625 1957 2905 2012 consilium
2952 1956 3168 2019 amicis,
3212 1955 3694 2011 autadulatorihus

443 2056 641 2124 potius,
668 2053 813 2123 quod
840 2053 1178 2122 postmodum
1205 2053 1318 2122 ipse
1344 2058 1563 2119 questus
1589 2061 1699 2115 est,
1732 2052 1956 2106 tentavit
1984 2053 2037 2105 in
2077 2060 2238 2121 caput
2263 2049 2443 2121 Cyrilli
2470 2050 2758 2119 procellam
2787 2057 3122 2103 convertere.
3162 2046 3337 2112 Quare
3365 2063 3485 2102 cum
3516 2048 3688 2116 ipsum

445 2142 589 2212 apud
636 2139 1034 2207 Theodosium,
1084 2149 1196 2195 tum
1241 2141 1532 2208 impietatis
1580 2142 1632 2195 in
1681 2141 1875 2204 Deum,
1918 2147 2032 2193 tum
2073 2132 2309 2195 criminis
2348 2139 2399 2192 in
2432 2139 2813 2208 imperatorem
2849 2144 3184 2201 accusasset,
3217 2137 3369 2205 petiit
3395 2138 3685 2191 convocari

441 2233 691 2301 generale
728 2234 1044 2297 concilium,
1089 2232 1276 2300 inquo
1310 2231 1566 2299 julicinm
1604 2231 1669 2284 de
1704 2246 1797 2284 reo
1839 2231 2222 2284 institueretur.
2276 2229 2334 2284 Id
2370 2245 2497 2284 vero
2538 2228 2736 2283 factum
2773 2238 2962 2298 postea
3026 2228 3232 2282 doluit:
3264 2228 3513 2297 sperabat
3542 2228 3684 2282 enim

442 2320 559 2377 fore
587 2331 645 2377 ut
672 2324 773 2378 hac
798 2324 1006 2378 ratione
1032 2322 1288 2377 retineret
1315 2331 1369 2376 et
1396 2322 1547 2390 quasi
1572 2322 1919 2390 suspenderat
1945 2323 2222 2376 sententiae
2250 2322 2557 2390 apostolica:
2588 2322 2749 2376 ictum
2774 2362 2788 2386 ,
2829 2321 3000 2375 donec
3026 2321 3314 2375 haberetur
3341 2321 3603 2390 synodus,
3636 2323 3686 2374 in

441 2427 545 2483 qua
566 2423 746 2483 posset
764 2415 1017 2469 comitum
1044 2414 1300 2482 potentia,
1326 2404 1380 2467 et
1408 2412 1861 2466 Antiochenorum
1890 2426 2217 2479 suorumque
2245 2411 2583 2466 multitudine
2623 2410 2880 2481 Cyrillum
2927 2410 3083 2464 facile
3123 2425 3244 2464 cum
3282 2410 3392 2463 suis
3422 2408 3687 2480 IEgyptiis

442 2508 765 2576 opprimere.
805 2506 971 2561 Secus
1019 2506 1210 2561 accidit
1255 2515 1375 2574 post
1420 2504 1613 2557 multas
1639 2518 1817 2557 rerum
1856 2505 2327 2566 commutationes,
2361 2503 2470 2557 Deo
2499 2510 2687 2557 cuncta
2712 2502 2765 2555 in
2794 2502 2985 2557 melius
3012 2510 3275 2555 vertente.
3315 2500 3537 2555 Crimini
3565 2517 3685 2555 ver-

441 2598 591 2652 tebat
625 2596 823 2666 Cyrillo
856 2596 1001 2664 quod
1040 2596 1105 2650 ad
1146 2594 1477 2649 Pulcheriam
1514 2600 1568 2647 et
1604 2607 1817 2647 sorores
1848 2592 2041 2646 librum
2082 2593 2403 2660 singularem
2430 2592 2496 2648 de
2523 2602 2670 2656 recta
2697 2592 2799 2648 ﬁde
2823 2593 3074 2655 misisset,
3108 2608 3217 2647 non
3245 2600 3531 2647 contentus
3557 2592 3686 2647 scri-

440 2687 612 2757 psisse
649 2686 838 2740 eodem
879 2693 1193 2752 argumento
1236 2685 1303 2738 ad
1345 2683 1734 2749 Theodosium,
1774 2684 1925 2751 quasi
1966 2683 2213 2752 Augusta:
2240 2684 2464 2751 gratiam
2501 2691 2740 2753 captaret
2762 2685 3016 2739 adversus
3041 2686 3421 2753 imperatorem
3446 2682 3683 2747 fratrem,

441 2779 525 2833 cui
554 2778 753 2831 sororis
770 2777 1017 2846 potentia
1046 2783 1282 2845 cmperat
1310 2790 1429 2832 esse
1458 2776 1737 2841 invidiosa,
1770 2784 1823 2829 et
1850 2775 2019 2829 videri
2040 2776 2191 2844 quasi
2215 2776 2417 2845 jngum,
2451 2777 2595 2846 quod
2624 2792 2904 2833 excussum
2933 2778 3113 2831 vellet.

514 2868 849 2923 Theodosius
878 2867 1107 2922 Nestorii
1129 2868 1379 2923 instinctu
1410 2869 1657 2937 generale
1680 2869 1963 2924 concilium
1990 2868 2207 2936 indixit,
2244 2880 2403 2939 atque
2424 2887 2490 2926 ex
2524 2872 2782 2925 universis
2804 2871 3118 2925 dimcesibus
3147 2872 3426 2940 episcopos
3452 2872 3519 2926 ad
3546 2850 3685 2926 diem

440 2960 786 3016 Pentecostes
821 2963 1091 3030 sequentis
1128 2963 1252 3016 anni
1294 2962 1563 3032 Ephesum
1601 2965 1837 3037 vocavit,
1882 2963 2056 3017 missis
2086 2963 2153 3016 ad
2180 2962 2442 3029 majorum
2477 2962 2680 3017 sedium
2716 2962 3000 3025 antistites,
3033 2963 3380 3017 Caelestinum
3409 2963 3680 3025 Romana,

442 3047 638 3103 Rufum
667 3049 1153 3105 Thessalonicensis
1174 3089 1188 3114 ,
1239 3050 1496 3121 Cyrillum
1539 3052 1909 3105 Alexandrinae
1928 3090 1942 3113 ,
1974 3051 2233 3105 Joannem
2272 3050 2614 3106 Antiochena:
2638 3093 2652 3117 ,
2683 3050 2993 3105 Iuvenalem
3022 3051 3548 3123 Ilicrosolymitanze,
3583 3050 3683 3105 Ca-

439 3141 679 3211 preolum
724 3140 1193 3209 Carthaginensis,
1244 3142 1455 3196 litteris.
1500 3141 1567 3195 Ut
1613 3150 1789 3195 autem
1832 3142 2098 3209 singulos,
2151 3143 2267 3195 sine
2313 3143 2656 3196 excusatione
2694 3141 2778 3195 vel
2803 3156 2981 3206 mora,
3014 3157 3131 3197 cum
3160 3141 3268 3195 suis
3297 3156 3433 3209 quos
3462 3142 3684 3196 idoneos

439 3233 656 3299 scirent,
688 3234 868 3288 venire
885 3232 1061 3301 jussit,
1094 3234 1165 3286 ita
1192 3234 1359 3287 vetuit
1384 3251 1447 3286 ne
1471 3233 1578 3285 ulla
1602 3233 1803 3285 interim
1828 3243 1946 3286 ante
1974 3242 2203 3286 coactam
2238 3230 2506 3300 synodum,
2532 3247 2939 3301 communemque
2965 3231 3210 3300 ejusdem,
3238 3248 3349 3302 qua:
3368 3233 3430 3285 de
3454 3234 3684 3286 onmibus

440 3324 614 3378 danda
634 3333 780 3389 esset,
805 3326 1127 3386 sententiam,
1157 3325 1300 3389 ﬁeret
1326 3325 1565 3394 privatim
1594 3340 1625 3375 a
1651 3323 2041 3393 quibuscumque
2060 3322 2339 3375 innovatio.
2381 3320 2705 3375 Consulcbat
2742 3321 2947 3375 scilicet
2986 3321 3233 3375 Nestorio
3251 3362 3266 3387 ,
3298 3336 3457 3389 quem
3486 3322 3685 3391 alioqui

440 3418 703 3472 sententia
731 3417 872 3471 sedis
901 3416 1208 3485 apostolicae
1229 3416 1295 3469 de
1322 3431 1417 3469 suo
1446 3415 1583 3469 solio
1613 3422 1727 3468 erat
1757 3414 2045 3484 dejectura.
2089 3415 2280 3468 Datum
2309 3422 2390 3468 est
2422 3413 2654 3469 edictum
2679 3414 3142 3485 Constantinopoli
3172 3433 3264 3471 xm
3294 3416 3398 3471 kal.
3430 3417 3682 3473 Decemb.

440 3510 743 3565 Theodosio
772 3525 863 3563 xm
892 3516 947 3562 et
974 3507 1346 3561 Valentiniano
1374 3524 1430 3560 ιιι
1460 3506 1570 3559 AA.
1602 3504 1705 3560 CC.

510 3600 840 3654 Evocatorire
868 3599 1137 3654 communi
1166 3598 1231 3652 ad
1252 3597 1511 3668 Cyrillum
1534 3598 1709 3651 missae
1738 3598 1981 3653 comitari
2009 3597 2177 3652 voluit
2198 3598 2488 3667 imperator
2516 3598 2750 3667 privatas
2771 3597 2991 3664 litteras,
3015 3599 3207 3667 quibus
3227 3599 3684 3669 perturbationem

439 3688 705 3754 Ecclesia,
758 3698 1016 3744 tentatam
1054 3690 1302 3758 Augustin
1345 3688 1534 3743 domus
1574 3688 1916 3751 concordiam
1940 3730 1953 3754 ,
2004 3689 2270 3743 curiosam
2315 3703 2495 3742 rerum
2542 3688 2837 3743 alienarum
2867 3689 3264 3757 inquisitionem
3289 3730 3303 3755 ,
3336 3690 3683 3759 impotentem

443 3781 753 3835 dominandi
780 3781 1147 3850 cupiditatem,
1181 3781 1426 3836 acerbam
1456 3781 1918 3848 ineonsultamque
1948 3780 2138 3847 agendi
2167 3781 2426 3835 rationem
2445 3823 2459 3845 ,
2503 3781 2713 3849 aliaque
2740 3781 2937 3849 objecit
2958 3797 3064 3836 non
3092 3781 3267 3834 minus
3294 3782 3505 3849 gravia;
3537 3797 3684 3837 com-

441 3872 690 3935 minatus,
720 3872 766 3927 si
795 3882 1040 3941 pergeret
1066 3873 1206 3927 ciere
1236 3874 1435 3935 turbas,
1468 3879 1525 3926 ut
1555 3873 1687 3926 iram
1716 3873 2051 3941 experiretur
2077 3874 2348 3942 principis,
2381 3874 2531 3941 cujus
2559 3875 2933 3929 benevolentia
2964 3876 3160 3928 abusus
3189 3882 3350 3928 esset.

510 3962 737 4034 Cyrillus
765 3963 986 4031 objectis
1014 3964 1322 4018 criminibus
1349 3980 1455 4017 non
1500 3964 1646 4033 prius
1684 3979 1741 4017 se
1779 3964 2110 4033 purgandum
2148 3966 2286 4033 apud
2316 3966 2671 4020 Theodosium
2700 3967 2953 4033 credidit,
2996 3982 3157 4035 quam
3185 3965 3417 4036 synodus
3445 3964 3682 4019 absoluta

441 4063 601 4120 esset,
634 4063 694 4109 ut
718 4069 786 4109 ne
810 4054 1101 4119 videretur,
1133 4061 1224 4108 aut
1251 4054 1462 4109 veniam
1488 4053 1762 4122 deprecari
1792 4061 1883 4107 aut
1906 4053 2164 4121 judicium
2192 4056 2479 4109 declinare.
2520 4056 2577 4110 Id
2608 4072 2767 4126 porro
2790 4057 2933 4125 quod
2960 4057 3026 4111 de
3053 4057 3345 4125 cupiditate
3376 4055 3682 4109 dominandi

442 4149 711 4217 objectum
739 4154 821 4201 est
849 4146 915 4200 ab
942 4146 1264 4215 imperatore
1282 4185 1295 4209 ,
1338 4145 1518 4199 nescio
1559 4159 1665 4212 quo
1695 4151 1851 4213 pacto
1882 4144 2255 4199 Alexandrinis
2283 4145 2393 4201 fere
2422 4149 2668 4203 omnibus
2697 4149 2958 4219 episcopis
2986 4148 3267 4202 adhzeserit
3293 4166 3304 4199 :
3338 4162 3462 4200 nam
3492 4156 3547 4200 et
3576 4148 3685 4215 ipse

442 4242 762 4299 Athanasius
788 4239 928 4309 apud
953 4238 1363 4294 Constantinum
1393 4238 1690 4307 postulatus
1716 4245 1795 4291 est
1823 4244 2086 4307 usurpatae
2124 4239 2176 4293 in
2207 4237 2495 4310 Egyptum
2533 4240 2681 4295 ιιιίοω
2707 4241 3016 4310 potestatis,
3050 4246 3102 4293 et
3140 4240 3389 4293 Socrates
3415 4238 3483 4292 de
3513 4238 3673 4292 Theo-

441 4333 589 4402 philo
616 4332 837 4400 ipsoque
861 4330 1022 4383 etiam
1058 4328 1256 4400 Cyrillo
1286 4328 1396 4383 haec
1410 4328 1598 4382 habet:
1626 4326 1752 4380 Post
1772 4337 1982 4381 mortem
2014 4328 2279 4399 Theophili
2306 4329 2377 4399 Cy
2389 4330 2531 4383 rillus
2553 4332 2607 4383 in
2638 4331 2753 4383 sede
2781 4330 3056 4401 episcopali
3083 4330 3685 4398 collocatus,episcopatu

441 4423 629 4491 potitus
657 4426 751 4481 est,
786 4418 1123 4486 majoremque
1149 4420 1509 4489 principatum,
1535 4434 1685 4489 quam
1713 4433 1953 4488 umquam
1983 4416 2290 4488 Theophilus
2317 4419 2591 4485 habuisset,
2617 4422 2810 4490 pariter
2839 4419 2935 4473 sibi
2967 4421 3255 4489 assumpsit.
3281 4416 3483 4471 Etenim
3505 4434 3571 4470 ex
3600 4414 3685 4469 iilo

440 4519 662 4577 tempore
685 4506 947 4575 episcopus
969 4506 1366 4571 Alexandrinus,
1384 4517 1569 4577 prwter
1582 4508 1716 4560 sacri
1738 4507 1859 4560 cieri
1883 4507 2218 4570 dominatum,
2238 4526 2407 4562 rerum
2427 4520 2671 4580 prwterea
2689 4510 3012 4564 sacularium
3034 4510 3374 4583 principatum
3396 4509 3669 4578 acquisivit.

513 4595 760 4651 Edictum
804 4594 1143 4663 imperatoris
1185 4598 1455 4664 prmvertit
1499 4597 1793 4660 Nestorius,
1842 4597 1952 4651 suis
1999 4598 2065 4651 ad
2104 4596 2451 4655 Caelestinum
2492 4602 2708 4665 litteris,
2758 4602 2951 4669 quibus
2988 4599 3244 4672 Cyrillum
3271 4607 3326 4654 et
3346 4601 3669 4669 perstrinxit,

440 4689 595 4759 quasi
624 4686 764 4743 maIe
791 4687 893 4742 sibi
920 4687 1164 4743 conscius
1194 4695 1452 4741 metueret
1479 4687 1669 4758 synodi
1698 4688 1764 4742 de
1808 4690 1999 4744 libellis
2042 4691 2093 4745 in
2135 4706 2192 4748 se
2229 4692 2419 4746 oblatis
2442 4691 2731 4760 judicium;
2761 4700 2815 4747 et
2844 4693 3111 4747 accusavit
3137 4691 3380 4759 malignas
3407 4689 3671 4757 cujusdam

439 4781 914 4849 tergiversationis,
946 4792 1277 4845 morosaeque
1306 4778 1691 4846 inconstantiae,
1720 4796 1822 4848 qua
1850 4796 1976 4835 mox
2001 4797 2186 4836 vocem
2212 4785 2528 4856 Χριστοτόκῳ
2552 4784 2825 4851 rejiceret,
2845 4783 3002 4837 modo
3032 4782 3098 4836 ad
3122 4782 3327 4836 libitum
3355 4781 3675 4836 admitteret,

444 4872 743 4927 Artiﬁciosa
771 4879 955 4942 postea
981 4867 1287 4939 pontiﬁcem
1311 4869 1571 4935 hortatur,
1622 4872 1689 4924 ad
1729 4885 2007 4941 componet

2117 4889 2149 4926 n
2190 4874 2334 4928 litem
2372 4874 2509 4928 inter
2537 4874 2854 4929 dimicantes
2882 4875 2948 4929 de
2976 4875 3195 4945 Θεοτόκῳ
3225 4882 3279 4927 et
3307 4875 3680 4949 ἀνθρωποτόκῳ

442 4974 639 5035 partes,
667 4966 923 5034 jubendo,
956 4962 1207 5030 singulas,
1240 4961 1446 5028 ahjecta
1476 4977 1570 5015 sua
1594 4963 1679 5015 illa
1708 4978 1828 5030 qua:
1854 4979 2044 5031 purum
2074 4965 2236 5018 Deum
2261 4965 2339 5017 vel
2373 4979 2562 5033 purum
2588 4965 2859 5018 hominem
2882 4962 3182 5032 significare
3211 4971 3391 5032 posset
3410 4976 3577 5026 voce,
3612 4961 3684 5013 uti

437 5060 620 5125 tertia,
669 5057 1003 5134 Χριστοτὸκῳ,
1051 5069 1169 5123 qua:
1209 5053 1481 5121 utriusque
1528 5054 1746 5108 alterius
1792 5055 1897 5107 vim
1943 5056 1995 5107 in
2041 5070 2098 5108 se
2143 5056 2476 5121 conjunctam
2515 5056 2727 5110 habeat.
2780 5056 3014 5123 Denique
3045 5054 3350 5109 indictama
3380 5052 3684 5107 Theodosio

440 5146 743 5215 generalem
782 5145 1043 5215 synodum
1081 5152 1280 5208 monet,
1323 5143 1479 5211 idque
1516 5144 1723 5209 callide,
1769 5145 1909 5198 velut
1947 5145 2205 5198 insultans
2243 5144 2500 5212 pontiﬁci,
2543 5147 2612 5200 ob
2649 5146 2970 5200 declinatam
3009 5145 3175 5213 ipsius
3212 5143 3555 5197 sententiam.

510 5237 680 5303 Quem
720 5252 849 5291 vero
896 5244 1093 5289 metum
1142 5234 1425 5304 attingebat
1469 5233 1702 5305 Cyrillo,
1744 5243 2063 5305 conceperat
2106 5236 2159 5289 in
2202 5248 2260 5288 se
2298 5235 2412 5304 ipse
2447 5237 2745 5303 ingentem,
2789 5244 3007 5305 propter
3035 5232 3451 5297 conscientiam;
3484 5245 3584 5285 nec
3612 5231 3681 5283 ita

440 5331 718 5385 continere
761 5329 971 5398 potuit.
1020 5336 1506 5398 quantumcumque
1556 5308 1829 5381 obnitente
1873 5328 2153 5397 superbia,
2205 5330 2332 5398 quin
2380 5328 2630 5396 proderet
2676 5326 2930 5381 leestio
2996 5325 3401 5391 Pelagianarum
3452 5323 3679 5391 partium

439 5422 668 5487 ductori,
700 5422 849 5491 cujus
871 5421 1128 5484 dolorem,
1158 5420 1226 5474 ob
1255 5418 1499 5473 exsilium
1524 5433 1553 5471 a
1584 5417 1891 5472 Theodosio
1920 5418 2266 5488 imperatum,
2317 5417 2601 5471 consolans
2637 5416 2884 5486 exemplo
2915 5422 3223 5469 sanctorum
3252 5412 3678 5481 persecutionem

442 5527 757 5582 passorum,
808 5512 994 5567 eodem
1041 5510 1285 5579 exemplo
1337 5510 1520 5564 scribit
1557 5524 1615 5563 se
1661 5510 1986 5573 sustentari,
2038 5511 2290 5564 adversus
2328 5510 2660 5577 ingruentem
2708 5508 2969 5561 malorum
3015 5506 3304 5579 procellam
3343 5522 3355 5555 :
3398 5503 3673 5574 Siquidem,

440 5605 628 5671 inquit,
655 5606 883 5673 epistola!
911 5606 1079 5658 missa!
1108 5602 1354 5673 episcopis
1384 5621 1415 5655 a
1444 5601 1658 5657 concilio
1685 5599 1991 5667 Occidentis,
2027 5615 2074 5657 et
2103 5603 2164 5657 ab
2194 5602 2541 5657 Alexandrino
2570 5603 2741 5657 multis
2772 5602 3047 5671 rcscriptis,
3083 5608 3311 5653 nostram
3340 5597 3486 5651 nobis
3508 5607 3672 5649 notam

438 5699 601 5753 facere
625 5699 945 5757 sententiam,
976 5708 1075 5752 etc.
