3958 6178
283 278 385 333 717
790 277 1154 336 ΡΜΞΕΑΉΟ
1194 283 1258 338 l.\'
1298 280 1663 338 SECUNDAM
1707 270 1984 336 PARTEM
2028 269 2311 338 OPERUM
2355 283 2544 339 MAR"
2586 283 3048 343 MLBCATORIS.
3441 291 3543 345 718

351 389 478 440 [lum
509 389 618 442 lnee
647 401 904 457 geruntur
930 392 1412 464 Constantinopoli,
1444 411 1508 448 eo
1556 394 1876 467 appulerunt
1904 393 2140 462 episcopi
2173 410 2199 444 ει
2252 393 2456 463 synodo
2487 390 2841 448 Alexandrina
2874 395 3039 460 missi,
3073 397 3382 466 litterasque
3409 413 3542 468 apo.

275 481 491 535 stolicas
523 480 797 536 leestini
828 500 977 554 papa:
1007 493 1061 539 et
1098 488 1380 556 synodieas
1406 486 1588 556 Cyrilli
1633 487 1748 554 ejus
1775 487 1980 548 vicarii,
2018 485 2264 540 Nestorio
2303 486 2388 541 die
2419 488 2696 542 Dotninico
2724 489 3005 555 dederunt,
3041 492 3094 543 in
3137 494 3368 546 maxima
3414 494 3542 548 cleri

271 571 664 640 illustriumque
705 575 940 628 virorum
981 574 1294 644 frequentia.
1344 576 1441 630 Rei
1479 577 1672 630 seriem
1709 575 2106 645 Theopelnptus
2145 593 2280 630 unns
2325 577 2620 644 legatorum
2661 579 2895 631 narravit
2937 578 3183 633 Patrihus
3212 581 3494 650 Ephesinis
3527 602 3540 634 :

269 661 371 715 Die
390 663 670 729 dominica,
703 667 890 734 inquit,
922 679 1034 738 post
1053 670 1290 738 syna.rim
1320 680 1596 738 peractam,
1625 670 1672 720 in
1704 669 2011 738 episcopium
2047 669 2386 731 ascendimus,
2420 667 2702 738 ibidemque
2730 677 2832 721 toto
2861 680 3109 738 pra'sente
3137 672 3290 735 clero,
3325 676 3545 726 cunctis-

266 769 366 821 que
409 754 516 822 fere
556 755 836 809 illustribus
861 757 1166 820 astantibus,
1199 758 1396 810 litteras
1436 758 1497 810 de
1525 755 1702 827 quibus
1722 772 1886 810 sermo
1915 765 1989 808 est
2043 753 2286 808 Nestorio
2311 755 2651 808 tradidimus:
2682 757 2860 826 quibus
2887 759 3125 827 acceptis,
3158 761 3420 812 constituit
3447 777 3544 815 no-

265 845 344 897 bis
373 853 430 896 ut
455 847 682 914 sequenti
711 846 793 900 die
819 865 1103 901 sermonem
1132 865 1244 900 cum
1264 865 1322 901 eo
1351 844 1666 900 haberemus.
1695 844 1955 898 Abivimus
1979 862 2119 915 ergo;
2146 854 2200 896 at
2228 853 2429 914 postero
2451 844 2533 897 die
2559 861 2784 897 reversos
2807 861 2910 898 non
2935 846 3172 913 admisit,
3204 866 3364 919 neque
3391 851 3546 903 etiam

262 942 518 1011 satisfecit
541 943 752 1006 litteris;
783 943 871 996 sed
891 943 1087 1014 publice
1107 961 1198 1012 pro
1221 945 1462 996 concione
1482 942 1659 996 eadem
1681 957 1795 1012 qua:
1823 950 1958 1005 ante,
1988 949 2035 991 et
2063 939 2141 991 his
2163 955 2355 1009 quoque
2379 937 2632 990 deteriora
2663 937 2903 1009 dogmata
2939 942 3217 1010 prepositit.
3246 942 3396 996 Diem
3437 943 3544 996 Do-

267 1031 522 1084 minicum
546 1032 794 1086 incidisse
820 1033 871 1085 in
902 1033 1184 1102 septimum
1216 1032 1542 1096 Decembris,
1573 1029 1730 1083 docet
1751 1028 1949 1082 Marius
1977 1029 2260 1092 Mercator,
2293 1041 2416 1080 cum
2444 1035 2693 1096 acceptas
2721 1042 2751 1080 a
2780 1026 3027 1082 Nestorio
3058 1029 3218 1083 tradit
3245 1030 3452 1088 litteras
3475 1048 3547 1086 vu

262 1125 385 1179 idus
407 1126 744 1188 Decembris,
778 1124 1084 1179 Theodosio
1112 1142 1202 1178 xui
1233 1133 1287 1178 et
1314 1123 1693 1177 Valentiniano
1723 1137 1779 1174 ιιι
1809 1120 1918 1172 AA.
1951 1117 2054 1173 CC.

333 1218 505 1272 Sexto
542 1227 664 1287 post
692 1217 778 1270 die
807 1217 861 1270 in
904 1215 1141 1271 Ecclesia
1171 1216 1226 1267 S.
1260 1213 1500 1282 Sophim,
1533 1219 1819 1282 postquam
1850 1210 2131 1280 presbyter
2172 1216 2481 1290 κατηχητὴς
2541 1207 2818 1262 habuisset
2862 1207 2931 1262 de
2976 1207 3241 1262 charitate
3281 1210 3547 1278 prolixam

261 1311 584 1374 orationem,
617 1308 893 1362 Nestorius
922 1307 976 1360 in
994 1305 1270 1378 Cyrillum,
1295 1305 1458 1359 tacito
1489 1303 1606 1372 ejus
1637 1301 1870 1364 no’mine,
1903 1299 2264 1354 debacchatus
2292 1307 2392 1362 est,
2433 1312 2663 1366 eumque
2692 1312 2992 1366 provocans
3020 1297 3086 1350 ad
3127 1297 3398 1366 singulare
3426 1314 3547 1354 cer-

262 1411 444 1454 tamen
475 1400 542 1454 de
569 1399 928 1466 dogmatibus,
960 1389 1304 1467 vet‘eremque
1351 1407 1600 1452 causatus
1637 1395 2118 1450 Alexandrinorum
2163 1393 2214 1446 in
2245 1393 2607 1447 Antiochenos
2649 1400 2705 1446 et
2740 1389 3368 1460 Constantinopolitanos
3414 1392 3551 1446 invi-

259 1490 425 1555 diam,
471 1489 694 1543 tentavit
727 1504 757 1542 a
785 1504 843 1542 se
870 1488 1086 1557 quidem
1129 1488 1335 1542 amoliri
1366 1487 1674 1556 opinionem
1705 1485 1979 1540 societatis
2007 1499 2127 1538 cum
2157 1483 2322 1538 Paulo
2352 1483 2708 1537 Samosateno
2736 1489 2790 1536 et
2820 1480 3082 1548 Photino;
3113 1480 3369 1553 Cyrillum
3396 1500 3544 1549 vero,

260 1581 413 1648 quasi
438 1596 560 1635 cum
588 1580 880 1648 Apollinari
910 1588 965 1634 et
995 1579 1122 1634 Ario
1161 1579 1404 1644 sentiret,
1437 1578 1773 1632 convincere.
1801 1576 1900 1632 llic
1939 1591 2117 1631 sermo
2152 1576 2337 1644 incipit
2369 1593 2382 1628 :
2415 1575 2631 1629 Dulcem
2661 1575 2804 1629 nobis
2834 1576 3127 1645 prter-edens
3157 1576 3337 1630 doctor
3375 1578 3549 1631 chari-

261 1675 382 1726 tatis
410 1689 641 1726 mensam
679 1674 948 1742 apposuit;
984 1689 1087 1726 non
1116 1673 1251 1725 enim
1289 1671 1440 1724 habet
1481 1654 1700 1742 fraterni
1729 1670 2128 1724 amaritudinem
2166 1670 2302 1735 odii;
2336 1687 2438 1723 non
2475 1668 2625 1723 habet
2663 1685 2908 1723 venenum
2937 1670 3138 1735 livoris;
3166 1686 3270 1723 non
3299 1669 3452 1724 habet
3478 1674 3550 1724 si-
3630 1653 3633 1658 I

262 1765 477 1819 malaue
516 1764 858 1832 fraternitatis
881 1762 1186 1834 rubiginem,
1212 1769 1314 1816 etc.

327 1855 426 1908 Die
455 1854 708 1918 crastino,
745 1854 836 1922 qui
864 1852 1190 1917 Dominicus,
1232 1852 1459 1906 alterum
1487 1849 1674 1905 habuit
1711 1865 2036 1916 sermonem,
2077 1847 2256 1905 verbis
2283 1847 2500 1919 quidem
2527 1849 2850 1916 breviorem,
2895 1849 2988 1904 sed
3018 1849 3295 1920 impietate
3322 1864 3544 1920 parem;

254 1944 450 1998 habuit
475 1959 601 1998 vero
631 1942 894 2011 frequenti
924 1943 1202 2006 concione,
1233 1943 1346 1998 sive
1374 1941 1645 1996 auditores
1668 1941 1971 2006 curiositas,
2004 1940 2116 1996 sive
2141 1941 2372 2010 partium
2397 1940 2571 1995 studia
2613 1941 2932 2008 coegissent.
2960 1939 3349 2008 Argumentum
3375 1940 3541 2003 idem,

253 2033 405 2102 quod
434 2033 725 2102 superioris
753 2032 1048 2092 concionis,
1073 2033 1224 2101 cujus
1252 2040 1334 2086 est
1357 2029 1502 2085 velut
1522 2029 1918 2100 compendium.
1952 2029 2243 2084 Exordium
2277 2049 2288 2082 :
2322 2031 2451 2084 Aliis
2475 2031 2529 2083 in
2573 2031 2721 2084 terris
2749 2033 2850 2084 sita
2877 2039 2954 2084 est
2980 2031 3203 2084 aliarum
3231 2048 3402 2085 rerum
3436 2032 3543 2084 uti-

251 2127 397 2188 litas,
431 2132 534 2178 etc.
563 2123 896 2178 Crediderim
925 2123 1115 2178 callide
1142 2123 1447 2177 Nestorium
1475 2131 1597 2192 post
1626 2121 1933 2176 catechista:
1961 2121 2262 2175 orationem
2290 2121 2358 2175 de
2385 2120 2608 2175 scientia
2639 2121 2856 2189 pietatis
2883 2136 2990 2174 non
3021 2119 3361 2188 subjunxisse
3387 2120 3543 2189 quid-

249 2229 439 2282 quam,
468 2221 524 2267 ut
551 2222 665 2267 erat
693 2213 745 2266 in
772 2228 951 2279 more;
981 2213 1076 2267 sed
1104 2213 1314 2267 siluisse
1338 2211 1537 2281 potius,
1566 2209 1720 2279 quasi
1743 2208 1913 2262 fessus
1941 2208 2196 2264 hesterno
2225 2209 2441 2274 labore,
2475 2217 2533 2262 ut
2558 2224 2588 2261 a
2609 2200 2766 2276 plebe
2796 2216 3079 2276 rogaretur
3098 2208 3279 2262 dicere
3308 2209 3376 2262 de
3395 2223 3544 2276 quae-

248 2307 451 2372 stione,
484 2305 671 2360 saltem
699 2306 1037 2375 compendio.
1062 2304 1153 2360 Sic
1179 2304 1323 2360 enim
1349 2303 1584 2372 loquitur
1613 2320 1626 2354 :
1658 2299 1787 2364 Qum
1813 2309 1890 2354 est
1916 2311 2084 2354 autem
2105 2303 2320 2354 scientia
2341 2300 2582 2372 pietatis?
2615 2299 2675 2354 Si
2696 2302 2807 2372 quis
2839 2301 2958 2354 velit
2998 2299 3296 2371 compendio
3325 2299 3538 2354 discere.

247 2416 410 2468 parco
441 2399 576 2452 enim
609 2409 657 2450 et
681 2399 803 2451 mihi
833 2399 918 2470 qui
949 2400 1112 2469 fessus
1133 2414 1277 2458 sum,
1302 2404 1351 2449 et
1373 2394 1510 2449 vobis
1548 2394 1633 2465 qui
1667 2393 2040 2462 constipatione
2065 2390 2330 2446 laboratis.
2357 2389 2486 2455 Qua:
2505 2408 2645 2462 ergo,
2672 2400 2728 2444 ut
2758 2389 3017 2455 dicebam,
3042 2391 3087 2444 si
3107 2393 3217 2461 quis
3249 2390 3367 2444 velit
3403 2405 3545 2444 com-

247 2490 441 2558 pendio
469 2488 693 2551 discere,
733 2490 948 2543 scientia
988 2490 1194 2559 pietatis
1223 2487 1334 2543 est?
1361 2485 1439 2540 De
1473 2483 1898 2539 consubstantivw
1947 2481 2215 2536 Trinitatis
2254 2481 2536 2537 Divinitate
2572 2483 2706 2536 inire
2742 2483 3013 2547 rationem,
3045 2482 3271 2536 divinam
3298 2491 3541 2536 naturam

246 2591 580 2652 corporatum
608 2582 863 2636 hominem
891 2582 1260 2651 assumpsisse;
1291 2578 1355 2633 de
1393 2579 1472 2632 his
1513 2593 1627 2649 qutc
1658 2579 1947 2648 frequenter
1991 2574 2128 2628 dicta
2166 2583 2302 2640 sunt,
2339 2584 2595 2646 tamquam
2633 2573 2771 2627 dicta
2799 2589 2903 2626 non
2949 2574 3073 2637 sint,
3105 2574 3294 2644 urgetis
3320 2584 3372 2628 et
3398 2575 3540 2628 circa

243 2675 571 2727 exactionem
607 2673 923 2726 vehementer
954 2673 1208 2726 insistitis.
1237 2669 1493 2738 Quoniam
1521 2669 1677 2740 igitur
1713 2682 1918 2720 necesse
1956 2674 2032 2720 est
2064 2666 2320 2720 violentite
2359 2675 2539 2720 vestra:
2584 2664 2929 2727 succumbere,
2961 2680 3075 2736 qua:
3110 2667 3250 2736 piam
3294 2667 3350 2720 in
3389 2665 3537 2722 nobis

243 2766 480 2834 possidet
533 2766 890 2836 tyrannidem,
940 2767 1125 2818 iterum
1179 2763 1319 2835 apud
1371 2779 1459 2816 vos
1509 2760 1692 2814 eadem
1733 2759 1883 2814 verba
1931 2767 2242 2828 repetemus;
2291 2767 2487 2812 servate
2532 2759 2690 2829 igitur
2735 2756 3036 2828 compendio
3090 2757 3224 2812 hanc
3269 2760 3539 2814 scientiam

239 2856 476 2924 pietatis.

315 2949 569 3018 Acceptis
597 2950 872 3018 utriusque
901 2949 1089 3020 synodi
1116 2948 1326 3014 litteris,
1359 2947 1644 3003 confestim
1683 2944 1990 3016 exemplum
2019 2946 2356 3001 Antiochiam
2385 2945 2531 3000 misit
2560 2945 2628 3000 ad
2654 2944 2916 3000 Joannem
2945 2945 3197 3010 amicum,
3227 2959 3445 3014 rogans,
3477 2953 3538 3000 ut

242 3049 275 3097 a
307 3037 639 3092 doctissimis
666 3037 875 3092 duobus
896 3038 979 3092 sui
1008 3037 1221 3091 concilii
1249 3036 1536 3106 episcopis,
1562 3034 1777 3090 Andrea
1805 3032 2161 3089 Samosateno
2200 3043 2254 3088 et
2297 3035 2640 3090 Theodoreto
2681 3034 2925 3106 Cyrensi,
2955 3034 3297 3090 scribendum
3324 3046 3539 3097 curaret

242 3132 513 3186 adversus
538 3131 819 3186 duodecim
849 3131 1323 3186 anathematismos
1351 3129 1556 3202 Cyrilli,
1599 3129 1754 3199 quasi
1793 3129 2121 3200 Apollinaris
2149 3130 2394 3187 haeresim
2421 3130 2601 3187 Ariive
2647 3130 3006 3186 continerent.
3041 3128 3101 3184 Id
3141 3143 3174 3184 a
3211 3128 3435 3200 singulis
3463 3128 3537 3183 ita

243 3223 552 3290 praestitum
577 3231 659 3279 est
704 3231 763 3278 ut
789 3221 1020 3291 Cyrillus
1047 3223 1328 3279 utriusaue
1351 3221 1566 3292 objecta
1595 3221 1813 3278 diluerit
1839 3228 1966 3278 ante
1997 3221 2220 3277 Pascha.

1673 3373 1810 3414 ANNO
1848 3373 2046 3414 CCCCXX
2054 3371 2122 3413 ιι.

309 3490 453 3545 Cum
475 3505 604 3546 vero
632 3491 815 3562 Cyrilli
844 3491 1092 3560 epistola,
1125 3506 1245 3546 eum
1272 3491 1385 3546 suis
1405 3490 1688 3547 duodecim
1716 3490 2001 3561 capitibus,
2035 3505 2143 3545 non
2173 3488 2274 3544 soli
2298 3489 2488 3544 tradita
2519 3487 2704 3545 fuisset
2729 3488 2998 3556 Nestorio,
3030 3505 3061 3545 a
3085 3505 3194 3560 quo
3219 3487 3390 3560 premi
3415 3503 3537 3558 pos-

236 3589 358 3645 set,
397 3580 491 3634 sed
511 3581 866 3635 communiter
893 3582 1161 3646 omnibus,
1192 3581 1338 3636 velut
1364 3581 1603 3650 perfecta
1626 3582 1870 3650 quatdam
1899 3581 2022 3636 ﬁdei
2051 3581 2254 3649 regula,
2287 3596 2406 3649 qua}
2426 3582 2631 3636 cunctis
2658 3583 2971 3652 prodesset;
3001 3598 3230 3652 cumque
3255 3581 3534 3637 Nestorius

237 3672 711 3727 anathematismis
735 3673 1018 3726 duodecim
1048 3672 1253 3727 videret
1275 3672 1574 3727 doctrinam
1596 3688 1748 3726 suam
1773 3672 1901 3742 peti,
1927 3672 2078 3741 quasi
2105 3673 2326 3726 totidem
2351 3674 2468 3726 telis
2494 3692 2506 3726 :
2531 3674 2812 3729 duodecim
2840 3683 2895 3729 et
2923 3677 3036 3744 ipse
3061 3674 3534 3730 anathematismos

235 3766 504 3832 condidit,
528 3766 765 3834 singulos
791 3765 1015 3832 singulis
1040 3753 1344 3836 Cyrillianis
1363 3764 1769 3834 respondentes,
1798 3779 2000 3832 eosque
2028 3763 2138 3818 suis
2169 3764 2472 3820 hominibus
2495 3765 2784 3834 vulgandos
2807 3764 3040 3833 tradidit,
3063 3766 3213 3821 velut
3238 3781 3388 3820 arma
3409 3767 3532 3835 qui-

235 3860 343 3911 bus
373 3857 714 3926 Apollinaris,
747 3865 805 3910 ut
821 3856 1080 3926 jactabat,
1110 3856 1330 3924 Ariique
1359 3857 1591 3924 impetus
1611 3855 1989 3910 retunderetur
2015 3867 2175 3925 atque
2204 3853 2597 3924 infringeretur.

308 3949 514 4005 Marius
535 3950 802 4005 Mercator
820 3964 885 4004 ea
912 3957 1234 4020 tempestate
1267 3949 1581 4004 versabatur
1605 3948 2091 4020 Constantinopoli,
2117 3959 2279 4020 utque
2308 3961 2425 4006 erat
2457 3968 2580 4007 acer
2609 3952 2730 4008 fidei
2758 3953 3023 4022 defensor,
3047 3961 3392 4025 cmperatque
3423 3956 3534 4011 ha:-

233 4045 351 4100 resi
381 4043 621 4099 nascenti
651 4043 891 4097 animose
919 4042 1190 4108 resistere,
1232 4041 1305 4094 ita
1333 4041 1674 4110 impatienter
1707 4041 1828 4096 tulit
1855 4042 2332 4097 anathematismos
2360 4042 2592 4098 Nestorii
2638 4043 2754 4099 sine
2782 4043 3134 4115 responsione
3174 4046 3243 4100 ab
3282 4045 3532 4102 omnibus

231 4137 379 4203 legi,
419 4141 472 4188 et
502 4135 740 4203 pluribus
769 4148 985 4189 nocere.
1021 4132 1197 4199 Quare
1225 4134 1342 4188 zelo
1371 4135 1611 4190 veritatis
1639 4135 1890 4191 incensus
1928 4137 2141 4206 scripsit
2169 4153 2305 4206 opus
2334 4138 2614 4205 eximium,
2643 4139 2787 4208 quod
2810 4138 3120 4193 inscribitur
3149 4157 3164 4193 :
3196 4137 3352 4194 Liber
3380 4139 3521 4195 Con-

232 4226 610 4278 tradictionum
645 4224 888 4277 adversus
927 4222 1160 4276 Nestorii
1196 4223 1630 4294 blasphemiarum
1671 4227 1897 4297 capitula
1928 4227 2226 4292 duodecim,
2258 4229 2436 4300 quibus
2466 4229 2647 4282 litteris
2687 4229 2757 4281 ad
2782 4247 2836 4282 se
2881 4230 3051 4282 missis
3084 4245 3116 4283 a
3143 4239 3326 4286 sancto
3363 4229 3530 4286 Caele-

230 4322 379 4373 stino
406 4318 652 4371 Romana:
668 4317 808 4371 urbis
829 4319 1065 4388 episcopo
1094 4326 1143 4369 et
1162 4327 1340 4370 sancto
1361 4317 1554 4388 Cyrillo
1585 4319 1936 4374 Alexandrino
1966 4321 2289 4384 contradicit,
2313 4330 2361 4374 et
2391 4319 2814 4390 disputationibus
2837 4321 3143 4376 brevissimis
3170 4323 3530 4393 respondendo

235 4408 510 4461 duodecim
541 4406 766 4476 capitula
795 4405 916 4474 ﬁdei
956 4421 1069 4477 quae
1106 4405 1174 4457 ad
1212 4423 1266 4459 se
1285 4407 1443 4458 missa
1473 4409 1679 4477 fuerant
1717 4407 1950 4478 refellere
1979 4409 2178 4461 nititur.
2213 4407 2388 4462 Verba
2418 4409 2532 4462 hzec
2561 4408 2666 4462 duo
2695 4411 2973 4478 prmsentis
3010 4411 3290 4482 temporis,
3322 4425 3530 4468 contra-

232 4501 371 4552 dicit
404 4507 457 4552 et
486 4501 682 4563 nititur,
715 4507 899 4567 aperte
927 4498 1057 4551 satis
1081 4496 1382 4566 signiﬁcant
1413 4515 1518 4553 non
1548 4499 1681 4554 alias
1702 4515 1836 4568 opus
1866 4514 1984 4553 esse
2017 4499 2393 4568 compositum,
2425 4514 2586 4566 quam
2611 4501 2824 4568 quando
2847 4501 3097 4558 diximus.

315 4589 421 4644 Per
442 4592 671 4645 hiemem
693 4589 922 4660 Cyrillus
946 4589 1275 4644 elucubravit
1301 4604 1465 4658 opera
1496 4591 1617 4655 tria,
1641 4591 1834 4658 quibus
1860 4591 2054 4659 partim
2097 4590 2568 4645 anathematismos
2608 4607 2736 4646 suos
2783 4599 3044 4657 tueretur,
3085 4593 3281 4662 partim
3324 4595 3526 4649 oratio-

233 4696 367 4736 num
399 4679 592 4734 Procli.
612 4680 744 4733 Nam
765 4695 872 4732 uno
902 4663 1268 4749 oppositiones
1295 4679 1521 4733 Androm
1550 4678 1906 4741 Samosateni,
1936 4678 2154 4732 nomine
2182 4677 2529 4732 Orientalium
2553 4678 2746 4745 factas;
2780 4679 2949 4734 altero
2966 4679 3291 4740 Theodoreti
3315 4680 3528 4750 objecta

232 4773 438 4837 solvit;
469 4772 627 4825 tertio
674 4774 993 4828 contradicit
1023 4775 1158 4828 libro
1193 4775 1403 4829 cuidam
1435 4775 1664 4848 Nestorii
1697 4777 1952 4829 adversus
1983 4775 2248 4830 l’roelum.
2283 4773 2445 4828 Plena
2486 4784 2611 4829 sunt
2657 4776 2834 4829 omnia
2884 4774 3197 4829 excellentis
3236 4774 3522 4839 doctrinm.

232 4861 337 4916 sed
387 4862 602 4915 tertium
642 4863 936 4930 praesertim
963 4881 975 4914 :
1001 4863 1236 4932 disputat
1275 4865 1416 4918 enim
1457 4864 1686 4934 Cyrillus
1727 4873 1841 4919 tota
1895 4866 1944 4919 vi
1985 4867 2180 4920 mentis
2218 4867 2473 4922 adversus
2506 4881 2599 4921 eos
2635 4867 2725 4936 qui
2764 4866 3013 4936 rejiciunt
3060 4866 3336 4936 Θιοτὸκον,
3365 4866 3525 4924 Chri-

231 4961 489 5018 stumque
517 4950 759 5004 dividunt
787 4952 839 5004 in
868 4951 1002 5006 duos
1033 4951 1168 5007 ﬁlios
1187 4994 1201 5018 ,
1235 4962 1288 5007 et
1315 4953 1482 5007 Deum
1507 4964 1701 5022 negant
1729 4971 1943 5024 passum
1974 4973 2037 5010 ac
2065 4967 2351 5022 mortuum,
2385 4957 2689 5027 factumque
2718 4960 2872 5014 nobis
2901 4959 3257 5015 sacerdotem.

313 5041 483 5095 Festis
509 5040 847 5109 paschalibus
887 5043 1137 5110 peractis,
1173 5044 1429 5097 continuo
1474 5044 1751 5099 Nestorius
1778 5044 2275 5117 Constantinopoli,
2307 5047 2536 5120 Cyrillus
2566 5049 2885 5105 Alexandria
2933 5049 3204 5121 Ephesum
3247 5047 3526 5121 profectus

230 5142 339 5194 est,
375 5141 597 5200 uterque
626 5148 748 5186 cum
775 5133 903 5196 suis,
930 5143 1154 5202 uterque
1184 5137 1365 5190 animo
1389 5145 1696 5214 promptus;
1727 5137 1821 5191 sed
1854 5139 1941 5192 ille
1969 5139 2036 5194 ad
2063 5140 2354 5196 versandos
2381 5141 2554 5207 dolos,
2587 5142 2686 5197 iste
2715 5142 2780 5196 ad
2821 5143 3030 5198 fortiter
3059 5142 3216 5199 ﬁdem
3243 5144 3520 5199 tuendam.

230 5226 566 5278 Maturandte
589 5225 934 5294 profectionis
978 5240 1138 5280 causa
1181 5226 1307 5291 fuit,
1364 5227 1708 5296 intercapedo
1747 5229 1961 5296 quidem
2001 5230 2268 5300 locorum,
2327 5231 2421 5286 sed
2450 5232 2607 5299 longe
2636 5234 2805 5301 magis
2851 5234 3128 5303 utriusque
3180 5235 3294 5290 sive
3322 5243 3520 5298 metus,

231 5316 352 5368 sive
392 5314 706 5384 prudentia;
739 5321 792 5368 et
822 5323 994 5368 metus
1033 5316 1266 5383 quidem,
1298 5331 1364 5370 ne
1392 5316 1512 5385 quis
1549 5316 1778 5371 duorum
1819 5318 2108 5385 videretur,
2157 5335 2248 5378 aut
2273 5322 2581 5390 imperatori
2611 5323 2751 5376 diem
2795 5323 2992 5379 dicenti
3023 5341 3130 5380 non
3171 5326 3414 5395 paruisse
3453 5326 3520 5379 ad

230 5406 480 5472 verbum,
505 5414 597 5460 aut
626 5407 963 5475 aliquatenus
985 5407 1196 5461 concilii
1228 5408 1280 5460 in
1307 5423 1404 5461 sua
1433 5423 1592 5463 causa
1621 5408 1791 5462 coacti
1812 5408 2073 5477 judicium
2123 5412 2204 5468 vei
2237 5409 2468 5476 ditl‘erre,
2492 5412 2576 5466 vel
2614 5411 2915 5478 declinare;
2949 5415 3228 5482 prudentia
3259 5431 3408 5478 vero,
3454 5430 3521 5469 ne

234 5495 283 5549 si
324 5510 460 5548 unus
506 5496 853 5569 prtevenisset
881 5495 1127 5561 altertun,
1175 5495 1450 5564 exciperet
1489 5497 1704 5551 interim
1749 5498 2028 5553 venientes
2076 5499 2376 5572 episcopos,
2408 5499 2793 5571 devinctosque
2839 5501 3030 5558 ofﬁciis
3069 5521 3193 5560 suas
3238 5506 3290 5560 in
3337 5514 3518 5577 partes

237 5585 544 5640 adduceret.
787 5581 796 5586 ’

317 5675 584 5733 Venerunt
613 5692 734 5734 cum
761 5677 1006 5736 Nestorio
1038 5677 1280 5753 comites,
1298 5677 1437 5748 duo,
1470 5676 1830 5736 Candidianus
1851 5685 1906 5736 et
1932 5677 2193 5748 lrenteus,
2225 5679 2314 5736 ille
2341 5695 2464 5736 cum
2492 5680 2758 5739 mandatis
2783 5682 2849 5739 ab
2883 5683 3208 5756 imperatore
3227 5722 3241 5751 ,
3274 5693 3335 5740 ut
3359 5683 3514 5739 ordi-
