3958 6178
462 332 563 391 719
962 332 1326 388 PREFATIO
1364 333 1427 388 IN
1466 332 1828 389 SECUNOAM
1865 332 2139 388 PARTEM
2181 332 2457 387 OPEltUM
2500 332 2687 387 MAR“
2728 331 3181 387 MERCATORls.
3590 335 3693 393 120

460 462 582 502 nem
612 448 663 502 in
691 448 893 517 synodo
922 447 1240 501 servandum
1268 455 1506 511 curaret;
1539 447 1638 501 iste
1679 454 1947 515 tamquam
1978 446 2213 515 privatus
2240 445 2469 499 Nestorii
2500 447 2721 509 amicus,
2766 460 3087 515 quamquam
3126 454 3179 499 et
3210 445 3377 513 ipsum
3406 446 3695 500 Candidia-

460 551 585 590 num
612 538 854 590 Nestorio
881 536 1119 604 impense
1166 536 1358 590 favisse
1403 546 1626 590 eventus
1666 538 1867 591 docuit.
1913 536 2317 601 Candidianum,
2370 537 2539 605 inquit
2585 538 2897 606 imperator,
2944 539 3390 607 prmelarissimum
3430 554 3696 591 sacrorum

457 627 843 679 domesticorum
869 626 1101 677 comitem
1122 625 1190 677 ad
1209 642 1410 678 sacram
1440 636 1655 679 vestram
1680 626 1929 694 synodum
1959 624 2103 678 adire
2128 627 2406 695 jussimus;
2435 626 2526 679 sed
2563 643 2623 679 ea
2653 627 2762 696 lege
2788 636 2838 679 et
2870 627 3184 689 conditione,
3212 636 3268 678 ut
3304 643 3417 679 cum
3447 630 3695 697 quaestio-

455 717 601 769 nibus
628 726 677 769 et
703 718 1075 777 controversiis,
1107 733 1220 786 qua:
1246 718 1381 769 circa
1411 718 1531 785 ﬁdei
1560 717 1802 787 dogmata
1827 719 2076 781 incidunt,
2102 716 2230 769 nihil
2248 717 2519 787 quidquam
2542 733 2804 770 commune
2826 720 3027 770 habeat.
3054 716 3282 787 Denique
3309 734 3399 770 nec
3427 719 3481 771 id
3500 735 3697 789 quoque

454 808 591 861 vobis
617 808 749 860 clam
775 808 860 870 sit,
891 807 1138 868 videlicet,
1164 808 1723 877 magnificentissimum
1752 809 1983 860 comitem
2013 807 2038 859 1
2047 824 2287 872 renarum,
2312 825 2470 879 neque
2498 810 2832 861 sanctissima:
2857 819 3032 862 vestra!
3052 809 3233 879 synodi
3255 810 3502 871 consiliis,
3537 826 3693 880 neque

452 899 531 950 his
557 913 669 968 quia
694 899 881 951 eximio
910 903 1075 967 legato
1104 906 1277 951 nostro
1307 896 1629 951 Candidiano
1660 915 1691 951 a
1716 897 1860 951 nobis
1891 898 2201 953 demandata
2244 910 2361 952 sunt
2397 900 2649 953 ullatenus
2681 902 3055 955 communicare
3097 900 3305 962 debere,
3336 910 3390 953 ut
3417 903 3504 971 qui
3534 903 3692 958 solius

450 991 689 1043 amicitia:
715 1006 871 1043 causa
900 1006 1014 1043 cum
1041 992 1268 1059 piissimo
1296 989 1636 1043 celeberrima!
1663 992 1879 1043 civitatis
1909 991 2058 1060 hujus
2088 994 2325 1061 episcopo
2367 990 2612 1046 Nestorio
2646 994 2900 1063 Ephesum
2937 995 3196 1063 profectus
3223 995 3305 1045 sit.

521 1082 796 1136 Nestorius
824 1096 1014 1149 magno
1038 1083 1292 1135 comitatu
1324 1081 1590 1150 Ephesum
1616 1083 1834 1136 veniens
1859 1081 2077 1136 adduxit
2104 1098 2283 1136 secum
2309 1082 2492 1136 decem
2522 1083 2801 1151 episcopos
2829 1083 2894 1137 de
2924 1084 3051 1148 suis,
3077 1096 3301 1150 quorum
3323 1082 3539 1137 nomina
3568 1084 3696 1139 sub-

450 1176 647 1245 scripta
674 1182 798 1228 sunt
823 1174 1071 1227 relationi
1100 1188 1129 1225 a
1155 1172 1400 1227 Nestorio
1430 1173 1602 1239 fact-.c,
1630 1173 1697 1227 de
1734 1173 1892 1227 rebus
1931 1173 2150 1242 synodi,
2193 1173 2260 1227 ad
2299 1173 2693 1242 imperatorem.
2740 1172 2969 1226 Adduxit
3006 1173 3287 1243 episcopos
3324 1174 3481 1239 longe
3512 1175 3694 1242 plures

448 1267 707 1338 Cyrinus,
738 1265 1117 1333 quinquaginta
1148 1265 1424 1327 nimirum,
1455 1265 1497 1317 si
1527 1264 1789 1317 credimus
1815 1261 2005 1316 Joanni
2045 1262 2407 1327 Antiocheno,
2450 1276 2676 1330 quorum
2704 1260 2917 1315 nomina
2946 1278 3014 1316 ex
3042 1263 3311 1317 actionum
3340 1263 3691 1332 subscriptio-

450 1357 604 1411 nibus
630 1356 867 1423 dignosci
914 1353 1070 1409 facile
1114 1362 1334 1421 queunt.
1384 1352 1585 1422 Opinor
1632 1362 1799 1407 totam
1838 1351 2096 1421 synodum
2142 1351 2571 1417 Alexandrinam,
2604 1361 2694 1405 aut
2732 1352 2842 1406 fere
2882 1360 3049 1406 totam
3090 1354 3397 1407 comitatam
3443 1356 3690 1414 antistiti.

449 1447 676 1518 Cyrillus
702 1462 831 1501 vero
859 1453 982 1499 ante
1011 1444 1270 1515 synodum
1300 1444 1379 1498 bis
1406 1444 1617 1512 scripsit
1640 1443 1707 1496 ad
1727 1458 1851 1497 suos
1873 1442 2268 1502 Alexandriam.
2300 1442 2465 1495 semel
2487 1442 2553 1495 de
2574 1442 2678 1504 via,
2704 1456 2769 1495 ex
2793 1442 2959 1496 insula
2989 1442 3210 1507 Rhodo;
3240 1444 3427 1498 iterum
3452 1444 3688 1513 Epheso,

449 1556 569 1594 cum
599 1538 927 1610 pervenisset
955 1544 1078 1589 ante
1099 1535 1489 1599 Pentecostcm,
1514 1548 1617 1602 qua
1644 1533 1699 1587 in
1737 1532 1959 1603 epistola
1986 1532 2283 1601 posteriore
2304 1531 2369 1586 de
2393 1531 2754 1585 molitionibus
2782 1530 3009 1586 Nestorii
3035 1550 3047 1585 :
3073 1531 3463 1600 Circumcursat,
3492 1535 3682 1605 inquit,

450 1645 684 1697 perversa
712 1626 804 1679 illa
832 1625 1135 1695 pervigilque
1164 1621 1339 1686 bestia,
1364 1629 1467 1676 etc.

520 1717 770 1772 Pervenit
798 1717 956 1784 igitur
998 1714 1265 1783 Ephesum
1293 1712 1518 1784 Cyrillus
1542 1724 1772 1781 quatuor
1809 1721 1898 1766 aut
1938 1712 2170 1782 quinque
2214 1711 2400 1765 diebus
2444 1720 2568 1765 ante
2612 1708 3018 1777 Pcntecostcm,
3063 1714 3213 1783 cujus
3241 1715 3550 1770 Dominicus
3577 1715 3693 1771 dies

450 1811 634 1866 incidit
671 1824 811 1863 anno
838 1808 928 1862 illo
954 1808 1010 1861 in
1039 1806 1319 1875 septimum
1347 1804 1506 1859 Junii.
1539 1805 1733 1870 Quinto
1762 1804 1953 1857 abhinc
1995 1803 2081 1857 die
2119 1803 2285 1857 adfuit
2329 1804 2596 1860 Juvenalis
2625 1821 2745 1860 cum
2786 1806 3097 1861 Patrestinis.
3143 1808 3366 1874 Quando
3414 1809 3693 1863 advenerit

452 1904 764 1965 Flavianus,
796 1901 887 1969 qui
926 1915 1023 1969 pro
1052 1898 1425 1953 Macedonibus
1454 1905 1598 1961 erat,
1640 1896 1888 1949 nescitur.
1925 1894 2000 1948 De
2029 1894 2286 1949 industria
2317 1896 2474 1949 traxit
2502 1911 2681 1950 moras
2711 1898 2761 1949 in
2804 1897 2885 1950 via
2915 1912 3034 1951 cum
3063 1895 3418 1952 Orientalibus
3456 1897 3692 1952 Joannes

452 1994 843 2056 Antiochenus;
890 1989 1097 2056 scripsit
1130 1996 1306 2041 tamen
1352 1985 1549 2056 Cyrillo
1596 2002 1691 2055 per
1735 1984 2016 2053 episcopos
2060 1983 2222 2048 duos,
2272 1983 2627 2039 Alexandrum
2676 1985 2956 2055 Apameae,
3007 1994 3063 2039 et
3106 1986 3463 2041 Alexandrum
3502 1987 3694 2042 Hiera-

454 2087 665 2156 poleos,
697 2098 819 2138 cum
844 2081 1053 2135 abesset
1099 2087 1301 2132 tantum
1341 2077 1531 2131 itinere
1568 2076 1800 2145 quinque
1828 2082 1918 2127 aut
1956 2089 2049 2129 sex
2090 2074 2313 2129 dierum.
2358 2075 2691 2147 Rescriptum
2721 2078 2820 2132 sibi
2858 2092 2889 2131 a
2926 2076 3125 2149 Cyrillo
3153 2078 3240 2132 die
3269 2080 3524 2147 vigesimo
3552 2079 3694 2136 Junii

456 2184 679 2230 testatus
707 2180 808 2226 est.

521 2267 809 2333 Evagrius,
855 2270 947 2316 aut
992 2261 1036 2316 si
1076 2260 1166 2328 qui
1206 2258 1294 2311 alii
1336 2272 1563 2325 quorum
1592 2254 1913 2309 mentionem
1943 2253 2093 2316 facit,
2138 2253 2395 2308 Joannem
2438 2270 2693 2309 excusare
2735 2256 2936 2309 nititur.
2979 2255 3238 2320 Joannes,
3272 2256 3470 2323 inquit,
3504 2257 3695 2325 prmi

455 2362 763 2426 Antiochia,
791 2376 896 2411 una
936 2373 1049 2409 cum
1078 2355 1182 2407 suis
1212 2352 1281 2405 ad
1316 2352 1446 2404 diem
1476 2350 1665 2403 dictam
1696 2348 1875 2418 abfuit,
1922 2363 2023 2401 non
2063 2346 2260 2417 quidem
2291 2364 2383 2399 sua
2411 2357 2604 2417 sponte,
2634 2350 2762 2401 sicut
2800 2350 2969 2402 multis
3006 2349 3218 2412 ridetur,
3248 2350 3330 2417 qui
3361 2350 3471 2417 ejus
3506 2350 3695 2418 factum

458 2455 739 2526 defendere
766 2452 971 2513 nolunt;
1000 2448 1089 2502 sed
1126 2447 1260 2518 quod
1288 2461 1403 2497 suos
1430 2444 1690 2513 episcopos
1721 2450 1821 2492 tam
1861 2441 1959 2492 cito
1998 2454 2172 2507 cogere
2212 2455 2311 2491 non
2342 2448 2569 2508 poterat,
2612 2442 2794 2509 quippe
2830 2440 3092 2493 nonnulla
3119 2456 3182 2491 ex
3210 2438 3490 2490 civitatibus
3519 2436 3697 2506 quibus

451 2524 709 2617 pra'erant
735 2542 798 2595 ab
831 2539 1102 2595 Antiochia
1136 2536 1327 2590 homini
1352 2533 1584 2603 expedito
1616 2547 1677 2584 ac
1709 2540 1913 2583 strenuo
1945 2528 2132 2579 distant
2164 2529 2344 2581 itinere
2376 2528 2637 2581 duodecim
2665 2530 2857 2581 dierum
2886 2538 2933 2581 et
2962 2528 3198 2598 amplius,
3231 2536 3278 2579 et
3298 2525 3529 2595 Ephesus
3556 2524 3697 2577 abest

452 2635 723 2693 Antiochia
756 2632 959 2686 circiter
985 2629 1195 2698 triginta
1221 2625 1415 2678 dierum
1447 2624 1645 2676 itinere.
1674 2622 1739 2671 At
1768 2636 1878 2672 cum
1911 2619 2137 2672 Joannes
2172 2628 2465 2676 constanter
2481 2620 2759 2691 affirmaret
2791 2636 2843 2676 se
2866 2636 2965 2676 non
3001 2635 3148 2693 posse
3177 2618 3245 2673 ad
3271 2627 3514 2674 statutum
3537 2617 3692 2680 diem,

451 2732 508 2783 id
530 2740 620 2794 est,
654 2728 721 2781 ad
749 2741 932 2783 novum
960 2717 1286 2775 Dominieum
1318 2712 1419 2787 (sic
1458 2713 1591 2767 enim
1623 2710 1847 2780 vocatur)
1879 2706 2072 2774 adesse,
2114 2712 2192 2763 sui
2218 2726 2387 2763 onmes
2426 2710 2561 2779 apud
2601 2710 2743 2763 sedes
2776 2712 3011 2780 proprias
3047 2727 3107 2763 ac
3134 2726 3252 2763 suas
3282 2725 3532 2761 mansere.
3559 2701 3697 2762 Sunt

451 2823 566 2875 lucc
594 2820 812 2874 omnino
841 2820 1090 2881 corrupta
1135 2818 1293 2877 atque
1322 2805 1658 2874 perturbata;
1689 2802 1884 2868 corrigi
1926 2818 2053 2855 vero
2091 2802 2161 2854 ita
2197 2810 2418 2870 possunt
2460 2810 2619 2869 atque
2657 2802 2865 2855 restitui
2894 2817 2959 2855 ex
2994 2801 3328 2870 Nicephoro:
3359 2800 3697 2867 Conﬁrmavit

450 2912 539 2966 ille
566 2910 720 2963 etiam
741 2905 809 2957 ad
837 2904 1157 2972 designatum
1185 2914 1237 2952 se
1266 2912 1366 2948 non
1400 2903 1657 2947 venturum
1687 2893 1840 2962 fuisse
1867 2891 2017 2957 diem,
2044 2892 2090 2943 si
2128 2907 2254 2944 novo
2276 2893 2361 2962 qui
2391 2892 2595 2958 dicitur,
2637 2890 2907 2945 Dominico
2936 2893 3017 2945 die
3055 2893 3261 2961 collega!
3300 2893 3378 2944 sui
3406 2891 3457 2942 in
3488 2890 3694 2943 sedibus

449 3004 557 3057 suis
585 3016 694 3054 esse
721 2999 1143 3068 perseverassent.
1174 2988 1231 3041 In
1257 2985 1443 3040 Grtcco
1472 2991 1619 3038 textu
1646 2982 1840 3050 legitur
1879 2984 1963 3036 νέα
2002 2986 2219 3057 xoptem}
2262 2998 2274 3032 :
2318 2996 2381 3034 ea
2425 2997 2554 3036 vero
2601 2989 2683 3038 est
2726 2983 2989 3036 absolutio
3036 2983 3361 3051 paschalium
3408 2981 3687 3055 festorum,

450 3102 575 3148 ante
601 3104 759 3160 quam
786 3083 1021 3157 episcopi
1051 3096 1157 3135 non
1184 3078 1429 3135 solebant
1455 3090 1486 3129 a
1524 3074 1632 3129 suis
1671 3071 1908 3127 ecclesiis
1940 3071 2221 3135 recedere,
2254 3078 2310 3124 ut
2347 3086 2534 3126 recens
2570 3070 2885 3141 baptizatos,
2922 3081 3069 3126 veste
3095 3073 3210 3127 alba
3240 3071 3498 3140 deposita,
3530 3071 3695 3125 benes

448 3186 682 3242 dictione
709 3181 988 3237 donarent.

517 3276 637 3331 Fuit
666 3287 792 3326 vero
830 3268 1019 3323 idonea
1065 3260 1336 3316 excusatio
1363 3255 1613 3320 Joannis,
1644 3254 1688 3307 si
1730 3268 1817 3307 res
1856 3254 1928 3306 ita
1968 3267 2028 3306 se
2068 3251 2272 3306 habuit.
2303 3251 2435 3304 Nam
2475 3262 2596 3306 cum
2640 3251 2845 3308 Pascha
2894 3252 3137 3307 inciderit
3176 3267 3317 3306 anno
3345 3252 3436 3307 mo
3464 3252 3518 3306 in
3546 3252 3693 3307 diem

447 3368 514 3423 l9
541 3365 754 3435 Aprilis,
798 3357 1061 3414 absolutio
1092 3354 1344 3407 festorum
1374 3365 1469 3403 seu
1494 3352 1579 3403 νέα
1608 3351 1819 3422 sapiant
1850 3347 1904 3400 in
1932 3346 2071 3400 diem
2096 3344 2184 3408 ‘26,
2210 3344 2513 3412 quindecim
2544 3360 2671 3399 vero
2711 3345 2855 3410 dies,
2888 3353 2979 3398 aut
3009 3344 3168 3398 etiam
3198 3344 3479 3435 sexdecim‘
3494 3358 3693 3413 posub

444 3460 553 3513 rint
579 3429 813 3523 episcopi
840 3447 931 3516 qui
971 3441 1252 3498 Antiochia
1290 3439 1499 3506 longius
1526 3438 1749 3491 aberant
1778 3436 1829 3488 in
1858 3432 2184 3488 conficienda
2213 3432 2279 3486 ad
2307 3433 2589 3523 primatem
2618 3433 2722 3497 via,
2757 3432 3283 3523 nonnullosqueidies
3388 3429 3690 3523 reﬁciendis

444 3520 758 3618 corporibus
789 3541 857 3595 de
883 3538 968 3594 via
992 3535 1159 3598 fessis,
1184 3549 1291 3587 non
1325 3529 1559 3601 potuerit
1586 3541 1714 3581 sane
1740 3525 1973 3581 Joannes
2003 3523 2279 3578 Antiochia
2315 3522 2589 3577 discedere
2620 3538 2740 3577 cum
2769 3523 2878 3577 suis
2900 3531 3024 3577 ante
3052 3522 3283 3576 medium
3312 3520 3690 3618 MaiumLCum

444 3608 573 3709 ergo
611 3632 888 3690 Antiochia
931 3628 1095 3683 distet
1136 3623 1348 3692 Epheso
1374 3620 1563 3673 itinere
1592 3617 1807 3685 triginta
1836 3615 2060 3677 dierum,
2092 3628 2200 3709 non
2227 3612 2393 3666 valuit
2411 3611 2652 3709 profecto
2675 3618 2855 3709 tantus
2882 3610 3168 3665 comitatus
3194 3610 3475 3709 pervenire
3510 3608 3690 3678 Ephe-

442 3696 581 3793 inin,
621 3724 724 3780 nisi
750 3722 836 3776 die
864 3717 930 3770 M
955 3714 1117 3775 Junii,
1150 3712 1201 3765 id
1231 3718 1331 3774 est,
1374 3716 1577 3775 septem
1604 3705 1791 3759 diebus
1829 3709 1952 3771 post
1979 3701 2303 3793 condictum,
2337 3699 2437 3753 etsi
2466 3713 2623 3767 quam
2656 3698 2931 3793 celerrime
2952 3704 3306 3793 properaret;
3334 3696 3479 3793 quod
3509 3704 3689 3792 tamen

442 3783 543 3881 nec
569 3783 741 3892 potuit
765 3811 983 3868 omnino
1012 3804 1125 3859 ﬁeri
1152 3818 1182 3855 a
1210 3800 1337 3855 viris
1363 3796 1513 3851 senio
1541 3794 1807 3864 gravibus,
1840 3806 1939 3845 nec
1965 3796 2174 3859 posset,
2203 3788 2306 3842 nisi
2333 3801 2491 3856 mgre,
2533 3801 2564 3840 a
2601 3786 2920 3839 valentibus.
2952 3783 3219 3892 Ephesu'm
3241 3791 3388 3886 certe
3409 3783 3690 3892 pervenire

442 3873 701 3972 cumrsois
726 3901 917 3961 Joanni
944 3898 1031 3953 vix
1062 3894 1208 3949 licuit
1236 3898 1361 3944 ante
1392 3888 1547 3941 tinem
1569 3884 1767 3940 mensis
1793 3882 1953 3937 Junii.
1987 3881 2182 3935 Verum
2202 3880 2370 3934 satius
2397 3885 2478 3933 est
2502 3878 2711 3947 opinari
2734 3876 3129 3931 excusationem
3155 3873 3374 3929 Joannis
3392 3889 3501 3928 non
3526 3873 3689 3928 fuisse

688 4011 847 4071 quam
893 3991 1079 4045 Patres
1126 3982 1421 4053 Ephesinos
1441 3990 1793 4049 pneproperze
1821 3972 2173 4028 festinationis
2193 3972 2465 4035 damnare,
2490 3969 2634 4038 quod
2662 3976 2744 4023 est
2771 3968 2997 4038 primam
3021 3966 3529 4035 celeberrimaqu
3558 3979 3690 4020 con-

440 4073 548 4158 cilii
577 4094 841 4151 actionem
869 4082 1115 4139 vitiosam
1136 4073 1355 4129 sentire.
1660 4156 1672 4161 _
1718 4156 1729 4161 _
1762 4156 1772 4161 _
2044 4152 2080 4161 η
2327 4153 2338 4161 _
2565 4149 2577 4161 _
2696 4148 2728 4161 ,Δ
2772 4147 2828 4161 Π

511 4147 693 4245 idoneo
718 4191 905 4238 omnes
931 4166 1308 4227 convenirent,
1358 4161 1613 4227 ﬁeretque
1660 4156 1865 4208 initium
1895 4152 2115 4224 synodi,
2161 4153 2517 4222 quaestionem,
2564 4147 3080 4245 inquit-biberatus,
3108 4147 3687 4245 movebant-present“

439 4235 753 4348 cpi-scopi‘de
780 4272 927 4326 beata
958 4262 1131 4318 Maria
1171 4255 1265 4309 Dei
1295 4252 1567 4325 genitrice;
1599 4246 1821 4317 Cyrillus
1850 4253 2018 4297 autem
2042 4242 2421 4348 ‘de/lorationes.
2453 4240 2697 4341 quasdam
2740 4238 2983 4292 librorum
3024 4237 3253 4348 Nestoiii
3294 4235 3539 4348 Ῑιέεἱεὸίιε3
3571 4252 3687 4348 clunt

468 4301 1379 4428 ἒζὶῗῗιαέυζῖέιζ.ῐέίὶᾶιιιῑὶοιιιίιιι
1411 4301 1623 4396 ηοηη⁷ηθ
1641 4301 1905 4403 intelligit
1938 4308 2206 4402 excerpta,
2231 4347 2350 4399 qua:
2373 4330 2635 4385 Mercator
2660 4330 3038 4428 interpretatus
3067 4335 3166 4392 est,
3194 4325 3471 4428 hecfactq
3492 4324 3681 4379 titulo;

442 4395 1131 4519 ,Ιῗέἑῖίζιῗὶῗέευὲἒῑὲἕέίῐὲῖέ
1156 4441 1295 4494 libris
1321 4437 1396 4491 vel
1419 4429 1713 4488 tractatibus
1736 4435 1973 4496 excerpta
1995 4424 2056 4477 ab
2085 4425 2320 4494 episcopo
2349 4420 2542 4492 Cyrillo
2572 4419 2815 4490 capitula,
2849 4435 2912 4472 ea:
2938 4417 3113 4471 Graeco
3135 4435 3166 4469 a
3194 4416 3413 4471 nobisin
3438 4416 3685 4474 Latinum

646 4546 904 4603 Diiferunt
932 4510 1186 4593 ista'vero
1216 4535 1282 4588 ab
1311 4528 1606 4599 excerptis,
1637 4534 1749 4579 tum
1778 4521 2059 4592 Ephesinae
2104 4517 2308 4589 synodo
2352 4516 2545 4571 oblatis
2573 4531 2603 4568 a
2633 4513 2792 4569 Petro
2822 4513 3149 4567 notariorum
3194 4510 3532 4613 primicerio;
3570 4521 3684 4567 tum

628 4654 745 4712 qua:
778 4636 914 4691 libro
935 4626 1428 4685 Contradictionum
1454 4622 1797 4676 continentur
1829 4633 1843 4670 :
1875 4628 2120 4682 magnam
2150 4622 2328 4666 autem
2358 4610 2492 4673 aliis,
2517 4610 2680 4662 immo
2711 4607 2809 4661 toti
2838 4606 3090 4712 historice,
3125 4605 3294 4712 lucem
3324 4602 3573 4712 adfrpnt.

502 4692 738 4792 ip'gwg;
754 4728 840 4784 hic
866 4720 1067 4792 imponi
1094 4717 1211 4770 linis
1238 4712 1503 4768 historica:
1528 4706 1843 4779 przefationi,
1874 4720 1993 4759 cum
2017 4703 2146 4756 nihil
2178 4701 2319 4792 apud
2345 4706 2617 4792 auctorem
2641 4704 2899 4792 nostrum,
2936 4695 3127 4792 saltem
3151 4692 3295 4792 quod
3326 4692 3685 4792 indubitatum

438 4782 534 4893 sit:
555 4782 822 4893 “quodque
860 4782 1125 4884 pertineat
1161 4805 1227 4860 ad
1264 4800 1522 4873 synodum
1547 4798 1889 4893 Ephesinam,
1929 4793 2243 4893 reperiatur.
2273 4790 2470 4845 Verum
2499 4789 2624 4857 quia
2643 4784 3264 4893 Ablercptorlfheodoret‘i
3292 4782 3537 4893 quaedam
3562 4793 3685 4893 post

437 4869 976 4975 :dricili—u'n—tjscripta,
1007 4911 1175 4967 eaque
1214 4869 1390 4962 magni
1430 4889 1685 4947 momenti
1725 4887 1972 4951 exhibet,
2005 4886 2177 4940 visum
2205 4892 2287 4939 est
2324 4898 2501 4975 operte
2540 4882 2777 4975 pretium
2798 4879 3042 4975 breviter
3075 4876 3361 4975 complecti
3385 4890 3507 4975 qua:
3534 4885 3683 4943 gesta

437 4965 737 5066 id
765 4965 933 5069 usq-ue
964 4965 1235 5062 temporis
1277 5003 1382 5057 quo
1412 4985 1780 5040 Theodoretus
1821 4981 1934 5034 sive
1979 4977 2232 5048 epistolas
2256 4976 2381 5069 sive
2407 4974 2572 5069 libros
2616 4970 2898 5041 praedictos
2920 4969 3171 5069 scripsit.
3216 4965 3681 5069 Fateboitamen,

436 5055 995 5169 resin-nihil
1024 5055 1341 5153 implicatius
1367 5077 1553 5169 ordine
1579 5072 1835 5143 temporis
1876 5086 1983 5139 quo
2021 5069 2292 5169 contigere
2330 5065 2558 5167 plurima
2588 5079 2708 5133 qua:
2742 5062 2972 5165 secunda
2986 5068 3144 5169 parte
3176 5057 3400 5161 concilii
3428 5055 3681 5169 Ephesini

797 5146 974 5247 {nihil
1000 5146 1361 5248 perturbatius
1389 5158 1732 5238 dispbsitione
1757 5163 2095 5232 scriptorum,
2118 5167 2178 5212 ut
2205 5155 2383 5210 mirari
2402 5155 2532 5209 satis
2560 5169 2666 5208 non
2694 5153 2890 5248 possim
2918 5150 3218 5248 collectoris
3238 5149 3351 5203 sive
3363 5146 3676 5248 consilium,

436 5233 856 5339 :h'e'i-iteuriam,
887 5233 1197 5338 qua‘omnia
1226 5277 1393 5332 usque
1422 5261 1556 5315 adeo
1584 5254 1909 5329 permiscuit,
1951 5252 2092 5305 utin
2129 5248 2443 5318 torquendis
2480 5246 2815 5301 curiosorum
2856 5243 3082 5313 ingeniis
3126 5239 3541 5298 oblectationem
3578 5233 3678 5291 sibi

436 5371 669 5429 voluisse
698 5365 874 5419 facere
901 5357 1067 5412 videri
1090 5362 1270 5425 queat.
2722 5426 2757 5433 __
2916 5424 2961 5433 __
3002 5432 3007 5433 ί
3289 5421 3300 5433 ,

502 5424 667 5529 igitur
685 5453 808 5507 dum
829 5453 1019 5504 vacant
1038 5424 1242 5509 Patres,
1266 5442 1357 5511 qui
1378 5439 1633 5495 maturius
1652 5441 1924 5529 venerant,
1943 5433 2182 5529 aliosque
2209 5436 2519 5529 exspectant
2539 5426 2847 5529 propediem
2869 5424 3161 5529 adiuturos,
3185 5424 3525 5529 positume‘st

438 5507 692 5627 pugili—(in
722 5550 928 5598 tantum
956 5539 1009 5593 in
1037 5507 1444 5592 salutationibus
1472 5530 1654 5585 amicis
1676 5523 2222 5590 collocutionibusque
2244 5520 2310 5574 de
2349 5518 2789 5627 rebus‘agendi's'zl
2824 5517 2918 5627 sed
2947 5516 3000 5571 in
3029 5513 3307 5627 audieng
3345 5513 3508 5627 etiam

438 5596 929 5705 glutis-.f'erewtotius
968 5626 1417 5701 eloquentissimis
1454 5620 1897 5686 doctissimisque,
1938 5614 2159 5685 Cyrillo,
2197 5613 2391 5667 Acacio
2425 5610 2695 5705 Meliteno,
2728 5607 3027 5705 Theodoto,
3060 5612 3164 5705 etc.
3191 5599 3433 5705 Tunc‘de
3459 5596 3673 5705 perdioe

746 5727 989 5785 Jeremiae
1010 5692 1313 5780 seimonem
1338 5717 1525 5774 habuit
1543 5713 1789 5784 Cyrinus,
1821 5709 1991 5777 deque
2014 5706 2253 5761 laudibus
2282 5704 2498 5771 virginis
2528 5702 2766 5770 Deipara:
2791 5718 2803 5752 :
2838 5708 2963 5753 tunc
2999 5694 3223 5752 Aeacius
3252 5692 3528 5749 Melitenes
3551 5701 3672 5783 ora-
