3958 6178
166 323 258 376 791
667 318 1042 376 ΡΜΕΡᾹΤΙΟ
1080 319 1148 375 IN
1186 318 1554 377 SECUNDAM
1592 319 1727 376 PAR

1837 322 1868 375 ll
1907 321 2187 379 OPERUM
2228 320 2418 378 MAR"
2459 321 2917 380 MFRCATORIS.
3296 325 3400 381 72$

164 433 362 485 tionem
410 428 545 483 dixit
589 428 655 483 de
684 429 884 483 unitate
909 427 1104 483 Christi
1132 429 1288 499 plane
1317 430 1682 486 admirabilem
1708 451 1721 485 :
1753 440 1879 491 tunc
1910 433 2058 491 lecta:
2087 432 2349 490 Theodoti
2377 434 2609 489 homilia:
2636 434 2772 499 dum,
2796 435 2985 504 quibus
3014 436 3143 491 nihil
3173 451 3270 506 par
3292 444 3404 492 tam

161 521 370 575 erudito
392 518 583 573 saeculo
611 520 865 587 scriptum
890 527 989 572 est.

230 615 307 668 llli
337 612 439 682 ipsi
466 612 572 666 duo
597 611 776 664 eximii
811 611 1065 681 episcopi,
1100 610 1405 666 Theodotus
1433 610 1656 683 Ancyra:
1685 619 1740 667 et
1777 611 2000 671 Aeacius
2026 614 2318 681 Melitenes,
2346 630 2445 684 pro
2481 616 2697 684 antiqua
2722 616 3039 671 necessitate
3077 618 3256 672 conati
3284 626 3409 673 sunt

159 706 462 763 Nestorium
490 702 770 770 colloquiis
797 702 1058 757 adducere
1087 701 1154 756 ad
1182 718 1519 757 communem
1546 719 1666 758 cum
1694 703 1930 760 Ecclesia
1969 706 2308 771 sententiam,
2364 706 2458 761 scd
2502 705 2696 761 frustra
2732 725 2745 760 :
2788 723 2911 761 nam
2942 707 3118 761 triduo
3158 716 3286 763 ante
3326 709 3409 761 in-

157 798 411 853 choatam
437 791 698 863 synodum
740 791 1055 845 audiverunt
1099 792 1165 845 ab
1191 806 1257 845 eo
1297 792 1489 861 impias
1528 792 1645 846 illas
1681 807 1858 857 voces,
1899 806 2016 860 quae
2056 794 2263 848 cunctis
2290 802 2478 863 postea
2506 795 2787 851 horrorem
2816 796 3092 851 fecerunt:
3124 796 3289 850 Deum
3316 814 3408 867 ego

159 894 467 951 bimestrem,
495 895 580 938 aut
602 887 903 938 trimestrem
929 901 1027 937 non
1050 884 1180 949 colo,
1206 900 1295 937 nec
1316 901 1430 938 eum
1457 886 1541 955 qui
1564 887 1693 956 fugit
1713 886 1764 939 in
1786 884 2091 957 Egyptum.
2119 885 2449 943 Audiverunt
2473 895 2527 940 et
2545 888 2641 942 has
2664 888 2795 942 alias
2816 889 2882 942 ab
2904 889 3068 959 ipsius
3089 890 3404 945 comitibus:

158 983 306 1036 Alius
321 989 396 1033 est
420 980 504 1049 qui
529 994 729 1048 passus,
754 976 885 1029 alius
912 978 996 1044 qui
1028 974 1246 1029 Verbum
1267 975 1393 1041 Dei;
1420 985 1469 1029 et
1494 975 1666 1031 Judaei
1694 978 1949 1030 hominem
1979 978 2363 1047 cruciﬁxerunt,
2388 993 2492 1031 non
2515 977 2698 1032 Deum.

226 1072 365 1127 Cum
392 1073 458 1125 de
482 1070 821 1124 cunctatione
845 1068 1065 1123 Joannis
1092 1077 1446 1137 quererentur
1474 1067 1661 1124 Patres
1689 1069 1828 1138 apud
1856 1070 1990 1124 duos
2019 1071 2299 1140 episcopos
2330 1071 2397 1125 ab
2426 1072 2542 1142 ipso
2576 1072 2897 1142 praemissos,
2923 1071 3164 1125 dixerunt
3192 1073 3268 1126 illi
3308 1089 3413 1126 non

159 1167 335 1230 semel,
366 1164 456 1218 θεά
484 1164 710 1232 δωρίαεέ
741 1178 1003 1215 MANDAV'IT
1032 1177 1204 1225 NOBIS,
1239 1177 1306 1215 UT
1336 1177 1546 1215 PIETATI
1576 1176 1793 1215 VESTRE
1836 1178 2110 1219 ικυιεεδιυε
2149 1179 2215 1217 NE
2252 1179 2485 1218 SYNODUM
2530 1180 2877 1229 PROROGETIS,
2922 1180 2968 1219 SI
3004 1180 3157 1220 IPSUI
3194 1176 3416 1218 AMPLIL'S

160 1273 409 1314 unusne
436 1268 776 1317 CONTIGERIT;
808 1268 901 1306 san
925 1269 1125 1317 ponus,
1158 1270 1292 1316 quon
1317 1270 1444 1307 onus
1466 1270 1561 1308 ssr
1593 1271 1779 1319 rscro,
1811 1273 1861 1310 tn
1883 1274 2023 1311 rm.
2056 1258 2181 1312 Cum
2209 1258 2317 1312 lure
2344 1259 2420 1312 illi
2446 1262 2843 1323 renuntiassent,
2875 1269 3107 1330 certoque
3135 1269 3413 1320 constaret,

163 1359 265 1402 tam
289 1364 354 1401 ea:
381 1362 525 1398 mora
544 1360 694 1414 quam
713 1360 775 1396 ex
801 1345 864 1396 iis
885 1360 998 1415 qua:
1026 1346 1260 1397 nuntiata
1289 1346 1494 1415 fuerant
1512 1346 1671 1415 ipsius
1694 1349 1917 1413 nomine,
1941 1366 2055 1403 eum
2084 1350 2365 1405 detrectare
2393 1368 2715 1417 consessum;
2746 1353 2823 1406 vel
2863 1352 2998 1423 quod
3027 1352 3269 1404 amicitia:
3306 1365 3420 1420 qua!

162 1443 257 1511 ipsi
283 1456 399 1493 cum
428 1436 664 1490 Nestorio
684 1436 1026 1489 intercedebat
1047 1437 1362 1507 indulgeret;
1400 1439 1474 1491 vel
1494 1439 1629 1511 quod
1663 1442 1706 1493 is
1737 1438 1985 1494 Ecclesia:
2011 1457 2118 1495 sua:
2148 1443 2301 1512 fuerit
2335 1442 2585 1505 clericus;
2619 1444 2695 1496 vel
2721 1444 2878 1497 etiam
2921 1441 3055 1512 quod
3084 1439 3418 1511 quorumdam

162 1550 253 1604 pro
278 1532 367 1585 illo
392 1529 825 1599 deprecationibus
849 1544 1038 1581 morem
1058 1538 1271 1598 gereret,
1290 1540 1469 1583 sancta
1489 1530 1716 1601 synodus
1736 1532 1789 1584 in
1812 1548 1998 1603 magna
2026 1531 2217 1603 Ephesi
2238 1533 2471 1599 ecclesia,
2490 1550 2602 1605 qua:
2620 1533 2909 1605 appellatur
2930 1533 3122 1598 Maria,
3143 1532 3419 1587 sessionem

164 1623 454 1679 celebravit.

229 1711 369 1765 Cum
398 1722 524 1775 ergo
554 1708 800 1762 Patribns
839 1707 1142 1762 condictum
1171 1716 1312 1763 esset
1339 1710 1405 1763 ad
1443 1708 1738 1764 Ecclesiam
1787 1726 1905 1780 qua:
1953 1712 2117 1768 Maria
2146 1713 2423 1769 dicebatur
2452 1714 2721 1785 (sanctam
2768 1723 2824 1770 et
2860 1713 3140 1783 Deiparam
3176 1717 3424 1766 vocatam

166 1803 377 1859 videtur
402 1802 596 1857 docere
614 1800 898 1872 Cyrillus),
923 1801 1076 1869 petiit
1096 1799 1370 1856 Nestorius
1398 1803 1593 1871 aperiri
1621 1804 1731 1858 suis
1758 1804 2037 1859 ecclesiam
2072 1806 2243 1861 sancti
2272 1807 2501 1877 apostoli
2527 1806 2765 1870 Joannis,
2797 1806 2887 1860 ubi
2934 1804 3291 1860 considerent.
3321 1800 3426 1855 Ne—

168 1896 313 1964 gavit
332 1895 579 1949 Memnon
608 1892 960 1962 Ephesiorum
983 1892 1282 1961 episcopus,
1308 1893 1619 1961 obstititque
1652 1894 1801 1964 plebs
1827 1894 2030 1962 Virgini
2057 1896 2283 1963 devota;
2315 1906 2370 1953 et
2404 1899 2533 1953 hinc
2567 1897 2799 1966 querela:
2839 1896 3145 1964 frequenter
3172 1892 3423 1956 Nestorii,

168 1990 321 2059 quasi
348 2001 447 2057 per
473 1986 786 2041 seditionem
810 1984 1055 2052 repulsus
1082 1992 1241 2038 esset.
1275 1984 1445 2054 Hujus
1476 1994 1633 2039 tanta:
1658 1985 1942 2050 seditionis,
1970 1987 2158 2053 inquit,
2184 1998 2362 2042 auctor
2381 1997 2429 2044 et
2457 1990 2825 2058 antesignanus
2855 1988 2953 2058 fuit
2980 1985 3226 2039 Memnon
3252 1982 3426 2053 Ephe-

168 2083 364 2134 siorum
384 2079 679 2147 episcopus;
703 2077 782 2129 hic
801 2078 988 2129 etenim
1016 2084 1221 2128 sanctas
1243 2076 1503 2141 ecclesias,
1528 2085 1915 2147 sanctorumque
1934 2087 2216 2147 martyrum
2240 2078 2393 2143 ardes,
2419 2089 2467 2132 ct
2488 2088 2873 2132 sacrosanctam
2908 2076 3129 2147 apostoli
3158 2074 3426 2129 basilicam

172 2170 317 2223 nobis
346 2168 625 2238 praelusit,
650 2177 707 2219 ut
743 2182 903 2236 neque
924 2166 1176 2219 hostiliter
1204 2167 1411 2235 agitatis
1441 2167 1727 2237 perfugium
1750 2166 1909 2221 ullum
1938 2167 2007 2220 ad
2034 2186 2121 2223 eas
2150 2179 2349 2239 pateat;
2380 2170 2458 2222 his
2488 2187 2601 2223 vero
2631 2186 2873 2239 magnam
2905 2170 3173 2223 ecclesiam
3208 2166 3428 2235 aperuit,

171 2261 509 2328 idoneamque
536 2258 793 2311 consessui
822 2256 991 2309 sedem
1020 2255 1205 2308 ibidem
1226 2257 1532 2325 priepararit
1549 2274 1566 2320 ;
1595 2257 1740 2309 nobis
1770 2266 1939 2310 autem
1968 2258 2198 2311 omnibus
2228 2269 2438 2313 mortem
2463 2268 2539 2312 est
2564 2260 2943 2311 interminatus.

240 2352 402 2405 Actio
420 2350 590 2418 prima
613 2349 691 2402 sic
711 2361 768 2400 se
795 2346 996 2399 habuit.
1028 2345 1223 2399 Diebus
1251 2345 1519 2399 sexdecim
1542 2354 1663 2415 post
1692 2346 1833 2401 diem
1856 2348 2158 2403 condictum
2181 2350 2247 2403 ah
2273 2351 2612 2419 imperatore,
2637 2364 2756 2404 cum
2773 2350 2965 2404 citatus
2984 2348 3218 2415 legitime
3246 2344 3435 2399 fuisset

174 2441 479 2505 Nestorius;
498 2439 589 2507 qui
616 2439 801 2491 venire
831 2437 1017 2500 noluit,
1042 2436 1179 2490 lecta
1208 2445 1290 2491 est
1320 2437 1548 2505 primum
1578 2436 1709 2491 fides
1737 2436 1963 2492 Nie'ente
1991 2440 2211 2510 synodi;
2238 2448 2349 2494 tum
2378 2455 2528 2494 sacra
2554 2440 2923 2510 imperatoris;
2956 2437 3292 2509 postmodum
3314 2434 3433 2503 epi-

174 2534 307 2587 stola
340 2530 578 2585 secunda
608 2527 791 2598 Cyrilli
819 2526 886 2580 ad
914 2525 1237 2590 Nestorium,
1275 2525 1506 2580 Nestorii
1534 2526 1765 2582 secunda
1793 2528 1862 2582 ad
1893 2526 2182 2601 Cyrillum;
2222 2529 2413 2584 deinde
2455 2528 2726 2585 leestini
2772 2530 2838 2585 ad
2881 2530 3182 2585 Nestorium
3220 2527 3431 2588 litterat,

174 2624 469 2696 Cyrillique
508 2621 901 2676 denuntiatoria
930 2635 1052 2674 cum
1078 2619 1559 2685 anathematismis;
1592 2620 1808 2675 tandem
1851 2631 2104 2691 excerpta
2136 2637 2201 2676 ex
2240 2622 2389 2676 libris
2427 2622 2690 2688 Nestorii;
2741 2623 3114 2690 contrariaque
3154 2618 3436 2674 duodecim

176 2718 398 2772 Patrum
427 2714 787 2782 antiquiorum
816 2710 1140 2765 testimonia.
1174 2709 1412 2779 Denique
1431 2718 1554 2780 post
1593 2711 1783 2764 lectam
1811 2710 2061 2780 Capreoli
2086 2709 2519 2780 Carthaginensis
2547 2711 2830 2781 epistolam
2868 2710 2936 2763 ad
2975 2708 3259 2779 synodum,
3288 2704 3434 2759 occi-

175 2806 337 2859 dente
354 2804 468 2871 jam
491 2804 622 2866 sole,
654 2802 760 2854 lata
789 2810 868 2853 est
888 2800 941 2852 in
968 2807 1358 2861 contumacem,
1387 2798 1738 2867 depositionis
1767 2807 1926 2868 atque
1955 2801 2519 2856 excommunicationis
2540 2802 2642 2855 ista
2664 2799 2947 2855 sententia.
2983 2798 3179 2851 Sancta
3211 2794 3437 2867 synodus

178 2896 308 2948 dixit
331 2910 349 2948 .'
386 2891 512 2946 Cum
541 2899 727 2961 praeter
755 2898 941 2944 uetera
968 2888 1303 2957 impiissimus
1328 2886 1621 2951 Nestorius,
1648 2905 1806 2958 neque
1835 2900 2025 2944 nostch
2048 2892 2281 2944 citationi
2307 2909 2506 2962 parere,
2543 2908 2701 2961 neque
2728 2890 3080 2943 sanctissimos
3105 2886 3438 2958 religiosissi-

177 3006 392 3061 mosque
418 2989 680 3058 episcopos
709 3003 741 3038 a
763 2984 907 3038 nobis
934 2982 1216 3035 destinatos
1239 2981 1504 3035 admittere
1525 2981 1756 3048 voluerit,
1789 2999 1890 3036 non
1914 2985 2167 3054 potuimus
2198 2984 2265 3036 ad
2291 3001 2464 3038 eorum
2496 3000 2606 3055 qua!
2624 2984 2778 3053 impie
2805 2982 2977 3035 docuit
3004 2980 3442 3034 exanimationem

180 3086 415 3137 animum
440 3097 541 3134 non
564 3080 861 3150 adjungere.
889 3075 1330 3147 Deprehendcntes
1354 3076 1537 3145 itaque,
1562 3075 1747 3144 partim
1770 3092 1834 3128 ea:
1859 3076 2040 3129 litteris
2076 3077 2548 3147 commentariisque
2576 3077 2755 3147 ipsius,
2806 3075 2994 3143 pertint
3020 3089 3085 3126 ex
3121 3068 3439 3126 sermonibus

181 3189 303 3243 quos
333 3171 630 3241 nuperrime
657 3170 711 3221 in
740 3168 836 3220 hac
866 3166 1203 3236 Ephesiorum
1233 3166 1497 3234 metropoli
1527 3164 1720 3227 habuit,
1765 3167 1945 3235 quique
1987 3168 2285 3220 testimoniis
2330 3168 2571 3237 comperti
2610 3176 2747 3230 sunt,
2780 3165 2925 3219 illunt
2980 3164 3134 3233 impie
3177 3163 3367 3217 sentire
3392 3168 3443 3213 et

182 3264 490 3333 prtrdicare,
523 3260 683 3312 coacti
722 3275 812 3327 per
849 3272 1024 3311 sacros
1060 3272 1279 3308 canones
1315 3265 1364 3307 et
1399 3256 1666 3324 epistolam
1707 3258 2020 3309 sanctissimi
2050 3260 2227 3326 fratris
2259 3260 2420 3312 nostri
2448 3268 2496 3311 et
2521 3259 2855 3312 comministri
2880 3255 3137 3311 Cazlestini
3190 3253 3439 3309 Romana!

183 3353 439 3407 Ecclesia
463 3350 706 3419 episcopi,
733 3347 972 3416 lacrymis
992 3345 1207 3398 subinde
1233 3346 1448 3415 perfusi,
1482 3345 1549 3396 ad
1576 3345 1838 3415 lugubrem
1868 3346 2000 3399 hanc
2028 3356 2208 3400 contra
2230 3365 2341 3401 eum
2370 3350 2675 3402 sententiam
2698 3349 2984 3402 necessario
3006 3347 3249 3401 venimus.
3271 3343 3441 3415 Igitur

185 3442 444 3498 Dominus
470 3450 641 3494 noster
659 3439 807 3492 Iesus
837 3436 1086 3499 Christus,
1119 3452 1264 3506 quem
1295 3438 1400 3488 suis
1434 3435 1520 3488 ille
1548 3435 1854 3505 blasphemis
1892 3437 2094 3491 vocibus
2132 3440 2391 3507 impetivit,
2443 3457 2534 3509 per
2582 3441 2959 3493 sanctissimam
3014 3438 3145 3491 hanc
3190 3434 3444 3507 synodum

184 3535 421 3587 eumdem
450 3530 748 3586 Nestorium
776 3528 1051 3599 episcopali
1101 3524 1349 3597 dignitate
1388 3528 1639 3597 privatum
1690 3536 1740 3579 et
1784 3525 1849 3580 ab
1893 3530 2126 3582 universo
2169 3529 2487 3584 sacerdotum
2538 3532 2790 3585 consortio
2819 3539 2868 3584 et
2912 3538 3041 3585 cwtu
3069 3527 3293 3582 alienum
3336 3538 3447 3579 esse

185 3625 393 3694 deﬁnit.

253 3713 390 3768 Haec
418 3710 607 3764 eadem
628 3706 893 3763 sententia
921 3705 1177 3775 postridie
1205 3702 1500 3773 signiﬁcata
1521 3712 1603 3758 est
1632 3704 1683 3757 in
1705 3705 1847 3759 hunc
1876 3706 2091 3760 modum
2117 3726 2128 3759 :
2164 3708 2361 3763 Sancta
2390 3709 2613 3778 synodus
2643 3708 2741 3762 Dei
2764 3710 2933 3779 gratia
2955 3709 3110 3778 juxta
3131 3707 3450 3777 religiosissi-

186 3817 393 3856 morum
420 3798 1059 3866 christianissimorumque
1082 3796 1445 3863 imperatorum
1472 3801 1763 3846 nostrorum
1792 3802 2035 3846 statutum
2063 3796 2116 3847 in
2147 3793 2487 3865 Ephesiorum
2520 3795 2787 3865 metropoli
2826 3803 3154 3865 congregata,
3202 3793 3447 3847 Nestorio

188 3906 315 3943 novo
334 3887 518 3941 ludar.
543 3887 775 3956 Agnosco
805 3894 851 3938 te
866 3891 1072 3955 propter
1095 3883 1279 3952 impias
1299 3875 1689 3952 praedicationes
1719 3891 1831 3935 tuas
1860 3892 1909 3935 et
1942 3884 2209 3939 adversum
2242 3902 2460 3939 canones
2502 3886 2898 3951 contumaciam,
2940 3886 3179 3955 vigesimo
3218 3884 3445 3945 secundo,

186 3980 486 4033 diemeasis
517 3976 662 4029 Junii
690 3976 972 4045 praesentis,
1016 3974 1170 4044 juxta
1199 3972 1659 4027 ecclesiasticarum
1684 3975 2005 4029 sanctionum
2044 3976 2265 4042 decreta,
2297 3994 2329 4031 a
2371 3985 2553 4031 sancta
2580 3976 2775 4047 synodo
2829 3976 3131 4047 depositum,
3184 3985 3335 4047 atque
3381 3973 3446 4027 ab

186 4074 329 4126 omni
362 4069 708 4123 ecclesiastico
726 4066 889 4137 gradu
909 4066 1133 4119 alienum
1160 4081 1289 4119 esse.

254 4162 337 4216 Eo
386 4160 506 4228 ipso
544 4158 630 4212 die
668 4156 1026 4211 Candidianns
1064 4170 1246 4210 comes
1284 4155 1468 4210 retulit
1496 4155 1561 4209 ad
1592 4156 1971 4226 imperatorem
1998 4157 2065 4213 de
2102 4158 2266 4227 gestis
2292 4158 2345 4212 in
2374 4158 2634 4224 concilio;
2674 4157 2858 4213 retulit
2881 4164 2935 4212 et
2962 4155 3255 4221 Nestorius,
3288 4153 3449 4207 ambo

186 4250 565 4307 mendaciter:
593 4247 687 4302 sed
711 4255 888 4301 tamen
916 4247 1008 4311 ita,
1036 4252 1095 4300 ut
1123 4246 1357 4299 animum
1388 4245 1675 4301 Theodosii
1691 4246 1801 4315 jam
1832 4263 2057 4317 pronum
2088 4249 2141 4302 in
2170 4248 2491 4313 Nestorium,
2524 4256 2579 4301 et
2619 4262 2862 4302 aversum
2891 4261 2922 4300 a
2966 4244 3165 4316 Cyrillo
3211 4259 3446 4299 commo-

187 4349 388 4399 vcrent
414 4341 469 4394 in
498 4348 665 4394 totam
700 4339 981 4409 synodum.
1015 4337 1179 4393 Periit
1220 4336 1533 4393 Candidiani
1574 4339 1797 4404 relatio;
1826 4337 1986 4393 fuisse
2006 4346 2184 4393 tamen
2213 4342 2431 4395 omnino
2458 4352 2747 4393 consonam
2770 4335 3016 4391 relationi
3041 4334 3290 4397 Nestorii,
3321 4349 3452 4389 con—

189 4441 295 4488 stat
318 4447 395 4486 ex
422 4444 576 4485 sacra
620 4443 719 4498 per
759 4427 1050 4482 Palladium
1076 4429 1145 4482 ab
1173 4428 1497 4497 imperatore
1523 4428 1703 4482 missa.
1737 4428 2015 4483 Nestorius
2052 4444 2214 4498 porro
2237 4436 2456 4497 questus
2484 4434 2583 4492 est,
2608 4425 2752 4495 quod
2774 4433 2951 4495 spreta
2974 4423 3196 4479 fuissent
3224 4424 3453 4493 impera-

190 4524 326 4579 toris
356 4520 643 4585 mandata;
675 4519 819 4588 quod
841 4528 1128 4589 occupatus
1154 4518 1375 4573 Joannis
1399 4518 1718 4574 Antiocheni
1739 4519 2028 4585 adventus;
2060 4520 2202 4588 quod
2231 4521 2411 4575 clausa
2440 4519 2540 4575 sibi
2570 4518 2784 4587 suisque
2806 4518 3033 4574 ecclesia
3061 4532 3091 4571 a
3130 4516 3446 4577 Memnone;

193 4614 338 4683 quod
371 4628 406 4666 a
429 4613 637 4667 clericis
664 4620 718 4667 et
743 4613 1017 4667 monachis
1041 4613 1122 4666 vis
1149 4614 1259 4667 suis
1288 4613 1463 4675 illata;
1493 4611 1636 4681 quod
1666 4612 1898 4681 denique
1926 4612 2105 4667 omnia
2142 4612 2453 4681 perturbate
2494 4611 2855 4680 seditioseque
2891 4618 3204 4679 gererentur
3241 4622 3453 4676 square

194 4703 300 4757 duo
330 4700 497 4755 enixe
530 4701 863 4769 postulabat;
894 4700 1137 4765 alterum,
1165 4700 1463 4766 retractari,
1494 4716 1613 4770 qua:
1641 4700 1778 4756 facta
1799 4700 2039 4767 fuerant;
2082 4701 2325 4766 alterum,
2358 4700 2582 4756 formam
2620 4702 2757 4755 hanc
2786 4699 3041 4754 habenda:
3086 4698 3273 4769 synodi
3318 4713 3453 4767 pne-

194 4789 383 4853 scribi,
417 4794 477 4841 ut
496 4787 714 4857 singulis
742 4788 1093 4859 metropolitis
1132 4789 1240 4843 duo
1264 4796 1467 4843 tantum
1513 4791 1750 4861 episcopi
1793 4790 2060 4846 adessent.
2093 4789 2150 4845 ld
2179 4792 2401 4859 urgebat
2428 4791 2553 4847 dolo
2582 4772 2746 4855 malo,
2772 4791 2971 4859 quippe
3018 4805 3126 4843 non
3153 4789 3368 4855 ignarus
3399 4789 3454 4843 in

195 4886 441 4956 Egypto
469 4880 837 4950 metropolitas
864 4895 970 4936 non
998 4894 1135 4946 esse,
1164 4880 1384 4951 perinde
1403 4896 1466 4937 ac
1487 4881 1541 4935 in
1568 4880 1784 4937 Oriente
1809 4890 1864 4937 et
1886 4883 1938 4937 in
1967 4882 2108 4948 Asia,
2142 4881 2493 4951 Thraciaque,
2532 4890 2587 4937 et
2615 4882 2834 4953 reliquis
2862 4880 3158 4937 faventibus
3184 4879 3285 4935 sibi
3312 4879 3449 4937 dios-

194 4978 435 5031 cesibus.

266 5066 481 5122 Eodem
508 5064 595 5119 die
615 5064 847 5135 synodus
882 5063 1094 5133 scripsit
1120 5063 1475 5118 illustrissimo
1507 5063 1772 5119 Euchario
1800 5064 2050 5121 Ecclesia:
2082 5063 2683 5134 Constantinopolitana:
2711 5064 2997 5130 defensori,
3025 5062 3456 5134 presbyterisque

192 5167 253 5214 et
276 5156 601 5220 (economis,
630 5171 692 5210 ac
718 5156 837 5210 aliis
863 5155 1072 5210 clericis
1091 5155 1430 5209 brevissimas
1458 5154 1679 5221 litteras,
1710 5155 1903 5224 quibus
1931 5156 2136 5210 monuit
2157 5155 2459 5225 depositum
2486 5171 2604 5211 esse
2632 5155 2957 5223 Nestorium,
2991 5162 3046 5211 et
3076 5154 3300 5225 proinde
3338 5168 3455 5208 om-

194 5252 309 5319 nia,
352 5266 469 5321 qua:
495 5252 562 5307 ad
582 5251 876 5307 Ecclesiam
904 5254 1233 5321 pertinerent
1258 5250 1622 5316 custodienda,
1646 5250 1817 5305 donec
1838 5250 2040 5305 electus
2075 5257 2217 5304 esset
2244 5250 2546 5321 episcopus,
2578 5250 2662 5306 cui
2690 5250 2829 5304 ratio
2858 5255 3175 5303 cunctorum
3203 5245 3457 5301 reddere—

196 5356 307 5401 tur.
334 5342 565 5412 Scripsit
591 5360 695 5398 una
715 5344 943 5415 Cyrillus
964 5342 1223 5397 Dalmatio
1252 5340 1699 5406 archimandritas,
1730 5341 1945 5410 suisque
1972 5340 2435 5410 Constantinopoli
2465 5340 2669 5411 positis,
2697 5346 2756 5393 ut
2783 5338 3142 5407 intelligerent
3168 5336 3293 5405 quid
3315 5335 3456 5392 facto

197 5436 345 5490 foret
375 5451 509 5504 opus
537 5437 591 5490 in
612 5436 713 5491 hac
737 5452 914 5491 rerum
934 5434 1281 5489 conversione
1300 5446 1363 5485 ac
1382 5432 1799 5500 perturbatione,
1823 5430 2080 5484 moliente
2100 5431 2305 5485 scilicet
2332 5429 2680 5493 Candidiano,
2712 5443 2778 5481 ne
2810 5442 2989 5482 verum
3021 5426 3329 5496 imperatori
3361 5440 3456 5495 pa-

199 5532 367 5578 teret.
399 5523 672 5587 Quoniam,
702 5535 757 5578 ut
783 5526 1028 5588 intellexi,
1054 5522 1242 5589 inquit,
1267 5522 1536 5575 relationes
1559 5539 1590 5574 a
1610 5523 2118 5591 magnificentissimo
2148 5523 2329 5575 comite
2356 5520 2673 5575 Candidiano
2700 5520 2885 5574 delata:
2906 5528 3043 5583 sunt,
3072 5519 3208 5573 cauti
3231 5534 3291 5571 ac
3328 5519 3430 5588 vigi
3452 5548 3457 5554 -

207 5616 378 5667 (antes
404 5622 577 5677 estote,
609 5632 669 5666 ac
688 5615 859 5667 docete
878 5612 1266 5668 commentarios
1295 5627 1462 5664 rerum
1482 5613 1535 5665 in
1566 5611 1794 5666 Nestorii
1823 5612 2139 5682 depositione
2165 5621 2421 5683 gestarum
2450 5612 2677 5666 nondum
2712 5612 2935 5683 perfecte
2973 5611 3278 5680 perscriptas
3306 5625 3451 5663 esse:

205 5698 349 5753 unde
381 5718 439 5757 ne
458 5705 526 5757 ad
553 5705 811 5770 religiosos
833 5704 1031 5770 quidem
1052 5705 1358 5773 victoresque
1378 5704 1702 5773 imperatores
1724 5713 1924 5759 nostros
1954 5705 2270 5772 relationem,
2296 5720 2408 5773 qua:
2428 5704 2559 5758 mitti
2582 5703 2743 5770 debet,
2767 5703 2934 5759 adhuc
2953 5703 3150 5758 mittere
3168 5703 3448 5770 potuimus.

2246 5940 2272 5956 δ
