3958 6178
489 343 588 398 7'33
995 344 1358 400 PRzEFATlO
1397 344 1465 399 IN
1503 344 1869 402 SECUNDAM
1910 346 2188 404 PARTEM
2229 347 2510 405 OPERUM
2552 351 2741 406 MAR"
2781 352 3234 411 MERCATORIS.
3618 365 3722 419 72$

488 466 542 508 ut
563 455 670 511 Deo
691 457 816 510 bene
835 459 1032 526 favente
1057 474 1161 509 una
1185 474 1297 510 cum
1326 455 1704 511 commentariis
1726 460 1970 522 mittetur,
1995 463 2040 514 si
2060 459 2208 514 modo
2231 460 2374 513 nobis
2403 461 2600 514 mittere
2621 462 2771 514 liceat
2793 465 2876 533 qui
2899 467 3121 535 perferre
3140 474 3306 535 queat.
3340 465 3488 530 Quod
3513 471 3560 521 si
3594 487 3736 524 com-

487 551 846 604 mentariorum
869 557 917 601 et
944 548 1210 602 relationis
1239 550 1393 602 series
1426 549 1723 614 tardaverit,
1748 553 1924 604 sciatis
1952 568 2042 604 nos
2064 553 2330 622 quominus
2349 553 2607 605 mittamus
2637 554 2892 622 impediri.

553 637 855 692 llabebatur
882 638 1172 692 Dalmatius
1201 653 1263 692 ea
1295 646 1610 706 tempestate
1640 639 1876 692 omnium
1907 641 2290 694 monachorum
2318 641 2700 706 sanctissimus,
2734 650 2791 695 ut
2818 643 2906 709 qui
2936 649 3078 696 totos
3105 643 3455 712 quadraginta
3484 657 3609 702 octo
3640 665 3740 702 an-

486 739 583 781 nos
610 726 937 778 monasterio
968 725 1158 794 pedem
1181 742 1287 779 non
1312 727 1607 790 extulisset,
1640 727 1908 796 vitamque
1948 737 2130 796 ageret
2158 729 2409 797 angelica:
2439 745 2638 799 parem.
2671 730 2793 784 Fuit
2817 740 2997 785 autem
3024 730 3224 802 Cyrillo
3253 735 3494 789 addictus
3521 739 3574 791 in
3603 755 3741 807 pau-

481 818 576 878 cis,
607 811 802 870 Christi
827 807 1002 870 studio
1031 817 1300 870 communi
1326 818 1468 871 viros
1489 825 1702 872 sanctos
1733 817 2106 887 conjungente,
2140 834 2308 888 eoque
2338 821 2651 876 administro
2681 822 2820 876 Deus
2840 837 2953 876 rem
2987 824 3223 877 omnium
3248 824 3613 882 difﬁcillimam
3647 832 3743 886 ab-

477 905 656 969 solvit,
692 912 750 956 ut
778 915 962 973 postea
987 907 1213 961 dicetur.

548 1000 752 1066 Quibus
771 1014 900 1054 vero
929 998 1038 1052 suis
1059 999 1326 1068 scripserit
1353 996 1597 1069 Cyrillus,
1630 999 1787 1055 docet
1815 1001 2108 1054 litterarum
2139 1001 2414 1072 inscriptio
2432 1045 2446 1069 ,
2489 1003 2721 1058 Macario
2750 1015 2799 1058 et
2827 1005 3121 1060 Potamioni
3147 1010 3396 1081 episcopis
3418 1053 3433 1076 ,
3481 1012 3749 1069 Timotheo

478 1101 528 1144 et
555 1091 774 1162 Eutogio
803 1091 1148 1162 presbyteris;
1178 1100 1235 1144 ut
1265 1092 1386 1146 inde
1415 1108 1606 1161 arguas
1634 1094 1920 1148 Baronium
1950 1096 2258 1165 opinantem
2289 1096 2576 1152 Macarium
2617 1107 2669 1154 et
2697 1099 3066 1157 Potamionem
3109 1121 3218 1159 non
3247 1105 3409 1162 fuisse
3436 1108 3747 1178 episcopos.

480 1180 560 1234 Ex
599 1187 832 1248 quatuor
862 1181 1023 1249 igitur
1051 1180 1317 1251 Egyptiis
1345 1183 1607 1252 episcopis
1631 1223 1645 1248 ,
1679 1185 1746 1238 ab
1785 1184 2142 1240 Alexandrina
2173 1188 2380 1258 synodo
2415 1190 2481 1244 ad
2509 1190 2812 1246 Nestorium
2839 1193 3358 1266 Constantinopolim
3382 1200 3594 1265 missis,
3641 1202 3754 1257 duo

483 1271 753 1340 Ephesum
770 1273 835 1326 ad
857 1273 1140 1327 concilium
1159 1274 1383 1342 profecti
1399 1283 1541 1339 sunt,
1561 1275 1958 1345 Theopemptus
1969 1284 2023 1332 et
2041 1278 2226 1333 Daniel
2244 1297 2257 1345 ;
2277 1280 2381 1334 duo
2403 1281 2752 1337 subStiterunt
2768 1282 3252 1356 Constantinopoli,
3270 1289 3334 1343 ad
3359 1305 3446 1344 res
3460 1291 3748 1356 curandas,

479 1360 742 1416 Macarius
769 1370 823 1416 et
851 1361 1132 1417 Potamion
1157 1380 1170 1416 :
1195 1363 1448 1432 Eulogius
1477 1380 1604 1419 vero
1632 1366 1678 1420 is
1702 1366 1816 1433 ipse
1844 1375 1926 1419 est
1953 1366 2020 1420 ad
2044 1382 2205 1435 quem
2235 1371 2699 1426 commonitorium
2727 1389 2758 1427 a
2781 1373 2980 1446 Cyrillo
3004 1377 3186 1430 datum
3211 1387 3396 1447 postea
3417 1380 3644 1436 dicetur.

553 1451 852 1521 Antequam
878 1453 1156 1509 adveniret
1181 1455 1414 1510 Joannes
1452 1456 1816 1509 Antiochenus
1837 1472 1957 1510 cum
1988 1459 2116 1523 suis,
2149 1459 2365 1513 advenit
2392 1470 2570 1515 autem
2591 1471 2714 1531 post
2736 1466 2971 1534 quinque
3000 1466 3113 1521 dies
3136 1483 3166 1521 a
3196 1468 3531 1538 depositione
3553 1472 3752 1527 Nesto-

482 1540 568 1604 rii,
594 1542 777 1594 retulit
796 1543 1032 1613 synodus
1054 1544 1120 1598 ad
1143 1545 1524 1614 imperatorem
1553 1545 1620 1599 de
1647 1546 1808 1599 rebus
1835 1545 2032 1614 Ephesi
2071 1549 2268 1616 gestis,
2312 1551 2628 1620 scripsitque
2657 1553 2722 1607 ad
2751 1555 2952 1609 clerum
2982 1558 3341 1627 populumque
3370 1559 3752 1617 Constantino-

485 1630 782 1700 politanum
811 1632 878 1686 de
903 1632 1136 1687 Nestorii
1164 1633 1526 1688 damnatione.
1559 1633 1783 1703 Scripsit
1811 1634 1973 1687 etiam
2002 1641 2130 1690 tunc
2163 1639 2419 1706 temporis
2460 1639 2524 1693 ad
2565 1639 2983 1696 Alexandrinum
3020 1645 3222 1698 clerum
3263 1648 3657 1717 pepulumque,
3700 1660 3753 1705 et

484 1723 671 1780 Patres
692 1727 1079 1782 monachorum
1098 1727 1343 1798 Cyrillus,
1368 1727 1460 1796 qui
1489 1735 1544 1781 et
1569 1727 1756 1780 habuit
1776 1743 2078 1782 sermonem
2106 1729 2171 1783 ad
2199 1727 2404 1796 Patres,
2429 1731 2533 1795 die,
2559 1741 2617 1786 ut
2644 1733 2854 1802 opinor,
2885 1734 2956 1789 25
2974 1735 3134 1803 Junii,
3169 1753 3287 1792 cum
3318 1748 3525 1808 septem
3547 1756 3578 1794 e
3605 1743 3752 1795 schi—

486 1818 724 1873 smaticis
752 1820 819 1874 ad
846 1827 1087 1875 sanctam
1117 1820 1339 1874 Mariam
1367 1820 1776 1886 descenderunt,
1809 1835 1972 1889 seque
2000 1823 2205 1892 synodo
2235 1823 2608 1891 adjunxerunt.
2633 1822 2908 1880 Sermonis
2941 1827 3151 1880 initium
3179 1837 3261 1883 est
3285 1848 3296 1881 :
3323 1830 3532 1906 Φαιδρὸν
3560 1835 3663 1907 ὁρῶ
3691 1835 3753 1888 τὸ

489 1909 733 1983 σύστημα
756 1922 852 1969 τῶν
874 1917 1030 1988 ἁγίων
1057 1914 1278 1977 πάντων,
1312 1920 1416 1967 etc.
1447 1911 1646 1966 Habuit
1673 1914 1832 1967 etiam
1854 1915 2015 1967 alium
2043 1933 2052 1967 ι

2191 1915 2381 1982 abbati,
2415 1923 2470 1968 ut
2490 1915 2716 1982 videtur,
2742 1932 2862 1971 cum
2883 1934 3111 1990 synaxes
3132 1930 3435 1988 agerentur,
3467 1933 3754 1993 postquam

489 2001 779 2070 Rheginus,
808 2002 1134 2058 Constantia:
1161 2001 1323 2074 Cypri
1349 2003 1650 2072 episcopus,
1677 2002 1874 2071 aliique
1899 2012 2260 2072 perorassent.

563 2094 767 2149 Eodem
793 2095 1002 2150 sabbati
1029 2095 1136 2158 die,
1168 2095 1266 2149 sub
1287 2109 1584 2163 vesperam,
1617 2093 1783 2147 adfuit
1811 2110 1930 2148 cum
1958 2095 2068 2148 suis
2090 2093 2325 2149 Joannes
2351 2112 2362 2147 :
2395 2095 2543 2150 missi
2570 2094 2780 2150 fuerant
2811 2111 2843 2150 a
2870 2097 3075 2168 synodo
3109 2100 3344 2169 episcopi
3374 2117 3496 2155 cum
3520 2104 3752 2163 clericis,

491 2187 582 2254 qui
610 2186 912 2241 venientem
939 2186 1249 2256 exciperent
1277 2193 1426 2239 extra
1455 2185 1759 2249 civitatem;
1791 2184 1979 2239 unicus
2007 2200 2191 2239 eorum
2213 2182 2440 2255 Cyrillus
2484 2185 2745 2239 admissus
2774 2194 2854 2239 est
2882 2185 2945 2239 ad
2972 2189 3341 2256 complexum;
3373 2193 3554 2244 caeteri
3594 2208 3626 2245 a
3664 2208 3755 2246 sa-

489 2279 747 2333 tellitibus
775 2277 989 2346 reiecti;
1018 2277 1152 2331 nulli
1179 2277 1500 2346 permissum
1528 2275 1719 2346 synodi
1749 2275 2001 2329 mandata
2031 2290 2318 2343 exponere,
2352 2275 2552 2329 lrenmo
2581 2275 2778 2330 comite
2808 2276 2936 2345 ipsis
2965 2277 3126 2329 etiam
3156 2278 3421 2348 episcopis
3449 2282 3632 2349 plagas
3655 2283 3758 2336 im-

488 2369 619 2436 poni
641 2385 671 2423 a
694 2369 1013 2424 satellitibus
1039 2368 1124 2423 vel
1145 2367 1386 2436 jubente,
1415 2367 1502 2421 vel
1529 2367 1892 2437 permittente.
1925 2366 2155 2421 Venerat
2183 2383 2364 2421 comes
2393 2369 2481 2422 ille
2510 2385 2629 2422 cum
2657 2367 2904 2422 Nestorio
2930 2368 3233 2437 Ephesum,
3267 2372 3510 2441 ieratque
3536 2375 3755 2428 obviam

486 2453 702 2523 Joanni,
734 2465 792 2510 ut
819 2464 1164 2527 przeverteret
1191 2455 1379 2526 synodi
1400 2455 1624 2523 legatos,
1658 2456 1999 2524 animumque
2029 2455 2349 2510 Antiocheni
2389 2458 2629 2527 episcopi
2665 2459 3001 2512 exulceraret
3037 2459 3288 2516 adversus
3335 2461 3550 2525 Patres,
3601 2465 3760 2532 quasi

489 2557 581 2603 aut
600 2550 713 2620 ipse
733 2557 1072 2618 contemptus
1097 2555 1256 2612 esset,
1287 2555 1509 2616 propter
1539 2555 1866 2600 maturatum
1899 2548 2202 2614 negotium;
2234 2555 2326 2600 aut
2355 2548 2582 2602 violatus
2619 2549 2885 2602 immerito
2915 2550 3118 2604 amicus
3140 2591 3155 2616 ,
3205 2560 3424 2620 propter
3463 2552 3763 2622 depositio-

488 2656 646 2709 nem;
677 2651 771 2697 aut
797 2643 1077 2711 utriusque
1105 2641 1262 2696 sedes
1282 2647 1495 2707 vexata,
1522 2648 1743 2710 propter
1763 2649 1972 2696 veteres
1992 2657 2111 2696 cum
2139 2642 2494 2699 Alexandrina
2524 2646 2842 2700 simultates.

560 2731 661 2787 Ubi
689 2734 917 2802 primum
945 2731 1309 2786 Antiochenus
1335 2746 1495 2786 curru
1522 2730 1770 2796 dissiluit,
1803 2731 2040 2786 nondum
2067 2747 2292 2791 excusso
2332 2733 2570 2802 pulvere,
2603 2735 2778 2803 coegit
2804 2735 3065 2805 synodum
3105 2737 3158 2790 in
3186 2751 3284 2790 suo
3328 2735 3664 2802 diversorio;
3706 2743 3764 2792 et

487 2835 680 2896 agente
699 2824 1030 2879 Candidiano
1059 2822 1275 2884 comite,
1307 2822 1400 2891 qui
1428 2830 1618 2877 cuncta
1645 2823 1698 2876 in
1727 2837 1983 2878 consessu
2004 2824 2144 2893 apud
2173 2824 2483 2893 episcopos,
2525 2825 2749 2895 perinde
2776 2835 2936 2895 atque
2983 2829 3036 2880 in
3076 2827 3337 2880 relatione
3366 2826 3432 2880 ad
3462 2827 3758 2895 imperato-

488 2935 624 2982 rem,
657 2916 911 2972 mentitus
939 2922 1038 2981 est,
1069 2921 1193 2984 post
1220 2915 1475 2968 nonnulla
1503 2929 1572 2968 ex
1596 2915 1909 2984 praescripto
1933 2929 2196 2969 canonum
2226 2923 2402 2982 gesta,
2453 2925 2769 2986 conceptam
2813 2919 2868 2972 in
2905 2919 2990 2972 via
3028 2934 3151 2974 cum
3197 2918 3396 2972 [renmo
3435 2919 3760 2973 sententiam

369 2975 378 2983 ~
403 3057 416 3067 ,
488 2975 641 3072 dixit,
673 2975 1034 3074 depositionis,
1051 2975 1267 3072 quidem
1294 3003 1550 3058 adversus
1576 2975 1832 3075 Cyrillum
1859 3011 1915 3058 et
1939 2975 2296 3068 Memnonem,
2327 2975 2481 3073 quasi
2509 3006 2598 3060 ille
2623 2975 2766 3074 lArii,
2794 3007 3118 3078 Apollinaris
3158 3017 3212 3063 et
3248 3008 3495 3063 Eunomii
3527 3011 3759 3064 haereses

489 3100 600 3154 suis
629 3097 876 3167 capitulis
895 3097 1134 3161 doceret,
1159 3099 1259 3152 iste
1278 3112 1377 3168 per
1395 3099 1706 3153 violentiam
1733 3107 1924 3153 cuncta
1954 3099 2006 3152 in
2029 3099 2245 3153 civitate
2273 3107 2514 3168 gereret;
2546 3102 3112 3156 excommunicationis
3136 3117 3264 3156 vero
3288 3102 3544 3156 adversus
3570 3117 3759 3156 omnes

490 3198 626 3252 alios
654 3196 858 3262 Patres,
885 3196 986 3251 nisi
1015 3204 1138 3266 post
1165 3197 1514 3251 constitutum
1542 3195 1704 3262 diem,
1735 3197 1936 3251 relictis
1964 3195 2162 3266 Cyrillo
2185 3205 2242 3251 et
2279 3195 2590 3261 Memnone,
2634 3198 2702 3252 ad
2745 3213 2869 3252 suas
2906 3206 3087 3267 partes
3116 3199 3424 3252 transirent.
3469 3197 3762 3253 Sententia:

490 3289 918 3359 subscripserunt
942 3305 1069 3343 xun
1098 3289 1352 3359 episcopi,
1386 3303 1448 3343 ea
1469 3304 1598 3342 vero
1626 3305 1731 3343 non
1755 3289 1902 3359 prius
1938 3287 2216 3357 propalata
2245 3295 2327 3343 est
2361 3303 2520 3356 quam
2561 3289 2752 3344 litterae
2791 3290 2857 3344 ad
2893 3290 3270 3359 imperatorem
3289 3332 3304 3356 ,
3336 3291 3679 3358 reginasqiie,
3709 3306 3758 3350 et

491 3383 691 3436 clerum
713 3388 1084 3448 senatumque,
1115 3395 1178 3433 ac
1198 3379 1452 3450 populum
1475 3377 2126 3447 Constantiuopolitanum
2154 3377 2328 3433 missa:
2353 3379 2490 3444 sint,
2541 3393 2608 3433 ne
2651 3379 3033 3434 catholicorum
3078 3380 3289 3449 scriptis
3325 3389 3634 3450 putesceret
3656 3421 3672 3444 ,
3710 3389 3762 3435 et

494 3472 786 3544 praecipitis
809 3471 996 3540 judicii
1022 3471 1213 3538 forma,
1239 3478 1294 3526 et
1319 3471 1657 3538 querelarum
1681 3470 1902 3524 falsitas.
3709 3527 3712 3529 Α

563 3561 738 3619 Causa
765 3580 928 3635 porro
957 3580 1052 3620 cur
1077 3563 1312 3618 Joannes
1333 3563 1406 3616 ita
1431 3563 1618 3631 egerit,
1651 3563 1805 3619 facile
1831 3563 2160 3631 intelligitur.
2185 3563 2318 3618 Nam
2342 3579 2462 3619 cum
2489 3563 2650 3619 vellet
2676 3579 2906 3634 prmesse
2933 3554 3184 3628 concilio,
3234 3573 3288 3619 et
3335 3564 3390 3618 in
3428 3565 3650 3619 civitate
3695 3565 3762 3618 ad

492 3654 774 3711 arbitridm
796 3669 1045 3724 regnare,
1077 3656 1264 3711 debuit
1290 3661 1458 3718 certe,
1487 3662 1542 3708 et
1561 3655 1628 3708 de
1655 3654 1900 3710 Nestorio
1923 3656 2053 3709 nihil
2082 3663 2336 3722 statuere,
2381 3664 2438 3710 ut
2459 3673 2552 3710 reo
2585 3656 2663 3711 fas
2691 3673 2798 3713 non
2828 3665 2969 3712 esset
2991 3658 3179 3712 sedere
3199 3657 3468 3726 judiccm;
3506 3665 3564 3710 et
3589 3656 3764 3728 Cyril-

491 3751 605 3804 lum
632 3763 852 3804 movere
881 3749 1000 3804 loco
1029 3763 1190 3817 quem
1213 3746 1534 3801 auctoritate
1562 3753 1674 3800 tum
1694 3746 1835 3801 sedis
1863 3748 2168 3816 apostolica:
2196 3754 2308 3803 tum
2336 3763 2444 3802 sua:
2469 3749 2709 3814 tenebat;
2741 3757 2795 3802 et
2825 3748 3162 3803 Memnonem
3190 3749 3481 3818 deponere,
3531 3757 3591 3803 ut
3625 3749 3759 3804 nihil

491 3847 673 3909 posset
703 3840 935 3909 amplius
960 3841 1012 3894 in
1041 3838 1284 3894 Ecclesia
1310 3837 1575 3907 Ephesina
1601 3835 1687 3908 (de
1705 3836 1963 3892 Iuvenale
1989 3838 2472 3910 Hierosolymitano
2501 3839 2786 3894 admodum
2807 3839 3069 3894 sollicitus
3088 3853 3196 3892 non
3223 3845 3358 3901 erat,
3386 3837 3540 3904 cujus
3569 3853 3764 3906 nempe

492 3929 648 3982 sedes
668 3929 768 3983 sub
789 3927 1121 3983 Antiochena
1147 3941 1363 3996 semper
1390 3925 1533 3994 fuit);
1557 3931 1613 3979 et
1641 3940 1907 3995 occupare
1928 3925 2211 3982 adventum
2241 3928 2532 3994 legatorum
2555 3927 2744 3982 summi
2773 3925 3062 3996 pontificis,
3093 3941 3160 3981 ne
3180 3925 3306 3994 quid
3328 3927 3394 3979 ab
3424 3941 3491 3980 eo
3524 3926 3762 3981 mandati

493 4014 766 4080 aﬂerrent,
798 4017 942 4085 quod
971 4015 1210 4070 consiliis
1234 4015 1346 4068 suis
1374 4015 1676 4068 obsisteret.

565 4111 784 4165 Interim
805 4107 1120 4162 Candidiani
1149 4107 1341 4160 relatio
1371 4104 1894 4176 ConstantinOpolim
1935 4107 2096 4162 allata
2124 4107 2314 4174 fuerat,
2345 4122 2452 4176 qua
2491 4109 2657 4173 lecta,
2699 4109 3031 4164 Theodosius
3068 4108 3344 4178 rescripsit
3381 4109 3642 4163 continuo
3668 4124 3764 4179 per

496 4198 791 4253 Palladium
820 4195 1240 4266 Magistrianum,
1265 4194 1529 4264 jussitque
1559 4195 1738 4249 omnia
1762 4197 2010 4262 rescindi,
2042 4206 2310 4266 tamquam
2348 4197 2479 4252 vitio
2507 4206 2687 4266 gesta:
2717 4204 2907 4252 cuneta
2936 4197 2989 4250 in
3019 4197 3283 4265 integrum
3312 4197 3553 4262 restitui,
3587 4206 3645 4250 ut
3671 4214 3762 4250 or-

498 4289 623 4342 dine
653 4287 922 4355 negotium
948 4294 1229 4354 ageretur;
1261 4283 1531 4339 communi
1557 4285 1822 4338 sententia
1852 4285 2145 4338 examinari
2167 4283 2444 4352 dogmata,
2483 4292 2542 4338 ut
2579 4291 2728 4339 tanto
2768 4284 2973 4339 facilius
3002 4299 3190 4338 omnes
3217 4285 3617 4350 consentirent;
3667 4302 3767 4339 nec

501 4379 594 4432 ulli
625 4376 738 4431 ﬁeri
759 4386 1077 4446 potestatem
1107 4377 1336 4432 exeundi
1367 4375 1597 4446 Epheso,
1629 4375 1743 4430 sive
1765 4376 1818 4430 in
1846 4377 2092 4446 patriam,
2118 4378 2232 4432 sive
2261 4377 2327 4431 ad
2359 4379 2689 4444 comitatum,
2724 4379 3035 4447 priusquam
3063 4377 3242 4430 omnia
3271 4377 3373 4430 rite
3403 4377 3650 4431 absoluta
3680 4392 3768 4429 es—

503 4476 642 4532 sent,
666 4482 773 4537 quo
802 4466 941 4521 foret
980 4470 1270 4523 necessitas
1298 4469 1376 4523 rei
1417 4467 1745 4523 maturandae
1772 4487 1784 4522 :
1812 4469 1974 4522 immo
2006 4476 2230 4523 testatus
2258 4478 2338 4524 est
2360 4470 2637 4539 scripsisse
2663 4486 2722 4525 se
2749 4470 3145 4541 provinciarum
3186 4468 3471 4538 praefectis,
3505 4485 3574 4523 ne
3603 4468 3764 4520 ullum

503 4557 705 4624 injussu
735 4556 1114 4623 discedentem,
1136 4558 1223 4611 vel
1252 4559 1303 4611 in
1333 4559 1559 4627 patriam
1583 4558 1944 4623 admitterent,
1971 4559 2053 4612 vel
2077 4560 2128 4612 in
2152 4560 2424 4615 civitatem
2452 4578 2622 4616 suam.
2905 4550 2908 4552 ’

575 4649 910 4719 Rescriptum
938 4648 1297 4716 imperatoris,
1331 4647 1473 4716 quod
1499 4648 1680 4702 datum
1710 4649 1902 4716 legitur
1927 4649 2390 4720 Constantinopoli
2421 4669 2475 4706 nr
2500 4653 2606 4706 kal.
2632 4651 2817 4719 Julias,
2846 4655 2991 4708 venit
3009 4653 3278 4724 Ephesum
3308 4652 3540 4720 septimo
3569 4661 3661 4705 aut
3681 4665 3774 4704 oc-

507 4750 632 4798 tave
661 4741 855 4795 abhinc
883 4740 989 4803 die,
1019 4747 1210 4808 quarto
1231 4739 1498 4804 videlicet,
1530 4741 1615 4793 vel
1641 4740 1829 4808 quinto
1858 4739 2001 4793 Julii.
2033 4739 2253 4795 Lectum
2285 4751 2364 4796 est
2392 4745 2603 4812 utrique
2631 4745 2788 4813 parti,
2817 4752 2890 4810 ct,
2921 4750 3244 4813 properante
3283 4741 3543 4805 Palladio,
3584 4757 3700 4796 cum
3741 4756 3769 4792 a

503 4832 731 4903 synodo,
765 4839 874 4885 tum
905 4831 972 4884 ab
992 4829 1352 4884 Orientalibus
1377 4828 1557 4882 datum
1582 4845 1916 4899 responsum.
1940 4830 2091 4895 Quod
2129 4846 2159 4884 a
2193 4846 2342 4886 sacra
2363 4832 2566 4904 synodo
2594 4833 2773 4886 datum
2815 4843 2914 4899 est,
2947 4835 3000 4894 in
3042 4834 3268 4901 vulgatis
3293 4831 3569 4887 codicibus
3594 4831 3770 4884 censi-

504 4933 696 4992 gnatur
726 4924 829 4977 kal.
861 4922 1043 4988 Juliis,
1076 4920 1171 4976 sed
1207 4936 1390 4975 errore
1420 4920 1802 4986 manifestiore,
1839 4936 1999 4989 quam
2028 4929 2085 4974 ut
2113 4931 2266 4989 egeat
2291 4924 2569 4993 operosius
2597 4923 2785 4977 refelli.
2819 4924 2920 4990 Qui
2949 4926 3087 4977 enim
3119 4923 3230 4977 ﬁeri
3263 4923 3464 4992 potuit,
3498 4931 3558 4975 ut
3589 4923 3775 4975 littera:

508 5019 762 5088 principis
784 5018 922 5072 data:
947 5015 1412 5083 Constantinopoli
1443 5031 1496 5070 ιιι
1525 5014 1631 5067 kal.
1661 5013 1829 5068 Julias
1859 5013 2127 5082 Ephesum
2153 5023 2430 5084 tantopere
2457 5015 2740 5070 distantem
2773 5016 3112 5070 advenissent
3151 5015 3373 5069 duorum
3403 5012 3616 5066 dierum
3655 5028 3772 5079 spa-

509 5107 630 5160 tio?
661 5105 1000 5173 Reponendze
1023 5105 1182 5173 igitur
1202 5121 1300 5172 pro
1331 5102 1571 5157 kalendis
1601 5119 1782 5168 nomo;
1815 5105 1944 5157 nihil
1973 5106 2112 5159 enim
2144 5106 2447 5162 credibilius
2475 5123 2635 5176 quam
2674 5107 2816 5175 quod
2858 5107 3167 5176 preperauti
3206 5106 3463 5174 perlatori
3497 5104 3680 5159 datum
3702 5105 3777 5156 sit

510 5209 848 5263 responsum,
883 5195 1051 5249 altero
1079 5202 1202 5264 post
1223 5193 1507 5248 adventum
1537 5194 1644 5260 die,
1680 5195 1729 5248 id
1751 5204 1850 5258 est,
1885 5197 2037 5251 nonis
2062 5197 2233 5252 Juliis.

590 5286 735 5342 Inter
756 5286 1187 5356 respondendum
1218 5286 1449 5357 synodus
1470 5294 1657 5354 questa
1690 5296 1771 5342 est
1794 5286 2104 5342 Candidiani
2133 5291 2335 5343 artibus
2375 5288 2567 5342 factum
2597 5289 2855 5354 hactenus
2884 5297 2940 5341 ut
2967 5289 3164 5342 veritas
3199 5290 3387 5344 lateret
3416 5288 3729 5360 imperatori

524 5392 644 5432 eum
675 5377 868 5432 missos
894 5392 922 5430 a
953 5377 1156 5446 synodo
1186 5376 1601 5430 commentarios
1631 5393 1736 5430 non
1762 5379 2094 5447 prvrvertisse
2136 5387 2338 5432 tantum
2387 5395 2480 5432 sua
2521 5380 2799 5442 relatione,
2832 5379 2925 5433 sed
2956 5379 3117 5432 etiam
3149 5381 3200 5433 in
3233 5381 3315 5433 via
3361 5381 3519 5435 malis
3574 5379 3778 5434 artibus

518 5478 852 5526 remoratum
883 5485 1019 5523 esse.
1052 5466 1316 5521 Comitem
1349 5467 1509 5535 igitur
1532 5469 1782 5521 accersiri
1813 5469 1878 5521 ab
1911 5470 2232 5536 imperatore
2262 5469 2432 5536 petiit,
2467 5475 2519 5520 et
2549 5484 2650 5521 una
2682 5470 2917 5536 quinque
2939 5469 3240 5537 episcopos,
3273 5469 3362 5536 qui
3404 5485 3586 5523 coram
3615 5482 3776 5534 expc-

520 5569 711 5616 nerent
736 5561 863 5629 quid
892 5575 1068 5614 rerum
1099 5560 1164 5612 ab
1195 5565 1417 5625 utraque
1439 5566 1588 5627 parte
1618 5566 1673 5611 et
1699 5574 1803 5622 qua
1833 5560 2038 5613 ratione
2067 5568 2274 5626 gestum
2305 5565 2463 5612 esset.
2489 5558 2738 5624 Queritur
2776 5559 3010 5612 Joannes
3039 5559 3406 5614 Autioehenus
3454 5577 3573 5614 cum
3601 5573 3775 5613 sacrm

518 5651 888 5722 responderet,
915 5652 1122 5719 aliquos
1151 5649 1325 5718 reipsa
1357 5649 1550 5703 missos
1596 5648 2114 5721 Constantinopolim
2140 5667 2166 5704 a
2199 5650 2402 5724 synodo
2429 5688 2441 5714 ,
2487 5666 2684 5720 eosque
2731 5651 3010 5722 festinasse
3051 5651 3102 5704 in
3135 5652 3236 5707 via.
3280 5665 3388 5719 quo
3418 5649 3780 5717 prrvcxrirem

524 5747 776 5804 [renatum
805 5746 1054 5800 comitem
1086 5761 1114 5796 a
1136 5759 1194 5798 se
1224 5743 1564 5798 submissum.
