3958 6178
238 290 332 350 ῗὲὄ
751 292 1113 349 PREFATIO
1145 293 1209 348 IN
1247 292 1608 350 SECUNDAM
1648 295 1925 350 PARTEM
1964 293 2245 350 OPERUM
2286 293 2476 350 MAR"
2515 293 2971 351 MERCATORIS.
3365 290 3468 348 7‘15

300 406 596 474 Respondit
626 407 781 474 igitur
810 423 930 462 cum
958 422 1051 461 sua
1080 407 1287 477 synodo
1314 407 1547 463 Joannes
1575 408 1775 463 eisdem
1796 408 1990 462 litteris
2020 409 2386 478 imperialibus
2411 449 2425 473 ,
2459 417 2513 462 et
2539 408 2745 463 reddita
2774 408 2983 462 ratione
3016 412 3257 462 actorum
3283 412 3469 461 contra

229 502 483 571 Cyrillum
505 510 559 554 et
581 501 934 568 Memnonem,
965 502 1255 571 postulavit
1296 502 1513 557 decerni
1541 518 1608 557 ne
1635 504 1814 572 plures
1841 517 2000 571 quam
2028 490 2134 557 duo
2155 504 2391 573 episcopi
2415 503 2636 571 singulis
2662 502 3090 573 metropolitanis
3118 500 3352 569 adjuncti
3380 515 3475 553 ve.

226 595 404 647 nirent
427 595 480 647 in
527 609 857 660 consessum,
887 595 1326 665 disputarentque
1353 596 1419 650 de
1446 596 1799 663 dogmatibus.
1831 594 2061 661 Questus
2105 604 2188 649 est
2223 597 2383 649 etiam
2425 594 2696 649 occlusam
2741 595 2861 659 sibi,
2894 594 3055 649 etiam
3104 600 3228 663 post
3266 592 3475 645 litteras

228 682 590 752 imperatoris,
617 685 895 739 ecclesiam
925 686 1095 739 sancti
1121 684 1360 751 Joannis,
1392 700 1499 753 quo
1528 700 1587 738 se
1613 700 1734 739 cum
1757 684 1865 739 suis
1890 685 2190 753 perrexisse
2211 684 2441 749 dicebat,
2465 673 2538 736 ad
2569 682 2827 737 orandum
2856 698 2954 752 pro
2996 682 3349 751 imperatore;
3381 676 3475 733 sed

228 771 562 825 mendaciter
588 771 971 838 dissimulabat,
1013 772 1156 840 quod
1198 789 1283 827 res
1312 752 1499 839 erat,’a
1521 771 1719 841 populo
1748 752 1995 825 nimirum
2041 771 2292 839 eleroque
2320 769 2561 823 occlusas
2600 769 2784 837 templi
2812 768 2982 834 fores,
3021 777 3305 837 propterea
3333 765 3476 834 quod

226 860 408 925 vellet,
440 869 632 929 prseter
668 861 755 929 jus
794 860 997 929 fasque,
1029 862 1336 931 episcopum
1364 862 1484 916 loco
1513 860 1809 913 Memnonis
1836 859 2191 922 constituere;
2224 872 2397 926 neque
2425 857 2568 910 enim
2606 855 2847 924 Ephesus
2882 857 3182 925 pertinebat
3226 854 3294 909 ad
3342 854 3475 908 dia:-

227 947 394 1000 cesim
426 948 830 1014 Antiochenam,
864 964 981 1003 cum
1012 957 1153 1003 esset
1173 950 1551 1019 autocepbala;
1583 963 1756 1015 neque
1784 947 2029 1003 Memnon
2049 945 2167 1016 jure
2194 945 2466 1015 depositus
2487 952 2619 1007 erat,
2651 946 2846 1015 quippe
2867 954 2921 999 et
2948 945 3228 1009 inauditus,
3256 953 3309 1000 et
3337 959 3473 1013 prae—

226 1037 376 1106 cipiti
393 1036 609 1105 judicio,
642 1045 697 1091 et
725 1037 789 1090 ab
818 1038 1031 1093 homine
1058 1039 1251 1092 nullius
1272 1039 1557 1106 potestatis
1577 1039 1676 1091 hac
1706 1038 1758 1091 in
1790 1046 1958 1106 parte.

296 1127 533 1182 Joannes
555 1144 716 1197 porro
746 1144 851 1183 non
882 1134 1162 1183 contentus
1189 1128 1528 1198 respondisse
1549 1129 1767 1197 scripto,
1790 1129 1975 1198 paucis
2004 1136 2126 1198 post
2151 1128 2354 1191 diebus,
2386 1127 2642 1182 Irenmum
2662 1126 2931 1190 comitem,
2969 1123 3196 1179 Nestorii
3227 1125 3473 1188 amicum,

228 1228 282 1275 ct
311 1235 480 1273 saetae
510 1220 699 1291 synodi
735 1221 943 1275 hostem
978 1221 1407 1289 infensissimum,
1454 1236 1575 1277 cum
1615 1220 1769 1274 novis
1799 1219 1988 1273 litteris
2029 1219 2304 1285 submisit,
2337 1218 2429 1287 qui
2470 1232 2649 1271 coram
2696 1217 3017 1286 imperatore
3063 1215 3252 1285 synodi
3291 1216 3478 1282 legatis

227 1317 572 1377 repugnaret.

296 1399 518 1453 Interim
540 1400 861 1469 appulerunt
886 1400 1155 1471 Ephesum
1184 1402 1270 1457 die
1298 1403 1505 1457 decimo
1528 1401 1651 1456 Julii
1673 1403 1835 1471 legati
1864 1418 1892 1456 a
1922 1401 2048 1456 sede
2079 1399 2372 1470 apostolica
2414 1406 2573 1467 atque
2611 1397 2925 1452 occidentali
2962 1397 3164 1467 synodo
3206 1394 3479 1466 Philippus

225 1490 526 1559 presbyter,
559 1489 814 1544 Arcadius
851 1498 905 1545 et
931 1491 1203 1560 Projectus
1242 1492 1507 1562 episcopi,
1551 1493 1849 1560 eodemque
1877 1493 1962 1546 die
1992 1491 2171 1544 habita
2201 1497 2284 1543 est
2312 1490 2451 1544 actio
2478 1488 2707 1543 secunda
2726 1529 2740 1554 ,
2784 1503 2889 1542 non
2908 1488 3046 1557 apud
3075 1486 3327 1541 Sanctam
3356 1489 3475 1542 Ma-

227 1584 385 1647 riam,
420 1591 477 1636 ut
506 1582 695 1651 prima,
725 1583 819 1637 sed
850 1583 902 1636 in
931 1570 1220 1653 episeopio,
1252 1584 1374 1652 quia
1397 1599 1506 1637 non
1527 1590 1635 1636 tam
1658 1585 1827 1638 sessio
1855 1581 2156 1637 conciliaris
2184 1580 2283 1634 fuit
2310 1594 2469 1647 quam
2488 1577 2757 1646 hospitum
2788 1578 3057 1646 acceptio,
3088 1578 3481 1633 mandatorum-

229 1687 336 1739 que
378 1671 522 1725 sedis
563 1673 873 1740 apostolicae
897 1673 1157 1743 inspectio
1188 1692 1200 1727 :
1233 1687 1398 1741 quare
1429 1672 1559 1725 nihil
1587 1672 1729 1726 aliud
1767 1680 1942 1727 actum
1984 1679 2066 1726 est
2092 1685 2251 1738 quam
2290 1668 2434 1738 quod
2468 1668 2740 1737 Philippus
2764 1675 2884 1737 post
2910 1669 3189 1721 salutatam
3217 1671 3478 1739 synodum

227 1764 405 1834 petiit,
430 1765 570 1833 quod
594 1773 648 1819 et
675 1767 856 1822 statim
881 1782 978 1835 per
997 1782 1053 1820 se
1079 1766 1165 1819 alii
1188 1766 1312 1831 duo,
1346 1766 1446 1834 legi
1468 1766 1672 1820 litteras
1710 1767 1901 1821 summi
1943 1764 2210 1835 pontificis
2247 1764 2311 1818 ad
2341 1764 2604 1835 synodum
2625 1805 2640 1829 ,
2690 1763 2895 1831 sibique
2924 1761 3300 1817 communicari
3330 1769 3479 1828 gesta

225 1858 426 1926 prioris
455 1858 677 1912 actionis
700 1858 945 1927 privatim
966 1859 1415 1926 recognoscenda.
2424 1860 2430 1866 ’

298 1947 557 2002 Recitata:
577 1955 699 2002 sunt
728 1948 915 2001 littera:
940 1948 1214 2001 leestini
1246 1947 1432 2001 Latine
1457 1948 1705 2017 primum,
1728 1954 1950 2016 propter
1970 1946 2283 2014 dignitatem
2324 1944 2575 1999 Ecclesia:
2615 1943 2888 2009 Romanas,
2921 1950 3031 1996 tum
3059 1938 3240 1995 Grznce
3263 1979 3277 2005 ,
3326 1947 3384 1994 ut
3412 1940 3478 1994 ab

207 2039 478 2093 ‘omnibus
500 2037 835 2103 audirentur;
866 2053 895 2091 a
927 2036 1170 2091 Patribus
1201 2039 1548 2091 acclamatum
1574 2036 1884 2102 leestino,
1911 2046 1964 2091 et
1985 2038 2199 2091 tandem
2227 2037 2616 2092 communicata
2638 2043 2805 2103 gesta.

300 2128 565 2185 Postridie
606 2137 971 2183 convenerunt
1000 2127 1185 2181 Patres
1213 2143 1331 2181 cum
1372 2128 1559 2195 legatis
1599 2127 1738 2196 apud
1761 2127 2011 2180 Sanctam
2056 2124 2305 2189 Mariam;
2330 2125 2467 2179 lecta
2496 2124 2706 2194 publice
2746 2123 2976 2192 primum
3023 2136 3139 2189 quae
3178 2129 3301 2176 ante
3326 2129 3475 2189 gesta

227 2221 444 2274 fuerant
480 2220 531 2273 in
556 2219 892 2287 depositione
912 2218 1172 2282 Nestorii;
1205 2225 1316 2269 tum
1342 2216 1479 2269 dicta
1512 2217 1565 2269 in
1596 2216 1839 2269 eumdem
1868 2215 2169 2270 Nestorium
2191 2230 2220 2267 a
2250 2215 2419 2268 tribus
2446 2213 2631 2280 legatis
2657 2213 2926 2280 sigillatim
2964 2213 3244 2276 sententia,
3286 2212 3476 2279 gestis-

225 2326 335 2379 que
359 2311 746 2378 subscriptum;
787 2318 973 2378 postea
994 2308 1217 2363 relatum
1246 2323 1276 2360 a
1298 2307 1503 2377 synodo
1533 2306 1597 2360 ad
1622 2308 1996 2375 imperatorem
2019 2305 2085 2359 de
2110 2306 2408 2373 legatorum
2435 2304 2665 2358 adventu
2689 2344 2704 2368 ,
2733 2302 2905 2371 deque
2933 2302 3171 2355 unanimi
3200 2302 3475 2369 utriusque

227 2403 482 2459 Ecclesiae
506 2416 767 2456 consensu
795 2400 847 2453 in
877 2400 1272 2453 damnationem
1316 2398 1544 2452 Nestorii
1563 2440 1576 2462 ,
1610 2406 1769 2465 atque
1798 2398 1871 2451 ita
1898 2397 2162 2467 postulata
2206 2396 2508 2451 discedendi
2548 2394 2807 2471 facultas',
2856 2393 3010 2463 quasi
3055 2392 3232 2447 omnia
3258 2400 3473 2461 peracta

227 2501 449 2556 essent;
482 2492 736 2560 scriptum
760 2490 989 2557 denique
1014 2490 1158 2544 clero
1182 2496 1235 2542 et
1262 2488 1460 2557 populo
1481 2487 2090 2558 Constantinopolitano.

295 2583 455 2636 Aetio
483 2589 671 2649 quarta
698 2588 915 2650 peracta
944 2588 1025 2633 est
1044 2580 1229 2647 quinto
1250 2586 1371 2647 post
1392 2578 1495 2643 die,
1535 2579 1784 2633 nimirum
1818 2595 1924 2633 xvu
1952 2579 2058 2632 kal.
2092 2579 2331 2646 Augusti,
2363 2578 2760 2633 considentibus
2787 2576 3032 2633 Patribus
3059 2577 3197 2647 apud
3225 2576 3473 2632 Sanctam

226 2674 473 2736 Mariam,
504 2673 767 2744 Hesychio
794 2670 1067 2726 Juvenalis
1095 2672 1319 2725 diacono
1348 2686 1459 2725 rem
1483 2678 1673 2739 agente
1704 2688 1717 2723 :
1750 2685 1924 2737 neque
1963 2672 2104 2724 enim
2128 2671 2341 2738 negotia
2363 2668 2548 2740 synodi
2578 2682 2896 2738 promovere
2930 2666 3041 2735 jam
3082 2666 3277 2721 licebat
3315 2665 3476 2721 Petro

225 2764 417 2835 Cyr-illi
442 2764 775 2833 presbytero,
804 2763 857 2815 in
885 2776 1044 2816 causa
1066 2761 1147 2815 sui
1168 2761 1421 2830 episcopi.
1447 2759 1677 2814 Oblatus-
1690 2767 1772 2814 est
1802 2760 1960 2826 igitur
1982 2774 2012 2811 a
2040 2756 2240 2828 Cyrillo
2278 2766 2333 2812 et
2360 2758 2640 2811 Memnone
2667 2755 2906 2820 libellus,
2938 2768 3045 2823 quo
3073 2753 3214 2822 apud
3240 2764 3475 2809 sanctam

226 2856 493 2926 synodum
522 2856 923 2924 expostularent
947 2853 1014 2907 de
1044 2852 1235 2921 injuria
1258 2852 1355 2906 sibi
1378 2852 1445 2905 ab
1466 2850 1826 2905 Orientalibus
1855 2850 2013 2914 facta,
2045 2855 2395 2917 peterentque
2418 2848 2599 2902 vocari
2634 2845 2914 2909 Joannem,
2945 2844 3037 2912 qui
3061 2843 3186 2900 facti
3214 2845 3477 2900 rationem

226 2945 499 3006 redderet,
531 2958 818 3010 coramque
844 2942 1117 3011 probaret,
1151 2942 1197 2995 si
1216 2941 1342 3009 quid
1370 2950 1461 2995 aut
1482 2940 1719 2995 criminis
1746 2947 1838 2992 aut
1866 2939 2083 2993 haeresis
2108 2938 2351 2992 alterutri
2379 2936 2736 3005 objiciendum
2757 2944 2987 3005 putaret.

282 3032 449 3085 Missi
472 3039 596 3085 sunt
633 3030 798 3084 semel
821 3038 981 3097 atque
1009 3030 1201 3083 iterum
1222 3029 1458 3098 episcopi
1484 3029 1572 3097 qui
1594 3027 1857 3082 Joannem
1880 3035 2164 3091 vocarent;
2194 3027 2289 3081 sed
2325 3027 2594 3095 repulsam
2623 3026 2785 3095 passi,
2828 3026 3129 3081 retulerunt
3175 3026 3341 3095 ipsius
3376 3026 3477 3080 do-

229 3141 379 3179 mum
425 3124 813 3179 circumvallari
851 3123 1127 3188 militibus,
1152 3124 1243 3191 qui
1288 3123 1491 3177 aditum
1535 3123 1879 3193 prohiberent
1918 3138 1930 3172 :
1977 3134 2143 3188 quare
2188 3117 2590 3187 pronuntiatum
2631 3131 2663 3171 a
2712 3117 2959 3172 Patribus
2998 3118 3149 3172 irrita
3194 3133 3312 3174 esse
3361 3134 3481 3188 quae

226 3217 454 3272 Joannis
481 3216 714 3287 synodus
742 3216 990 3284 gessisset
1010 3214 1263 3269 adversus
1289 3212 1546 3285 Cyrillum
1572 3221 1627 3267 et
1646 3213 2011 3276 Memnonem;
2040 3210 2439 3277 decretumque,
2470 3216 2531 3262 ut
2562 3208 2664 3264 hac
2691 3208 2759 3263 de
2796 3222 2856 3263 re
2888 3207 3211 3263 scriberetur
3248 3210 3481 3281 impera-

231 3310 358 3370 tori,
392 3323 455 3362 ac
476 3308 635 3362 tertio
663 3306 917 3361 citaretur
939 3305 1189 3371 Joannes,
1220 3305 1527 3375 priusquam
1543 3304 1664 3372 jure
1693 3304 1747 3357 in
1776 3304 1949 3372 ipsum
1974 3307 2238 3370 ageretur.

296 3399 510 3454 Eodem
536 3400 622 3454 die
642 3406 765 3469 post
787 3399 1115 3462 citationem,
1146 3396 1378 3452 Joannes
1400 3398 1455 3451 in
1477 3404 1843 3465 contemptum
1870 3394 2059 3466 synodi
2083 3393 2241 3462 jussit
2268 3394 2496 3461 proponi
2521 3393 2760 3448 chartam
2798 3391 3055 3447 conviciis
3082 3391 3480 3462 mendaciisque

230 3496 471 3564 plenam,
500 3507 604 3547 non
634 3499 840 3545 tantum
861 3492 913 3544 in
940 3490 1196 3561 Cyrillum
1225 3497 1279 3543 et
1297 3490 1653 3555 Memnonem,
1682 3488 1775 3543 sed
1803 3488 1963 3542 etiam
1985 3485 2238 3540 adversus
2262 3492 2428 3539 totam
2456 3483 2676 3539 Patrum
2703 3484 2984 3556 synodum,
2999 3498 3103 3551 qua
3131 3482 3251 3539 illos
3268 3484 3480 3552 quidem

227 3590 456 3653 propter
491 3582 730 3637 haeresim
774 3581 1044 3649 depositos
1079 3578 1433 3648 significaret;
1481 3579 1637 3632 istam
1678 3593 1839 3641 vero,
1882 3583 2105 3645 propter
2149 3575 2386 3629 favorem
2432 3576 2693 3631 haereticis
2744 3576 3074 3645 praestitum,
3119 3579 3480 3631 excommuni-

229 3681 448 3735 catam,
478 3671 649 3726 donec
682 3686 801 3724 cum
832 3669 1187 3725 Orientalibus
1230 3667 1575 3722 consentiret.
1621 3666 1696 3719 Ea
1741 3662 2132 3733 signiﬁcatione
2172 3664 2421 3733 sperabat
2468 3662 2582 3718 fore
2624 3670 2681 3717 ut
2715 3664 2869 3733 plebe
2910 3670 3179 3718 commota
3204 3666 3479 3720 tumultus

232 3764 430 3819 ﬁeret:
462 3765 555 3819 sed
580 3780 703 3834 spes
730 3781 850 3819 eum
879 3764 1082 3820 fefellit.

301 3854 405 3907 Die
432 3854 781 3921 consequenti
802 3852 1048 3908 Patribus
1077 3852 1476 3909 considentibus
1504 3852 1559 3906 in
1599 3852 1790 3908 eodem
1817 3853 1957 3917 loco,
1988 3852 2216 3924 Cyrillus
2245 3853 2477 3923 primum
2507 3853 2690 3907 retulit
2716 3853 2783 3908 de
2810 3854 2995 3908 charta
3024 3854 3091 3908 ab
3123 3851 3482 3907 Orientalibus

229 3943 453 4012 publice
480 3946 771 4013 proposita,
803 3959 909 4012 qua
938 3945 993 3999 in
1022 3945 1275 3998 invidiam
1304 3944 1488 4014 populi
1518 3952 1800 3999 vocaretur
1821 3946 1891 3999 ob
1918 3944 2163 3999 hmresim
2191 3944 2504 4013 Apollinarii
2528 3983 2542 4006 ,
2571 3944 2721 4012 cujus
2748 3960 2869 3999 cum
2906 3944 3189 3999 Memnone
3216 3944 3485 3998 diceretur

226 4039 504 4108 princeps.
537 4040 671 4094 Tum
711 4041 982 4095 damnavit
1017 4040 1419 4109 Apollinarium,
1462 4039 1665 4105 Arium,
1699 4037 2048 4103 Eunomium,
2095 4037 2484 4101 Macedonium,
2513 4038 2801 4093 Sabellium
2824 4078 2839 4104 ,
2886 4036 3204 4101 Photinum,
3238 4034 3481 4092 Paulum,

227 4131 574 4198 Manichzeos,
608 4136 887 4203 ipsumque
913 4135 1232 4200 Nestorium,
1274 4150 1393 4190 cum
1422 4135 1485 4189 iis
1505 4136 1597 4202 qui
1626 4135 1711 4188 vel
1739 4134 1904 4204 ipsius
1930 4134 2017 4187 vel
2044 4133 2245 4202 Pelagii
2264 4132 2607 4201 leestiique
2634 4138 2812 4199 partes
2838 4131 3203 4195 sequerentur.
3242 4124 3484 4189 Denique

227 4221 531 4288 postulavit
555 4221 813 4277 Joannem
842 4224 1001 4277 tertio
1028 4224 1225 4285 vocari,
1268 4229 1325 4276 ut
1352 4222 1606 4291 quidquid
1643 4222 1843 4290 scripto
1869 4221 2157 4288 objecerat,
2189 4236 2368 4275 coram
2395 4219 2599 4291 synodo
2638 4218 2905 4286 probaret.
2946 4213 3210 4285 Synodus,
3243 4211 3483 4281 postula-

229 4311 390 4365 tione
417 4312 658 4379 probata,
691 4320 800 4368 tres
826 4313 1108 4382 episcopos
1131 4312 1292 4375 misit,
1323 4327 1443 4367 cum
1471 4312 1700 4375 notario,
1728 4312 1818 4378 qui
1845 4310 2037 4364 Joanni
2066 4310 2315 4364 mandata
2337 4312 2562 4373 ferrent;
2586 4307 2679 4361 sed
2708 4306 2814 4372 ille,
2838 4320 2957 4360 cum
2987 4302 3215 4373 superbe
3234 4310 3487 4356 renueret

229 4400 445 4469 legatos
466 4416 559 4469 per
583 4416 640 4455 se
666 4402 868 4467 audire,
897 4403 1041 4456 misit
1066 4402 1497 4456 archidiaeouum
1525 4417 1699 4465 suum,
1730 4402 2000 4455 hominem
2029 4402 2336 4470 contemptu
2365 4400 2581 4467 dignum
2599 4439 2613 4462 ,
2643 4398 2733 4466 qui
2761 4396 3090 4451 renuntiaret
3117 4394 3312 4448 frustra
3343 4392 3484 4447 ultro

228 4492 483 4557 citroque
510 4491 674 4557 legari
693 4492 848 4556 ullos,
880 4492 1077 4561 quippe
1098 4500 1310 4546 acturos
1328 4491 1395 4544 de
1414 4506 1473 4545 re
1500 4506 1637 4558 qua),
1668 4492 1791 4560 quia
1823 4492 1889 4546 ad
1920 4492 2295 4561 imperatorem
2323 4491 2497 4545 delata
2526 4497 2661 4554 erat,
2700 4488 2811 4557 jam
2839 4502 2948 4542 non
2974 4486 3114 4541 foret
3137 4485 3189 4538 in
3219 4492 3489 4555 potestate

228 4579 470 4647 partium
504 4596 515 4628 :
548 4577 903 4647 significarent
932 4588 1110 4634 tamen
1136 4580 1295 4648 legati
1316 4580 1640 4651 presbyteris
1664 4581 1872 4636 duobus
1894 4581 2022 4650 quid
2049 4582 2309 4635 haberent
2336 4582 2390 4634 in
2417 4580 2699 4645 mandatis,
2740 4595 2809 4632 ne
2834 4577 3069 4633 Joannes
3097 4587 3239 4631 esset
3262 4576 3483 4633 inscius.

228 4668 423 4737 Itaque
445 4671 694 4740 synodus,
721 4672 825 4723 lata
857 4672 910 4724 in
931 4669 1190 4725 Joannem
1218 4672 1439 4740 ejusque
1485 4672 1765 4742 episcopos
1801 4671 2366 4729 excommunicationis
2408 4670 2669 4726 sententia
2693 4710 2707 4735 ,
2738 4669 2925 4724 statuit
2951 4668 3147 4722 iterum
3174 4666 3324 4723 irrita
3370 4681 3489 4721 esse

229 4776 357 4827 qua:
386 4761 639 4816 adversus
663 4761 919 4832 Cyrillum
948 4771 1002 4816 et
1030 4762 1365 4817 Memnonem
1394 4764 1633 4832 aliosque
1659 4771 1809 4831 gesta
1848 4770 2046 4827 essent,
2078 4771 2132 4816 et
2160 4763 2535 4832 imperatorem
2564 4760 2630 4815 de
2652 4760 2894 4815 omnibus
2919 4758 3205 4813 certiorem
3234 4757 3377 4812 fecit.

304 4851 493 4919 Neque
514 4868 640 4908 vero
659 4854 759 4907 soli
780 4854 1091 4923 imperatori
1115 4854 1464 4922 perscriptum
1486 4860 1585 4917 est,
1618 4854 1713 4906 sed
1733 4868 1941 4907 summo
1971 4854 2132 4906 etiam
2159 4849 2396 4921 pontifici
2415 4890 2428 4913 ,
2461 4850 2564 4915 cui,
2596 4858 2717 4919 post
2736 4857 3004 4903 narratam
3032 4848 3231 4918 negotii
3252 4848 3444 4901 seriem
3464 4887 3481 4913 ,

230 4943 374 4998 facta
404 4951 485 4996 est
508 4944 722 5012 insuper
740 4944 932 4997 relatio
955 4944 1020 4997 de
1041 4944 1302 4997 sententia
1333 4958 1363 4996 a
1391 4943 1595 5013 synodo
1626 4942 1879 4997 adversus
1900 4941 2251 4997 leestianos
2280 4950 2331 4994 et
2360 4940 2673 5007 Pelagianos
2701 4939 2979 5008 episcopos
3007 4937 3166 4992 dicta.
3195 4936 3484 5007 Postquam

229 5033 378 5086 lecta
406 5032 629 5087 fuissent
646 5032 899 5085 Romana:
919 5032 1107 5102 synodi
1130 5040 1245 5085 acta
1266 5032 1331 5085 de
1354 5032 1539 5085 iisdem
1567 5031 1850 5100 episcopis,
1874 5033 1985 5085 sive
2013 5032 2126 5085 haec
2154 5032 2266 5099 ipsa
2296 5031 2380 5084 die
2409 5030 2544 5083 lecta
2568 5028 2783 5095 fuerint,
2806 5028 2933 5083 dum
2960 5028 3200 5098 episcopi
3223 5028 3289 5082 ad
3314 5027 3480 5083 Joan-

232 5140 360 5177 nem
390 5123 536 5176 missi
557 5130 969 5185 reverterentur,
1001 5122 1141 5191 quod
1168 5122 1471 5177 credibilius
1492 5137 1644 5185 reor;
1670 5122 1781 5175 sive
1808 5123 1984 5191 priore
2013 5122 2217 5189 aliqua,
2249 5136 2315 5174 ex
2343 5135 2446 5187 qua
2476 5120 2710 5174 nondum
2744 5118 2858 5179 sedi
2897 5118 3205 5188 apostolic'e
3250 5118 3479 5172 relatum

232 5223 382 5269 esset
408 5233 419 5266 :
449 5216 587 5268 ineo
628 5230 881 5269 consessu
903 5212 1119 5267 Patrum
1147 5213 1332 5268 habuit
1367 5214 1664 5265 orationem
1692 5210 1917 5281 Cyrillus
1938 5219 2123 5267 contra
2149 5209 2429 5273 Joannem,
2460 5225 2564 5278 qua
2596 5210 2760 5275 videri
2795 5217 3007 5278 poterat
3044 5209 3285 5263 nonnihil
3317 5209 3487 5262 indui-

230 5306 371 5360 sisse
402 5307 490 5359 irae
508 5345 521 5367 ,
547 5305 647 5359 nisi
674 5321 772 5374 par
798 5311 938 5359 esset
968 5305 1185 5359 credere
1214 5303 1447 5356 animum
1474 5302 1670 5356 Christi
1694 5310 1980 5367 amantem,
2004 5317 2124 5356 cum
2154 5300 2274 5355 ﬁdei
2302 5302 2417 5356 zelo
2451 5301 2885 5367 inﬂammaretur,
2916 5300 3174 5369 potuisse,
3205 5301 3487 5370 prophetae

234 5414 357 5451 rum
386 5413 555 5461 more,
582 5411 893 5451 communes
921 5395 1172 5462 loquendi
1196 5396 1339 5463 leges
1368 5395 1557 5448 merito
1580 5394 1940 5463 prmtergredi.

308 5489 539 5544 Joannes
554 5491 606 5542 in
628 5490 728 5542 hac
748 5488 1088 5542 inclinatione
1109 5502 1284 5539 rerum
1312 5485 1375 5538 ad
1393 5493 1534 5538 artes
1555 5485 1737 5537 solitas
1762 5483 2025 5550 confugit;
2050 5484 2273 5537 tentavit
2292 5482 2495 5537 scilicet
2515 5495 2780 5551 occupare
2801 5481 2991 5535 litteris
3018 5481 3356 5550 imperatoris
3380 5484 3485 5535 ani~

236 5598 404 5645 mum,
423 5596 580 5651 quem
593 5581 793 5634 sciebat
805 5580 976 5646 legum
994 5578 1323 5632 defensorem
1340 5577 1555 5645 pariter,
1570 5584 1729 5643 atque
1745 5576 2175 5629 tumultuantium
2187 5576 2450 5630 vindicem
2465 5576 2799 5631 acerrimum.
2814 5573 3036 5642 Scripsit
3057 5573 3218 5641 igitur
3240 5588 3269 5625 a
3285 5576 3486 5643 synodo

238 5672 468 5727 violatas
499 5672 641 5740 leges
680 5670 1096 5734 ecclesiasticas;
1129 5668 1391 5737 episcopis
1433 5674 1650 5737 prOpter
1678 5666 1923 5721 haeresim
1968 5665 2222 5735 depositis
2268 5663 2453 5719 Patres
2483 5666 2822 5721 continenter
2867 5662 3298 5724 communicare;
3339 5671 3484 5714 sacra
