3958 6178
459 313 558 368 727
986 307 1351 366 PRABFATIO
1387 307 1452 364 IN
1489 306 1859 364 SECUNDAM
1899 304 2179 362 PARTEM
2217 303 2496 362 OPERUM
2538 304 2729 362 ΜΑιυι
2767 303 3222 364 MERCATOBIS.
3297 291 3300 294 i
3587 309 3700 365 728

457 426 728 496 mysteria,
758 423 999 493 quamvis
1028 429 1246 490 propter
1274 419 1879 475 escommunicationem
1903 419 2136 474 abstenti
2165 425 2373 482 essent,
2406 419 2676 487 peregisse
2705 417 2947 486 publice;
2979 419 3297 472 sententiam
3325 418 3557 490 insuper,
3589 431 3701 477 etst

458 518 603 571 omni
627 516 745 584 jure
774 513 960 582 privati
991 519 1196 574 essent,
1224 518 1334 563 tum
1355 509 1703 565 absolutionis
1724 510 1909 564 tulisse
1947 511 2001 566 in
2038 511 2262 579 gratiam
2294 509 2477 580 Cyrilli
2506 517 2561 564 et
2589 509 2902 574 Memnonis,
2938 518 3047 563 tum
3068 511 3527 565 condemnationis
3552 515 3605 566 in
3632 529 3703 568 se

456 621 688 673 suosque
723 619 753 656 ει
783 601 1065 659 comitibus
1095 600 1364 667 laudatos;
1400 601 1529 655 nihil
1561 615 1668 654 non
1699 601 2020 669 impotenter
2044 600 2303 669 ejusmodi
2325 600 2598 663 homines,
2641 607 2695 653 et
2723 600 2942 661 minari,
2977 607 3031 652 et
3068 599 3229 654 etiam
3270 601 3485 654 audere.
3517 601 3706 668 Quare

457 696 609 764 petiit
636 693 896 763 synodum
923 691 1136 756 vocari,
1178 698 1268 743 aut
1287 687 1828 759 Constantinopolim,
1854 706 1962 760 quo
1991 694 2271 760 praesentia
2312 691 2651 760 imperatoris
2669 699 2886 758 cogeret
2914 705 3103 745 omnes
3129 689 3348 759 paciﬁce
3377 708 3534 760 agere
3558 712 3572 758 ;
3605 703 3709 748 aut

458 791 603 836 certe
630 780 1164 846 Nicomediam,unde
1184 781 1338 835 citius
1365 782 1535 835 nuntii
1565 781 1926 851 perferrentur
1945 783 1998 836 in
2021 783 2202 838 urbem
2232 785 2452 850 regiam.
2477 780 2637 836 Petiit
2663 797 2875 850 quoque
2896 791 2954 836 ut
2982 792 3158 847 antea,
3183 783 3391 848 callide,
3424 799 3490 838 ne
3517 786 3708 854 plures

454 888 613 941 quam
641 872 746 926 duo
775 873 1010 942 episcopi
1035 873 1256 941 singulis
1272 873 1626 941 metropolitis
1645 873 1997 940 adderentur;
2030 883 2190 942 utque
2211 874 2420 928 Nicaena
2447 873 2574 928 fides
2597 874 2769 943 (cujus
2793 875 3096 943 exemplum
3119 876 3358 943 epistolae
3386 880 3703 946 praeposuit,

453 979 572 1034 cum
593 964 726 1017 actis
751 978 859 1016 suae
887 962 1074 1033 synodi
1101 962 1400 1016 damnantis
1428 962 1655 1029 capitula
1683 961 1884 1032 Cyrilli,
1915 969 2185 1031 tamquam
2214 961 2465 1016 Ιιωνοιίεο
2493 976 2654 1015 sensu
2683 961 2912 1031 imbuta)
2936 963 3004 1016 ab
3035 963 3281 1018 omnibus
3306 979 3435 1033 pura
3460 967 3707 1020 subscri-

452 1054 694 1119 beretur;
726 1055 963 1122 nullique
993 1054 1176 1108 liceret
1204 1053 1400 1118 dicere,
1434 1062 1524 1106 aut
1552 1052 1809 1108 Christum
1836 1071 2016 1126 purum
2039 1055 2311 1121 hominem,
2354 1062 2444 1108 aut
2471 1055 2710 1108 deitatem
2737 1055 3018 1124 patibilem.

524 1167 600 1220 Ex
629 1167 728 1222 hac
751 1167 975 1235 epistola
1005 1169 1242 1236 actisque
1270 1168 1566 1234 conjunctis
1594 1167 1697 1221 duo
1727 1173 1990 1221 constant.
2029 1167 2286 1230 Alterum,
2321 1183 2349 1220 a
2380 1175 2562 1221 sancta
2594 1166 2798 1238 synodo
2826 1168 3015 1220 missos
3035 1168 3142 1236 jam
3171 1177 3280 1222 tum
3309 1170 3374 1223 ad
3406 1172 3703 1240 imperato-

451 1275 562 1314 rem
594 1260 896 1328 episcopos.
929 1258 1123 1313 Vestra:
1151 1261 1354 1328 pietatis
1385 1259 1612 1320 decreta,
1651 1259 1821 1325 inquit
1853 1257 2115 1322 Joannes,
2148 1269 2388 1328 perpetuo
2436 1257 2785 1322 observantes,
2817 1259 3074 1326 piissimos
3098 1261 3363 1329 episcopos
3391 1263 3550 1313 isthuc
3591 1279 3700 1314 non

453 1351 862 1413 amandavimus,
903 1360 958 1402 ut
976 1352 1203 1421 fecerunt
1234 1350 1330 1416 illi,
1363 1351 1445 1421 qui
1471 1351 1643 1402 omnia
1678 1350 1832 1419 facile
1860 1350 2077 1413 audent;
2106 1349 2196 1401 sed
2223 1364 2336 1419 qva:
2363 1357 2606 1419 oportuit,
2638 1364 2728 1417 per
2749 1348 2943 1401 litteras
2972 1349 3395 1418 signiﬁcavimus.
3429 1350 3699 1412 Alterum,

454 1447 640 1500 tertias
670 1445 735 1500 ad
776 1445 915 1499 hunc
941 1445 1080 1498 diem
1110 1444 1178 1497 ab
1205 1445 1527 1513 imperatore
1550 1440 1662 1510 jam
1693 1442 1898 1495 venisse
1927 1441 2151 1504 litteras,
2183 1441 2355 1510 pergit
2384 1442 2525 1494 enim
2548 1439 2782 1494 Joannes
2813 1459 2825 1491 :
2859 1438 2984 1493 Cum
3029 1442 3265 1495 secundis
3313 1458 3374 1495 ac
3413 1445 3574 1497 tertiis
3607 1444 3702 1496 de-

450 1534 654 1590 stinatis
677 1535 1108 1603 pientissimorum
1137 1534 1507 1603 imperatorum
1529 1541 1817 1585 nostrorum
1847 1531 2026 1585 litteris
2065 1541 2371 1601 praeceptum
2400 1540 2527 1584 esset
2553 1541 2607 1584 ut
2635 1529 2732 1584 Dei
2760 1529 3027 1596 Ecclesiaz,
3061 1549 3174 1602 qua:
3199 1535 3381 1604 ubique
3407 1546 3524 1588 sunt
3553 1537 3703 1605 pacis

451 1624 650 1678 vinculo
685 1610 1130 1694 conjungerentur,
1163 1629 1266 1677 etc.

477 1791 480 1796 ,
523 1735 718 1796 Scribit
742 1735 902 1789 etiam
923 1733 1394 1804 epistolamuuam
1423 1733 1490 1785 ad
1511 1731 1835 1802 pnefectum,
1868 1733 2089 1786 alteram
2118 1733 2184 1787 ad
2207 1733 2537 1800 magistrum,
2567 1734 2775 1786 tertiam
2805 1733 2873 1787 ad
2903 1736 3246 1804 prtepositum
3270 1734 3660 1790 Scholasticum
3685 1756 3700 1790 :

451 1822 592 1883 unde
622 1828 915 1895 intelligere
937 1835 1018 1882 est
1045 1840 1179 1894 quos
1203 1833 1256 1878 et
1281 1822 1574 1892 cujusmodi
1605 1823 1822 1877 haberet
1859 1822 2172 1876 Nestoriana
2199 1822 2357 1876 factio
2386 1823 2438 1875 in
2467 1823 2588 1876 aula
2615 1831 2900 1891 patronos,
2927 1821 3248 1878 Antiochum
3277 1825 3480 1878 scilicet
3510 1823 3611 1877 PP.
3643 1836 3706 1879 et

451 1920 748 1981 consulem,
766 1918 1034 1972 Valerium
1063 1917 1376 1984 magistrum
1395 1913 1710 1979 officiorum,
1733 1914 1823 1982 qui
1840 1928 1983 1967 anno
1998 1922 2254 1982 sequente
2275 1913 2608 1968 consulatum
2622 1913 2802 1980 gessit,
2819 1922 2874 1967 et
2894 1913 3282 1969 Scholasticum
3298 1916 3438 1968 sacri
3463 1915 3700 1969 cubiculi

451 2011 814 2081 praepositum.
849 2009 1014 2063 Vetus
1043 2015 1298 2062 eratcum
1326 2006 1596 2076 prioribus
1617 2005 1822 2058 duobus
1843 2003 2093 2058 Nestorio
2123 2004 2459 2058 necessitudo
2493 2023 2504 2056 :
2531 2020 2654 2057 nam
2675 2020 2799 2058 suas
2828 2005 2906 2059 eis
2935 2005 3002 2058 ad
3032 2004 3088 2060 S.
3112 2005 3460 2060 leestinum
3490 2007 3704 2062 litteras

450 2098 793 2170 perferendas
825 2097 1061 2160 dederat,
1103 2111 1225 2150 cum
1253 2110 1319 2150 ex
1346 2088 1563 2148 Oriente
1591 2092 1930 2146 mitterentur
1961 2090 2029 2145 ad
2049 2089 2481 2146 Valentinianum
2510 2093 2909 2161 imperatorem.
2943 2093 3181 2164 Utraque
3209 2095 3432 2152 Joannis
3471 2099 3700 2168 epistola

449 2192 691 2247 continet
715 2191 868 2260 plura
901 2190 1038 2243 scitu
1062 2187 1238 2254 digna.

452 2304 751 2363 vlrenmus
773 2317 972 2364 comes,
1005 2316 1164 2369 quem
1191 2299 1426 2354 Joannes
1462 2297 1530 2352 ad
1558 2297 1935 2366 imperatorem
1970 2295 2314 2359 amandarat,
2353 2296 2662 2364 pervenisse
2699 2298 2910 2353 videtur
2927 2297 3450 2371 Constantinopolim
3486 2302 3706 2356 circiter

449 2396 592 2451 diem
622 2395 931 2464 vigesimum
951 2392 1094 2449 Julii.
1122 2392 1282 2448 Venit
1305 2391 1394 2445 ille
1414 2389 1628 2458 quidem
1649 2388 1995 2458 quantocius;
2028 2387 2203 2442 triduo
2232 2395 2412 2442 tamen
2438 2398 2824 2457 praeverterant
2849 2392 2997 2446 missi
3027 2407 3058 2445 a
3083 2392 3290 2462 synodo
3309 2435 3323 2458 ,
3353 2394 3444 2461 qui
3487 2395 3703 2448 interim

449 2487 738 2541 maximam
764 2486 1064 2555 principum
1089 2492 1294 2553 partem
1317 2485 1370 2538 in
1400 2482 1647 2536 meliores
1674 2489 1853 2550 partes
1874 2479 2203 2534 adduxerant
2227 2497 2239 2532 :
2268 2480 2466 2534 factum
2503 2490 2586 2536 est
2616 2491 2791 2538 tamen
2820 2484 3005 2538 [retiari
3041 2486 3245 2540 artibus
3275 2495 3334 2540 ut
3360 2487 3572 2541 veritati
3599 2486 3688 2540 of—

449 2577 580 2633 fusis
603 2576 1001 2632 mendaciorum
1030 2575 1268 2636 nebulis,
1311 2574 1365 2628 in
1403 2573 1655 2642 opinione
1682 2581 1942 2640 concepta
1982 2570 2135 2625 multi
2173 2568 2519 2635 ﬂuctuarent,
2561 2574 2828 2642 variaeque
2855 2577 3230 2632 contentiones
3270 2578 3409 2631 ultro
3440 2579 3690 2647 citroque

451 2670 773 2734 existerent,
803 2669 1208 2734 animorumque
1233 2665 1640 2728 conversiones,
1671 2670 1831 2732 prout
1859 2661 2034 2716 studia
2062 2663 2293 2731 partium
2329 2663 2522 2718 dubios
2562 2665 2666 2720 huc
2705 2665 2894 2720 illucve
2928 2675 3176 2734 agerent;
3203 2667 3443 2735 pluribus
3481 2668 3702 2721 tandem

449 2762 652 2832 placuit
679 2770 736 2816 ut
762 2761 854 2830 qui
877 2759 1025 2813 missi
1047 2773 1078 2812 a
1104 2757 1312 2828 synodo
1353 2757 1690 2824 lrenteusque
1727 2754 2038 2824 imperatori
2065 2769 2170 2808 una
2198 2769 2258 2808 se
2282 2753 2564 2820 sisterent,
2608 2756 2755 2810 litem
2782 2756 3163 2827 disceptaturi,
3207 2756 3350 2825 quod
3397 2758 3702 2812 Theodosio

449 2857 669 2928 iubente
697 2862 875 2908 actum
907 2868 920 2902 :
951 2849 1047 2903 sed
1074 2848 1202 2917 quid
1231 2849 1352 2903 inde
1375 2863 1563 2902 revera
1592 2846 1852 2910 evenerit,
1883 2860 1914 2899 a
1943 2845 2133 2913 legatis
2162 2859 2268 2900 non
2298 2853 2380 2900 est
2409 2846 2695 2915 proditum.
2731 2845 3026 2901 Audientize
3049 2856 3196 2902 certe
3225 2848 3426 2902 exitum
3456 2849 3698 2914 gratula-

453 2932 538 3004 tu‘s
565 2953 647 3000 est
672 2944 773 2998 sibi
797 2941 1029 2994 lrenzeus
1054 2938 1109 2993 in
1137 2939 1330 2994 litteris
1357 2937 1423 2992 ad
1448 2934 1766 3002 Orientales,
1796 2934 2018 3005 perinde
2045 2950 2107 2989 ac
2129 2935 2174 2990 si
2202 2935 2469 2990 effecisset
2496 2943 2552 2989 ut
2580 2951 2646 2990 ex
2675 2936 2843 2990 tribus
2881 2951 3017 3005 quos
3043 2938 3156 2991 bzec
3196 2937 3284 2992 vel
3324 2937 3413 2990 illa
3442 2952 3569 3005 pars
3599 2936 3697 2990 de-

453 3038 739 3110 posuisset,
771 3036 918 3092 solus
944 3033 1175 3104 Cyrillus
1206 3037 1588 3086 exauctoratus
1613 3036 1886 3093 maneret,
1910 3028 2073 3082 immo
2101 3035 2162 3081 ut
2197 3028 2692 3083 exauctorationem
2715 3029 2897 3082 statim
2921 3029 3212 3098 imperator
3235 3029 3302 3081 ad
3338 3037 3580 3081 sanctam
3604 3027 3697 3080 Dei

454 3132 754 3188 Ecclesiam
778 3127 1184 3191 transmitteret,
1211 3139 1330 3193 qua:
1357 3121 1733 3193 pnblicationis
1760 3119 1929 3175 forma
1957 3119 2200 3188 quasdam
2224 3117 2338 3173 fuit.
2376 3117 2567 3172 Verum
2590 3119 2908 3174 adveniente
2926 3119 3132 3174 Joanne
3155 3119 3364 3173 medico
3387 3127 3442 3173 et
3460 3119 3700 3188 syncello

451 3226 655 3298 Cyrilli,
686 3225 870 3286 misso,
902 3237 1044 3284 reor,
1070 3221 1138 3274 ad
1168 3217 1516 3273 nuntiandam
1539 3215 1761 3270 Joannis
1783 3213 2196 3283 depositionem,
2227 3211 2368 3266 facta
2396 3219 2479 3265 est
2506 3212 2693 3278 ingens
2718 3226 2896 3265 rerum
2926 3211 3331 3278 animortunque
3362 3226 3550 3264 rursus
3570 3226 3702 3264 con-

452 3318 648 3381 versio,
681 3322 738 3369 ut
761 3315 872 3382 jam
901 3314 954 3366 in
980 3313 1156 3366 varias
1194 3309 1486 3364 sententias
1515 3308 1938 3362 distraherentur
1980 3305 2265 3375 principes.
2292 3302 2516 3366 Quidam
2555 3305 2712 3367 enim,
2763 3304 2948 3358 scribit
2978 3302 3236 3367 lrenmus,
3285 3304 3545 3371 afﬁrmant
3588 3318 3701 3372 qua:

453 3411 690 3479 utrinque
710 3407 850 3478 facta
867 3411 1050 3466 essent,
1074 3403 1129 3455 in
1157 3400 1399 3471 praesenti
1421 3399 1587 3453 valere
1615 3397 1824 3458 debere;
1853 3406 2002 3467 atque
2021 3395 2148 3448 adeo
2175 3410 2277 3447 non
2299 3394 2514 3447 duarum
2543 3410 2876 3463 personarum
2905 3403 3121 3456 tantum,
3145 3402 3202 3445 ut
3229 3391 3512 3462 aliquando
3541 3393 3701 3446 visum

457 3503 642 3570 fuerat,
671 3494 761 3549 sed
798 3494 952 3546 trium
991 3490 1358 3560 depositionem
1385 3485 1793 3556 conﬁrmandam
1825 3501 1934 3538 esse
1958 3500 1973 3536 :
2003 3484 2093 3536 alii
2127 3483 2568 3536 exauctorationes
2589 3480 2790 3552 quidem
2811 3482 3036 3534 omnium
3056 3497 3121 3534 ea:
3140 3496 3284 3551 aequo
3313 3479 3698 3543 annullandas;

455 3567 654 3658 aliquos
683 3599 799 3638 vero
828 3599 892 3636 ea:
919 3581 1163 3651 piissimis
1191 3578 1460 3648 episcopis,
1486 3585 1542 3628 ut
1568 3586 1617 3629 et
1644 3574 1764 3645 ﬁdei
1794 3573 2027 3626 doctrina
2055 3578 2292 3624 accurate
2311 3571 2379 3623 ad
2407 3572 2631 3623 veritatis
2655 3571 2895 3623 amussim
2919 3571 3256 3631 examinetur,
3279 3577 3328 3621 et
3352 3584 3469 3638 qua:
3509 3567 3701 3638 Ephesi

457 3685 636 3732 contra
657 3677 744 3746 jus
771 3681 822 3728 et
850 3675 931 3744 {as
951 3680 1068 3724 acta
1096 3677 1233 3733 sunt,
1265 3668 1360 3720 huc
1387 3665 1720 3720 accersendos
1747 3673 1970 3718 censent.
2007 3660 2130 3715 Non
2160 3661 2341 3714 desunt
2380 3662 2465 3731 qui
2497 3662 2843 3730 maximopere
2868 3661 3108 3714 studeant
3142 3676 3436 3731 omnemque
3479 3661 3701 3729 lapidem

457 3774 760 3824 moveantut
789 3764 938 3818 certis
978 3761 1190 3815 decretis
1221 3759 1457 3812 instructi
1487 3773 1517 3809 a
1541 3756 1857 3826 pientissimo
1897 3756 2202 3823 imperatore
2232 3752 2490 3823 Ephesum
2529 3755 2672 3808 abire
2699 3755 2952 3818 sinuntur,
2995 3763 3273 3822 tamquam,
3315 3755 3499 3815 aiunt,
3531 3754 3702 3806 omnia

459 3861 731 3932 cognituri,
762 3868 811 3913 et
838 3873 930 3928 pro
958 3856 1092 3911 virili
1116 3853 1444 3924 composituri
1474 3867 1492 3904 :
1522 3849 1655 3922 quod
1683 3866 1746 3902 ne
1768 3850 1880 3918 ﬁat,
1917 3849 2002 3918 qui
2032 3863 2118 3902 eos
2156 3857 2353 3911 amant,
2378 3848 2565 3901 obnixe
2602 3848 2960 3917 deprecantur,
2987 3856 3127 3900 certo
3160 3848 3394 3911 scientes,
3427 3847 3577 3916 cujus
3602 3847 3702 3899 sint

459 3950 641 4014 animi,
670 3949 755 4020 qui
801 3947 910 4002 [nec
939 3945 1238 4008 moliuntur,
1275 3957 1434 4011 neque
1462 3941 1694 3993 nesciunt
1727 3955 1759 3990 a
1791 3953 1888 4007 quo
1916 3937 1970 3989 id
2001 3936 2203 3990 consilii
2230 3939 2474 4006 ceperint.

531 4059 672 4114 Vicit
697 4056 880 4112 ultima
908 4051 1172 4108 sententia
1193 4049 1258 4103 de
1287 4047 1546 4101 mittendo
1569 4062 1599 4099 e
1619 4045 1939 4114 primoribus
1964 4045 2162 4114 aliquo,
2194 4046 2285 4113 qui
2313 4045 2521 4100 idoneis
2548 4047 2777 4101 decretis
2804 4047 3112 4110 instructus,
3140 4054 3248 4101 tres
3287 4061 3405 4101 esse
3431 4046 3706 4115 depositos

461 4153 676 4208 nomine
701 4145 990 4202 Theodosii
1010 4142 1240 4209 juberet,
1262 4137 1536 4208 Cyrillum,
1561 4137 1896 4190 Memnonem
1939 4145 1995 4190 et
2029 4137 2331 4193 Nestorium
2349 4177 2363 4202 ,
2395 4152 2689 4206 omnesque
2717 4139 2769 4192 in
2799 4153 2961 4192 unam
2987 4137 3247 4209 synodum
3269 4145 3510 4204 cogeret,
3541 4145 3598 4191 et
3624 4151 3708 4190 res

461 4239 695 4307 agendas
725 4234 958 4299 reliquas
986 4229 1208 4300 pacilice
1228 4233 1459 4282 curaret.
1486 4225 1676 4279 Missus
1697 4225 1857 4292 igitur
1874 4223 2107 4282 Joannes
2131 4241 2314 4282 comes
2340 4242 2642 4294 sacrarum,
2679 4243 2801 4282 cum
2826 4229 3018 4283 litteris
3047 4228 3386 4298 imperatoris
3413 4227 3482 4280 ad
3523 4241 3708 4281 omnes

463 4331 740 4394 utriusque
768 4322 934 4392 partis
962 4321 1243 4391 episcopos
1266 4318 1580 4372 nominatim
1603 4317 1888 4386 inscriptis,
1914 4326 1973 4371 ut
1995 4333 2118 4373 cum
2139 4319 2206 4372 ab
2228 4320 2475 4373 omnibus
2501 4320 2658 4374 simul
2680 4320 2850 4374 audiri
2877 4320 3152 4383 deberent,
3185 4321 3436 4374 coitionis
3463 4320 3517 4374 in
3550 4333 3706 4372 unam

461 4417 724 4488 synodum
745 4413 950 4467 initium
981 4413 1214 4467 daretur.
1243 4412 1452 4466 Directa
1480 4424 1694 4478 quoque
1714 4425 1834 4464 cum
1864 4409 2054 4466 litteris
2074 4411 2299 4479 cpistola
2328 4411 2504 4466 Acacii
2534 4412 2818 4466 Bernensis
2847 4412 2914 4465 ad
2941 4413 3339 4480 imperatorem,
3365 4412 3453 4464 cui
3479 4411 3704 4465 dederat

461 4508 687 4566 consilia
714 4505 1012 4560 statuenda:
1038 4505 1202 4572 pacis,
1234 4519 1330 4559 suo
1358 4503 1540 4570 utique
1569 4502 1801 4570 ingenio,
1827 4510 1882 4555 et
1909 4503 1960 4554 in
1989 4501 2291 4555 Nestorium
2321 4503 2688 4571 propensioni,
2721 4500 3010 4572 Cyrillique
3031 4503 3154 4556 odio
3181 4501 3556 4555 accommoda.
3583 4500 3707 4569 Epi-

461 4601 599 4658 stula
619 4597 954 4670 imperatoris
979 4596 1123 4650 nulla
1143 4595 1485 4662 consignatur
1505 4595 1760 4661 temporis
1782 4602 1940 4658 nota;
1967 4591 2082 4646 dari
2103 4608 2231 4647 vero
2253 4592 2435 4646 debuit
2456 4593 2636 4662 paucis
2657 4601 2780 4646 ante
2803 4592 2962 4646 linem
2982 4592 3103 4646 Julii
3131 4591 3318 4645 diebus
3333 4631 3345 4643 .

533 4711 628 4766 Die
650 4709 906 4780 vigesimo
935 4704 1170 4762 secundo
1200 4702 1322 4759 Julii
1351 4711 1714 4758 convenerunt
1741 4701 1925 4757 Patres
1953 4717 2072 4756 cum
2102 4701 2290 4768 legatis
2320 4704 2370 4756 in
2398 4704 2752 4772 episcopium;
2783 4711 3189 4770 statueruntque
3217 4697 3402 4755 referri
3429 4702 3632 4756 debere
3662 4701 3708 4753 in

460 4815 581 4863 acta
611 4821 728 4878 qua:
762 4821 829 4860 ex
857 4802 1080 4857 diversis
1111 4797 1357 4851 Patribus
1384 4796 1685 4851 testimonia
1714 4803 2055 4864 excerpserat
2084 4793 2272 4850 Petrus
2300 4797 2626 4850 notariorum
2656 4796 2985 4864 primicerius
3028 4812 3040 4845 :
3073 4794 3339 4848 faciebant
3367 4793 3456 4846 illa
3486 4809 3621 4847 vero
3649 4791 3709 4844 ad

463 4902 622 4956 fidem
665 4899 931 4954 Nicaenam
967 4889 1440 4962 interpretandum,
1475 4895 1632 4957 prout
1661 4895 1776 4942 erat
1803 4903 1937 4957 opus
1966 4886 2031 4940 ad
2059 4889 2406 4955 qumstionem
2434 4902 2536 4956 qua
2568 4887 2634 4941 de
2668 4887 2941 4955 agebatur.
2976 4887 3124 4939 Tunc
3148 4884 3419 4939 Charisius
3459 4882 3709 4938 Ecclesia:

463 4989 938 5060 Philadelphiensis
977 4986 1254 5056 presbyter
1293 4987 1452 5048 atque
1480 4994 1790 5033 oeconomus
1819 4986 2038 5046 questus
2065 4987 2146 5032 est
2183 4977 2322 5046 apud
2366 4976 2647 5047 synodum,
2690 4976 2977 5043 libelloque
3024 4975 3204 5029 oblato
3251 4974 3403 5043 petiit
3431 4973 3708 5026 retractari

461 5081 780 5136 sententiam
809 5075 1044 5146 episcopi
1067 5073 1148 5128 sui
1173 5069 1532 5138 Theophanis,
1567 5084 1596 5121 a
1624 5084 1732 5139 quo
1773 5070 2048 5121 abstentus
2075 5067 2266 5132 fuerat,
2298 5067 2422 5134 quia
2452 5067 2744 5121 obstitisset
2771 5064 2972 5119 Jacobo
3002 5073 3055 5118 et
3090 5064 3321 5119 Antonio
3361 5065 3704 5135 presbyteris,

460 5173 572 5241 qui,
597 5172 663 5224 ab
697 5168 979 5224 Anastasio
1009 5174 1063 5219 et
1091 5163 1283 5218 Photio
1322 5160 1553 5215 Nestorii
1583 5160 1909 5214 administris
1938 5159 2084 5213 missi
2112 5175 2233 5211 cum
2258 5158 2448 5211 litteris
2476 5158 2540 5212 ad
2570 5157 2849 5225 episcopos
2874 5155 3068 5224 Lydire,
3103 5153 3367 5208 Theodori
3411 5154 3705 5221 symbolum

463 5263 620 5334 plane
647 5259 866 5329 impium
893 5255 1234 5327 spargebant,
1268 5251 1736 5317 obtendebantque
1781 5249 2220 5304 subscribendum
2264 5249 2329 5303 iis
2356 5250 2446 5317 qui
2475 5265 2542 5303 ex
2577 5245 2760 5301 haeresi
2790 5245 3391 5312 Quartadccimanorum
3421 5244 3488 5296 ad
3533 5243 3706 5298 Eccle-

459 5356 594 5411 siam
627 5352 876 5406 redirent.
905 5347 1190 5402 Absolutus
1213 5351 1293 5399 est
1319 5360 1348 5396 a
1380 5343 1584 5414 synodo
1613 5343 1918 5406 Charisius;
1945 5343 2250 5397 damnatum
2281 5343 2576 5412 symbolum
2619 5340 2921 5404 Theodori;
2951 5339 3060 5392 lata
3088 5337 3313 5391 celebris
3338 5336 3424 5389 illa
3451 5336 3558 5399 lex,
3593 5353 3702 5403 qua:

461 5442 910 5512 consequentibus
934 5439 1140 5494 saeculis
1169 5445 1249 5491 tot
1291 5436 1681 5505 disputationes
1708 5436 1891 5499 movit,
1925 5435 1989 5488 de
2035 5451 2139 5487 non
2171 5435 2536 5503 componenda
2582 5433 2698 5486 ﬁdei
2730 5434 2830 5486 alia
2881 5431 3103 5485 formula
3134 5438 3488 5498 prmtcrquam
3520 5444 3633 5497 qua:
3671 5444 3696 5479 τι

464 5537 708 5593 Patribus
736 5533 960 5588 Niczenis
989 5531 1128 5585 edita
1159 5539 1258 5583 est.
1296 5529 1486 5583 Statuit
1515 5538 1693 5580 sancta
1722 5525 1946 5596 synodus
1979 5526 2192 5577 alterunt
2222 5526 2375 5594 ﬁdem
2406 5526 2594 5578 nemini
2641 5525 2792 5576 licere
2827 5525 3073 5593 proferre,
3123 5530 3211 5572 ant
3240 5519 3573 5582 conscribere,
3614 5529 3698 5569 aut

460 5643 778 5698 componere,
806 5635 988 5694 prtetcr
1015 5623 1284 5692 deﬁnitam
1315 5637 1345 5671 a
1375 5620 1567 5672 sanctis
1609 5616 1847 5670 Patribns
1883 5620 1966 5688 qui
2000 5615 2175 5669 Niccm
2199 5633 2310 5668 cum
2342 5616 2541 5684 Spiritu
2564 5626 2740 5669 sancto
2762 5616 3054 5685 congregati
3085 5615 3306 5683 fuerunt.
3336 5610 3434 5674 Qui
3461 5626 3572 5664 rero
3592 5609 3699 5659 ausi

465 5720 674 5781 fuerint,
708 5725 792 5769 aut
815 5729 1112 5782 componere
1157 5710 1308 5781 [idem
1337 5708 1567 5770 alterum,
1594 5714 1681 5758 aut
1705 5707 1951 5776 proferre,
1989 5704 2061 5758 rcl
2099 5705 2283 5778 o/fcrrc
2313 5708 2531 5759 cont‘crti
2567 5706 2842 5758 colentibus
2874 5704 2942 5756 ml
2981 5704 3288 5772 agnitionem
3332 5702 3572 5762 veritatis,
3600 5701 3699 5753 site
