3958 6178
282 291 382 347 729
811 289 1178 345 PRIEFATIO
1217 289 1281 344 IN
1321 291 1682 348 SECUNDAM
1727 293 1999 349 PARTEM
2038 245 2317 354 OPEl’lL'M
2359 297 2546 353 MAR"
2586 299 3048 360 MERCATORIS.
3403 309 3508 365 730

276 422 340 457 ea:
367 404 667 474 gentilitate,
712 405 814 456 sive
838 419 901 456 ex
922 401 1209 467 Judaismo,
1250 405 1355 456 sive
1381 421 1444 457 ex
1473 404 1821 476 qualicumque
1858 407 2041 461 hwresi
2073 425 2089 461 :
2113 408 2203 462 hos
2226 409 2446 480 quidem,
2475 412 2520 463 si
2548 420 2668 464 sunt
2705 412 2930 482 episc0pi
2976 421 3064 465 aut
3091 414 3282 481 clerici,
3312 417 3510 472 alienos

274 511 386 547 esse
405 493 664 562 episcopos
703 493 766 545 ab
794 495 1108 563 episcopatu;
1135 502 1221 546 aut
1267 495 1476 548 clericos
1501 511 1532 546 a
1559 495 1800 548 clericatu
1829 497 2081 561 decrevit;
2111 500 2155 551 si
2181 516 2294 553 vero
2324 500 2442 554 laici
2471 503 2677 570 fuerint,
2711 503 3026 558 anathemati
3054 507 3256 577 subjici.

344 581 523 635 Pridie
551 581 656 634 kal.
698 581 920 648 Augusti
971 582 1292 650 (invulgatis
1316 583 1604 647 codicibus,
1639 584 1805 652 yridie
1859 585 1964 638 kal.
2007 585 2374 658 Septembris),
2405 590 2711 658 priusquam
2752 591 2985 648 Joannes
3023 610 3202 649 comes
3239 596 3506 666 Ephesum

272 672 597 735 advenisset,
628 671 1025 726 considentibus
1065 671 1310 725 Pati-ibus
1339 672 1389 725 in
1421 673 1645 727 ecclesia
1668 689 1786 740 quin
1816 674 1980 728 Maria
2002 675 2213 740 dicitur,
2239 677 2507 744 Rbeginus
2533 681 2856 735 Constantia:
2885 683 3046 754 Cypri
3075 686 3376 756 episcopus,
3407 707 3507 758 op—

271 771 557 830 portunam
587 771 775 816 nactus
803 763 1158 825 occasionem,
1189 763 1381 816 obtulit
1409 763 1644 817 libellum
1675 763 1878 834 synodo
1907 780 2013 832 quo
2045 768 2366 833 querebatur
2385 767 2676 822 Ecclesiam
2703 770 3087 827 Antiochenam
3114 774 3201 842 jus
3225 778 3323 831 sibi
3354 795 3506 833 arro—

268 873 419 923 gare,
451 865 636 911 contra
660 871 892 911 canones
921 856 1180 920 Nicmnos,
1212 856 1265 910 in
1306 856 1530 910 insulam
1557 856 1818 926 Cyprum;
1850 872 1969 910 cum
2001 865 2178 910 tamen
2225 858 2292 912 ab
2321 860 2628 928 apostolicis
2669 876 2832 928 usque
2870 865 3202 932 temporibus
3230 877 3505 937 metropo-

271 947 364 999 lita
395 948 669 1001 ordinatus
694 947 876 1001 fuisset
897 962 928 1000 a
956 946 1160 1018 synodo
1187 947 1473 1015 provincia:
1503 948 1684 1002 totius.
1730 947 1909 1000 Vetuit
1933 948 2166 1018 synodus
2212 948 2497 1016 quidquam
2529 950 2788 1015 innovari,
2815 950 3080 1021 jussitque
3108 957 3308 1009 servari
3339 973 3504 1011 cano-

267 1050 392 1088 nem
423 1045 632 1090 sextum
658 1036 950 1099 Nicaznum,
982 1035 1195 1103 suisque
1235 1035 1478 1090 dioecesis
1510 1035 1700 1089 ﬁnibus
1727 1050 1912 1090 omne.
1940 1051 2057 1089 esse
2082 1043 2380 1088 contentos.

346 1128 539 1182 Verum
561 1145 733 1197 neque
763 1130 1032 1196 Rheginus
1056 1128 1265 1182 videtur
1288 1144 1406 1182 cum
1437 1128 1681 1182 Patribus
1711 1129 1881 1196 egisse
1913 1129 2050 1182 bona
2083 1127 2212 1192 ﬁde;
2245 1143 2415 1196 neque
2461 1127 2646 1183 Patres
2675 1129 2955 1184 admodum
2986 1130 3147 1186 fuisse
3187 1134 3400 1190 solliciti
3437 1136 3504 1190 de

266 1218 547 1273 servandis
561 1217 768 1285 juribus
789 1215 1008 1271 Joannis
1035 1216 1370 1281 Antiocheni,
1396 1231 1554 1284 quem
1581 1217 1923 1284 pertinaciter
1943 1217 2213 1270 adhaerere
2241 1216 2454 1270 inimico
2475 1216 2670 1271 Christi
2697 1220 3006 1273 cernebant.

339 1308 557 1362 Interim
578 1307 844 1375 Ephesum
866 1306 1096 1360 Joannes
1117 1320 1384 1360 sacrarum
1406 1321 1586 1360 comes
1605 1307 1737 1359 mira
1759 1305 2096 1359 festinatione
2126 1307 2322 1371 tenuit;
2349 1307 2654 1375 statimque,
2681 1309 2945 1378 episcopis
2973 1311 3246 1366 ambarum
3272 1315 3502 1382 partium

266 1398 533 1460 salutatis,
567 1397 803 1452 condixit
829 1397 1075 1451 omnibus
1103 1397 1156 1449 in
1183 1405 1492 1464 sequentem
1523 1395 1664 1450 diem
1703 1395 1769 1448 ad
1793 1411 1944 1449 suum
1975 1395 2353 1462 diversorium;
2399 1412 2532 1450 neve
2560 1398 2612 1450 in
2641 1399 2876 1467 ingressu
2909 1402 3162 1456 tumultus
3184 1400 3350 1467 ﬁeret,
3384 1406 3502 1458 ani-

265 1491 373 1545 mis
402 1491 658 1546 hactenus
685 1493 1037 1553 exacerbatis,
1070 1490 1394 1558 ingrediendi
1421 1491 1662 1544 ordinem
1688 1489 2024 1559 praescripsit.
2059 1488 2353 1544 Adfuerunt
2380 1506 2500 1545 cum
2522 1507 2712 1545 aurora
2742 1492 2852 1548 fere
2883 1493 3113 1548 Joannes
3141 1496 3502 1552 Antiochenus

263 1590 318 1635 et
344 1581 619 1637 Nestorius
646 1598 765 1637 cum
795 1583 939 1647 suis;
966 1582 1132 1636 adfuit
1174 1590 1228 1636 et
1252 1580 1481 1652 Cyrillus
1524 1596 1644 1635 cum
1675 1581 1791 1634 aliis
1817 1581 2114 1649 epiSCOpis;
2165 1580 2500 1635 Memnonem
2531 1582 2674 1637 domi
2701 1585 2958 1652 :egritudo
2994 1587 3233 1642 retinuit.
3263 1587 3389 1642 Orta
3420 1598 3502 1643 est

262 1671 543 1727 altercatio
575 1673 822 1741 primum,
853 1681 907 1726 et
935 1674 1084 1742 quasi
1113 1686 1307 1741 pugna,
1341 1672 1457 1726 aliis
1480 1671 1798 1740 negantibus
1819 1671 2121 1726 Nestorium
2151 1672 2406 1727 interesse
2433 1673 2646 1737 debere,
2673 1692 2793 1729 cum
2823 1678 3126 1744 legerentur
3166 1681 3500 1750 imperatoris

261 1763 486 1829 htterze;
518 1764 634 1818 aliis
653 1771 839 1818 contra
863 1763 1323 1828 contendentibus,
1355 1771 1408 1817 et
1434 1761 1688 1834 Cyrillum
1726 1762 2086 1830 rejicientibus
2119 1780 2130 1814 :
2163 1762 2256 1816 sed
2284 1778 2483 1829 comes,
2515 1766 2796 1818 abstractis
2823 1782 2919 1836 per
2955 1769 3060 1820 vim
3087 1767 3284 1838 Cyrillo
3315 1779 3369 1823 et
3395 1770 3500 1824 Ne~

259 1857 455 1921 sterio,
481 1858 685 1913 litteras
712 1858 870 1925 legit,
902 1865 955 1911 et
981 1871 1315 1926 nequaquam
1356 1855 1700 1910 frementibus
1729 1856 2000 1924 partibus,
2032 1863 2152 1924 post
2181 1855 2526 1923 depositionis
2546 1857 3000 1912 denuntiationem
3028 1860 3329 1915 Nestorium
3358 1862 3498 1917 Can-

255 1949 476 2005 didiano
502 1951 683 2005 comiti
707 1949 1110 2004 custodiendum
1131 1947 1378 2013 tradidit;
1409 1946 1606 2001 Jacobo
1627 1947 1808 2000 comiti
1834 1945 2087 2018 Cyrillum
2115 1954 2169 2000 et
2196 1946 2563 2013 Memnonem;
2603 1956 2656 2002 et
2695 1959 2904 2016 cuncta,
2934 1966 3051 2020 qua:
3079 1953 3250 2022 primo
3270 1954 3356 2008 die
3378 1962 3496 2008 acta

255 2050 460 2103 essent,
490 2043 867 2112 imperatorem
889 2041 1142 2096 continuo
1169 2040 1393 2104 monuit,
1419 2049 1576 2108 atque
1599 2039 1651 2095 id
1681 2040 1916 2110 insuper,
1947 2041 2153 2096 animos
2177 2041 2548 2111 episcoporum
2577 2042 2938 2112 implacabiles
2962 2045 3150 2109 videri,
3175 2061 3237 2101 ac
3261 2047 3498 2103 irrecon-

252 2132 536 2186 ciliabiles.
566 2132 698 2185 Data
726 2138 809 2186 est
833 2131 1022 2184 relatio
1055 2131 1310 2199 postridie
1337 2130 1613 2185 adventus.

331 2226 526 2281 Sancta
552 2226 786 2296 synodus
811 2227 1003 2280 mirum
1046 2225 1097 2278 in
1137 2226 1349 2279 modum
1383 2224 1607 2282 Comitis
1635 2225 1774 2280 facto
1813 2236 2098 2293 commota,
2123 2229 2277 2282 binas
2307 2227 2370 2282 ad
2401 2229 2778 2297 imperatorem
2812 2228 3016 2281 litteras
3044 2228 3275 2298 scripsit.
3306 2228 3495 2284 Prinne

252 2317 468 2373 initium
487 2325 569 2370 est
601 2334 613 2368 :
654 2315 834 2369 Vestra
855 2314 1054 2386 quidem
1086 2314 1329 2384 majestas
1371 2316 1608 2385 pietatem
1629 2315 1937 2384 conﬁrmare
1982 2317 2172 2379 volens,
2205 2323 2306 2370 etc.
2336 2316 2591 2370 Secundae
2619 2333 2630 2368 :
2659 2314 3095 2368 Christianissima
3116 2324 3279 2368 vestra
3307 2318 3496 2386 majes-

250 2421 356 2475 tas,
387 2409 692 2479 pientissimi
717 2409 1070 2476 imperatores,
1103 2413 1207 2460 etc.
1241 2405 1298 2458 ln
1327 2406 1428 2459 hac
1456 2406 1682 2474 primum
1708 2414 1894 2474 questa
1924 2415 2024 2469 est,
2067 2407 2393 2461 mendaciter
2420 2413 2724 2473 suggestum
2750 2404 2911 2458 fuisse
2941 2403 3268 2472 imperatori,
3300 2419 3496 2472 appro~

245 2499 434 2553 batam
462 2513 580 2552 esse
601 2513 631 2550 a
659 2506 842 2550 sancta
869 2494 1072 2564 synodo
1095 2492 1275 2564 Cyrilli
1301 2501 1354 2548 et
1383 2492 1678 2547 Memnonis
1699 2493 2108 2562 depositionem,
2137 2494 2624 2561 catbolicorumquc
2652 2492 2867 2546 nomina
2895 2491 3353 2545 schismaticorum
3390 2508 3490 2546 no-

245 2586 489 2640 minibus
517 2585 569 2637 in
599 2583 943 2652 inscriptione
985 2582 1240 2649 permista
1277 2597 1412 2635 esse.
1447 2581 1776 2649 Signiﬁcavit
1799 2580 2008 2647 deinde,
2036 2583 2336 2637 nullatenus
2364 2599 2421 2637 se
2471 2598 2630 2651 posse
2672 2581 3027 2635 Orientalibus
3074 2581 3488 2646 communicare,

241 2665 561 2744 priusquam
589 2673 687 2742 ipsi
716 2672 1037 2741 depositioni
1065 2672 1294 2727 Nestorii
1318 2673 1730 2737 subscriberent,
1772 2681 1826 2726 et
1853 2673 2061 2741 objecta
2111 2674 2312 2745 synodo
2358 2690 2455 2743 per
2482 2673 2798 2727 calumniam
2828 2679 3161 2726 revocarent.
3200 2669 3492 2726 Postulavit

241 2763 483 2832 denique
510 2763 658 2818 reddi
687 2764 788 2818 sibi
833 2762 1088 2833 Cyrillum
1115 2777 1177 2816 ac
1205 2761 1559 2828 Memnonem,
1595 2761 1857 2832 ﬁdemque
1884 2763 2110 2818 dilucide
2140 2764 2456 2834 explicatam
2492 2763 2544 2816 in
2573 2761 2971 2817 commentariis
2999 2760 3237 2824 retineri,
3273 2770 3326 2815 et
3354 2761 3490 2814 mitti

241 2855 434 2925 plures
461 2856 702 2924 partibus
728 2870 834 2908 non
860 2854 1118 2916 addictos,
1143 2853 1233 2920 qui
1254 2853 1459 2907 sincere
1488 2853 1864 2921 imperatorem
1890 2860 2191 2908 monerent.

327 2947 481 3001 Dedit
502 2947 687 3002 eadem
712 2946 946 3016 synodus
971 2945 1177 2999 litteras
1199 2944 1358 2998 etiam
1387 2944 1454 2997 ad
1483 2945 1764 3013 episcopos
1791 2943 2252 3013 Constantinopoli
2275 2951 2508 3012 agentes,
2540 2942 2879 3011 reliquosque
2909 2942 3050 2996 urbis
3074 2943 3414 3012 presbyteros
3437 2951 3492 2996 et

239 3037 524 3100 diaconos,
554 3038 746 3105 quibus
774 3039 1034 3109 imprimis
1072 3038 1331 3106 queritur,
1360 3053 1466 3091 non
1495 3037 1654 3091 licere
1679 3037 1778 3091 sibi
1815 3035 2336 3105 Constantinopolim
2375 3036 2625 3098 scribere,
2659 3043 2717 3088 ut
2742 3035 2938 3088 veritas
2977 3035 3295 3088 innotescat.
3342 3033 3492 3087 Sciat

237 3128 413 3195 pietas
442 3136 606 3180 vestra
632 3127 893 3198 Ephesum
934 3129 1145 3198 perinde
1183 3144 1243 3180 ac
1281 3144 1532 3181 carcerem
1559 3144 1765 3197 prorsus
1812 3143 1905 3180 nos
1940 3127 2244 3190 inhabitare,
2275 3129 2329 3180 in
2364 3143 2461 3198 qua
2482 3127 2594 3195 jam
2637 3127 2888 3179 trimestre
2911 3128 3132 3195 spatium
3169 3142 3324 3196 usque
3361 3125 3489 3177 adeo

237 3225 392 3270 arcte
417 3217 603 3270 inclusi
633 3226 877 3281 tenemur,
909 3227 963 3270 ut
1009 3234 1166 3287 neque
1193 3234 1282 3288 per
1318 3233 1476 3280 mare,
1501 3233 1658 3288 neque
1685 3234 1774 3286 per
1797 3226 1958 3270 terras
1981 3218 2135 3271 libere
2157 3226 2206 3270 et
2245 3217 2431 3287 absque
2459 3216 2767 3281 discrimine,
2817 3217 3102 3287 quempiam
3153 3217 3377 3278 omnino,
3410 3216 3487 3268 rel

237 3305 317 3358 ad
342 3305 486 3371 pium
507 3307 814 3369 comitatum,
832 3304 904 3356 vel
931 3306 984 3356 in
1006 3305 1225 3374 aliquem
1245 3304 1402 3357 alium
1439 3304 1622 3367 locum,
1647 3305 1927 3358 amandare
1946 3321 2206 3375 queamus.
2232 3303 2372 3358 Nam
2395 3307 2795 3375 quotiescumque
2823 3322 2883 3358 ea
2920 3321 3032 3374 qua:
3059 3306 3307 3367 misimus,
3333 3303 3478 3356 reddi

236 3399 478 3468 contigit,
502 3406 556 3450 ut
577 3397 828 3450 tabellarii
851 3405 1090 3450 sexcenta
1117 3397 1231 3449 vita:
1263 3396 1559 3450 discrimina
1587 3395 1871 3461 evaderent,
1894 3395 1949 3448 in
1983 3396 2114 3448 alias
2144 3405 2290 3466 atque
2317 3395 2445 3448 alias
2467 3397 2659 3466 formas
2691 3397 3059 3465 transformare
3080 3413 3133 3448 se
3160 3397 3322 3448 coacti
3346 3404 3483 3448 sunt.

307 3487 509 3541 Narrat
533 3488 722 3542 deinde
753 3502 872 3556 quae
922 3488 1022 3541 sibi
1060 3487 1334 3542 calumnia:
1363 3489 1429 3542 ab
1466 3487 1782 3542 adversariis
1811 3486 2146 3555 al‘ﬁngantur.
2181 3487 2329 3551 Quod
2369 3498 2535 3541 autem
2589 3496 2691 3541 tam
2725 3487 2992 3558 diligenter
3031 3488 3360 3550 castodimur,
3393 3486 3488 3538 hoc

238 3580 459 3633 aliunde
488 3597 590 3634 non
611 3582 858 3650 provenit,
905 3598 1055 3652 quam
1097 3581 1232 3651 quod
1268 3580 1337 3633 ad
1379 3582 1634 3650 piissimos
1662 3583 1992 3650 imperatores
2028 3583 2199 3635 omnia
2227 3591 2405 3635 contra
2432 3597 2524 3636 nos
2564 3582 2698 3650 falso
2739 3581 3054 3650 deferuntur.
3091 3579 3233 3633 Nam
3282 3579 3391 3643 alii,
3434 3591 3489 3632 ut

236 3670 546 3738 accipimus,
578 3669 722 3739 quasi
748 3669 1013 3722 seditionis
1039 3678 1290 3731 auctores,
1324 3668 1459 3738 apud
1480 3669 1590 3737 pias
1620 3669 1960 3738 Augustorum
1998 3685 2145 3722 aures
2167 3685 2259 3722 nos
2302 3670 2553 3722 incusant.
2586 3669 2688 3721 Alii
2728 3685 2994 3737 suggerere
3020 3671 3133 3722 ausi
3170 3679 3306 3733 sunt,
3339 3669 3486 3738 quasi

234 3759 553 3812 aecumenica
575 3769 748 3811 nostra
776 3760 1000 3828 synodus
1027 3758 1272 3830 Cyrillum
1301 3760 1676 3812 sanctissimum
1697 3758 1902 3828 Deoque
1931 3759 2312 3813 dilectissimum
2334 3761 2765 3829 archiepiscopum
2787 3761 3209 3826 Alexandrinum,
3251 3771 3300 3814 et
3338 3779 3487 3815 sanc-

237 3850 502 3902 tissimum
530 3847 734 3918 Deoque
753 3848 1127 3902 devotissimum
1157 3849 1506 3918 coepiscopum
1534 3855 1762 3900 nostrum
1805 3847 2129 3901 Memnonem
2171 3849 2500 3918 deposuisset.
2545 3845 2764 3909 Quidam
2792 3856 2840 3899 et
2878 3847 2972 3900 hoc
3001 3849 3234 3918 fortassis
3262 3849 3487 3917 adjicere

233 3939 392 3991 veriti
423 3954 526 3990 non
575 3946 711 3999 sunt,
762 3937 897 4007 quod
936 3953 1049 3990 cum
1089 3936 1385 4007 defectionis
1423 3935 1780 4000 conciliabula,
1810 3936 1954 4005 cujus
1994 3936 2099 3990 dua:
2141 3945 2217 3990 est
2243 3935 2470 3990 Joannes
2516 3934 2878 3998 Antiochcnus,
2911 3936 3130 3987 amicum
3179 3935 3484 4005 colloquium

233 4028 378 4080 inire
398 4025 544 4079 nobis
572 4026 838 4095 placuerit.
879 4023 962 4078 Ne
998 4026 1155 4095 igitur
1192 4025 1300 4079 [nec
1327 4026 1595 4096 pateﬁant,
1630 4034 1771 4078 tanta
1804 4024 2070 4096 diligentia
2097 4025 2427 4080 custodimur.

308 4115 572 4180 Denique,
615 4112 826 4166 laudata
867 4113 1104 4168 omnium
1148 4127 1366 4167 suorum
1409 4114 1726 4178 constantia,
1770 4115 2032 4183 siquidem
2075 4116 2295 4170 mallent
2339 4114 2490 4182 sequi
2517 4113 2756 4168 exsulem
2793 4111 3048 4183 Cyrillum
3098 4126 3254 4178 quam
3289 4111 3479 4167 Joanni

231 4206 536 4268 adluerere,
567 4204 812 4257 hortatur
840 4211 898 4257 ut
927 4203 1024 4274 ipsi
1062 4210 1250 4273 petant
1275 4205 1343 4259 ab
1371 4205 1710 4274 imperatore,
1760 4207 1841 4260 vel
1868 4207 2115 4261 advocari
2156 4207 2438 4275 episcopos
2462 4205 2668 4273 aliquos
2705 4203 2795 4270 qui
2836 4203 3012 4272 palam
3054 4202 3368 4269 loquantur;
3397 4205 3480 4257 vel

233 4311 434 4352 omnes
461 4295 528 4348 ad
555 4310 682 4350 suas
723 4294 994 4350 Ecclesias
1018 4295 1232 4359 dimitti,
1281 4310 1350 4349 ne
1375 4297 1704 4362 gravissimis
1751 4297 1944 4365 quibus
1973 4304 2288 4364 premuntur
2313 4295 2562 4348 :erumnis
2606 4292 2974 4347 conﬁciantur.
3014 4290 3288 4344 Certiorem
3328 4294 3483 4361 facito

232 4387 623 4448 imperatorem,
655 4390 704 4435 et
731 4383 1031 4452 supplicate,
1054 4391 1109 4434 ut
1131 4384 1294 4435 nostri
1321 4385 1574 4449 misertus,
1598 4401 1662 4436 ea:
1681 4385 1774 4438 hoc
1803 4384 2005 4437 tandem
2039 4385 2264 4453 specioso
2302 4382 2556 4451 ergastulo
2586 4397 2677 4434 nos
2707 4389 2928 4443 revocet;
2958 4389 3007 4433 et
3034 4381 3078 4433 si
3107 4381 3307 4450 quidem
3336 4381 3479 4452 digni

231 4492 419 4531 sumus
448 4476 532 4545 qui
554 4475 856 4543 pientissimi
885 4475 1166 4548 Christique
1199 4478 1418 4532 amantis
1443 4479 1766 4548 imperatoris
1805 4480 1990 4549 faciem
2031 4477 2307 4541 videamus,
2331 4478 2384 4528 id
2412 4475 2524 4545 ﬁeri
2547 4474 2785 4538 mandet;
2813 4475 2858 4527 si
2887 4489 3001 4527 vero
3047 4473 3245 4543 indigni
3268 4473 3476 4544 judica-

231 4586 358 4623 mur
385 4566 563 4637 quibus
593 4566 686 4619 hoc
707 4565 953 4637 obtingat,
980 4570 1161 4622 saltem
1190 4569 1257 4623 ad
1286 4568 1546 4624 Ecclesias
1583 4578 1785 4624 nostras
1814 4569 1980 4622 redire
2008 4584 2099 4622 nos
2128 4569 2286 4634 sinat,
2329 4584 2391 4621 ne
2427 4567 2510 4619 hic
2534 4567 2772 4628 universi,
2805 4566 2897 4618 alii
2933 4565 3142 4630 morbis,
3174 4565 3262 4617 alii
3286 4566 3477 4618 maesti-

231 4661 308 4711 tia
342 4656 631 4726 consumpti
660 4672 946 4726 pereamus.
2724 4726 2735 4736 .

310 4746 569 4801 Additum
597 4753 678 4800 est
716 4747 1198 4812 commonitorium,
1223 4748 1486 4803 Dalmatio
1513 4748 1959 4814 archimandritte,
1991 4758 2050 4802 ut
2069 4749 2278 4817 opinor,
2310 4748 2623 4803 nominatim
2651 4733 2930 4812 directum,
2967 4746 3110 4816 quod
3137 4746 3478 4800 commisera-
3547 4733 3564 4742 ’

231 4841 446 4894 tionem
467 4853 686 4893 movere
707 4839 893 4909 possit,
926 4838 1009 4892 vel
1036 4838 1316 4893 durissimo
1345 4840 1537 4909 cuique
1569 4857 1581 4891 :
1616 4837 1874 4893 Necamur
1904 4837 2127 4905 testibus,
2152 4856 2265 4893 cum
2290 4856 2432 4893 aeres
2463 4840 2776 4910 sintgraves,
2807 4847 2855 4892 et
2872 4855 3000 4909 pene
3037 4836 3256 4907 quotidie
3291 4836 3474 4907 aliquis

231 4930 544 5002 sepeliatur,
569 4937 674 4982 etc.

310 5018 567 5073 Geminas
596 5034 627 5071 a
653 5017 857 5088 synodo
885 5020 1108 5088 scriptas
1130 5019 1287 5074 fuisse
1314 5019 1619 5088 imperatori
1651 5020 1870 5085 litteras,
1909 5019 2051 5088 quod
2079 5019 2317 5075 nonnulli
2346 5027 2539 5073 vocant
2566 5019 2617 5072 in
2647 5018 2894 5083 dubium;
2929 5017 3358 5085 singularumque
3386 5033 3476 5072 or-

233 5108 425 5162 dinem
455 5115 509 5162 et
535 5115 902 5176 argumentum
943 5123 1048 5162 non
1096 5108 1168 5161 ita
1197 5108 1550 5162 communiter
1576 5116 1780 5174 notum,
1813 5108 2092 5162 manifeste
2120 5108 2315 5162 docent
2352 5107 2605 5176 epistola),
2633 5121 2765 5174 quas
2804 5103 3030 5174 Cyrillus
3058 5119 3088 5158 e
3115 5119 3209 5158 sua
3239 5104 3478 5158 custodia

237 5198 411 5261 misit,
438 5211 597 5251 unam
625 5198 768 5251 clero
792 5197 1095 5267 populoque
1119 5196 1734 5266 Constantinopolitano,
1759 5212 1863 5265 qua
1897 5198 1948 5251 in
1979 5198 2161 5267 primis
2189 5197 2388 5251 amicos
2413 5213 2537 5252 suos
2563 5196 2728 5259 duos,
2759 5195 3072 5248 Dalmatium
3100 5196 3480 5270 archimandri-

237 5301 359 5346 tam
398 5291 806 5355 sanctissimum,
839 5289 1174 5360 Alipiumque
1204 5292 1564 5359 apostolorum
1591 5291 1986 5362 presbyterum,
2026 5306 2227 5359 magum
2256 5300 2538 5359 utrumque
2559 5291 2695 5359 apud
2727 5291 3096 5360 imperatorem
3127 5293 3478 5354 auctoritatis,

239 5381 458 5434 monuit
483 5379 611 5448 quid
638 5389 913 5450 pararetur
955 5387 1009 5434 et
1044 5380 1171 5448 quid
1195 5381 1332 5433 facto
1356 5395 1490 5448 opus
1515 5389 1686 5445 esset;
1725 5382 1947 5434 alteram
1984 5383 2150 5435 tribus
2178 5381 2333 5434 simul
2374 5396 2482 5434 suae
2508 5380 2754 5434 dimcesis
2780 5379 3060 5449 episcopis,
3094 5379 3477 5448 Theopcmpto,

242 5472 454 5526 Danieli
491 5480 546 5526 et
572 5471 888 5533 Potamioni,
931 5472 984 5524 in
1030 5472 1159 5524 urbe
1203 5471 1346 5537 regia
1369 5472 1716 5525 versantibus.
1749 5471 1918 5539 Atque
1956 5472 2057 5524 illa:
2084 5481 2205 5524 sunt
2226 5485 2358 5538 quas
2385 5485 2504 5523 cum
2533 5468 2941 5523 conunonitorio
2969 5468 3199 5521 inclusas
3227 5469 3480 5521 arundine

245 5565 526 5620 mendicus
548 5565 753 5626 detulit,
796 5571 853 5616 ut
875 5563 1081 5616 falleret
1109 5570 1249 5614 artes
1275 5561 1618 5616 Orientalium
1642 5579 1736 5631 per
1764 5563 1962 5616 amicos
1984 5561 2374 5630 prohibentium
2406 5575 2470 5615 ne
2491 5559 2616 5627 quid
2637 5574 2667 5612 a
2695 5573 2843 5613 sacra
2873 5556 3076 5629 synodo
3103 5555 3478 5613 Constantem-

248 5649 415 5716 polim
437 5650 736 5722 aﬁ‘errctur,
768 5648 911 5717 quod
935 5649 1094 5702 rebus
1126 5649 1231 5703 suis
1265 5649 1692 5704 inconnnmlarct.
