3958 6178
452 343 546 399 ττι
979 335 1340 393 PREFATIO
1379 335 1443 391 1N
1483 332 1845 390 SECUNDAM
1883 331 2015 387 PAR

2121 331 2164 385 M
2195 327 2477 384 OPERUM
2517 328 2705 382 MAR"
2737 325 3191 383 MERCATORIS.
3587 327 3684 385 752

521 456 656 523 Quid
685 461 866 524 postea
896 450 1200 522 praestiterit
1229 447 1566 514 largitionum
1597 461 1794 509 comes,
1829 450 2038 498 constat
2062 458 2126 497 ex
2157 441 2379 509 epistola
2401 439 2581 512 Cyrilli
2612 441 2678 494 ad
2708 441 2910 494 clerum
2940 440 3299 510 populumque
3319 437 3682 493 Constantino-

454 551 760 620 politanum.
796 545 917 597 Cum
951 541 1247 611 prwdictus,
1277 541 1370 604 ait,
1398 536 1934 607 magniﬁcentissimus
1981 535 2056 586 vir
2083 533 2158 586 nil
2189 549 2289 585 non
2337 532 2634 596 tentarerit,
2666 547 2763 601 quo
2802 527 3030 584 Jodnnes
3063 539 3113 584 et
3135 531 3218 596 qui
3248 545 3359 581 cum
3387 544 3445 580 eo
3472 535 3611 592 sunt,
3640 545 3690 581 in

450 651 640 696 sancta:
659 636 838 706 synodi
869 633 1272 687 communionem
1295 631 1626 698 recipiantur,
1651 629 1703 679 in
1734 626 2034 679 hodiernum
2057 641 2211 695 usque
2241 624 2371 677 diem
2396 641 2460 676 ne
2482 623 2660 676 audire
2687 624 2887 694 quidem
2928 622 3220 692 Imjnsmod-i
3247 637 3414 674 rorem
3440 621 3690 673 sustinue-

449 741 598 793 runt;
629 728 718 781 sed
747 725 996 779 obsistunt
1017 723 1216 794 quidem
1241 723 1464 783 omnino,
1491 730 1538 772 et
1566 720 1778 771 dicunt:
1810 717 1953 770 Fieri
1983 733 2082 769 non
2112 725 2294 786 potest,
2319 726 2373 768 ut
2411 715 2479 767 ad
2505 715 2598 768 hoc
2639 716 2916 775 veniamus,
2950 715 3050 766 nisi
3078 713 3209 783 quod
3238 721 3418 766 contra
3445 712 3604 780 legem
3631 711 3690 762 ab

443 821 548 872 illis
579 820 768 887 factum
791 826 866 868 est
896 814 1216 876 dissolvatur,
1250 829 1309 863 ac
1325 810 1518 880 synodo
1538 819 1792 879 tamquam
1817 809 1900 876 qui
1927 807 2225 878 deliquerint
2251 807 2500 876 supplices
2522 805 2779 868 accidant,
2803 813 2853 858 et
2882 803 3178 857 Nestorium
3197 804 3430 872 illiusque
3453 802 3689 872 dogmata

443 910 632 977 scripto
663 907 1096 959 anathematizent
1113 922 1128 968 ;
1151 906 1272 955 etin
1295 903 1370 954 his
1393 903 1630 953 universa
1657 900 1840 968 synodi
1871 900 2102 952 consistit
2122 899 2387 950 instantia.
2423 895 2546 950 Cum
2571 913 2687 950 vero
2709 897 2805 949 hac
2825 913 2914 966 spe
2935 896 3470 965 magniﬁcentissimus
3500 893 3587 946 ille
3600 896 3687 956 vir,

445 1001 587 1070 cujus
612 1001 950 1061 meminimus,
979 1001 1252 1068 frustratus
1273 1005 1420 1060 esset,
1454 995 1593 1048 aliud
1617 1011 1816 1046 rursum
1833 995 2155 1064 excogitavit,
2173 1003 2220 1047 et
2249 1003 2472 1045 asancta
2495 992 2689 1062 synodo
2719 993 2860 1061 petiit
2888 1000 2941 1042 ut
2962 991 3084 1059 ﬁdei
3112 990 3477 1058 expositionem
3505 989 3690 1057 scripto

443 1092 538 1144 sibi
567 1090 839 1152 exhiberet,
870 1099 925 1141 ut
954 1107 1064 1142 cum
1093 1090 1168 1141 illi
1190 1089 1554 1158 quoqueipsius
1578 1087 1796 1152 impulsu
1826 1086 2162 1138 assensissent
2199 1101 2258 1136 ac
2287 1084 2724 1150 subscripsissent,
2754 1097 2980 1134 reversus
3009 1081 3198 1132 diceret
3228 1096 3244 1132 :
3278 1079 3467 1145 Redegi
3498 1079 3614 1131 illos
3635 1080 3682 1129 in

443 1185 744 1246 amicitiam,
795 1183 878 1251 qni
907 1181 1140 1232 humanis
1189 1180 1394 1247 oﬂ'ensis
1453 1179 1584 1230 inter
1639 1196 1692 1231 se
1745 1175 2076 1230 dissidebant.
2113 1174 2226 1227 Hoc
2280 1173 2564 1243 intelligens
2619 1181 2799 1224 sancta
2837 1171 3061 1241 synodus
3107 1172 3290 1223 iterum
3340 1171 3565 1224 surrexit
3615 1169 3688 1221 di-

444 1280 576 1324 serte
623 1272 795 1324 dicens
828 1288 843 1322 :
878 1270 1132 1323 Nolumus
1160 1269 1302 1322 nobis
1343 1270 1466 1338 ipsis
1495 1285 1608 1321 eam
1649 1269 2008 1320 contumeliam
2036 1269 2294 1336 irrogare;
2326 1281 2428 1316 non
2457 1265 2589 1316 enim
2622 1272 2878 1333 tamquam
2925 1263 3148 1315 Iiwretici
3177 1261 3272 1313 huc
3308 1263 3468 1314 vocati
3497 1277 3685 1320 sumus,

443 1363 535 1414 sed
588 1365 809 1414 venimus
859 1369 913 1413 ut
961 1361 1113 1429 ﬁdem
1160 1360 1415 1412 labantem
1468 1367 1516 1410 et
1577 1359 1890 1428 exagitatam
1934 1355 2288 1417 stabiliamus,
2341 1368 2490 1422 quam
2538 1360 2587 1404 ct
2643 1350 3007 1413 stabilirimus;
3058 1366 3149 1402 nec
3211 1365 3336 1417 opus
3401 1358 3477 1400 est
3530 1351 3688 1416 impe-

447 1453 606 1504 ratori
651 1461 706 1503 ut
750 1451 906 1519 ﬁdem
951 1467 1084 1502 nunc
1133 1449 1322 1511 discat,
1367 1465 1476 1501 cum
1521 1449 1653 1500 hanc
1706 1449 1837 1500 sciat
1887 1457 1934 1500 et
1979 1449 2032 1499 in
2085 1462 2144 1497 ea
2185 1445 2469 1514 baptizatus
2521 1445 2605 1496 sit.
2652 1439 2823 1504 Quare
2861 1457 2952 1493 nec
2991 1441 3046 1494 id
3092 1440 3293 1511 quidem
3343 1439 3687 1493 Orientalibus

444 1546 700 1597 successit.
1627 1603 1629 1605 _

515 1630 805 1698 Epistolam
834 1631 971 1684 hanc
997 1631 1141 1683 dedit
1169 1628 1395 1699 Cyrillus
1418 1637 1697 1698 postquam
1725 1627 1922 1696 Ephesi
1946 1626 2198 1680 rescitum
2220 1633 2300 1678 est
2327 1623 2586 1677 Joannem
2606 1622 2854 1676 comitem
2877 1639 2978 1675 non
2999 1624 3168 1675 omnia
3195 1630 3328 1675 recte
3355 1623 3606 1685 retulisse,
3637 1631 3687 1676 et

445 1721 751 1790 priusquam
781 1729 954 1774 tamen
986 1730 1189 1789 septem
1217 1721 1282 1775 de
1307 1722 1525 1788 singulis
1552 1720 1793 1790 partibus
1814 1717 2330 1786 Constantinopolim
2359 1717 2562 1770 evocati
2592 1723 2788 1779 essent,
2821 1723 2981 1782 atque
3002 1715 3074 1767 ita
3097 1714 3309 1768 circiter
3329 1714 3563 1767 medium
3586 1712 3686 1766 Au‘

445 1821 652 1880 gustum
685 1831 697 1864 :
739 1828 845 1880 quo
871 1812 977 1866 fere
1008 1821 1248 1881 tempore
1295 1813 1531 1881 oportuit
1560 1813 1920 1866 evocatoriam
1949 1811 2277 1865 sanctionem
2319 1808 2588 1877 Ephesum
2617 1808 2812 1871 allcrri,
2846 1814 3276 1876 potestatemque
3301 1806 3548 1859 Nestorio
3579 1803 3686 1860 ﬁeri

445 1919 552 1972 quo
579 1905 739 1958 vellet
760 1905 932 1970 abire,
966 1913 1146 1972 etquo
1180 1906 1415 1973 placeret
1459 1919 1673 1957 secessu
1704 1903 2052 1970 depositionis
2092 1901 2325 1954 dolorem
2356 1899 2544 1962 solari;
2575 1896 2772 1968 Cyrillo
2813 1905 2991 1950 tamen
3033 1897 3245 1948 interim
3301 1895 3686 1960 Memnoneque

447 1995 500 2046 in
523 1995 763 2049 custodia
790 1997 1026 2059 retentis,
1059 1995 1183 2048 dum
1215 1978 1449 2064 ipsorum
1481 2009 1657 2059 causa,
1684 1993 2100 2062 disceptantibus
2128 1991 2403 2058 utriusque
2441 1989 2608 2058 partis
2636 1988 2925 2057 episcopis,
2959 1988 3025 2042 ab
3049 1988 3372 2057 imperatore
3395 1987 3608 2054 cognita
3635 1995 3685 2040 et

445 2082 729 2150 dijudicata
759 2090 916 2137 esset.

518 2171 844 2226 Theodosius
875 2173 926 2226 id
954 2174 1157 2226 consilii
1199 2174 1358 2242 cepit,
1392 2174 1584 2242 partim
1607 2174 1729 2241 quia
1759 2173 2059 2229 Nestorium
2089 2174 2325 2242 legitime
2353 2180 2780 2237 exauctoratum,
2825 2171 2909 2225 vel
2940 2171 3051 2240 ipse
3082 2169 3314 2224 Joannes
3341 2185 3524 2224 comes
3551 2178 3687 2222 retu-

446 2261 611 2326 lerat;
643 2263 836 2329 partim
863 2261 1004 2330 quod
1033 2264 1123 2330 qui
1153 2263 1466 2317 auctoritate
1498 2264 1745 2316 valebant
1786 2265 1837 2316 in
1867 2264 2087 2331 palatio,
2133 2279 2254 2316 cum
2292 2263 2594 2315 Nestorium
2635 2261 2930 2314 subducere
2959 2276 3064 2314 non
3093 2268 3312 2329 possent
3341 2261 3544 2313 merita:
3572 2275 3687 2312 sen-

445 2353 644 2416 tentim,
679 2352 862 2407 eadem
889 2361 1157 2407 tentarent
1186 2353 1386 2407 artibus
1415 2354 1601 2408 aulicis
1630 2353 1899 2407 involvere
1920 2352 2174 2423 Cyrillum
2204 2361 2258 2406 et
2287 2353 2640 2419 Memnonem,
2664 2355 2850 2421 suique
2873 2353 3026 2406 amici
3048 2353 3279 2406 dedecus
3302 2351 3684 2405 immeritorum

445 2451 819 2504 communione
847 2451 1116 2515 minuere;
1149 2450 1340 2519 partim
1361 2451 1589 2518 denique
1618 2451 1686 2503 ob
1715 2450 2020 2516 religiosum
2049 2448 2385 2516 imperatoris
2414 2448 2646 2501 animum
2665 2490 2678 2512 ,
2710 2464 2869 2515 quem
2900 2448 3144 2500 Dalmatii
3173 2447 3491 2500 sanctissimi
3521 2447 3689 2500 archi-

445 2539 722 2594 mandritae
769 2541 970 2596 monita
1017 2541 1249 2609 clerique
1296 2539 1869 2609 Constantinopolitaui
1913 2539 2220 2607 gravissima
2267 2540 2553 2592 obtestatio
2601 2546 2980 2593 commoverat.
3022 2537 3162 2592 Jussi
3204 2552 3331 2606 ergo
3369 2554 3435 2590 ex
3466 2545 3688 2605 utraque

445 2640 596 2700 parte
624 2633 784 2701 legati
815 2633 882 2685 ad
920 2634 1106 2686 urbem
1151 2633 1352 2701 regiam
1381 2633 1594 2696 venire;
1644 2647 1743 2684 nec
1781 2631 2026 2684 videntur
2048 2632 2258 2694 morati,
2284 2631 2566 2699 quominus
2603 2644 2660 2683 se
2700 2629 2888 2682 darent
2927 2629 2977 2681 in
3008 2628 3176 2693 viam,
3203 2629 3342 2682 circa
3380 2628 3688 2695 vigesimum

445 2722 586 2776 diem
615 2722 836 2790 Augusti
862 2741 872 2774 :
908 2739 1029 2776 nam
1049 2722 1346 2775 Orientales
1374 2722 1484 2775 suis
1505 2722 1570 2775 ad
1598 2721 1774 2775 socios
1804 2721 1994 2775 litteris
2025 2729 2286 2774 testantur
2326 2735 2382 2775 se
2407 2719 2745 2772 Chalcedone
2774 2719 2934 2772 fuisse
2975 2719 3058 2771 die
3086 2727 3276 2786 quarto
3307 2719 3653 2786 Septembris.

515 2815 689 2882 Elegit
735 2829 884 2868 sacra
925 2813 1158 2883 synodus
1194 2811 1495 2881 Philippum
1533 2811 1902 2881 presbyterum
1922 2853 1935 2876 ,
1969 2811 2282 2874 Arcadium,
2313 2809 2621 2863 iuvenalem
2641 2848 2654 2872 ,
2683 2809 3013 2873 Flavianum,
3044 2807 3297 2872 Firmum,
3332 2807 3682 2870 Theodotum,

447 2907 696 2962 Acacium
719 2946 734 2970 ,
777 2904 1058 2973 Evoptium
1083 2945 1097 2969 ,
1131 2904 1410 2972 episcopos
1433 2943 1447 2966 ,
1497 2903 1690 2970 quibus
1716 2903 2034 2970 profecturis
2062 2902 2207 2955 dedit
2236 2900 2302 2953 ad
2331 2902 2704 2968 imperatorem
2734 2899 2939 2952 litteras
2961 2937 2976 2963 ,
3009 2906 3201 2952 etcum
3226 2898 3416 2952 litteris
3437 2898 3685 2952 mandata

444 3003 676 3069 quatuor
701 3010 820 3064 qua:
860 3003 1153 3049 servarent.
1197 2993 1470 3055 Primum,
1520 3001 1579 3046 ut
1616 2990 1797 3062 Cyrilli
1837 3000 1892 3044 et
1938 2991 2232 3044 Memnonis
2279 2989 2550 3044 securitati
2591 2989 2966 3054 consulerent;
3016 2988 3305 3043 secundum
3330 3030 3344 3054 ,
3394 3004 3461 3043 ne
3498 2987 3684 3043 Joanni

445 3087 664 3156 ejusque
691 3089 850 3142 sociis
874 3087 1239 3156 jungerentur,
1282 3086 1480 3154 quippe
1507 3084 1597 3152 qui
1643 3089 1698 3136 et
1744 3082 2010 3136 noluerint
2056 3096 2177 3134 cum
2222 3079 2426 3151 synodo
2473 3079 2774 3132 Nestorium
2813 3077 3120 3147 deponere,
3170 3086 3220 3132 et
3247 3085 3432 3132 contra
3457 3093 3685 3133 canones

445 3175 699 3246 Cyrillum
722 3174 1164 3241 Memnonemque
1200 3173 1452 3226 damnare
1497 3171 1609 3225 ausi
1648 3171 1772 3233 sint,
1816 3178 1870 3224 et
1915 3186 2022 3223 non
2061 3169 2280 3222 minima
2321 3183 2389 3221 ex
2433 3173 2585 3236 parte
2624 3167 2938 3221 Nestorium
2977 3166 3225 3233 dogmata
3263 3166 3685 3236 leestianaque

444 3267 700 3322 hactenus
742 3266 1111 3329 defenderint,
1163 3272 1217 3318 et
1263 3264 1426 3315 totius
1466 3262 1609 3315 orbis
1654 3260 1916 3331 synodum
1944 3260 2090 3312 velut
2127 3259 2432 3312 lucreticam
2469 3257 2724 3310 infamare
2771 3272 2877 3310 non
2924 3254 3299 3310 dubitaverint.
3342 3257 3602 3319 Tertium,
3643 3258 3684 3311 si

444 3355 874 3409 communionem
923 3353 1207 3420 imperaret
1236 3350 1565 3405 Theodosius
1589 3391 1603 3414 ,
1645 3355 1896 3418 parerent
1938 3348 2150 3416 quidem
2175 3389 2188 3412 ,
2239 3347 2333 3402 sed
2360 3348 2442 3400 his
2481 3347 2869 3402 conditionibus
2891 3388 2905 3412 ,
2939 3355 2997 3399 ut
3037 3347 3333 3402 Orientales
3360 3348 3687 3404 damnationi

447 3445 675 3497 Nestorii
695 3443 1107 3506 subscriberent,
1141 3441 1319 3495 libello
1343 3441 1551 3493 veniam
1584 3446 1830 3509 peterent
1863 3445 2193 3507 patratorum
2221 3437 2274 3490 in
2300 3436 2553 3505 przesidcs
2573 3437 2788 3507 synodi,
2822 3437 3049 3491 Nestorii
3079 3437 3327 3505 dogmata
3357 3455 3477 3493 cum
3518 3448 3685 3493 secta-

446 3533 539 3586 riis
585 3533 916 3597 damnarent,
946 3531 1338 3585 collaborarent
1375 3530 1578 3601 synodo
1618 3531 1671 3584 in
1709 3527 2034 3582 reStituenda
2079 3526 2277 3597 Cyrillo
2326 3525 2698 3594 Memnonique
2725 3525 3000 3592 dignitate.
3041 3525 3329 3591 Quartum,
3361 3536 3421 3580 ut
3451 3544 3519 3581 ne
3541 3529 3684 3597 prius

445 3623 874 3676 communionem
903 3623 1243 3691 sponderent,
1275 3636 1434 3689 quam
1455 3620 1681 3674 restituti
1709 3619 1901 3673 fuerint
1922 3619 2189 3688 przesides,
2219 3619 2500 3686 omniaque
2529 3619 2741 3673 interim
2771 3620 2835 3673 ad
2855 3621 3116 3690 synodum
3139 3620 3418 3674 referrent.
3463 3622 3685 3676 Additur

447 3715 545 3768 sub
569 3712 743 3778 linem,
770 3713 869 3766 nisi
898 3713 1160 3767 mandatis
1189 3719 1430 3782 pareant,
1462 3711 1722 3782 synodum
1751 3726 1850 3765 nec
1869 3717 2042 3763 ratum
2072 3709 2371 3763 habituram
2399 3709 2541 3776 quod
2570 3709 2806 3776 egerint,
2839 3725 2938 3764 nec
2977 3726 3070 3765 eos
3090 3711 3426 3780 postmodum
3454 3712 3510 3766 in
3538 3727 3703 3767 suam.

443 3805 871 3860 communionem
898 3804 1264 3858 admissuram.

517 3890 800 3947 Orientalis
831 3893 987 3947 factio
1016 3892 1235 3946 totidem
1264 3891 1330 3945 de
1359 3892 1468 3946 suis
1495 3891 1775 3961 episcopos
1804 3889 2034 3959 legavit,
2083 3888 2340 3943 Joannem
2370 3888 2755 3943 Antiochenum
2781 3928 2794 3952 ,
2837 3886 3093 3942 Joannem
3136 3889 3358 3943 alterum
3399 3891 3680 3945 Damasce-

446 3997 570 4036 num
587 4022 600 4046 ,
619 3981 914 4036 llimcrinm
931 4023 944 4046 ,
976 3981 1223 4044 Paulum,
1247 3980 1560 4044 Macarium,
1587 3981 1896 4048 Apringium
1953 3986 2008 4032 et
2036 3977 2450 4041 Theodoretum,
2483 3977 2676 4044 quibus
2704 3977 2805 4030 etsi
2832 3975 3052 4030 liberam
3080 3977 3204 4031 fecit
3222 3994 3398 4031 rerum
3423 3980 3684 4046 gerenda-

443 4085 562 4124 rum
593 4078 910 4139 potestatem
937 4110 950 4133 ,
1001 4068 1052 4121 id
1083 4068 1554 4120 tamenmandavit
1582 4075 1639 4120 ut
1666 4065 1846 4137 Cyrilli
1875 4067 2071 4135 capita,
2107 4074 2373 4132 tamquam
2411 4065 2659 4118 hmretica
2684 4064 2962 4132 alienaque
2991 4066 3057 4118 ab
3081 4065 3313 4120 Ecclesia
3344 4069 3604 4122 catholica
3635 4077 3685 4121 et

446 4163 737 4230 apostolica
762 4201 776 4225 ,
826 4157 996 4211 modis
1025 4156 1268 4208 omnibus
1296 4155 1583 4221 rejicienda
1621 4164 1883 4208 curarent.
1927 4155 2218 4222 Adjunctus
2251 4153 2499 4206 mandato
2542 4153 2749 4206 libellus
2788 4167 3005 4221 precum
3047 4154 3114 4207 ad
3143 4155 3519 4223 imperatorem
3539 4198 3552 4219 ,
3581 4172 3683 4223 quo

446 4265 542 4319 per
567 4249 820 4318 Quidquid
841 4261 1048 4300 sacrmn
1072 4253 1152 4299 est
1179 4245 1588 4300 obsecrarentur
1617 4261 1683 4300 ne
1711 4248 1792 4300 cui
1814 4248 2000 4302 liceret
2028 4248 2242 4316 impune
2276 4247 2432 4299 aliam
2464 4245 2584 4298 ﬁdei
2614 4244 2893 4298 formulam
2913 4288 2926 4311 ,
2968 4255 3161 4314 praeter
3193 4247 3492 4316 symbolum
3523 4248 3684 4302 Nice-

446 4359 590 4405 num,
615 4342 978 4406 subscribere;
1003 4347 1057 4395 et
1084 4347 1141 4394 ut
1161 4339 1225 4394 de
1253 4339 1632 4409 quaestionibus
1661 4341 1882 4409 quisque
1911 4341 2107 4410 scripto
2133 4339 2269 4408 apud
2294 4339 2670 4407 imperatorem
2693 4337 2985 4406 deponeret
3011 4339 3345 4403 sententiam,
3371 4355 3474 4407 qua
3504 4347 3684 4409 posset

443 4432 590 4499 argui
609 4432 649 4484 si
672 4429 798 4497 quid
820 4436 1003 4499 postea
1030 4431 1082 4485 in
1103 4432 1427 4485 contrarium
1449 4441 1726 4496 assereret,
1750 4439 1809 4484 ut
1835 4441 1972 4485 esset
1997 4448 2097 4485 una
2119 4431 2354 4485 omnium
2378 4429 2677 4492 consensio,
2698 4444 2796 4482 nec
2822 4428 2938 4481 dum
2958 4428 3392 4496 permitterentur
3413 4430 3594 4483 liberte
3619 4429 3683 4481 de

277 4527 280 4530 ’
365 4551 368 4554 ι
442 4521 822 4590 qnuzstionibus
849 4521 1145 4589 opiniones,
1177 4521 1270 4574 sed
1293 4537 1379 4576 res
1406 4531 1513 4575 tota
1535 4522 1851 4590 disputando
1880 4521 2205 4575 deﬁniretur.
2247 4519 2302 4571 ld
2329 4534 2457 4572 vero
2488 4519 2567 4570 sin
2588 4517 2764 4570 minus
2792 4516 2844 4568 in
2873 4516 3152 4584 przesentia
3191 4516 3327 4569 ellici
3355 4526 3569 4584 posset,
3608 4516 3713 4568 fas-

444 4610 545 4664 sibi
575 4618 716 4663 esset
760 4609 828 4662 ad
865 4607 1133 4663 Ecclesias
1176 4624 1298 4662 suas
1327 4610 1522 4663 redire.
1578 4609 1885 4664 Juvenalcm
1915 4626 2075 4679 porro
2107 4608 2642 4677 llierosolymitanum
2680 4606 3069 4668 insimularunt,
3101 4605 3251 4672 quasi
3285 4605 3438 4658 malis
3478 4608 3682 4660 artibus

440 4713 723 4758 conaretur
758 4703 1083 4758 thniciam
1113 4704 1398 4758 secundam
1431 4711 1484 4756 et
1519 4704 1764 4758 Arabiam
1788 4705 1838 4757 in
1873 4711 2052 4772 partes
2079 4701 2500 4773 Cyrilliyocare.
2543 4699 2805 4753 Dolebant
2841 4697 2984 4751 enim
3013 4712 3175 4750 unum
3217 4697 3358 4750 hunc
3384 4712 3415 4750 e
3453 4699 3682 4766 patriar-

437 4795 552 4849 chis
581 4795 891 4849 nominatim
918 4809 1025 4848 non
1057 4793 1214 4847 fuisse
1242 4802 1564 4846 accusatum.

509 4883 734 4938 Exstant
778 4884 970 4938 littera:
1016 4883 1101 4937 die
1130 4883 1197 4936 l5
1236 4873 1457 4952 Augusti
1505 4885 1715 4954 scriptae
1761 4885 1825 4939 ad
1855 4900 2059 4940 sacram
2103 4886 2362 4957 synodum
2404 4886 2470 4939 ab
2513 4886 2778 4953 episeOpis
2824 4891 3068 4952 septem,
3100 4881 3327 4947 Eulalio,
3369 4879 3676 4943 Eutrechio,

443 4979 661 5043 Acacio,
687 4977 1045 5050 Chrysaphio,
1077 4975 1325 5039 Jercmia,
1359 4976 1654 5043 Theodulo,
1687 4977 1841 5040 lsaia,
1874 4980 1963 5046 qui
1993 4978 2455 5045 Constantinopoli
2484 4976 2850 5029 versabantur.
2875 4973 3037 5028 Suum
3066 4974 3138 5026 illi
3158 4974 3388 5027 studium
3410 4972 3460 5025 in
3484 4972 3679 5026 tuenda

440 5068 540 5120 lide
590 5069 789 5137 scripto
837 5069 1170 5121 testabantur
1209 5064 1471 5128 Patribus,
1523 5075 1582 5120 ut
1625 5069 1716 5135 qui
1757 5075 1811 5122 et
1858 5068 1909 5120 in
1952 5068 2084 5122 urbe
2122 5083 2234 5120 rem
2265 5075 2480 5119 strenue
2508 5071 2780 5131 gererent,
2813 5071 2868 5116 et
2895 5061 3172 5132 Ephesinis
3202 5061 3444 5114 Patr-ibus
3471 5062 3679 5113 animos

437 5159 691 5213 adderent
720 5159 786 5213 ad
815 5159 1024 5213 fortiter
1052 5159 1428 5214 absolvendam
1467 5161 1762 5224 victoriam,
1795 5167 1849 5212 et
1887 5159 2059 5228 parati
2092 5166 2269 5213 essent
2311 5159 2376 5212 ad
2405 5157 2688 5226 petendam
2722 5155 3017 5225 Ephesum,
3059 5153 3478 5219 auxiliaremque
3520 5166 3674 5221 opem

437 5249 728 5312 ferendam,
760 5250 803 5304 si
835 5251 1069 5320 placeret
1096 5251 1331 5323 synodo,
1365 5252 1504 5306 unde
1534 5253 1782 5305 mandata
1814 5253 1913 5306 sibi
1944 5251 2007 5303 ad
2037 5251 2306 5317 negotium
2335 5263 2614 5303 commune
2642 5246 2934 5314 gerendum
2962 5245 3098 5298 mitti
3128 5251 3391 5313 peterent.

508 5341 799 5409 Rescripsit
826 5356 1039 5410 quoque
1077 5345 1128 5397 in
1170 5344 1412 5398 eamdem
1453 5343 1770 5397 sententiam
1805 5341 2096 5395 Dalmatius
2133 5348 2328 5393 sancta:
2373 5338 2595 5408 synodo.
2642 5337 2881 5406 Epistola
2911 5351 3070 5399 vero,
3117 5334 3239 5401 quia
3270 5332 3505 5386 nondum
3535 5333 3675 5388 edita

436 5438 535 5495 est,
569 5430 833 5486 afferenda
863 5432 1070 5488 videtur
1099 5435 1320 5503 integra,
1352 5444 1462 5487 tum
1485 5433 1669 5488 Graece
1698 5443 1756 5486 ut
1783 5441 1863 5486 est
1891 5433 1942 5485 in
1973 5430 2160 5484 codice
2189 5431 2464 5493 Vaticano,
2499 5439 2608 5483 tum
2639 5427 2842 5483 Latine.
2887 5427 2976 5481 Sic
3003 5441 3131 5493 ergo
3160 5441 3217 5480 se
3245 5425 3426 5478 habet.

438 5564 697 5622 Ἐπιστολὴ
726 5565 1013 5634 πεμφθεῖσα
1045 5567 1170 5640 πρὸς
1199 5571 1286 5624 τήν
1316 5565 1460 5636 ἁγίαν
1493 5566 1539 5618 ἐν
1569 5572 1628 5637 τῇ
1656 5564 1890 5634 Ἐφεσίων
1927 5563 2062 5618 πόλει
2095 5561 2295 5616 σύνοδον
2327 5563 2466 5634 παρὰ
2494 5560 2774 5630 Δαλματίαν
2805 5565 2892 5614 τοῦ
2934 5557 3216 5629 ὰγιωτὰτου
3247 5553 3668 5631 ἀρχιμανδρίτον.

508 5705 602 5758 Τὴν
631 5699 891 5754 ἐπιστολήν
922 5706 1007 5757 τήν
1047 5702 1357 5770 πεμφθεῖσὰν
1393 5723 1476 5768 μοι
1519 5703 1657 5769 nrt/poi.
1706 5709 1791 5757 τῆς
1840 5698 1982 5766 ἁγίας
2036 5695 2253 5750 συνίδοι)
2297 5693 2551 5764 ἐδεξάμην,
2587 5693 2664 5747 καὶ
2704 5697 2847 5765 γνοὺς
2898 5695 2959 5748 τὰ
3003 5692 3047 5744 ἐν
3094 5692 3222 5762 αὐτῇ
3265 5688 3664 5762 ἐμφιρόμενα,ὲν
