3980 6182
300 340 398 394 733
826 340 1193 400 PREFATIO
1236 346 1299 400 IN
1338 346 1708 404 SECUNDAM
1751 350 1872 405 PAF

1963 352 2028 406 ΞΜ
2067 354 2347 410 OPERUM
2389 354 2582 410 MAR"
2619 355 3081 416 MERCATORIS.
3439 373 3535 426 73|

293 462 512 522 πρώτοις
539 451 626 519 μὲν
653 451 895 510 ἐλυπήθην
933 453 1124 532 σφόδρα
1163 455 1244 510 διὰ
1270 460 1362 517 τάς
1405 461 1782 530 συμϐεϐηκυίας
1823 463 1937 532 ὑμῖν
1977 468 2305 539 περιστάσεις
2333 488 2385 521 τε
2424 471 2506 521 καί
2547 469 2757 539 θλίψεις.
2786 470 3087 547 Ἐγὲγραπτο
3113 475 3210 544 γάρ
3253 474 3302 528 ἐν
3336 484 3396 534 τῆ
3430 480 3531 532 ἐπι·

287 544 464 615 στολῇ.
499 541 574 598 ὅτι
604 545 730 602 τινὲς
757 550 854 598 τῶν
881 545 1033 615 ἁγίων
1067 548 1298 617 πατέρων
1332 550 1505 603 αὐτόθι
1543 549 1823 624 διάγοντες,
1859 555 1910 606 ἐκ
1949 564 2037 615 τῆς
2083 560 2431 634 στενοχωρίας
2466 560 2816 616 ἐτελεύτησαν.
2846 567 3030 618 Λοιπὸν
3059 562 3112 618 δέ
3146 569 3432 636 γινώσκετε.
3465 569 3532 628 ὄτι

287 633 502 700 ἑτοίμως
539 632 652 700 ἔχω
681 639 852 688 πᾶσαν
879 636 1099 689 κέλευσιν
1131 638 1270 706 ὑμῶν
1296 639 1582 712 πληρῶσαι,
1609 645 1690 694 καί
1725 643 1770 694 ἐν
1796 642 1955 697 οὐδενί
1985 645 2222 718 παρεῖδον
2243 646 2271 704 ἦ
2301 649 2630 720 παραϐλέπω,
2657 649 2685 708 ἦ
2716 653 2964 720 ἠμέλησα,
2994 656 3074 706 καί
3101 655 3323 722 μάλιστα
3355 655 3429 711 ὅτι
3459 665 3530 716 και

285 726 419 795 ὺπέρ
447 732 536 782 τῆς
564 724 820 799 ὀρθοδόξου
851 729 1069 786 πίστεώς
1099 730 1210 784 ἐστι
1246 733 1302 784 τὸ
1339 739 1554 804 πρᾶγμα
1583 738 1662 787 καὶ
1699 734 1914 809 ἁρμόζον
1953 739 2081 812 πρὸς
2108 739 2190 791 τὸν
2219 739 2362 792 Θεόν’
2399 739 2562 801 οὐδεὶς
2601 744 2695 816 γὰρ
2729 743 2939 798 δύναται
2976 747 3257 803 ἀποστῆναι
3283 748 3381 800 ἀπὸ
3415 753 3528 808 Θεοί

287 819 494 874 ζῶντος.
528 819 615 869 καί
653 814 776 870 ἄλλα
804 821 915 871 τινὰ
943 819 1284 888 βουλεύεσθαι.
1321 825 1378 876 Oi
1405 827 1504 901 γάρ
1545 825 1926 901 ὸρθοτομοῦντες
1963 829 2046 882 τὸν
2083 828 2226 899 λόγον
2255 838 2345 888 τῆς
2374 832 2602 893 ἀληθείας
2641 839 2732 887 τοῦ
2767 842 2893 888 Θεοῦ
2938 840 3066 899 ζωήν
3099 835 3314 905 ἔχουσιν
3335 879 3347 899 ,
3382 841 3458 891 καί
3486 841 3526 889 ἐι

288 917 367 959 τῶ
401 915 540 961 αιῶνι
568 911 754 978 τούτῳ,
791 913 869 963 καί
896 913 942 963 ἐν
970 919 1042 981 τῷ
1069 913 1308 982 μέλλοντι·
1345 917 1387 968 oi
1417 915 1468 969 δέ
1497 919 1822 988 ἀφιστάμενοι
1843 922 1941 975 ἀπὸ
1969 931 2058 980 τῆς
2096 928 2186 975 τοῦ
2216 930 2339 976 Θεοῦ
2371 927 2584 998 χάριτος
2619 929 2943 1004 κατηραμένοι
2976 933 3116 992 εἰσίν,
3145 933 3428 1006 ἐρριμμένοι
3459 935 3525 990 εἰς

291 1002 348 1053 τὸ
378 1001 557 1059 σκότος
582 1002 639 1053 τὸ
665 1002 926 1077 ἐξώτερον,
953 1004 1020 1062 ὡς
1050 1009 1136 1056 καὶ
1161 1006 1457 1074 Νεστόριος,
1494 1011 1574 1061 καί
1603 1009 1648 1061 οἱ
1678 1009 1946 1084 ὁμόφρονες
1985 1013 2140 1066 αὐτοῦ
2181 1013 2289 1082 μετ’
2307 1015 2484 1068 αὐτοῦ.
2515 1028 2568 1070 '0
2601 1019 2700 1092 γάρ
2744 1021 2868 1078 Θεὸς
2907 1024 2989 1073 καὶ
3022 1027 3190 1097 πατὴρ
3223 1029 3311 1074 τοῦ
3352 1029 3540 1096 Κυρίου

289 1092 428 1146 ἡμῶν
455 1091 618 1148 Ἰησοῦ
642 1099 868 1164 Χριστοῦ
898 1093 1176 1165 ἐφαίδρυνε,
1199 1098 1282 1148 καί
1309 1096 1597 1168 ᾠκοδόμησε
1627 1105 1716 1157 τήν
1741 1099 1883 1170 ἁγίαν
1913 1100 2119 1155 σύνοδον
2145 1107 2338 1166 πᾶσαν,
2368 1109 2446 1158 καί
2477 1109 2596 1167 τούς
2625 1108 2808 1169 κόπους
2837 1111 2996 1178 ἡμῶν,
3029 1115 3111 1163 καί
3139 1109 3356 1181 ἱδρῶτας
3382 1134 3550 1184 προσσ

291 1179 508 1244 εδεξατο.
543 1189 955 1262 Εὐχαριστοῦμεν
1000 1183 1085 1240 οὐν
1123 1197 1195 1261 τῷ
1230 1198 1338 1261 Θεῷ
1382 1198 1451 1258 τῷ
1491 1191 1654 1252 οὕτως
1702 1193 2025 1260 εὐοδὼσαντι,
2056 1199 2140 1249 καί
2177 1203 2267 1255 τήν
2309 1199 2440 1254 νίκην
2483 1199 2598 1268 ὑμῖν
2627 1202 2960 1273 παρασχόντι
3006 1203 3136 1275 ὐπέρ
3172 1218 3263 1262 τῆς
3298 1206 3541 1263 πίστεως,

287 1270 518 1342 Εῦχεσθε
547 1276 676 1350 ὐπέρ
705 1279 848 1349 ἐμοῦ,
872 1278 1145 1349 παρακαλῶ
1173 1285 1262 1337 την
1289 1281 1537 1355 ὑμετέραν
1567 1283 1866 1354 ἀγιωσύνην.

638 1391 870 1460 Epistola
891 1394 1048 1446 missa
1078 1394 1148 1445 ad
1174 1404 1403 1448 sanctam
1434 1397 1684 1466 synodum
1718 1397 2027 1468 Ephesinam
2056 1418 2086 1453 a
2118 1400 2381 1455 Dalmatia
2411 1403 2732 1456 sanctissimo
2762 1403 3186 1456 archimandrita.

364 1501 562 1571 Accepi
590 1503 871 1573 epistolam
900 1523 929 1560 a
958 1518 1141 1564 sancta
1169 1511 1374 1582 synodo
1403 1511 1470 1565 ad
1500 1528 1584 1567 me
1609 1516 1844 1579 missam,
1878 1526 1932 1570 et
1960 1519 2141 1585 legens
2168 1533 2288 1585 qua:
2316 1520 2636 1583 contineret,
2665 1521 2720 1592 in
2743 1521 2928 1590 primis
2950 1521 3149 1575 indolui
3172 1521 3531 1585 vehementer,

291 1600 517 1662 propter
563 1607 626 1646 ea
675 1609 796 1662 qua:
841 1599 995 1655 vobis
1041 1600 1349 1654 acciderunt
1390 1603 1559 1667 mala;
1609 1605 1866 1674 scriptum
1913 1608 2056 1660 enim
2098 1616 2212 1660 erat
2239 1608 2291 1661 in
2321 1609 2545 1677 epistola
2571 1651 2585 1674 ,
2619 1611 2824 1678 aliquos
2853 1626 2918 1664 ex
2947 1611 3145 1665 sanctis
3172 1609 3416 1664 Patribus
3441 1613 3512 1664 illi

291 1690 515 1751 agentes
536 1722 551 1748 ,
602 1693 822 1754 propter
849 1685 1118 1755 an’gustias
1158 1691 1397 1746 locorum
1422 1733 1436 1756 ,
1489 1694 1781 1748 exstinctos
1820 1710 1958 1750 esse.
2017 1696 2280 1752 Caeterum
2318 1700 2507 1753 scitote
2537 1716 2621 1755 me
2650 1709 2896 1770 prompte
2915 1700 3061 1768 jussa
3085 1701 3335 1768 quazlibet
3361 1707 3534 1753 vestra

293 1775 667 1840 impleturum,
708 1791 806 1831 nec
847 1779 1133 1847 quidquam
1171 1782 1428 1836 hactenus
1469 1785 1798 1851 praeterisse;
1840 1799 2013 1852 neque
2042 1787 2184 1839 enim
2225 1789 2554 1856 negligenter
2578 1790 2774 1856 aliquid
2808 1789 3085 1858 provideo,
3118 1804 3217 1842 nec
3247 1787 3538 1842 incuriosus

289 1883 442 1932 sum,
474 1883 595 1923 cum
626 1871 918 1938 praesertim
961 1887 1046 1925 res
1084 1871 1205 1927 ﬁdei
1247 1875 1560 1929 orthodoxa:
1602 1877 1800 1945 Deique
1825 1885 2042 1946 agatur;
2084 1894 2239 1932 nemo
2268 1881 2410 1933 enim
2438 1889 2616 1948 potest
2642 1882 2869 1936 deﬁcere
2896 1897 2925 1934 a
2955 1881 3066 1933 Deo
3094 1881 3324 1941 vivente,
3357 1887 3411 1932 et
3437 1879 3536 1930 alia

287 1957 533 2027 quaedam
562 1961 782 2016 consilia
811 1977 1020 2031 capere.
1063 1963 1162 2029 Qui
1191 1965 1331 2019 enim
1371 1974 1520 2020 recte
1569 1976 1797 2021 tractant
1831 1970 2052 2024 verbum
2091 1971 2328 2023 veritatis
2357 1971 2422 2041 (ll
2454 1971 2581 2025 Tim.
2617 1989 2672 2037 ιι,
2707 1970 2816 2043 15),
2847 1971 2943 2024 Dei
2970 1971 3132 2024 vitam
3164 1969 3380 2032 habent,
3407 1976 3459 2020 et
3489 1968 3542 2020 in

289 2062 396 2105 nec
423 2051 646 2116 sa‘culo,
692 2061 746 2106 et
773 2053 825 2106 in
849 2053 1026 2109 tuturo
1057 2073 1068 2107 :
1102 2057 1191 2124 qui
1219 2073 1350 2112 vero
1375 2058 1629 2113 deﬁciunt
1656 2076 1686 2113 a
1716 2061 1808 2115 Dei
1829 2063 2018 2130 gratia,
2057 2062 2340 2130 ejiciuntur
2369 2066 2422 2118 in
2452 2067 2698 2120 tenebras
2726 2067 3019 2120 exteriores
3050 2063 3260 2134 (Matth.
3289 2077 3400 2122 vm,
3432 2060 3541 2127 12),

286 2140 744 2208 quemadmodum
783 2141 1061 2199 Nestorius
1107 2154 1162 2199 et
1202 2147 1292 2214 qui
1330 2147 1516 2202 eadem
1546 2165 1665 2204 cum
1704 2151 1819 2220 ipso
1846 2154 2080 2206 sentiunt
2105 2171 2117 2205 :
2151 2153 2290 2208 Deus
2317 2156 2456 2208 enim
2487 2164 2540 2208 et
2575 2156 2732 2210 Pater
2760 2156 2970 2209 Domini
3000 2155 3168 2208 nostri
3196 2151 3320 2206 Jesu
3348 2151 3543 2205 Christi

290 2229 616 2299 complacuit
641 2233 740 2286 sibi
770 2233 820 2286 in
846 2242 1030 2288 sancta
1076 2237 1300 2305 synodo,
1352 2254 1578 2308 eamque
1623 2248 1791 2294 totam
1820 2251 1879 2296 ut
1919 2243 2198 2300 azdiﬁcium
2228 2260 2381 2300 suum
2419 2255 2600 2309 curat,
2632 2255 2944 2314 vestrosque
2981 2247 3190 2301 labores
3221 2252 3275 2298 et
3320 2242 3544 2296 sudores

293 2327 479 2383 gratos
501 2319 682 2374 habet.
723 2320 930 2374 Gratias
957 2335 1084 2389 ergo
1115 2325 1318 2390 agimus
1349 2326 1479 2392 Deo,
1511 2329 1601 2395 qui
1623 2343 1718 2383 vos
1748 2338 1892 2384 recta
1921 2332 2003 2385 via
2029 2332 2208 2393 duxit,
2242 2343 2295 2388 et
2317 2336 2593 2388 victoriam
2621 2335 2686 2388 de
2715 2334 2815 2388 ﬁde
2845 2334 2996 2388 vobis
3027 2334 3224 2386 tribuit.
3259 2329 3420 2384 Orate
3443 2346 3540 2399 pro

291 2422 398 2464 me.
431 2424 623 2476 precor
649 2411 984 2465 sanctitatem
1017 2423 1265 2467 vestram.

361 2497 420 2552 In
449 2499 638 2553 eodem
667 2499 852 2555 codice
878 2500 1135 2556 Vaticano
1164 2505 1430 2572 reperitur
1453 2508 1640 2577 synodi
1675 2523 1988 2576 responsum
2023 2511 2090 2564 ad
2120 2513 2439 2566 Dalmatium
2467 2532 2478 2564 :
2512 2513 2674 2567 breve
2703 2512 2827 2567 illud
2857 2512 3092 2580 quidem,
3123 2511 3166 2564 si
3189 2525 3284 2579 per
3310 2509 3542 2578 seipsum

289 2596 584 2657 spectetur,
618 2590 710 2644 sed
739 2591 821 2644 cui
849 2591 1107 2645 insertum
1136 2593 1205 2648 sit
1232 2595 1499 2661 quoddam
1522 2597 1666 2650 velut
1706 2613 1984 2667 parergum
2005 2640 2020 2663 ,
2051 2601 2118 2656 de
2157 2619 2362 2657 summa
2397 2604 2843 2657 monasteriorum
2873 2603 3017 2657 urbis
3047 2603 3205 2670 regia:
3228 2600 3544 2671 prtefectura

289 2679 558 2736 Dalmatio
585 2681 799 2749 collata,
831 2682 974 2750 quod
1000 2684 1358 2751 spernendum
1389 2687 1568 2754 putavi
1600 2698 1820 2757 propter
1849 2693 2228 2766 ἀνιστορησίαν.
2272 2692 2362 2746 Sic
2389 2706 2517 2760 ergo
2547 2692 2780 2761 synodus
2808 2692 3114 2760 respondet.

879 2800 1192 2878 ’Δντίγραφον
1222 2806 1440 2875 πεμφθὲν
1473 2808 1614 2879 παρά
1651 2814 1742 2865 τῆς
1773 2806 1922 2878 ἁγίας
1951 2808 2166 2863 συνόδου
2195 2811 2324 2881 πρὸς
2350 2809 2432 2862 τὸν
2463 2810 2636 2882 κύριον
2662 2809 2954 2878 Δαλμάτιον.

360 2906 418 2962 Ἠ
446 2908 568 2981 ἁγία
591 2914 677 2964 καί
696 2915 1008 2982 οἰκουμενική
1041 2911 1269 2976 σύνοδος,
1309 2915 1339 2970 ἡ
1374 2916 1695 2983 συναχθεῖσα
1730 2915 1779 2967 ἐν
1806 2924 1867 2989 τῇ
1893 2917 2133 2987 Ἐφεσίων
2159 2915 2483 2993 μητροπόλει,
2514 2917 2642 2968 κατά
2671 2916 2889 2970 κίλευσιν
2923 2913 3188 2970 Θεοδοσίου
3220 2917 3306 2967 καί
3331 2915 3544 2968 Οὐαλεν-

290 3008 530 3062 τινιανοῦ,
558 3010 655 3055 τῶν
692 3005 1066 3059 εὐσεϐεστάτων
1111 3008 1192 3058 καί
1235 3006 1577 3077 φιλοχρίστων
1613 3006 1878 3074 βασιλέων,
1908 3005 2144 3074 δεξαμένη
2185 3012 2272 3064 τὴν
2311 3006 2576 3063 ἐπιστολήν
2611 3010 2700 3063 τήν
2747 3008 3052 3078 πεμειθεῖσαν
3090 3007 3222 3072 παρὰ
3265 3006 3545 3074 Δαλματίου

289 3097 387 3148 τοῦ
413 3090 691 3162 ἀγιωτάτου
724 3093 1130 3168 ἀρχιμανδρίτου
1166 3097 1246 3148 καὶ
1290 3096 1484 3166 πατρὸς
1519 3101 1616 3146 τῶν
1665 3102 1927 3164 μοναχῶν,
1953 3097 2039 3146 καὶ
2074 3099 2297 3167 εὑροῦσα
2333 3096 2477 3147 αὐτὸν
2500 3092 2793 3152 σπουδαίως
2816 3094 3091 3155 κινηθέντα,
3125 3096 3209 3145 καὶ
3246 3092 3328 3145 διά
3357 3112 3547 3146 τεσσα-

289 3195 513 3242 ράκοντα
544 3187 629 3237 καί
655 3184 782 3237 ὁκτώ
812 3186 930 3238 ἐτῶν
956 3186 1211 3248 ἐξελθόντα
1233 3185 1383 3238 αὐτὸν
1411 3185 1462 3236 ἐκ
1492 3191 1582 3238 τοῦ
1614 3184 1800 3237 κελλίου
1831 3186 2007 3246 αὐτοῦ,
2037 3187 2116 3238 καί
2145 3185 2415 3238 ἀπελθόντα
2441 3184 2568 3258 πρὸς
2599 3184 2683 3238 τόν
2713 3184 3072 3237 εὐσεϐέστατον
3099 3187 3182 3236 καὶ
3211 3184 3542 3257 φιλόχριστον

291 3273 528 3335 Ξασιλέα,
554 3277 638 3326 καί
664 3272 933 3337 διδάξαντα
962 3277 1109 3329 αὐτὸν
1144 3277 1337 3339 πάντα,
1363 3277 1422 3329 τὰ
1462 3275 1968 3349 παρακολουθήσαντα
1989 3279 2072 3330 καί
2108 3277 2406 3346 γεγενημένα
2436 3277 2576 3350 παρά
2607 3284 2695 3335 τῆς
2726 3274 2870 3346 ἁγίας
2922 3274 3141 3329 συνόδου
3175 3279 3292 3350 περί
3312 3285 3402 3334 τῆς
3428 3279 3544 3330 7.0.9-

287 3366 538 3427 αιρὲσεως
564 3371 650 3420 τοῦ
673 3368 870 3420 ἀνοσίου
905 3368 1196 3437 Νεστορίου.

369 3457 825 3530 Ηύχαριστησαμεν
865 3464 1070 3530 Χριστῷ
1111 3465 1184 3528 τῷ
1218 3457 1429 3529 ἀληθινῷ
1467 3466 1575 3529 Θεῷ
1614 3459 1771 3526 ἡμῶν,
1803 3465 1874 3529 τῷ
1919 3458 2080 3518 οὕτως
2123 3463 2380 3516 κινήσαντι
2430 3463 2577 3529 ὑμᾶς,
2605 3458 2949 3513 ἀντιλαϐέσθαι
2984 3465 3073 3512 τοῦ
3119 3459 3262 3532 ὸρθοῦ
3296 3457 3546 3530 δόγματος

290 3556 386 3603 τῆς
433 3548 657 3605 πίστεως
693 3550 850 3618 ἡμῶν,
898 3551 977 3601 καὶ
1029 3550 1149 3606 τοὺς
1191 3549 1328 3616 ἡμῶν
1371 3547 1554 3606 κόπους
1591 3551 1671 3600 καὶ
1708 3546 1929 3622 ἱδρῶτας
1971 3549 2198 3620 ἐμφανεῖς
2238 3552 2656 3612 καταστήσαντα,
2699 3552 2754 3601 οὐ
2801 3548 2946 3618 μόνον
3000 3557 3111 3608 τοῖς
3161 3549 3544 3608 εὐσεϐεστάτοις

289 3642 614 3710 βασιλεῦσιν,
673 3643 792 3695 ἀλλά
827 3646 914 3696 καί
961 3651 1067 3702 τοῖς
1120 3642 1419 3712 ἁγιωτάτοις
1467 3640 1933 3716 ἀρχιμανδρίταις,
1982 3645 2065 3694 καὶ
2120 3645 2274 3696 παντὶ
2323 3649 2394 3710 τῷ
2443 3641 2760 3715 φιλοχρίστῳ
2820 3641 2981 3714 κλήρῳ
3029 3643 3109 3693 καί
3171 3648 3243 3712 τῷ
3285 3641 3408 3708 λαῷ.
3461 3641 3546 3700 Τίς

286 3734 388 3802 γάρ
424 3727 568 3790 ἄλλος
605 3731 878 3807 ἀνθρώπων
915 3731 1225 3785 συνεϐάλετο
1265 3733 1412 3799 ἡμῖν,
1456 3731 1498 3782 εί
1547 3735 1614 3799 μή
1649 3730 1791 3799 μόνον
1822 3732 1852 3786 ἡ
1896 3729 2114 3804 ὐμετέρα
2155 3729 2388 3802 ἁγιότηςς
2417 3728 2501 3783 διά
2529 3733 2629 3803 γάρ
2665 3728 2811 3783 ἄλλου
2843 3732 2926 3782 οὐκ
2959 3731 3233 3802 ἐφανερώθη
3271 3732 3299 3786 ἡ
3326 3730 3542 3790 ἀλήθεια,

294 3825 343 3875 εί
365 3828 431 3882 μή
459 3823 582 3898 παρ’
596 3824 754 3884 ὑμῶν’
789 3825 1020 3878 τουτέστι
1057 3831 1148 3878 τοῦ
1195 3831 1352 3897 κυροῦ
1389 3823 1690 3893 Δαλματίου·
1734 3824 1916 3877 τούτου
1959 3825 2112 3896 χάριν
2143 3824 2325 3882 πάντες
2363 3824 2509 3890 ἡμεῖς
2547 3823 2638 3879 τὰς
2676 3828 2858 3893 χεῖρας
2893 3821 3164 3889 ἐκτείνομεν
3198 3821 3324 3892 πρὸς
3354 3822 3437 3872 τὸν
3467 3842 3545 3889 φιη

291 3917 579 3992 λάνθρωπον
608 3918 692 3968 καί
717 3915 900 3984 ἀγαθὸν
929 3915 1070 3978 Θεὸν,
1094 3916 1224 3988 ὐπέρ
1259 3914 1469 3978 εὐζωῖἀς
1509 3917 1588 3967 καί
1617 3915 1871 3985 σωτηρίας
1899 3921 1998 3969 τῶν
2026 3913 2406 3968 εὐσεϐεστάτων
2437 3915 2576 3983 ἡμῶν
2601 3912 2865 3982 βασιλέων,
2899 3915 2981 3964 καί
3008 3919 3097 3969 τῆς
3122 3911 3366 3984 ὐμετέρας
3396 3910 3549 3980 ἁγιω-

289 4010 472 4065 σύνης.
512 4007 896 4081 Παρακαλοῦμεν
923 4002 1010 4060 οὖν
1040 4007 1177 4079 ὐμᾶς
1213 4009 1298 4060 ἐπὶ
1323 4007 1488 4059 πλεῖον
1519 4007 1842 4081 προτίθεσθαι
1879 4008 2024 4076 ἡμῖν,
2051 4009 2133 4060 καί
2170 4007 2485 4080 ἀναπληροῦν
2528 4007 2612 4059 τὸν
2641 4005 2790 4060 τόπον
2819 4007 2974 4075 ἡμῶν,
3008 4005 3054 4056 ἐν
3086 4011 3194 4063 τοῖς
3223 4003 3389 4055 αὐτόθι
3426 4005 3548 4056 ἀναν

293 4099 550 4151 ιιύπτουσι
595 4099 712 4171 περί
757 4103 848 4154 τῆς
894 4099 1134 4156 πίστεως.
1189 4107 1272 4157 Ὠς
1314 4099 1416 4167 γὰρ
1465 4094 1707 4166 ἔγνωμεν,
1734 4095 1808 4150 ὅτι
1851 4101 1937 4149 καί
1980 4099 2078 4170 πρό
2123 4103 2215 4150 τοῦ
2253 4095 2562 4166 ἐπιδημῆσαι
2608 4096 2871 4168 Νεστόριον
2921 4095 2966 4146 ἐν
3013 4094 3545 4156 Κωνσταντινουπὸλει,

295 4184 615 4255 ἀπεκάλυψέν
645 4206 722 4240 σοι
750 4186 813 4238 τά
841 4187 888 4237 ἐν
916 4193 976 4257 τῇ
1018 4183 1198 4260 καρδία
1229 4187 1382 4238 αὐτοῦ
1415 4184 1440 4238 ό
1467 4187 1613 4246 Θεὸς,
1643 4189 1729 4238 καὶ
1757 4183 1835 4238 ὅτι
1860 4190 1990 4240 πᾶσι
2029 4192 2141 4245 τοῖς
2188 4186 2484 4255 ἐρχομένοις
2525 4187 2573 4238 ἐν
2604 4194 2674 4255 τῷ
2703 4187 2872 4255 κελλίῳ
2907 4206 2999 4238 σου
3032 4183 3227 4252 ἔλεγες”
3255 4186 3548 4256 Προσέχετε

298 4277 533 4341 ἑαυτοὺς,
565 4272 764 4345 ἀδελφοί
785 4315 798 4337 ,
830 4271 906 4326 ὅτι
929 4273 1075 4326 κακὸν
1103 4274 1268 4345 θηρίον
1296 4271 1608 4344 ἐπεδήμησεν
1635 4282 1696 4343 τῇ
1723 4273 1864 4326 πόλει
1886 4276 2068 4346 ταύτῃ,
2102 4278 2186 4328 καί
2210 4275 2423 4333 πολλοὺς
2451 4273 2566 4343 ἔχει
2595 4274 2791 4344 βλάψαι
2816 4282 2876 4347 τῇ
2906 4271 3198 4347 διδασκαλίᾳ
3228 4276 3404 4327 αὐτοῦ.

368 4368 420 4423 Ἠ
446 4370 565 4439 ἁγία
592 4374 673 4423 καί
699 4369 964 4440 ὁμοούσιος
987 4370 1130 4440 τριάς
1157 4369 1369 4439 φυλάξαι
1395 4389 1452 4422 σε
1481 4368 1759 4440 ὲρῥωμένον
1785 4367 1936 4443 ψυχῇ
1965 4373 2049 4423 καί
2079 4372 2300 4440 σώματι,
2334 4371 2646 4437 ἀνυμνοῦντα
2673 4368 2890 4436 Χριστὸν
2914 4366 2996 4419 τὸν
3024 4368 3139 4421 Θεὸν
3162 4369 3314 4436 ἡμῶν.
3363 4376 3541 4441 ’Υπερ-

295 4467 462 4532 εὐχου
490 4463 621 4534 ὐπέρ
641 4465 796 4530 ἡμῶν,
832 4461 1074 4515 όσιώτατε
1106 4458 1301 4531 ἀδελφέ.

939 4589 1240 4660 Exemplum
1262 4587 1489 4660 epistolae
1521 4589 1692 4642 missa:
1715 4606 1745 4640 a
1770 4597 1951 4642 sancta
1979 4588 2173 4658 synodo
2207 4587 2276 4637 ad
2308 4587 2568 4638 dominum
2592 4588 2930 4640 Dalmatium.

367 4707 502 4762 Cum
531 4714 713 4760 sancta
738 4713 794 4760 et
815 4704 1143 4760 meumenica
1165 4703 1399 4774 synodus
1427 4703 1480 4757 in
1518 4701 1874 4771 Ephesiorum
1911 4701 2197 4770 metropoli
2225 4707 2544 4766 congregata
2580 4700 2732 4767 jussu
2772 4700 3061 4760 Theodosii
3087 4709 3142 4754 et
3168 4698 3536 4767 Valentiniani,

300 4797 819 4868 religiosissimorum
857 4801 910 4849 et.
947 4794 1160 4848 Christo
1189 4793 1494 4847 amabilium
1521 4793 1901 4862 imperatorum
1921 4831 1935 4854 ,
1979 4789 2274 4858 accepisset
2300 4788 2580 4858 epistolam
2608 4789 2825 4843 missam
2852 4806 2882 4843 a
2912 4790 3176 4845 Dalmatio
3207 4788 3538 4846 sanctissimo

297 4888 714 4945 archimandrita
738 4929 753 4951 ,
801 4893 855 4941 et
890 4887 1272 4939 monachorum
1314 4884 1472 4939 Patre
1491 4924 1505 4950 ,
1549 4892 1604 4939 et
1641 4884 1812 4952 ipsum
1841 4883 2208 4952 comperisset,
2243 4889 2467 4949 urgente
2498 4879 2618 4935 ﬁdei
2647 4883 2784 4946 zelo,
2816 4891 2939 4951 post
2966 4881 3314 4950 quadraginta
3343 4889 3398 4933 et
3426 4890 3539 4934 octo

296 4996 471 5036 annos
490 4993 760 5049 egressum
781 4993 848 5032 ex
876 4993 972 5032 sua
999 4977 1188 5031 cellula
1218 4977 1377 5030 ivisse
1405 4975 1473 5028 ad
1500 4975 1795 5044 piissimum
1824 4983 1878 5029 et
1897 4974 2408 5029 Christianissimum
2438 4975 2833 5042 imperatorem,
2857 4989 3084 5043 eumque
3104 4973 3346 5027 docuisse
3367 4973 3542 5026 omnia

293 5089 418 5142 qua:
445 5079 730 5126 consecuta
753 5077 894 5133 sunt,
926 5083 1148 5136 qumque
1178 5067 1365 5121 etl'ecta
1394 5082 1423 5119 a
1454 5074 1637 5120 saneta
1664 5067 1887 5136 synodo,
1924 5082 2022 5136 pro
2051 5067 2385 5134 depositione
2412 5066 2558 5134 impii
2587 5065 2835 5119 Nestorii.

370 5164 581 5218 Gratias
605 5162 812 5230 egimus
837 5161 1073 5225 Christo,
1101 5175 1229 5214 vero
1258 5161 1365 5215 Deo
1395 5167 1599 5219 nostro,
1625 5159 1716 5227 qui
1743 5175 1838 5213 vos
1868 5160 1940 5212 ita
1961 5160 2170 5228 impulit
2195 5160 2382 5227 juvare
2406 5165 2608 5213 rectum
2639 5159 2830 5224 dogma
2859 5156 2980 5212 ﬁdei
3006 5164 3217 5220 nostrte,
3251 5165 3305 5212 et
3333 5165 3542 5211 nostros

297 5255 515 5308 tandem
541 5254 752 5307 labores
773 5250 1102 5318 sudoresque
1130 5251 1524 5305 demonstrasse
1542 5291 1556 5314 ,
1591 5265 1696 5304 non
1719 5257 1926 5305 tantum
1951 5251 2202 5320 piissimis
2231 5251 2665 5320 imperatoribus,
2693 5251 2786 5304 sed
2809 5251 2968 5305 etiam
2991 5250 3336 5304 sanctissimis
3364 5250 3542 5303 archi-

298 5343 582 5398 mandritis
605 5382 619 5404 ,
671 5342 878 5409 totique
923 5340 1138 5394 Christo
1185 5341 1399 5393 amabili
1446 5341 1609 5403 clero,
1656 5355 1719 5394 ac
1758 5341 1978 5409 populo.
2031 5340 2161 5394 Nam
2190 5341 2309 5409 quis
2346 5341 2482 5394 alius
2519 5340 2794 5394 hominum
2842 5356 2998 5410 opem
3027 5341 3179 5394 nobis
3209 5341 3326 5393 tulit
3354 5347 3545 5407 [ιπηιοτ

295 5442 531 5487 vestram
560 5433 932 5488 sanctitatem?
961 5446 1080 5485 cum
1118 5445 1148 5482 a
1176 5430 1322 5483 nullo
1361 5429 1693 5483 manifestata
1721 5431 1790 5484 sit
1809 5431 2034 5495 veritas,
2066 5438 2259 5499 plmter
2286 5445 2444 5496 quam
2475 5444 2504 5482 a
2533 5429 2712 5492 vobis,
2746 5429 2795 5482 id
2821 5438 2928 5493 est,
2961 5445 2989 5481 a
3021 5427 3237 5481 domino
3265 5427 3541 5479 Dalmatia.

295 5523 466 5590 Cujus
486 5523 561 5576 rei
577 5523 743 5590 gratia
757 5537 854 5577 nos
869 5535 1053 5575 omnes
1066 5535 1252 5572 manus
1267 5519 1532 5588 supplices
1550 5521 1884 5575 extendimus
1905 5523 1970 5575 ad
1992 5522 2276 5589 benignum
2291 5522 2660 5588 bonorumque
2673 5529 2946 5590 parentem
2963 5521 3144 5583 Deum,
3159 5537 3256 5589 pro
3281 5519 3415 5572 felici
3438 5519 3544 5570 vita

298 5624 354 5669 et
383 5613 640 5684 sospitate
667 5612 1023 5682 piissimorum
1053 5618 1356 5664 nostrorum
1388 5611 1800 5679 imperatorum,
1834 5628 1896 5667 ac
1922 5614 2220 5667 sanctitatis
2250 5621 2460 5667 vestra).
2504 5612 2790 5667 llortamur
2817 5628 2912 5667 vos
2943 5614 3099 5678 igitur
3127 5612 3338 5680 adiungi
3368 5609 3538 5670 nobis.

302 5703 369 5753 ad
395 5703 621 5770 amplius
649 5701 844 5771 aliquid
870 5699 1244 5771 prmstandum,
1278 5709 1330 5754 et
1361 5700 1684 5770 implendum
1720 5703 1824 5756 illic
1852 5713 2089 5758 nostrum
2119 5704 2293 5759 locum
2324 5706 2378 5761 in
2405 5705 2487 5760 bis
2515 5718 2633 5772 qua:
2659 5704 2902 5759 oriuntur
2932 5702 3050 5758 ﬁdei
3073 5703 3315 5773 negotiis.
3349 5701 3537 5766 Quam-
