3958 6178
390 313 497 370 7.35
917 300 1286 362 PREFATIO
1325 298 1390 354 IN
1429 294 1804 354 SECUNDHI
1849 291 2127 350 PARTEM
2165 289 2449 347 OPERUM
2493 287 2685 344 MAR"
2727 285 3188 342 MERCATORIS.
3555 288 3657 342 736

391 437 551 492 quam
579 419 883 474 hortatione
911 431 1014 468 non
1037 419 1118 466 est
1146 427 1300 480 opus,
1335 410 1579 464 novimus
1609 407 1752 461 enim
1781 405 1948 459 Deum
1976 404 2070 458 tibi
2099 404 2384 467 revelassc,
2408 417 2526 470 qua:
2548 401 2825 456 Nestorius
2852 400 2903 453 in
2927 399 3090 454 corde
3110 406 3339 468 gereret,
3371 407 3658 466 antequam

391 489 857 578 Constantinopoli
903 506 1079 575 palam
1123 510 1461 572 grassaretur
1487 540 1502 564 ,
1551 508 1712 567 teque
1747 498 1858 566 jam
1897 505 2010 550 tum
2054 495 2301 550 omnibus
2341 494 2392 546 in
2437 493 2766 547 monasterio
2814 491 3168 544 existentibus
3196 489 3374 544 dicere
3403 489 3660 544 solitum:

393 605 574 658 Cavete
599 599 756 662 vobis,
782 599 988 668 fratres,
1020 594 1268 665 siquidem
1297 593 1435 646 mala
1459 591 1616 645 bestia
1649 590 1745 642 hac
1775 590 1826 642 in
1857 589 1978 641 urbe
2004 596 2288 657 grassatur,
2321 595 2370 638 et
2398 584 2582 637 multos
2611 601 2704 638 sua
2726 583 2959 637 doctrina
2980 583 3168 652 inficit.

461 694 656 747 Sancta
692 698 746 743 et
780 687 1249 742 consubstantialis
1286 685 1518 738 Trinitas
1554 689 1731 736 servet
1773 690 1824 735 te
1866 681 2182 734 incolumem
2214 687 2390 732 mente
2431 686 2484 731 et
2511 692 2755 746 corpore,
2791 677 3167 746 prccdicantem
3197 673 3467 729 Christum
3498 675 3668 730 Deum

391 791 654 836 nostrum.
696 778 799 832 Ora
825 795 922 848 pro
953 778 1125 842 nobis,
1158 777 1492 830 sanctissime
1524 774 1705 827 frater.

460 872 594 926 Cum
639 871 799 939 legati
846 870 1081 938 partium
1125 869 1222 922 sub
1255 869 1412 920 linem
1444 865 1666 934 Augusti
1695 862 2090 917 Chalcedonem
2131 863 2456 926 tenuissent,
2503 862 2637 928 jussi
2683 869 2807 914 sunt
2854 859 3048 913 ibidem
3089 859 3414 923 subsistere,
3443 868 3666 928 propter

392 962 779 1016 tumultuantes
813 959 1141 1019 n'ionachos,
1179 958 1224 1011 si
1259 973 1363 1024 qua
1400 965 1578 1009 tamen
1618 953 1748 1007 fides
1787 950 2128 1005 Theodorelo
2177 951 2230 1004 id
2271 951 2531 1006 causanti.
2585 949 2662 1003 Eo
2690 950 2793 1003 loci
2830 949 2968 1002 fama
3006 948 3326 1013 didiCcrunl,
3361 947 3665 1002 Nestorium

391 1061 517 1105 ante
545 1060 669 1106 octo
697 1052 831 1115 dies,
860 1065 1020 1118 quam
1061 1050 1405 1111 advenirent,
1455 1046 1668 1116 Epheso
1708 1045 2014 1107 dimissum,
2046 1051 2106 1096 ut
2137 1043 2239 1097 iret
2266 1057 2373 1112 quo
2400 1042 2609 1096 liberet.
2649 1041 2802 1107 Quod
2836 1057 2955 1095 cum
2979 1039 3117 1094 foret
3145 1040 3512 1110 pmjudieium
3560 1056 3666 1094 non

393 1142 509 1198 leve
558 1159 758 1205 causzc,
790 1151 995 1195 tamum
1029 1141 1308 1195 catholicis
1336 1139 1532 1192 laetitizc
1570 1137 1827 1204 bonaeque
1857 1135 1970 1204 spei
2007 1133 2156 1197 fecit,
2200 1139 2457 1200 quantum
2490 1131 2720 1185 vicissim
2745 1131 2946 1184 doloris
2974 1137 3253 1196 metusque
3282 1125 3666 1194 Orientalibus,

395 1245 616 1306 propter
638 1234 1034 1288 inclinationem
1067 1231 1353 1285 Theodosii
1387 1232 1437 1283 in
1470 1230 1743 1282 meliorem
1769 1236 1996 1296 partem.
2029 1225 2309 1296 Postquam
2335 1224 2708 1278 Chalcedonem
2729 1225 2952 1276 venimus
2977 1223 3120 1289 (nam
3142 1220 3665 1290 Constantinopolim,

393 1343 554 1397 neque
574 1341 687 1387 nos,
721 1340 879 1394 neque
901 1324 1062 1376 nostri
1099 1322 1378 1374 adversarii
1403 1322 1600 1372 intrare
1622 1319 1855 1388 permissi
1885 1333 2078 1381 sumus,
2103 1324 2312 1385 propter
2341 1315 2612 1367 seditiones
2637 1313 2882 1366 bonorum
2905 1311 3316 1380 monachorum),
3349 1313 3492 1380 {auia
3525 1328 3672 1364 accc-

397 1420 584 1486 pimus,
617 1415 789 1482 inquit
827 1413 1226 1475 Theodoretus,
1269 1410 1403 1482 quod
1443 1420 1564 1462 ante
1601 1419 1714 1462 octo
1743 1409 1850 1462 dies
1871 1448 1884 1470 ,
1917 1424 2068 1477 quam
2097 1422 2532 1477 compareremus,
2558 1405 2792 1458 dominas
2817 1402 3089 1457 Nestor-ius
3111 1401 3175 1454 ab
3204 1401 3404 1472 Epheso
3427 1402 3669 1456 dimissus

395 1509 482 1566 sit,
504 1513 561 1557 ut
582 1514 667 1557 eat
688 1520 785 1574 quo
807 1501 982 1556 liberet
1005 1519 1022 1554 :
1052 1501 1188 1555 unde
1210 1499 1351 1554 valde
1380 1499 1653 1563 doluimus,
1676 1496 2090 1569 quandoquidem
2123 1512 2236 1550 vere
2261 1511 2322 1549 ea
2351 1511 2464 1567 qua:
2493 1495 2671 1549 itlicite
2697 1504 2747 1548 et
2781 1493 2967 1564 absque
2992 1493 3192 1564 judicio
3223 1495 3364 1563 facta
3405 1502 3527 1545 sunt
3557 1494 3670 1563 jam

397 1598 552 1652 robur
573 1597 757 1650 habere
787 1595 1040 1648 videntur.

470 1691 566 1745 Die
601 1697 793 1757 quarto
831 1688 1160 1758 Septembris
1198 1686 1547 1741 Orientalium
1591 1684 1752 1753 legati
1782 1683 1848 1737 ad
1877 1697 2002 1737 suos
2035 1681 2304 1752 Ephesum
2344 1685 2671 1753 scripserunt
2696 1701 2709 1736 :
2734 1698 2842 1752 quo
2868 1683 2954 1738 die
2981 1681 3321 1737 Chalcedone
3349 1689 3671 1737 transuurus

397 1781 811 1852 exspectabatur
857 1781 1152 1849 imperator
1196 1780 1249 1833 in
1278 1779 1459 1833 villam
1510 1776 1867 1839 Ruﬁnianam,
1914 1775 2003 1828 ubi
2043 1783 2306 1830 statuerat
2344 1776 2528 1830 audire
2566 1791 2801 1830 causam.
2845 1774 2913 1828 Et
2952 1791 3082 1828 vero
3124 1783 3452 1829 convocatos
3471 1789 3539 1828 eo
3569 1773 3672 1828 loci

399 1873 604 1928 audivit
632 1886 738 1925 non
767 1873 955 1938 semel,
988 1873 1082 1927 sed
1111 1880 1359 1940 quartum
1389 1871 1578 1936 etiam,
1613 1869 1776 1922 immo
1805 1875 1859 1920 et
1879 1867 2120 1934 quintum
2141 1906 2155 1931 ,
2188 1877 2244 1923 et
2269 1867 2486 1936 quidem
2515 1868 2646 1921 satis
2672 1866 2934 1920 benevole
2957 1865 3008 1918 in
3039 1867 3300 1936 speciem;
3335 1865 3477 1919 unde
3499 1865 3670 1920 victo-

399 1967 536 2020 riam
574 1967 677 2020 sibi
717 1966 1092 2035 intempestive
1139 1965 1388 2033 gratulati
1435 1973 1592 2028 sunt,
1644 1965 1838 2018 litteris
1881 1965 1948 2019 ad
1981 1978 2108 2019 suos
2153 1961 2424 2030 Ephesum
2467 1959 2627 2014 datis.
2670 1959 2901 2012 Narrant
2940 1959 3082 2012 enim
3129 1973 3192 2011 ea
3218 1972 3337 2026 qua:
3365 1957 3671 2012 obtulerant

399 2057 709 2127 imperatori
734 2067 952 2128 accepta
982 2058 1175 2123 fuisse;
1205 2072 1324 2126 quae
1347 2057 1536 2127 synodi
1563 2057 1754 2124 legati,
1786 2056 2025 2125 rejecta;
2058 2055 2441 2123 reprehensum
2467 2068 2496 2105 a
2519 2067 2578 2106 se
2609 2052 2882 2114 Acacium,
2916 2049 3056 2118 quod
3081 2048 3385 2123 passibilem
3411 2048 3669 2102 Deitatcm

400 2146 655 2211 dixisset,
707 2155 762 2201 et
806 2147 871 2200 ad
919 2153 1121 2200 tantam
1167 2145 1555 2214 blasphemiam
1604 2144 1946 2199 cohorruisse
1987 2141 2377 2205 Theodosium;
2419 2140 2486 2193 ab
2515 2155 2581 2194 eo
2610 2140 2932 2210 imperatum
2959 2137 3153 2200 fuisse,
3187 2146 3245 2190 ut
3272 2153 3424 2191 suam
3446 2138 3671 2206 quisque

401 2237 719 2292 sententiam
746 2237 945 2306 scripto
980 2235 1244 2301 traderet,
1278 2251 1377 2290 nec
1410 2236 1570 2289 aliam
1598 2236 1665 2289 ab
1694 2235 1822 2304 ipsis
1850 2234 2178 2303 propositam
2208 2246 2368 2300 quam
2389 2231 2688 2295 Nicaenam;
2718 2230 3004 2300 populum,
3029 2231 3292 2299 probante
3320 2229 3665 2298 imperatore,

399 2321 865 2397 Cotis‘tantinopoli
895 2325 961 2381 ad
990 2341 1049 2382 se
1081 2326 1380 2393 conﬂuere,
1424 2327 1688 2396 enixeque
1725 2335 1910 2396 petere
1951 2333 2009 2378 ut
2048 2339 2147 2394 pro
2189 2323 2291 2378 ﬁde
2329 2331 2546 2378 strenue
2581 2331 2910 2392 pugnarent,
2957 2323 3149 2391 vixque
3177 2337 3205 2376 a
3233 2337 3291 2377 se
3317 2323 3572 2388 retineri,
3603 2336 3671 2379 ne

403 2418 722 2474 adversariis
751 2426 963 2474 noceat.

475 2511 605 2565 Tam
637 2511 842 2567 felicem
865 2513 1068 2566 exitum
1093 2512 1402 2566 certaminis
1429 2511 1727 2566 Orientales
1756 2510 1944 2579 legatis
1984 2509 2094 2563 suis
2135 2523 2200 2561 ex
2248 2507 2379 2562 urbe
2427 2505 2694 2575 Ephesiua
2723 2506 3078 2573 eongratulati
3107 2513 3248 2570 sunt,
3280 2519 3482 2573 eosque
3511 2503 3668 2558 simul

403 2609 746 2667 monuerunt,
775 2601 1052 2656 catholica:
1092 2602 1281 2671 synodi
1323 2601 1509 2655 Patres
1528 2639 1542 2664 ,
1575 2615 1710 2668 quos
1752 2599 2034 2669 {Egyptios
2078 2597 2374 2661 vocabant,
2405 2595 2628 2666 perinde
2669 2611 2728 2650 se
2753 2611 2939 2664 gerere
2968 2610 3030 2650 ac
3059 2597 3235 2665 prius,
3269 2597 3320 2648 id
3348 2603 3448 2660 est,
3479 2610 3668 2650 causas

403 2690 733 2758 dijudicare,
785 2704 903 2757 qum
949 2690 1190 2758 plurima:
1237 2689 1630 2753 deferebantur,
1682 2687 1937 2742 Ecclesiis
1977 2688 2202 2742 diversis
2238 2687 2556 2756 providere,
2606 2694 2709 2740 etc.
2762 2674 3123 2739 Remiserunt
3152 2686 3280 2755 ipsis
3304 2700 3520 2754 quoque
3541 2685 3668 2740 sub-

407 2781 604 2850 scripta
644 2796 674 2833 a
716 2795 774 2834 se
811 2780 1136 2848 exemplaria
1176 2779 1282 2834 duo
1320 2780 1441 2833 fidei
1480 2780 1736 2842 Nicasnzc,
1770 2793 1981 2846 unaque
2019 2777 2408 2846 expositionem
2448 2775 2804 2844 capitulorum
2843 2790 2874 2827 a
2913 2773 3114 2845 Cyrillo
3149 2791 3339 2830 recens
3361 2775 3577 2837 factam,
3609 2790 3672 2829 ac

407 2873 569 2926 etiam
611 2871 849 2943 libellum
886 2871 1198 2940 imperatori
1230 2869 1580 2925 offerendum.
1639 2871 1751 2924 lloc
1790 2871 1842 2923 in
1877 2869 2064 2922 libello
2098 2877 2219 2938 post
2247 2877 2396 2922 actas
2437 2882 2534 2936 pro
2562 2867 2745 2920 favore
2775 2867 2886 2920 suis
2913 2868 3150 2936 pncstito
3172 2869 3370 2936 gratias
3390 2867 3672 2921 summisse

407 2980 506 3033 pro
528 2962 776 3016 Nestorio
802 3002 816 3027 ,
864 2961 1015 3029 cujus
1059 2977 1256 3016 nomen
1307 2969 1514 3024 tacent,
1555 2962 1679 3030 quia
1721 2961 1985 3028 ingratum
2024 2959 2335 3028 imperatori
2376 2958 2722 3022 audiverant,
2767 2957 3079 3026 abjecteque
3100 2960 3493 3027 supplicabant.
3536 2958 3670 3024 Quid

408 3052 551 3106 enim
573 3051 832 3119 abiectius
863 3051 977 3105 istis
1007 3051 1184 3105 verbis
1215 3068 1226 3102 :
1260 3048 1502 3114 Oramus,
1533 3060 1582 3103 et
1609 3059 1728 3103 ante
1751 3050 1961 3119 vestigia
1990 3057 2152 3102 vestra
2182 3046 2539 3117 provolvimur,
2571 3056 2625 3098 ut
2659 3063 2749 3098 nos
2780 3063 2893 3099 cum
2923 3046 3315 3118 longanimitate
3345 3048 3672 3102 humiliantes

405 3150 585 3197 vestra:
619 3141 795 3209 pietati
823 3142 1149 3211 suscipiatis,
1192 3150 1240 3194 et
1262 3141 1402 3211 juste
1428 3149 1651 3209 petentes
1683 3139 1744 3192 de
1780 3139 1976 3207 offensa
2008 3155 2226 3209 persona
2264 3135 2327 3191 ab
2368 3138 2446 3190 his
2480 3139 2563 3208 qui
2598 3147 2892 3206 receperunt
2932 3140 3173 3192 hwretica
3212 3140 3440 3208 capitula
3469 3138 3670 3207 Cyrilli,

406 3239 509 3286 etc.
563 3230 832 3285 Dederuut
878 3231 1096 3300 insuper
1129 3231 1183 3283 in
1222 3231 1486 3284 mandatis
1528 3239 1584 3283 ut
1621 3232 1746 3286 totis
1783 3231 1982 3286 viribus
2013 3247 2110 3300 pro
2146 3230 2395 3286 Nestorio
2433 3231 2697 3297 facerent;
2741 3248 2911 3300 neque
2940 3247 3038 3286 suo
3061 3232 3277 3286 nomine
3304 3233 3672 3286 consentirent

408 3335 659 3388 umquam
700 3321 753 3375 in
794 3322 1191 3375 restitutionem
1219 3320 1402 3390 Cyrilli
1432 3328 1487 3374 et
1515 3320 1840 3385 Memnonis,
1884 3322 1979 3374 nisi
2010 3322 2239 3390 capitula
2262 3322 2647 3377 damnarentur
2674 3341 2684 3375 :
2717 3340 2780 3378 ea
2804 3324 3001 3392 quippe
3027 3339 3093 3378 eo
3125 3338 3291 3391 usque
3312 3324 3668 3377 exsecraban-

410 3418 514 3477 tur,
549 3421 606 3467 ut
637 3428 704 3467 ne
732 3429 896 3466 unum
925 3413 1142 3480 quidem
1170 3413 1409 3481 recipere
1431 3412 1648 3475 vellent,
1674 3414 1772 3466 etsi
1802 3428 1947 3466 mors
1975 3413 2344 3466 intentarctur.

483 3501 834 3572 Compressus
879 3509 960 3555 est
1008 3501 1213 3569 aliquot
1258 3509 1381 3570 post
1420 3501 1607 3554 diebus
1657 3502 1887 3570 impetus
1934 3502 2250 3555 exsultantis
2297 3501 2690 3556 inconsiderate
2737 3502 2931 3555 laetitia:
2957 3519 2968 3552 :
2995 3501 3280 3555 redeunte
3325 3500 3591 3569 siquidem
3619 3501 3668 3555 in

411 3592 598 3647 urbem
643 3593 966 3660 imperatore
991 3630 1004 3654 ,
1044 3589 1178 3658 jussi
1224 3599 1347 3645 sunt
1373 3591 1562 3661 synodi
1609 3591 1891 3646 catholica:
1930 3591 2087 3658 legati
2118 3592 2389 3658 comitari,
2422 3600 2480 3645 ut
2507 3593 2816 3662 episcopum
2844 3592 3310 3662 Constantinopoli
3339 3593 3670 3656 ordinarent,

409 3682 771 3737 Orientalibus
799 3681 1012 3736 interim
1040 3680 1379 3736 Chalcedone
1408 3681 1640 3745 relictis;
1668 3682 1757 3750 qui
1780 3683 1958 3737 libello
1980 3682 2046 3736 ad
2077 3682 2431 3737 Theodosium
2463 3685 2626 3738 misso
2655 3684 2942 3754 petierunt,
2977 3700 3044 3739 ne
3072 3699 3175 3752 qua
3206 3683 3357 3738 ﬁeret
3385 3684 3670 3749 ordinatio,

407 3771 717 3841 priusquam
758 3772 1010 3838 dogmata
1057 3772 1509 3837 exanimarentur,
1558 3773 1908 3828 vaticinantes
1959 3774 2154 3841 alioqui
2204 3776 2477 3842 ingentia,
2528 3791 2647 3844 qum
2688 3775 2824 3829 forte
2873 3777 3334 3843 machinabantur,
3369 3777 3494 3832 inde
3539 3777 3673 3831 mala

409 3860 632 3914 oritura.
675 3861 902 3914 Aiebant
922 3861 1063 3915 enim
1091 3879 1102 3913 :
1136 3860 1500 3916 Necessarium
1522 3862 1757 3916 duximus
1789 3871 1846 3915 ut
1876 3863 2209 3933 prwsentibus
2239 3864 2421 3918 litteris
2451 3865 2742 3918 doceremus
2771 3876 2987 3919 vestram
3009 3869 3267 3936 pietatem,
3294 3885 3469 3921 coram
3493 3867 3602 3924 Deo
3628 3878 3674 3921 et

410 3954 610 4010 Christo
657 3959 768 4026 ipso
799 3974 860 4010 ac
901 3966 1081 4011 sancto
1125 3958 1342 4027 Spiritu,
1367 3958 1502 4028 quod
1539 3960 1584 4011 si
1622 3959 1733 4028 quis
1779 3957 2047 4012 ordinatus
2088 3961 2268 4029 fuerit,
2296 3969 2570 4030 antequam
2600 3961 2943 4013 discutiantur
2971 3970 3108 4014 recta
3147 3960 3388 4031 dogmata
3415 3961 3478 4014 ab
3503 3964 3565 4015 iis
3594 3961 3674 4032 qui

408 4049 647 4106 haeretica
687 4051 931 4116 sentiunt,
977 4067 1179 4104 necesse
1219 4052 1286 4104 sit
1333 4060 1388 4102 ut
1418 4059 1523 4103 tota
1564 4048 1794 4102 Ecclesia
1835 4050 2120 4114 scindatur,
2154 4059 2256 4102 tam
2296 4050 2431 4103 clero
2459 4067 2610 4122 quam
2640 4050 2866 4120 plebibus
2896 4049 3302 4104 dissidentibus:
3335 4051 3674 4104 nullus'enim

407 4143 609 4210 piorum
628 4144 757 4213 feret
784 4142 1025 4197 hteretica
1055 4141 1336 4197 colentibus
1366 4143 1771 4195 communionem
1793 4141 1923 4205 dari,
1948 4143 2306 4212 propriamque
2332 4142 2550 4196 salutem
2572 4142 2873 4196 annihilari.
2917 4142 2977 4197 Si
3007 4153 3174 4196 autem
3209 4144 3316 4197 hrec
3338 4145 3514 4213 futura
3537 4153 3672 4208 sunt,

410 4242 528 4286 tunc
556 4244 724 4288 vestra
753 4236 916 4305 pietas
937 4244 1123 4306 praeter
1142 4251 1288 4290 suam
1319 4243 1538 4288 mentem
1566 4249 1716 4303 agere
1744 4241 1982 4303 cogetur;
2017 4250 2139 4286 nam
2175 4243 2224 4286 et
2250 4233 2471 4286 schisma
2504 4245 2691 4303 prteter
2718 4235 3023 4288 sententiam
3046 4235 3346 4298 invalescet,
3378 4244 3429 4288 et
3467 4251 3556 4288 eos
3592 4237 3674 4305 qui

409 4341 503 4394 pro
538 4326 725 4392 pietate
774 4336 1000 4392 certant,
1053 4327 1408 4388 contristabit,
1450 4341 1553 4376 non
1601 4326 1846 4396 ferentes,
1887 4333 1942 4377 ut
1978 4342 2086 4379 sum
2129 4326 2316 4378 anima:
2354 4335 2595 4395 pereant,
2620 4336 2668 4378 et
2689 4335 2922 4379 constent
2947 4327 3276 4380 contentiosis
3307 4328 3464 4396 impia
3495 4325 3674 4396 Cyrilli

410 4415 655 4485 dogmata
678 4454 692 4478 ,
743 4433 857 4485 quae
887 4419 1175 4486 justi/icere
1214 4419 1410 4472 volunt.
1463 4416 1615 4469 Multi
1652 4426 1848 4480 autem,
1883 4418 1968 4486 qui
1997 4418 2176 4486 pietati
2212 4417 2435 4478 student,
2467 4425 2518 4470 et
2544 4434 2718 4471 omnes
2739 4434 2850 4481 nos,
2884 4419 2968 4488 qui
2989 4434 3053 4470 ea;
3076 4415 3331 4470 Orientali
3361 4419 3588 4481 dioecesi,
3629 4414 3674 4471 et

411 4514 590 4559 vestra:
618 4507 894 4574 provincia:
931 4523 995 4559 ea:
1035 4508 1234 4562 dioecesi
1276 4509 1465 4572 Ponti,
1502 4517 1550 4560 et
1579 4508 1748 4570 Asiae,
1790 4519 1839 4561 et
1871 4507 2133 4571 Thracite,
2163 4516 2211 4561 et
2243 4507 2468 4578 Illyrici,
2492 4519 2540 4563 et
2564 4508 2835 4563 Italiarum
2868 4510 3047 4579 Cyrilli
3070 4510 3312 4580 dogmata
3342 4511 3548 4563 admitti
3572 4529 3667 4564 non

409 4597 604 4660 sinent;
635 4598 719 4668 qui
747 4607 796 4649 et
828 4604 1006 4650 vestra:
1034 4598 1212 4665 pietati
1242 4597 1427 4649 lib-rum
1455 4595 1734 4650 beatissimi
1764 4596 2020 4650 Ambrosii
2051 4599 2297 4649 miserunt
2318 4597 2531 4651 adversa
2559 4598 2832 4668 pullulanti
2863 4597 2980 4650 huic
3001 4599 3352 4667 superstitioni
3383 4597 3665 4650 docentem.

413 4683 738 4757 Quapropter
771 4690 835 4738 ne
873 4685 969 4739 hoc
1007 4686 1229 4748 eveniat,
1261 4694 1310 4738 et
1349 4693 1515 4738 vestra
1543 4687 1704 4755 pietas
1735 4687 1899 4757 magis
1927 4685 2271 4753 conturbetur,
2306 4687 2678 4757 supplicamus,
2708 4704 2995 4757 precamur,
3028 4687 3374 4751 obsecramus,
3405 4697 3460 4740 ut
3481 4688 3669 4753 edicat,

410 4792 474 4830 ne
502 4778 761 4831 ordinatio
782 4787 933 4831 antea
955 4777 1066 4847 ﬁat,
1105 4777 1265 4830 donec
1286 4776 1572 4830 orthodoxa
1595 4778 1723 4846 ﬁdes
1752 4779 2006 4848 ﬁrmetur.
3485 4832 3494 4839 ,

482 4866 686 4923 Libello
712 4869 841 4923 nihil
869 4867 1014 4923 aliud
1044 4868 1286 4938 responsi
1313 4868 1513 4930 datum,
1543 4869 1642 4924 nisi
1679 4871 1823 4938 quod
1851 4870 1989 4926 facta
2018 4881 2101 4927 est
2125 4873 2314 4940 legatis
2355 4870 2732 4937 Orientalium,
2765 4874 2982 4943 suisque
3007 4873 3147 4944 apud
3173 4873 3447 4943 Ephesum
3470 4874 3636 4929 sociis
3654 4913 3669 4934 ,

411 4958 577 5014 libera
607 4968 848 5030 potestas
866 4961 1123 5016 redeundi
1144 4961 1209 5015 ad
1240 4976 1365 5016 suas
1383 4960 1672 5016 Ecclesias.
1697 4963 1850 5029 Quod
1877 4980 1998 5018 cum
2027 4965 2365 5031 resciissent,
2397 4964 2632 5018 libellum
2658 4966 2874 5020 tertium
2907 4966 3222 5035 imperatori
3252 4967 3537 5030 miserunt,
3563 4982 3667 5021 non

409 5050 572 5104 modo
602 5051 886 5106 iracundia:
913 5052 1150 5122 plenum,
1179 5052 1273 5107 sed
1303 5052 1549 5107 vecordis
1577 5053 1738 5107 etiam
1761 5055 2209 5124 exprobrationis,
2241 5057 2404 5110 immo
2450 5067 2504 5111 et
2532 5057 2854 5126 impudentis
2891 5059 3345 5113 comminationis.
3379 5058 3510 5112 Ausi
3548 5067 3666 5112 sunt

410 5138 609 5208 quippe
632 5139 936 5196 Theodosio
965 5141 1200 5210 objicere
1232 5160 1245 5194 :
1274 5141 1523 5211 primum,
1550 5143 1695 5210 quod
1716 5143 1860 5212 ipsos
1890 5143 2159 5199 illusisset.
2201 5145 2379 5199 Vocati
2408 5161 2601 5209 sumus,
2635 5147 2966 5214 inquiebant,
3001 5148 3069 5201 ad
3097 5149 3512 5217 conﬁrmandam
3543 5165 3664 5202 san-

409 5237 605 5282 ctorum
635 5226 850 5281 Patrum
877 5231 1066 5300 ﬁdem;
1095 5240 1437 5285 verumtamen
1459 5248 1615 5302 usque
1643 5234 1696 5286 in
1725 5244 2027 5302 praesentem
2055 5235 2189 5288 diem
2217 5234 2537 5290 Chalcedone
2569 5239 2748 5291 retenti
2777 5255 2972 5304 smnus,
3003 5249 3052 5292 et
3088 5255 3224 5300 nunc
3263 5240 3332 5292 ad
3351 5241 3564 5310 propria
3586 5239 3657 5292 di-

409 5319 675 5370 mittimur.
710 5317 911 5375 Deinde
933 5361 947 5384 ,
980 5322 1121 5388 quod
1148 5319 1448 5376 Orientales
1472 5338 1582 5392 pne
1627 5323 1744 5377 aliis
1772 5323 2073 5392 despiceret
2103 5343 2114 5377 :
2148 5325 2399 5379 Craterum
2427 5342 2528 5380 non
2558 5326 2764 5381 illorum
2795 5338 3020 5394 tantum,
3051 5329 3141 5383 sed
3177 5339 3226 5384 et
3264 5341 3438 5384 noster
3463 5347 3557 5384 rex
3583 5347 3655 5390 es;

407 5425 567 5480 neque
593 5412 727 5464 enim
747 5429 904 5482 parva
925 5415 1090 5483 portio
1106 5415 1246 5482 regni
1269 5414 1339 5466 tui
1365 5423 1441 5468 est
1466 5414 1670 5468 Oriens.
1699 5415 1901 5480 Tertio,
1921 5416 2064 5484 quod
2083 5417 2235 5470 tidem
2262 5417 2512 5486 proderet
2533 5426 2753 5487 propter
2772 5420 3010 5474 rationes
3025 5419 3272 5489 politieas
3288 5438 3300 5472 :
3317 5418 3402 5472 Ne
3417 5420 3660 5489 despiciat

407 5509 571 5552 vestra
599 5501 840 5570 majestas
869 5504 1040 5572 ﬁdem,
1073 5521 1185 5575 qua:
1212 5503 1551 5570 adulteratur,
1583 5509 1632 5559 in
1665 5523 1816 5576 quam
1843 5516 1894 5560 et
1923 5524 2025 5570 vos,
2069 5519 2118 5562 et
2147 5509 2494 5578 progenitores
2517 5513 2666 5564 vestri
2695 5511 2939 5581 baptizati
2967 5514 3117 5577 estis;
3147 5529 3249 5583 qua
3285 5522 3335 5566 et
3361 5530 3498 5566 nunc
3537 5525 3656 5582 epes

407 5591 598 5646 habetis
625 5595 676 5646 in
705 5593 834 5654 bello
871 5615 968 5668 quo
999 5600 1230 5667 Africam
1251 5599 1499 5669 premitis.
1525 5599 1746 5663 Quarto,
1773 5599 1918 5666 quod
1958 5599 2318 5654 damnationis
2346 5609 2561 5655 aeterna!
2584 5616 2642 5656 se
2660 5618 2806 5656 reum
2831 5603 3030 5657 faceret
3063 5622 3074 5655 :
3104 5602 3152 5657 Ii
3181 5605 3267 5674 qui
3289 5605 3522 5673 permissi
3543 5611 3656 5655 sunt

407 5679 662 5742 Ecclesias
693 5687 893 5755 habere,
928 5691 1127 5744 animus
1153 5707 1326 5744 eorum
1356 5693 1442 5759 qui
1472 5691 1539 5742 ad
1577 5707 1630 5744 se
1659 5691 1921 5756 accedunt,
1956 5701 2002 5743 et
2030 5694 2074 5745 si
2105 5695 2213 5761 quis
2244 5694 2380 5762 ipsos
2424 5694 2550 5746 volet
2581 5694 2786 5761 audire,
2833 5694 3092 5754 occidunt.
3129 5695 3360 5762 Quinto,
3392 5695 3650 5764 denique,
