3958 6178
258 342 360 399 757
785 330 1151 387 ΡΒᾸΞΡΑΤΙΟ
1192 331 1254 384 IN
1294 328 1656 385 SECUNDAM
1698 327 1978 383 PARTEM
2019 324 2299 381 OPERUM
2341 322 2526 378 MAR"
2566 301 3027 380 MERCATORIS.
3389 326 3491 380 733

252 447 395 515 quod
428 459 547 500 eum
577 459 634 498 se
663 451 937 512 prmstarct
958 458 1076 496 cum
1106 457 1211 509 quo
1236 439 1455 510 perinde
1484 440 1743 508 agendum
1773 439 1841 494 sit
1875 455 1937 493 ac
1966 454 2085 492 cum
2107 437 2469 507 rejicientibus
2498 438 2717 491 verbum
2742 437 2855 501 Dei,
2889 445 3048 505 atque
3075 440 3350 507 apostolos
3370 454 3497 509 per-

251 538 616 607 sequentibus.
644 535 704 590 Si
734 545 846 606 post
874 535 1006 587 hanc
1030 546 1254 589 nostram
1283 535 1699 599 obsecrationem,
1731 536 1862 587 hanc
1882 552 1995 606 quae
2024 552 2195 589 coram
2217 533 2325 588 Deo
2350 535 2470 587 data
2492 544 2567 589 est
2588 534 2870 589 doctrinam
2900 554 3000 590 non
3030 541 3304 606 susceperit
3331 548 3503 595 vestra

248 631 433 698 pietas,
463 645 553 682 nos
582 630 733 681 etiam
764 630 1014 697 pulverem
1043 628 1225 698 pedum
1259 627 1585 691 excutiemus,
1617 635 1667 678 et
1710 624 2039 678 clamabimus
2073 641 2185 677 cum
2216 623 2358 677 beato
2388 623 2553 678 Paulo
2586 641 2603 677 :
2632 624 2815 677 Mundi
2845 642 3016 679 sumus
3045 643 3075 677 a
3101 629 3351 694 sanguine
3377 642 3495 681 ves-

250 727 329 771 tro
354 716 489 786 (Act.
523 732 611 777 xx,
637 713 747 783 26).

321 808 462 862 Nihil
490 806 737 861 ellectum
765 806 868 861 hoc
888 806 1048 859 etiam
1072 805 1251 858 libello
1277 824 1287 855 :
1315 819 1480 872 quare
1511 812 1632 872 post
1657 811 1930 872 acceptam
1956 801 2185 856 abeundi
2224 808 2563 870 potestatem,
2596 801 2916 856 mandarunt
2945 804 3053 858 suis
3091 803 3359 875 Ephesum
3386 820 3497 874 quo

248 897 371 950 loco
394 910 480 948 res
506 900 701 957 essent,
726 893 1054 962 deploratam
1078 893 1285 967 scilicet
1315 891 1542 947 Nestorii
1568 908 1801 956 causam,
1830 907 1949 945 cum
1970 906 2127 945 nemo
2147 900 2326 960 posset
2349 891 2485 945 ferre
2507 892 2672 961 ipsius
2701 908 2897 947 nomen
2923 912 2934 946 :
2958 893 3279 965 Cyrillianos
3315 908 3496 969 tyran-

246 983 393 1047 nide,
419 980 707 1044 fraudibus,
734 979 1052 1045 adulatione,
1085 979 1239 1033 donis
1263 994 1449 1034 omnes
1478 980 1751 1049 decepisse
1781 998 1793 1032 ε
1828 980 1912 1033 vix
1936 980 2146 1033 tandem
2178 981 2425 1049 precibus
2447 982 2511 1035 ab
2531 982 2853 1050 imperatore
2876 983 3211 1052 impetratam
3233 987 3491 1041 redeundi

244 1074 315 1127 ad
344 1089 469 1128 suas
497 1072 761 1126 Ecclesias
788 1071 1109 1133 facultatem,
1143 1070 1237 1124 sed
1258 1085 1321 1123 ea
1351 1070 1485 1138 lege,
1529 1080 1585 1122 ut
1612 1079 1661 1122 et
1688 1069 1760 1120 1E
1765 1071 1967 1141 gyptius
2010 1078 2059 1122 et
2104 1068 2349 1123 Memnon
2397 1070 2648 1140 Ephesius
2677 1072 2731 1123 in
2772 1072 2877 1125 suis
2922 1072 3044 1125 locis
3073 1085 3355 1128 manerent.
3401 1074 3492 1129 Sic

242 1167 400 1231 enim,
432 1164 662 1227 aiebant,
692 1163 876 1233 poterit
903 1160 1182 1232 IEggptius
1210 1177 1380 1213 omnes
1426 1176 1688 1213 excazcare
1733 1160 2023 1213 muneribus
2062 1161 2167 1213 suis
2198 1177 2216 1212 :
2247 1162 2321 1213 sic
2348 1170 2405 1213 ut
2440 1162 2527 1216 ille
2571 1161 2773 1232 quidem
2795 1202 2809 1227 ,
2843 1178 2957 1215 cum
3004 1164 3275 1218 innumera
3316 1168 3495 1235 fecerit

241 1258 409 1323 mala,
439 1258 507 1309 ad
537 1257 771 1310 thronum
799 1271 945 1307 suum
972 1253 1146 1307 redeat
1167 1271 1186 1318 ;
1214 1256 1309 1307 iste
1331 1256 1407 1307 vir
1432 1255 1673 1307 innocens
1701 1255 1787 1306 via:
1813 1253 1881 1305 ad
1907 1269 2053 1305 suam
2074 1254 2391 1307 mansionem
2420 1254 2723 1307 dimittatur.

316 1350 617 1415 Antequam
646 1361 774 1400 vero
795 1344 1131 1398 Chalcedone
1153 1345 1493 1408 recederent,
1525 1343 1897 1398 Theodoretus
1925 1358 2226 1399 sermonem
2264 1343 2450 1396 habuit
2493 1357 2622 1397 sane
2649 1343 3000 1410 virulentum,
3032 1358 3139 1411 quo
3167 1344 3494 1399 valediceret

243 1438 543 1506 legatorum
575 1436 787 1491 nomine
814 1434 1046 1491 Nestorii
1073 1432 1388 1498 fautoribus,
1419 1434 1509 1502 qui
1539 1432 1930 1487 Chalcedonem
1970 1432 2309 1501 trajecerant,
2343 1440 2399 1484 ut
2438 1431 2701 1485 dicentem
2744 1432 3025 1486 audirent:
3061 1432 3334 1487 Terribiles
3363 1435 3494 1487 Pro-

241 1530 471 1601 pontidis
511 1530 694 1597 ﬂuctus
742 1528 961 1581 transire
1001 1529 1112 1580 ausi
1136 1528 1284 1591 estis,
1317 1527 1615 1595 inquiebat,
1657 1535 1711 1578 ut
1756 1535 1984 1579 nostram
2022 1524 2244 1577 audiatis
2280 1542 2467 1588 vocem,
2499 1542 2648 1595 quam
2677 1527 2825 1578 vestri
2864 1527 3085 1595 pastoris
3116 1527 3246 1579 vocis
3277 1527 3491 1595 efﬁgiem

240 1619 437 1689 putatis
460 1634 478 1671 :
508 1617 808 1670 desideratis
838 1616 973 1668 enim
1022 1615 1199 1668 audire
1229 1616 1489 1685 jucundas
1518 1616 1667 1669 vestri
1696 1616 1915 1685 pastoris
1941 1614 2171 1684 ﬁstulas,
2204 1614 2423 1683 pastoris
2462 1630 2606 1684 quem
2636 1624 2862 1683 pastores
2892 1616 3013 1666 socii
3054 1615 3267 1667 calamis
3294 1617 3491 1669 occide-

238 1718 382 1775 runt,
414 1719 518 1763 etc.
549 1708 782 1763 Joannes
810 1708 901 1776 qui
930 1707 1134 1771 aderat,
1167 1708 1377 1776 excepit
1398 1707 1463 1761 de
1488 1722 1639 1760 more
1661 1706 1886 1759 dicentis
1915 1706 2102 1769 verba,
2135 1705 2477 1773 salutansque
2506 1712 2801 1758 extremum
2826 1704 3143 1768 auditores,
3177 1720 3269 1758 eos
3300 1706 3364 1758 ad
3394 1706 3490 1759 ob-

238 1802 585 1857 stinationem
608 1801 660 1854 in
692 1815 875 1854 errore
900 1800 1148 1863 incendit,
1183 1798 1319 1853 facta
1342 1799 1619 1853 catholicis
1641 1797 1933 1861 calumnia,
1965 1797 2117 1864 quasi
2145 1796 2414 1866 patibilem
2437 1796 2700 1849 Deitatem
2732 1794 2987 1857 dicerent,
3024 1793 3323 1861 factamque
3366 1810 3486 1848 cor-

236 1892 391 1962 poris
417 1899 471 1945 et
493 1890 713 1944 Deitatis
742 1899 985 1943 naturam
1007 1905 1185 1955 unam,
1211 1890 1353 1958 quod
1381 1896 1536 1942 antea
1566 1903 1779 1956 quoque
1809 1886 2177 1941 Theodoretus
2198 1886 2469 1954 objecerat
2501 1904 2513 1938 :
2547 1886 2744 1940 Sancta
2770 1885 2854 1938 lea:
2874 1894 2977 1949 est,
3022 1885 3198 1938 aiebat
3224 1884 3478 1949 Joannes,

236 1991 294 2033 ut
321 1978 554 2049 patribus
591 1990 797 2049 accepta
828 1981 1060 2050 ferantur
1094 1996 1154 2032 ea
1179 1995 1290 2049 qua
1314 1979 1539 2048 ﬁliorum
1583 1988 1718 2030 sunt.
1752 1977 1899 2031 Meus
1926 1979 2083 2048 igitur
2124 1988 2199 2031 est
2229 1976 2461 2041 Galaad,
2492 1986 2540 2029 et
2580 1993 2719 2030 meus
2759 1986 2833 2029 est
2873 1974 3175 2033 Manasses.‘
3208 1977 3355 2029 immo
3386 1994 3487 2030 non

236 2072 339 2123 mei
369 2078 509 2133 sunt,
533 2070 623 2123 sed
647 2068 762 2134 Dei,
790 2070 875 2140 qui
899 2078 1114 2123 vestram
1143 2086 1255 2122 cum
1278 2078 1453 2123 nostra
1480 2070 1801 2139 congregavit
1824 2068 2108 2121 Ecclesium
2128 2109 2141 2133 ,
2184 2079 2233 2121 et
2271 2070 2403 2120 hunc
2423 2085 2515 2137 pro
2536 2069 2725 2137 pietate
2745 2067 2906 2119 zelum
2931 2084 3041 2119 cum
3064 2067 3181 2120 aliis
3206 2068 3352 2120 donis
3376 2073 3487 2120 lar-

235 2164 376 2233 gitus
404 2172 495 2216 est.
529 2162 775 2233 Equidem
806 2164 938 2215 inter
964 2178 1049 2214 vos
1079 2160 1190 2215 ideo
1218 2161 1435 2226 surrexi,
1463 2170 1517 2213 ut
1543 2160 1756 2214 dicendo
1783 2162 2059 2213 salutarem
2082 2161 2233 2213 simul
2261 2169 2309 2213 et
2331 2159 2689 2223 valedicercm;
2718 2159 2902 2211 etenim
2941 2160 3194 2211 vobiscum
3226 2174 3397 2212 sumus
3420 2158 3487 2211 ad

236 2256 434 2325 fratres
464 2262 663 2306 nostros
691 2251 1068 2306 contendentes.

292 2342 429 2418 'Jam
458 2358 586 2398 vero
608 2343 735 2411 quid
755 2358 785 2396 a
810 2343 919 2397 suis
948 2341 1135 2410 legatis
1165 2341 1490 2396 (ecumenica
1521 2341 1753 2413 synodus
1782 2340 2065 2410 acceperit,
2097 2340 2196 2393 etsi
2225 2355 2329 2392 non
2360 2348 2441 2393 est
2463 2339 2733 2407 proditum
2761 2338 2970 2403 litteris,
3000 2338 3142 2405 quod
3180 2338 3377 2403 sciam;
3405 2354 3476 2393 ex

234 2450 307 2489 eo
337 2441 516 2488 tamen
539 2434 869 2502 intelligitur,
893 2433 1033 2502 quod
1065 2431 1266 2498 Patres,
1291 2442 1412 2501 post
1431 2432 1699 2487 difﬁcilem
1728 2447 1959 2502 pugnam
1980 2448 2099 2486 cum
2120 2430 2312 2485 Christi
2336 2432 2576 2487 hostibus
2594 2472 2607 2494 ,
2639 2432 2717 2485 sic
2745 2440 3014 2500 tamquam
3055 2430 3272 2498 gloriosi
3301 2430 3480 2497 duces,

232 2532 396 2594 parta
422 2524 662 2590 victoria,
688 2524 910 2583 laureati
935 2538 1059 2578 suas
1083 2522 1351 2580 Ecclesias
1371 2523 1686 2590 reviserint;
1718 2525 1938 2594 ipseque
1964 2522 2191 2593 Cyrillus
2212 2523 2296 2577 die
2339 2523 2404 2576 50
2440 2521 2702 2587 Octobris,
2733 2524 2823 2591 qui
2865 2524 3051 2576 tertius
3073 2524 3269 2577 mensis
3297 2523 3486 2595 Athyr,

231 2618 536 2671 secundum
562 2616 858 2688 Egyptios,
885 2616 1258 2671 Alexandriam
1279 2615 1559 2685 appulerit,
1587 2615 1675 2669 ubi
1698 2630 1727 2668 a
1755 2615 1883 2680 suis,
1906 2614 2057 2681 quasi
2085 2614 2457 2683 triumphantis
2485 2615 2749 2668 exercitus
2769 2613 2975 2677 ductor,
3006 2622 3255 2683 acceptus
3287 2622 3389 2669 est.
3422 2614 3491 2668 Et

232 2722 370 2761 vero
393 2706 598 2761 decima
617 2723 757 2762 nona
788 2708 1038 2773 homilia,
1066 2723 1170 2776 qua
1204 2708 1344 2761 diem
1380 2705 1656 2761 Paschalis
1691 2707 1743 2759 in
1784 2721 1981 2759 annum
2009 2704 2112 2758 452
2139 2705 2334 2769 edixit,
2364 2704 2640 2775 Epinicion
2673 2706 2772 2758 sibi
2800 2706 3069 2773 quoddam
3098 2706 3307 2760 videtur
3344 2708 3487 2763 ceci-

232 2799 405 2859 nisse,
436 2796 579 2865 quod
608 2806 784 2852 tamen
826 2813 934 2867 prie
964 2798 1237 2853 modestiae
1260 2797 1464 2862 studio,
1494 2805 1553 2851 ut
1578 2804 1630 2851 et
1658 2797 1937 2851 classicum
1967 2798 2091 2851 anni
2119 2797 2313 2866 prioris
2332 2838 2346 2862 ,
2380 2798 2681 2865 allegoricis
2710 2797 2891 2865 ﬁguris
2921 2800 3254 2868 temperavit.
3281 2798 3490 2870 Oppor-

233 2898 379 2950 tune,
414 2887 602 2954 inquit,
632 2904 851 2949 rursum,
877 2888 1012 2957 quod
1034 2886 1429 2957 Psalmographi
1460 2888 1573 2956 lyra
1601 2886 1825 2955 antiquis
1853 2886 2092 2951 occinuit,
2125 2902 2218 2939 nos
2247 2903 2441 2957 quoque
2470 2886 2537 2938 ad
2564 2903 2650 2939 vos
2680 2878 3036 2957 usurpabimus
3060 2906 3076 2941 :
3110 2886 3297 2943 Omnes
3318 2901 3490 2960 gentes

230 2975 471 3044 plaudite
499 2975 749 3037 manibus,
771 2974 989 3045 jubilate
1013 2974 1121 3028 Deo
1146 2976 1199 3027 in
1230 2990 1348 3027 voce
1375 2975 1729 3026 exsultationis
1756 2973 1923 3043 (Psal.
1958 2990 2097 3038 XLVI,
2122 2974 2206 3043 ‘2).
2239 2972 2352 3026 Hoc
2374 2982 2468 3036 est,
2493 2976 2755 3028 victoriale
2778 2993 2984 3030 carmen
3014 2979 3305 3031 occinamus
3335 2976 3487 3032 Chri-

229 3077 336 3130 sto,
362 3068 481 3119 vicit
508 3083 725 3137 namque
751 3083 842 3135 pro
870 3065 1013 3119 nobis
1038 3064 1280 3118 mundum
1306 3063 1438 3135 (Col.
1459 3080 1513 3128 ιι,
1540 3062 1648 3132 lii),
1673 3063 2081 3136 quandoquidem
2101 3065 2295 3117 scilicet
2318 3065 2529 3133 ipsemet
2556 3066 2647 3129 ait,
2675 3067 3101 3137 triumphauitque
3131 3068 3449 3137 principatus
3467 3106 3483 3131 ,

231 3159 636 3221 dominationes,
671 3166 819 3228 atque
847 3157 1023 3209 mundi
1051 3165 1268 3211 rectores
1301 3155 1617 3210 tenebrarum
1643 3157 1844 3221 harum,
1871 3157 2154 3226 spiritualis
2184 3158 2421 3228 nequitia:
2441 3158 2495 3209 in
2526 3157 2805 3212 caelestibus
2830 3159 2847 3229 (
2869 3157 3020 3214 lCor.
3044 3177 3133 3229 xv,
3156 3160 3269 3231 24),
3301 3178 3493 3232 nosque

232 3252 336 3303 hoc
358 3261 511 3320 pacto
537 3258 734 3319 ereptos
756 3265 819 3301 ea:
837 3248 1041 3301 illorum
1069 3249 1264 3301 saevitia
1294 3248 1355 3300 ab
1373 3248 1595 3317 antiquis
1626 3245 1924 3301 criminibus
1955 3246 2204 3313 liberavit,
2230 3246 2439 3319 a/ﬁgens
2469 3249 2627 3314 cruci,
2668 3250 2804 3321 quod
2823 3260 3001 3304 contra
3023 3267 3115 3304 nos
3151 3260 3281 3317 erat,
3312 3251 3485 3305 chiro-

227 3341 494 3415 graphum
519 3338 652 3409 (Col.
687 3356 739 3404 ιι,
766 3338 872 3408 id),
898 3348 952 3391 ut
980 3337 1041 3393 ob
1061 3338 1154 3392 hoc
1174 3340 1337 3407 ipsum
1358 3340 1549 3395 scilicet
1572 3339 1849 3413 gaudentes
1873 3340 2102 3393 dicamus
2126 3356 2143 3391 :
2188 3339 2285 3394 Ubi
2306 3351 2398 3403 est,
2424 3359 2582 3404 mors,
2620 3344 2833 3395 victoria
2859 3352 2943 3395 tua
2967 3340 3125 3414 (Osee
3148 3360 3258 3408 xm,
3285 3342 3418 3412 14)?

304 3431 699 3498 Quadrimestri
728 3430 900 3499 spatio
929 3437 1052 3498 post
1090 3428 1478 3487 abdicationem
1520 3434 1748 3488 Nestorii
1778 3432 1979 3500 elapso,
2013 3439 2204 3486 octavo
2235 3431 2344 3485 kal.
2374 3432 2717 3498 Novembris,
2752 3433 2803 3487 id
2832 3443 2942 3499 est,
2974 3435 3060 3489 die
3100 3434 3169 3487 25
3208 3433 3487 3503 Octobris,

226 3524 321 3592 qui
356 3522 682 3585 Dominicus,
714 3518 947 3591 synodus
977 3518 1367 3592 episcoporum,
1400 3523 1511 3578 sive
1530 3524 1619 3590 qui
1646 3540 1676 3577 a
1706 3522 1983 3577 catholicis
2016 3521 2228 3592 Epheso
2257 3524 2405 3579 missi
2427 3524 2667 3589 fuerant,
2692 3527 2804 3579 sive
2825 3527 2915 3594 qui
2945 3526 3082 3580 forte
3102 3524 3488 3581 Constantino-

224 3613 343 3682 poli
371 3610 592 3680 reperti.
625 3616 715 3663 aut
746 3609 906 3667 etiam
935 3622 966 3666 c
985 3613 1259 3681 provincia
1288 3620 1668 3677 convenerant,
1701 3614 1851 3666 urbis
1876 3614 2035 3680 regize
2063 3613 2371 3683 episcopum
2410 3616 2674 3669 ordinavit
2706 3616 3085 3672 Maximianum
3112 3633 3177 3672 ex
3216 3619 3484 3674 monacho

224 3703 641 3778 presbyterum,
673 3719 777 3758 non
808 3704 1228 3759 excultissimum
1256 3703 1468 3772 quidem
1501 3703 1725 3768 litteris,
1756 3703 1849 3757 sed
1878 3702 1998 3757 ﬁdei
2023 3705 2288 3772 probatae,
2315 3707 2570 3774 pacisque
2598 3714 2884 3771 amantem,
2918 3716 2972 3761 et
2994 3709 3209 3778 pietatis
3236 3710 3491 3778 Operibus

224 3800 498 3853 deditum.
532 3794 669 3848 Nulli
698 3802 812 3848 erat
832 3795 919 3848 ille
947 3795 1262 3849 clericorum
1292 3795 1428 3863 parti
1450 3794 1704 3861 ingratus,
1730 3793 1892 3846 immo
1920 3793 2032 3847 sedi
2063 3794 2399 3863 apostolicae,
2430 3795 2581 3863 cujus
2610 3796 2770 3862 legati
2799 3796 3052 3859 aderant,
3086 3813 3151 3851 eo
3192 3800 3484 3867 acceptior,

222 3888 386 3957 quod
408 3888 460 3940 in
486 3886 723 3940 Ecclesia
744 3885 983 3939 Romana
1010 3893 1262 3953 posuerat
1282 3884 1451 3952 prima
1480 3898 1646 3937 sacra:
1673 3883 1872 3936 militiae
1892 3883 2212 3938 rudimenta.
2248 3883 2423 3953 Atque
2449 3886 2562 3939 bzec
2590 3901 2748 3940 causa
2792 3887 2889 3941 fuit
2908 3904 3003 3941 cur
3032 3887 3223 3942 Proclo
3268 3896 3322 3942 et
3362 3886 3488 3940 Phi-

222 3981 386 4049 lippo
427 3977 798 4042 anteferretur,
821 3976 950 4030 viris
976 3975 1175 4043 alioqui
1196 3974 1435 4029 doctrina
1467 3982 1521 4029 et
1553 3976 1751 4044 pietate
1779 3974 2170 4043 prmstautibus,
2195 3976 2289 4030 sed
2340 3976 2432 4043 qui
2460 3976 2650 4031 studiis
2692 3977 3005 4031 clericorum
3034 3977 3315 4032 contrariis
3342 3976 3490 4031 fove-

221 4076 449 4124 τρηιιιτ.

301 4158 506 4212 Statim
534 4156 599 4210 ab
628 4134 963 4210 ordinatione
983 4152 1217 4224 synodus
1246 4153 1453 4206 litteras
1490 4152 1556 4206 de
1585 4167 1732 4206 more
1757 4151 1903 4206 dedit
1946 4152 2013 4205 ad
2042 4152 2242 4221 primas
2270 4154 2425 4209 sedes
2444 4195 2459 4219 ,
2492 4162 2654 4224 atque
2684 4156 2845 4208 etiam
2885 4154 2950 4207 ad
2980 4155 3265 4225 episcopos
3293 4155 3491 4211 veteris

218 4247 409 4316 Epiri,
433 4260 569 4313 quos
590 4242 913 4297 schismatici
941 4239 1125 4294 fallere
1146 4241 1440 4303 tentabant,
1472 4239 1695 4308 proinde
1719 4254 1781 4293 ac
1810 4239 1854 4292 si
1877 4247 2075 4293 sancta:
2097 4242 2287 4310 synodi
2308 4244 2684 4297 communione
2707 4241 3026 4307 fruerentur,
3059 4245 3302 4312 quamvis
3323 4261 3351 4298 a
3373 4247 3486 4314 pri-

216 4342 381 4396 stina
410 4336 678 4428 senteqtia
709 4349 813 4409 non
838 4332 1202 4387 recessissent.
1233 4328 1587 4395 Quamobrem
1632 4344 1866 4384 canones
1894 4329 1983 4396 qui
2014 4329 2065 4380 in
2094 4331 2318 4398 septima
2348 4332 2558 4385 actione
2586 4331 2851 4398 leguntur,
2889 4332 2956 4385 ad
2987 4333 3132 4401 ipsos
3163 4334 3311 4387 missi
3340 4343 3484 4398 sunt,

217 4447 299 4485 ex
329 4429 531 4497 quibus
560 4420 795 4479 certiores
826 4423 1157 4476 redderentur
1196 4421 1259 4473 de
1286 4422 1348 4474 iis
1376 4436 1489 4491 qua:
1525 4430 1703 4474 contra
1732 4420 2083 4473 schismaticos
2115 4430 2165 4473 et
2193 4420 2532 4476 Nestorianos
2561 4421 2763 4476 decreta
2790 4424 2997 4494 fuerant
3016 4466 3031 4490 ,
3077 4434 3128 4479 et
3171 4428 3335 4499 qualis
3375 4426 3492 4481 dein

217 4534 391 4591 poena
413 4516 517 4569 illis
546 4514 820 4566 constituta
841 4519 988 4576 esset,
1020 4513 1104 4581 qui
1133 4526 1246 4563 cum
1274 4510 1397 4578 ipsis
1418 4511 1791 4562 communicare
1813 4518 2196 4577 prazsumerent.

304 4603 533 4659 Litteris
556 4618 585 4655 a
609 4601 812 4672 synodo
833 4599 1211 4653 Alexandriam
1232 4600 1297 4653 ad
1325 4590 1579 4670 Cyrillum
1610 4598 1843 4665 directis,
1873 4614 1995 4653 suas
2024 4598 2317 4667 singulares
2361 4599 2599 4668 adjunxit
2620 4574 2789 4656 novus
2810 4603 3112 4674 episcopus,
3144 4606 3335 4673 quibus
3364 4622 3492 4660 san-

215 4707 389 4752 ctum
417 4691 615 4746 Christi
644 4690 1005 4745 confessorem
1027 4702 1127 4758 pro
1148 4688 1353 4743 meritis
1380 4688 1638 4753 laudaret,
1670 4696 1983 4757 peteretque
2007 4689 2138 4741 tanti
2168 4688 2440 4757 praesulis,
2471 4690 2584 4743 sive
2620 4691 2867 4759 precibus
2887 4692 3080 4760 juvari,
3107 4695 3217 4747 sive
3257 4694 3493 4750 consiliis

215 4782 539 4845 informari,
564 4780 674 4834 sive
703 4784 964 4848 perpetuo
980 4778 1255 4833 charitatis
1269 4776 1480 4831 vinculo
1501 4776 1773 4830 devinciri.
1799 4776 2013 4830 Addidit
2034 4784 2089 4830 et
2107 4791 2231 4831 suas
2260 4786 2365 4831 tum
2381 4776 2668 4847 synodicis,
2694 4785 2805 4833 tum
2827 4781 3189 4849 imperialibus
3210 4782 3275 4835 ad
3296 4780 3352 4835 S.
3368 4781 3492 4835 Cm-

214 4872 498 4926 lestinum
522 4881 784 4921 summum
812 4864 1137 4934 pontiﬁcem,
1168 4880 1301 4933 quas
1330 4879 1516 4919 omnes
1542 4864 1884 4934 perferendas
1904 4875 2225 4935 acceperunt
2251 4866 2482 4921 Joannes
2504 4868 2800 4939 presbyter,
2828 4878 2882 4924 et
2909 4869 3184 4940 Epictetus
3212 4871 3487 4927 diaconus.

212 4962 359 5016 Non
393 4966 607 5014 exstant
632 4964 743 5010 tres
772 4957 892 5021 illae,
924 4955 1068 5024 quod
1096 4955 1290 5020 sciam;
1323 4970 1507 5009 earum
1547 4964 1723 5009 tamen
1752 4956 1954 5010 mentio
1986 4957 2045 5009 tit
2092 4957 2145 5010 in
2174 4958 2609 5027 responsionibus
2636 4958 2909 5015 leestini
2957 4962 3025 5016 ad
3052 4963 3319 5031 singulas:
3353 4965 3494 5019 unde

210 5050 444 5106 scimus
472 5046 814 5115 epistolarum
841 5044 1136 5114 perlatores
1157 5044 1366 5123 venisse
1395 5043 1622 5098 Romam
1643 5044 1708 5097 ad
1730 5044 1871 5098 diem
1898 5046 2131 5101 natalem
2152 5046 2391 5114 Domini;
2422 5048 2590 5103 lectas
2613 5049 2956 5119 imperatoris
2985 5052 3210 5117 litteras,
3235 5055 3490 5123 aliasque,

212 5148 287 5195 ut
316 5136 539 5207 opinor,
574 5136 624 5190 in
652 5134 884 5188 maximo
912 5140 1053 5187 ocetu
1078 5133 1222 5202 apud
1250 5132 1506 5187 Sanctum
1536 5132 1777 5199 Petrum,
1810 5150 1873 5189 ac
1912 5151 2119 5190 summa
2146 5138 2380 5191 omnium
2409 5139 2764 5207 gratulatione
2803 5152 3073 5213 exceptas.
3107 5144 3391 5217 Retigiosos
3430 5148 3498 5216 ﬁ-

210 5233 341 5291 lios
373 5244 530 5292 meos,
556 5227 724 5296 inquit
743 5224 1001 5297 pontifex,
1022 5223 1279 5279 Joannem
1305 5226 1674 5295 presbyterum,
1698 5236 1747 5278 et
1768 5224 2055 5295 Epictetum
2076 5226 2365 5293 diaconum,
2394 5237 2549 5283 tanta:
2576 5231 2650 5283 rei
2678 5234 2902 5297 nuntios,
2926 5249 3041 5288 cum
3073 5236 3225 5289 totius
3250 5235 3497 5291 Ecclesia

209 5320 595 5399 gratulatione
616 5318 955 5388 suscepimus;
976 5325 1025 5369 et
1053 5317 1193 5369 lectis
1215 5317 1268 5369 in
1299 5323 1405 5369 tota
1432 5313 1739 5370 Christiana:
1758 5316 1917 5387 plebis
1948 5320 2341 5389 congregatione
2364 5357 2377 5382 ,
2404 5320 2543 5390 apud
2572 5320 2915 5377 beatissimum
2946 5328 3234 5396 apostolum
3261 5325 3494 5390 Petrum,

210 5420 431 5470 vestra:
458 5411 661 5479 pietatis
688 5406 933 5478 apicibus,
965 5405 1075 5460 Deo
1104 5414 1278 5458 nostro
1311 5422 1404 5476 pro
1432 5404 1568 5459 vobis
1603 5416 1721 5460 vota
1749 5408 2102 5476 persolvimus.
2129 5407 2214 5462 Ita
2246 5410 2383 5462 enim
2421 5410 2489 5463 ad
2518 5428 2631 5475 nos,
2665 5424 2846 5484 agente
2867 5414 3111 5483 Domino,
3143 5428 3497 5488 pervenerunt,

212 5516 290 5561 ut
328 5502 404 5555 ad
430 5518 544 5555 eum
573 5500 724 5561 diem,
756 5514 852 5569 quo
881 5496 1188 5549 celebramus
1219 5494 1407 5548 Christi
1432 5495 1529 5549 Dei
1555 5498 1717 5550 nostri
1746 5498 1989 5563 natalem,
2014 5498 2289 5554 secundum
2318 5517 2544 5568 carnem,
2570 5504 2651 5556 cui
2678 5507 2892 5575 quwstio
2920 5508 3254 5579 inferebatur,
3283 5526 3501 5564 concur-

218 5603 445 5658 rerent,
469 5602 518 5646 et
542 5592 849 5661 impietatem
877 5588 1089 5641 convicti
1115 5588 1350 5639 universa
1371 5590 1695 5657 congregatio
1724 5588 2036 5657 confutaret.

319 5681 644 5748 Orientales,
676 5695 796 5735 cum
822 5677 1222 5743 intellexissent,
1253 5676 1395 5729 nulla
1424 5690 1533 5730 sua:
1564 5676 1965 5744 protestationis
1994 5676 2174 5731 habita
2210 5678 2436 5745 ratione,
2472 5678 2851 5737 Maximianum
2883 5682 3045 5739 fuisse
3074 5684 3411 5754 ordinatum,
3439 5682 3496 5738 in
