3958 6178
531 296 633 350 759
1060 286 1421 344 PRJSFATIO
1458 284 1522 340 1N
1562 284 1924 340 SECUNDAM
1965 283 2242 338 PARTEM
2282 283 2564 338 OPERUM
2603 283 2792 338 :‘dARll
2833 282 3297 340 MERCATURIS.
3641 289 3723 343 7m

530 425 655 464 suas
676 420 898 476 quisque
928 401 1228 472 provincias
1261 401 1541 466 abierunt,
1591 400 1722 453 certi
1752 413 2036 465 numquam
2065 408 2155 450 aut
2201 397 2577 450 Alexandrinis
2597 439 2611 461 ,
2644 405 2734 450 aut
2760 394 3363 466 Constantinopolitanis
3391 413 3727 453 communionis

526 501 707 568 jungi;
731 499 925 566 quippe
951 494 1042 561 qui
1069 489 1322 562 Cyrillum
1345 491 1492 559 jure,
1523 498 1580 543 ut
1607 489 1735 559 ipsis
1764 489 1977 556 quidem
2008 487 2309 547 videbatur,
2343 503 2371 539 a
2418 502 2475 540 se
2518 486 2819 554 depositum
2838 526 2851 550 ,
2883 484 3121 552 vitioque
3151 486 3452 539 ordinatqu
3492 487 3729 540 Maximia-

528 608 672 656 uum,
696 600 1016 658 puecessore
1044 600 1141 654 per
1161 583 1405 651 injuriam
1425 581 1652 649 dejecto,
1684 588 2046 634 causarentur.
2080 578 2253 644 Atque
2276 577 2399 630 hinc
2419 585 2597 630 ortum
2626 585 2726 640 est,
2753 583 2812 628 ut
2839 590 2959 629 cum
2981 576 3096 629 dum
3125 584 3327 628 tantum
3359 576 3594 630 ineundae
3610 579 3732 646 pacis

525 680 854 734 conditiones
875 679 979 731 huc
1007 691 1174 744 usque
1202 676 1561 742 exigerentur,
1587 672 1871 727 consensio
1901 672 1954 724 in
1983 669 2374 738 depositionem
2401 668 2652 735 Nestorii,
2676 674 2730 722 et
2751 666 2990 736 ejusdem
3018 682 3260 722 errorum
3290 667 3580 734 damnatio,
3599 671 3734 722 tertia

527 773 743 840 insuper
766 769 1069 830 accesserit,
1103 767 1418 836 approbatio
1439 763 1788 819 ordinationis
1817 760 2141 814 Maximiani.

597 859 1105 924 Theodoretus,quo
1135 871 1292 909 nemo
1321 853 1684 922 impatientius
1707 850 1925 915 ferebat,
1956 850 2067 903 sive
2093 847 2324 902 Nestorii
2352 847 2860 908 cxauctorationem,
2884 849 2996 899 sive
3023 844 3204 915 Cyrilli
3225 846 3630 911 restitutionem,
3646 861 3736 899 non

524 959 806 1006 contentus
834 947 1338 1019 reprehensionibus
1366 943 1948 1004 anathematismorum,
1973 955 2105 1007 quas
2134 948 2260 992 ante
2298 936 2557 1007 synodum
2579 976 2591 996 ,
2619 935 2847 1004 impulsu
2877 933 3100 988 Joannis
3126 934 3470 998 Antiocheni,
3504 932 3737 991 ediderat.

525 1041 579 1093 in
601 1038 869 1093 Orientem
903 1037 1089 1100 redux,
1122 1036 1410 1103 instigante
1431 1032 1661 1094 diabolo,
1695 1037 1753 1083 ut
1783 1029 1858 1082 ait
1881 1028 2166 1090 Mercator,
2201 1043 2334 1095 opus
2355 1026 2671 1094 conscripsit
2699 1024 2953 1078 adversus
2981 1024 3235 1095 Cyrillum
3275 1034 3327 1079 et
3353 1034 3594 1080 sanctum
3624 1042 3739 1082 con-

525 1131 705 1185 cilium
736 1129 1083 1200 Ephesinum,
1115 1126 1259 1195 quod
1286 1122 1572 1193 aliquando
1597 1121 1662 1175 ab
1690 1127 2002 1189 argumento
2035 1118 2352 1187 inscriptum
2379 1119 2662 1186 reperitur,
2695 1121 2812 1194 Περί
2831 1120 3267 1193 ἐνανορωπὴσεως,
3301 1117 3585 1186 aliquando
3607 1133 3634 1172 a
3651 1134 3742 1172 nu-

527 1235 677 1273 mero
700 1219 972 1282 librorum,
1005 1217 1364 1278 Πενταϐίϐλιον,
1400 1213 1635 1281 quinque
1674 1211 1814 1263 enim
1860 1209 2010 1262 libris
2032 1209 2354 1262 continetur.
2397 1207 2672 1261 Scribeudi
2713 1209 3050 1262 occasionem
3080 1209 3310 1276 explicat
3339 1210 3392 1262 in
3433 1207 3740 1278 prmfatlone.

528 1307 836 1377 Priusquam
866 1314 1136 1360 conventus
1158 1303 1294 1374 apud
1318 1302 1576 1374 Ephesum
1604 1299 1959 1364 celebraretur,
1985 1299 2250 1352 duodecim
2287 1300 2524 1368 capitulis
2562 1300 2776 1352 strictim
2803 1308 3071 1370 aperteque
3107 1301 3405 1364 restitimus,
3434 1309 3491 1353 ut
3523 1304 3744 1368 pra‘scius

527 1398 707 1450 horum
732 1394 1199 1464 ﬁeretintellectus,
1231 1394 1384 1445 etiam
1415 1390 1700 1443 studiorum
1738 1398 1788 1441 et
1827 1389 2041 1440 rationis
2071 1387 2381 1458 expertibus.
2419 1385 2553 1449 Quia
2580 1404 2695 1441 vero
2733 1403 2788 1440 se
2815 1389 3161 1457 manifestum,
3193 1391 3279 1459 qui
3302 1390 3400 1441 ista
3420 1389 3662 1457 protulit,
3695 1406 3744 1445 tn

527 1486 742 1537 concilio
765 1483 1057 1546 declaravit,
1100 1490 1148 1534 et
1175 1481 1344 1550 plures
1390 1495 1454 1531 ea:
1493 1479 1557 1530 iis
1586 1478 1670 1547 qui
1701 1485 2030 1540 corruerant,
2060 1477 2284 1544 imperiti
2326 1477 2513 1544 potius,
2556 1492 2647 1527 nec
2675 1475 2782 1527 ulla
2811 1477 3061 1546 dogmatis
3092 1476 3268 1529 imbuti
3297 1476 3511 1542 notitia,
3542 1479 3623 1548 pia
3649 1478 3742 1532 lucc

527 1572 759 1625 arbitrati
797 1579 939 1633 sunt,
968 1585 1132 1640 opera:
1160 1569 1378 1638 pretium
1406 1567 1565 1618 visum
1595 1574 1669 1618 est
1706 1566 1888 1617 iterum
1918 1573 2098 1617 contra
2137 1564 2232 1616 niti
2251 1604 2264 1629 ,
2295 1579 2677 1634 sermonemque
2717 1563 3004 1616 distendere
3039 1573 3087 1616 et
3119 1565 3369 1617 succisam
3401 1564 3742 1633 blasphemiae:

525 1662 870 1730 multipliciter
899 1661 1181 1730 confutare,
1213 1667 1268 1709 ut
1293 1654 1648 1727 ignorantibus
1677 1655 1953 1708 evidentius
1983 1651 2336 1724 approbemus,
2362 1653 2786 1724 quemadmodum
2810 1653 3106 1725 Evangeliis
3128 1654 3514 1710 declararentur
3534 1657 3740 1720 adversa,

527 1769 636 1822 qua:
661 1767 794 1804 nunc
823 1751 884 1803 ab
916 1752 1026 1803 istis
1055 1749 1277 1802 maxime
1300 1748 1653 1817 proferuntur.

598 1841 707 1893 Sub
738 1840 877 1893 idem
905 1849 1143 1908 tempus,
1183 1837 1392 1890 videtur
1420 1835 1706 1890 Eutherius
1736 1835 2129 1904 Tbyanensium
2172 1835 2455 1904 episcopus
2483 1835 2788 1903 scripsisse,
2822 1834 2888 1888 ad
2916 1834 3252 1891 Eustathium
3287 1837 3537 1894 Parnassi
3563 1841 3744 1910 episco-

529 1945 672 1998 pum,
709 1945 842 1997 opus
863 1928 1050 1996 viginti
1075 1927 1186 1980 sive
1216 1926 1363 1979 libris
1385 1925 1497 1978 sive
1518 1924 1777 1993 capitibus
1806 1922 2134 1987 distinctum,
2158 1921 2310 1991 cujus
2337 1933 2420 1977 est
2445 1923 2645 1977 mentio
2669 1922 2809 1992 apud
2836 1922 3113 1989 Photium,
3146 1926 3243 1979 sub
3271 1927 3486 1982 nomine
3507 1927 3738 1982 Theodo-

530 2021 669 2084 reti;
701 2028 870 2073 totum
892 2033 1021 2073 vero
1045 2016 1308 2086 reperitur
1345 2015 1485 2068 inter
1518 2029 1680 2082 Opera
1711 2013 2004 2066 Athanasii.
2031 2011 2261 2081 Tempus
2290 2020 2466 2066 autem
2508 2012 2590 2065 his
2624 2027 2690 2066 ex
2718 2012 2896 2066 verbis
2931 2012 3087 2067 facile
3117 2014 3426 2084 intelligitur
3454 2033 3466 2068 :
3503 2013 3747 2079 Quomoao

529 2119 702 2179 potero
718 2107 970 2161 mendacii
993 2107 1162 2159 omnia
1182 2121 1315 2156 nunc
1341 2104 1593 2156 turbantis
1610 2101 1842 2156 cohibere
1863 2105 2102 2172 impetus,
2127 2102 2330 2173 quando
2354 2103 2646 2155 temeritatis
2671 2111 2720 2155 et
2739 2102 3068 2172 impudentia:
3089 2104 3240 2174 plena
3261 2114 3378 2158 sunt
3396 2123 3510 2177 quae
3535 2108 3748 2160 dicuntur

528 2200 716 2252 omnia.
751 2196 1006 2250 Dicuntur
1035 2205 1202 2248 autem
1248 2211 1447 2247 summa
1489 2210 1602 2246 cum
1636 2193 1952 2262 impudentia
1979 2201 2027 2245 et
2063 2194 2382 2263 arrogantia,
2412 2201 2468 2244 ut
2510 2209 2644 2245 nunc
2684 2193 2882 2263 quidem
2912 2195 3047 2264 quod
3074 2197 3185 2248 ausi
3212 2196 3455 2251 hactenus
3479 2215 3581 2252 non
3611 2214 3746 2262 sunt,

529 2269 702 2342 ausuri
731 2289 835 2340 sint
863 2304 880 2340 :
911 2303 1068 2356 usque
1090 2286 1216 2339 adeo
1247 2285 1599 2338 Inereticorum
1638 2283 1836 2337 malitia
1859 2299 1962 2335 non
1985 2285 2102 2352 jam
2124 2283 2342 2352 amplius
2371 2285 2505 2336 clam
2535 2284 2806 2354 leviterque
2826 2285 3224 2355 simplicioribus
3244 2287 3580 2352 insidiatum;
3602 2289 3686 2344 sed
3703 2300 3750 2342 ut

526 2400 639 2454 qua:
671 2398 922 2434 summam
962 2381 1192 2433 omnium
1225 2387 1527 2447 potestatem
1555 2375 1758 2442 habeat,
1791 2375 1989 2428 nullum
2017 2391 2120 2427 non
2153 2377 2352 2445 facinus
2391 2378 2457 2429 sit
2480 2385 2780 2446 patratum;
2812 2386 3107 2449 sumptoque
3133 2378 3229 2432 sibi
3258 2381 3311 2432 in
3333 2395 3505 2434 omnes
3533 2383 3748 2452 imperia,

528 2475 660 2542 leges
689 2471 1049 2541 priescriptura
1065 2485 1080 2531 ;
1105 2467 1172 2518 ad
1200 2467 1393 2536 placita
1414 2481 1510 2517 sua
1537 2466 1737 2534 quosvis
1759 2472 2113 2534 pertractura;
2136 2463 2475 2517 obedientiam
2515 2462 2734 2517 subitam
2767 2466 3103 2536 ﬂagitatum;
3133 2468 3398 2537 cognitura
3421 2483 3635 2533 causas;
3655 2488 3726 2539 pa:

529 2541 625 2614 itas
648 2578 678 2614 a
709 2558 1114 2631 diligentioribus
1145 2557 1349 2627 pietatis
1380 2554 1658 2608 cultoribus
1680 2564 1953 2617 exactura;
1978 2562 2028 2607 et
2066 2553 2198 2606 hunc
2221 2554 2421 2625 quidem
2447 2555 2736 2608 involutura
2769 2555 3006 2625 injuriis;
3033 2557 3204 2626 patria
3232 2557 3499 2626 pulsatura
3527 2561 3753 2616 alterum.

528 2654 641 2705 huic
664 2653 1045 2705 accusationum
1077 2657 1277 2700 textura
1303 2647 1508 2717 laqueos
1533 2661 1552 2709 ;
1581 2644 1727 2697 illum
1749 2644 1811 2697 de
1847 2645 2112 2715 dignitatis
2141 2661 2247 2698 sua:
2274 2643 2437 2716 gradu
2466 2643 2795 2699 deturbatum
2815 2661 2835 2710 ;
2872 2645 3030 2698 alium
3051 2645 3310 2716 dejectura
3337 2649 3588 2712 audacia;
3609 2649 3755 2702 alium

527 2760 700 2796 vocum
725 2743 956 2794 inanium
979 2737 1219 2808 ampullis
1249 2737 1301 2788 in
1343 2751 1553 2788 nassam
1575 2742 1821 2787 tractura.
1856 2733 2018 2789 Taceo
2046 2733 2265 2796 vincula,
2298 2750 2547 2799 carceres,
2580 2736 2814 2799 mulctas,
2853 2735 3156 2806 infamiam,
3197 2734 3422 2807 ﬂagella,
3448 2735 3756 2792 miserabilia

527 2830 744 2884 aedium
771 2826 1095 2897 spectacula;
1121 2834 1270 2893 atque
1289 2823 1439 2892 hujus
1463 2822 1723 2892 tragtedia:
1757 2823 1903 2876 multi
1923 2839 2189 2876 sacrorum
2209 2825 2460 2878 antistites
2490 2834 2721 2877 auctores
2743 2836 2880 2878 sunt.
2927 2824 2978 2877 (1
3003 2824 3274 2878 audaciam
3305 2828 3515 2880 minime
3535 2832 3754 2881 sacram:

527 2938 557 2973 ο
597 2917 924 2972 intoleranda
956 2915 1111 2986 jura!
1152 2913 1435 2985 peracturis
1473 2928 1644 2979 sacra,
1678 2922 1766 2965 aut
1793 2912 2019 2966 docturis
2072 2912 2408 2966 blandissima
2453 2914 2547 2968 illa
2592 2916 2647 2967 in
2677 2930 2764 2968 ore
2805 2923 2878 2968 est
2905 2915 3168 2978 salutatio,
3200 2933 3303 2986 pax
3348 2915 3601 2971 omnibus.
3644 2916 3757 2972 Haec

527 3025 648 3065 cum
671 3010 778 3062 sint
807 3007 1130 3061 Theodoreti
1159 3013 1214 3060 et
1234 3004 1583 3060 Orientalium
1613 3006 1844 3073 querelis
1865 3005 2035 3075 paria,
2066 3003 2256 3058 eodem
2276 3013 2514 3074 tempore
2540 3007 2891 3076 proculdubio
2913 3009 3205 3077 composita
3240 3008 3343 3062 dici
3372 3008 3588 3064 debent.

597 3098 730 3152 Dum
754 3099 867 3152 haec
896 3097 948 3150 in
970 3095 1187 3152 Oriente
1208 3104 1480 3165 geruntur,
1511 3094 1743 3166 Cyrillus
1772 3095 1977 3167 synodo
1997 3093 2601 3165 Constantinopolitanae
2630 3097 3056 3167 Maximianoque
3085 3099 3382 3168 respondit;
3411 3100 3489 3154 illi
3519 3100 3720 3168 gratula

528 3201 613 3247 tus
635 3191 700 3246 de
728 3191 1022 3246 constituto
1044 3190 1307 3255 antistite;
1330 3189 1490 3243 istum
1523 3187 1767 3242 laudibus
1807 3203 2101 3253 exornans,
2131 3197 2187 3243 et
2207 3189 2274 3243 de
2303 3184 2405 3243 ﬁde
2432 3189 2698 3255 edoctum,
2730 3192 2945 3246 monitis
2973 3192 3040 3246 ad
3067 3207 3179 3246 rem
3211 3193 3348 3248 bene
3375 3200 3664 3262 gerendam
3684 3199 3756 3248 in-

531 3288 787 3342 formans.
819 3285 1056 3353 Utraque
1101 3284 1380 3353 responsio
1416 3284 1561 3337 venit
1588 3282 2134 3352 Constantinopolim,
2167 3284 2376 3353 opinor,
2408 3299 2528 3338 cum
2559 3285 2775 3339 homilia
2797 3285 3053 3354 paschali,
3084 3284 3133 3338 id
3154 3292 3253 3350 est,
3283 3286 3424 3339 circa
3464 3287 3626 3341 linem
3664 3286 3760 3339 Nrr

529 3381 758 3434 vembris
787 3387 878 3434 aut
907 3381 1210 3434 Decembris
1239 3381 1406 3434 initia.
1439 3379 1640 3434 Eodem
1661 3381 1823 3444 venit,
1855 3387 2086 3447 quatuor
2118 3379 2246 3433 totis
2284 3387 2407 3448 post
2435 3380 2723 3443 mensibus,
2741 3377 3016 3434 leestini
3038 3377 3406 3450 respondentis
3437 3378 3760 3452 quadruple'r

530 3473 753 3541 cpistola
774 3489 786 3537 ;
811 3472 1060 3540 quaelibet
1088 3473 1228 3526 enim
1255 3471 1376 3526 data
1406 3472 1598 3540 legitur
1621 3471 1793 3525 idibus
1814 3469 2016 3524 Martiis
2045 3472 2168 3525 anni
2196 3472 2591 3540 consequentis,
2610 3470 2816 3526 Joanne
2837 3480 2891 3526 et
2916 3470 3158 3540 Epicteto
3180 3470 3552 3526 festinantibus
3582 3469 3762 3526 festum

529 3563 670 3617 diem
704 3562 981 3616 Pascbatis
1022 3578 1118 3616 sua
1166 3563 1218 3616 in
1267 3561 1505 3616 Ecclesia
1536 3562 1829 3627 celebrare,
1861 3577 1981 3616 cum
2021 3563 2251 3617 natalem
2272 3563 2483 3617 Domini
2511 3564 2694 3618 Roma:
2733 3564 3083 3632 peregissent.
3108 3563 3280 3630 Hanc,
3307 3565 3382 3618 ait
3422 3561 3765 3626 leestinus.

530 3654 924 3707 sollicitudinem
977 3663 1207 3708 nostram
1254 3663 1526 3724 praesentes
1567 3651 1849 3722 probarunt
1877 3651 1986 3705 Deo
2015 3652 2256 3706 amabiles
2278 3654 2374 3722 lilii
2395 3663 2443 3706 et
2472 3654 2775 3718 charissimi,
2807 3662 2956 3724 atque
2983 3655 3170 3706 animis
3197 3656 3382 3707 nostris
3413 3656 3764 3730 acceptissimi.

529 3741 753 3796 Joannes
801 3741 1060 3812 presbyter
1099 3749 1147 3794 et
1193 3739 1452 3810 Epictetus
1474 3740 1736 3803 diaconus,
1779 3756 1903 3810 quos
1932 3756 2154 3793 reversos
2188 3741 2255 3793 ad
2284 3758 2367 3794 vos
2404 3743 2643 3818 festinato
2673 3743 2961 3796 remisimus
2980 3760 3004 3807 ;
3031 3743 3295 3797 sollicitius
3337 3744 3432 3798 hoc
3461 3752 3692 3816 agentes,
3719 3750 3771 3793 ut

530 3849 653 3904 quos
675 3830 846 3886 diebus
875 3831 1161 3887 Dominicae
1188 3831 1465 3884 nativitatis
1493 3831 1792 3899 accepimus,
1823 3830 2205 3882 resurrectionis
2234 3828 2521 3885 Dominica:
2550 3839 2770 3900 tempore
2799 3831 3136 3886 redderemus.

1923 4019 2056 4059 ANNO
2094 4020 2385 4062 CCCCXXX".

605 4190 712 4246 Cur
737 4205 900 4262 porro
929 4197 1038 4244 tres
1065 4189 1176 4242 fere
1202 4200 1414 4242 menses
1431 4183 1700 4254 pontiﬁcis
1721 4198 2039 4253 responsum
2063 4184 2242 4239 clerici
2268 4185 2415 4240 urbis
2441 4187 2601 4252 regiae
2629 4187 3072 4257 exspectaverint,
3101 4203 3262 4244 causa
3280 4189 3377 4245 fuit
3396 4191 3592 4260 procul
3619 4188 3778 4246 dubio

536 4286 841 4339 invaletudo
865 4282 1158 4348 Coelestini,
1182 4282 1273 4350 qui
1299 4278 1554 4348 vigesimo
1583 4276 1817 4332 secundo
1839 4275 1925 4330 die
1947 4290 1977 4328 a
2001 4275 2213 4344 scriptis
2231 4276 2423 4330 litteris
2446 4278 2691 4345 migravit
2719 4278 2784 4332 ad
2806 4279 2990 4332 Deum.

604 4372 661 4424 In
690 4372 772 4425 his
796 4386 925 4425 vero
945 4371 1137 4425 litteris
1161 4367 1481 4425 sanctissimi
1505 4363 1775 4436 pontiﬁcis
1795 4364 1970 4419 elucet
1995 4363 2265 4429 vigilantia
2288 4366 2569 4434 pastoralis
2598 4367 2650 4419 in
2679 4367 3042 4435 promovenda
3071 4367 3324 4423 Ecclesiae
3361 4381 3519 4437 pace,
3555 4378 3782 4440 aposto-

537 4461 670 4514 licus
694 4462 844 4528 vigor
865 4461 917 4512 in
945 4460 1288 4528 proﬂigandis
1325 4458 1643 4524 haeresibus,
1675 4457 1966 4526 disciplima
1987 4457 2215 4511 studium
2257 4457 2510 4512 adversus
2548 4458 2755 4517 animos
2783 4473 3024 4514 errorum
3052 4441 3381 4528 pertinaceg,
3423 4461 3786 4517 mansuetudo

535 4563 660 4617 erga
689 4548 1028 4618 poenitentes,
1057 4555 1111 4601 et
1137 4555 1358 4615 paterna
1379 4547 1549 4616 pietas
1572 4546 1625 4598 in
1648 4560 1850 4600 omnes.
1874 4544 2029 4599 Senis
2057 4553 2233 4601 tamen
2255 4546 2740 4616 optimi,cupientis
2761 4547 2992 4612 dissolvi,
3014 4557 3068 4604 et
3093 4566 3207 4605 esse
3229 4567 3350 4605 cum
3375 4551 3621 4619 Christo,
3649 4555 3788 4608 votis

536 4652 700 4691 unum
728 4636 934 4699 deerat,
961 4634 1194 4701 illudque
1222 4633 1373 4700 quasi
1406 4634 1644 4687 victoria:
1673 4635 1968 4688 necessaria
1985 4633 2222 4702 quazdam
2251 4636 2532 4699 absolutio,
2547 4637 2933 4707 nimirum,an
2961 4638 3229 4711 Ecclesiae,
3251 4644 3562 4698 communio
3597 4645 3790 4698 Antio~

535 4729 828 4783 chenorum
873 4738 994 4779 cum
1027 4724 1176 4787 aliis,
1220 4728 1276 4775 et
1312 4721 1540 4776 Nestorii
1569 4723 1877 4792 deportatio
1906 4725 2044 4778 ultra
2073 4725 2342 4780 metuendi
2381 4735 2567 4781 metas.
2612 4727 2667 4780 Id
2705 4729 2770 4782 ab
2810 4730 3131 4799 imperatore
3171 4733 3405 4801 postulat
3434 4734 3643 4799 verbis,
3671 4743 3732 4790 ut
3766 4751 3792 4786 a

535 4831 743 4871 summo
773 4811 1044 4885 pontiﬁce,
1068 4810 1466 4866 efﬁcacissimis.
1503 4809 1839 4866 Obsecramus
1869 4822 1916 4866 et
1954 4815 2237 4883 poscimus,
2278 4815 2368 4868 sub
2409 4815 2547 4870 illius
2574 4817 2894 4872 invocatione
2919 4837 3065 4891 quem
3096 4823 3260 4876 colitis
3279 4864 3292 4889 ,
3335 4823 3457 4894 ﬁdei
3482 4836 3714 4888 vestrae,
3745 4840 3793 4876 ut

534 4908 669 4980 quod
690 4905 988 4968 consuestis,
1024 4919 1170 4956 arma
1198 4903 1470 4972 prwstetis.
1502 4898 1655 4953 Nunc
1675 4903 1810 4954 enim
1836 4911 1912 4955 est
1951 4904 2113 4955 omnis
2144 4903 2448 4973 opponenda
2494 4905 2745 4968 custodia,
2777 4923 2840 4959 ne
2882 4924 3049 4977 rapam
3077 4908 3222 4977 lupus
3262 4911 3474 4964 ovilibus
3522 4911 3798 4966 Dominicn

536 5003 721 5072 gregis,
753 5015 865 5051 cum
893 4998 1110 5050 sazvierit
1137 4995 1390 5058 exclusus,
1420 5010 1594 5047 rursus
1624 4996 1912 5063 serpentino
1942 4993 2086 5063 lapsu
2110 4994 2176 5046 ad
2198 5003 2409 5047 mortem
2439 4997 2699 5064 perveniat
2731 4999 3040 5058 animarum,
3067 4999 3266 5065 eﬂossis
3307 5015 3406 5069 qua
3433 5009 3615 5069 potest
3646 5013 3800 5066 parte

537 5092 779 5144 cuniculis
808 5107 823 5143 :
849 5106 938 5142 nec
967 5090 1100 5141 enim
1120 5097 1283 5158 potest
1302 5089 1574 5157 quiescere,
1607 5103 1719 5138 cum
1748 5086 1938 5156 prwdw
1958 5103 2065 5139 sum
2094 5085 2301 5139 rabidus
2330 5087 2501 5156 cupiat
2520 5086 2778 5140 incubare.
2806 5086 3067 5140 Munimen
3097 5091 3265 5153 sanis,
3303 5091 3532 5143 remedia
3561 5091 3804 5162 prabet:

537 5181 810 5243 sanandis;
834 5179 1017 5232 vallnte
1037 5179 1193 5231 muris
1225 5178 1345 5246 ﬁdei
1374 5186 1558 5230 vestra:
1590 5176 1850 5246 religionis
1897 5176 2164 5230 catholica:
2183 5177 2462 5238 veritatem,
2493 5195 2582 5247 per
2601 5195 2723 5248 quos
2746 5188 2794 5231 et
2822 5177 3077 5232 credentes
3098 5181 3278 5233 muniti
3311 5181 3432 5243 sint,
3454 5187 3507 5234 et
3542 5185 3686 5235 tanti
3715 5197 3807 5234 se-

537 5288 716 5343 quaces
739 5272 924 5324 erroris
948 5286 1047 5323 non
1069 5271 1293 5323 audeant
1319 5270 1550 5322 introire.
1584 5267 1684 5322 Hic
1712 5268 1890 5339 plenus
1913 5269 2136 5322 victoriae
2162 5279 2337 5323 vestris
2368 5271 2561 5340 fructus
2591 5280 2684 5337 est,
2712 5271 2842 5325 nihil
2871 5273 3155 5342 relinquere
3176 5273 3310 5344 quod
3335 5289 3512 5328 rursus
3546 5275 3659 5330 Dei
3693 5273 3810 5329 Ec—

538 5361 691 5413 clesia
713 5359 888 5412 debeat
910 5358 1204 5430 formidare.
1232 5355 1390 5420 Quem
1428 5358 1583 5428 igitur
1603 5358 1951 5409 universorum
1971 5357 2119 5426 ejecit
2139 5359 2387 5411 sententia
2416 5358 2764 5423 sacerdotum,
2809 5361 2862 5413 in
2903 5363 3270 5430 praedicatione
3301 5361 3562 5436 sacrilega
3589 5366 3810 5435 perda-

539 5461 754 5517 rantem,
779 5469 890 5504 eum
912 5461 1074 5505 vestra
1097 5451 1362 5504 clementia
1384 5449 1445 5503 ab
1468 5451 1606 5503 omni
1626 5452 1866 5503 societate
1888 5459 2157 5515 removeat,
2184 5460 2236 5502 ut
2260 5450 2555 5521 facultatem
2586 5452 2782 5520 aliquos
2805 5453 3048 5521 perdendi
3082 5470 3182 5507 non
3217 5452 3420 5508 habeat.

608 5545 790 5613 Neque
835 5562 963 5600 vero
1008 5547 1125 5615 pius
1171 5545 1418 5614 princeps
1459 5545 1570 5612 pati
1615 5543 1828 5606 debuit,
1879 5543 2054 5595 irritas
2093 5558 2210 5596 esse
2257 5544 2444 5612 Optimi
2484 5543 2653 5596 Patris
2691 5545 2915 5612 'preces:
2949 5560 3110 5613 quare
3149 5545 3385 5600 adhibito
3416 5546 3468 5600 in
3497 5549 3810 5602 consilium

539 5637 858 5692 Maximiano
889 5638 1107 5706 aliisque
1135 5636 1416 5706 episcopis,
1460 5647 1512 5694 ct
1540 5636 1684 5690 clero
1710 5636 2306 5705 ConstantinOpolitamc
2325 5635 2590 5703 Ecclesia},
2635 5635 2701 5692 de
2731 5652 2861 5706 pace
2899 5637 3124 5692 ineunda
3154 5654 3275 5692 cum
3302 5637 3526 5711 Cyrillo,
3571 5641 3810 5712 scripsit
