3958 6178
241 362 336 418 τΗ
773 357 1139 412 PBIEFATIO
1178 356 1243 411 lN
1283 354 1650 411 SECUNDAM
1697 355 1965 410 PARTE“
2007 354 2286 411 OPERUM
2328 355 2516 410 MAR"
2555 355 3008 414 MERCATORIS.
3377 362 3482 417 ⁸169.

235 473 430 528 Joanni
458 472 807 537 Antiocheno,
841 472 1033 526 Acach
1060 471 1332 532 Berocnsi,
1354 477 1409 522 et
1429 468 1666 523 Simeoni
1695 467 1898 538 Stylita:
1926 485 1938 518 :
1962 467 2151 521 Joanni
2171 466 2404 534 quidem,
2428 474 2485 520 ut
2508 467 2558 519 in
2582 469 2921 522 concordiam
2947 469 3183 537 veniret;
3211 471 3329 526 aliis
3353 487 3484 526 vero

234 563 463 626 duobus,
495 567 552 613 ut
581 561 691 614 suis
715 561 962 628 precibus
982 560 1121 628 apud
1150 560 1317 612 Deum
1345 558 1688 626 consiliisque
1716 557 1986 624 negotium
2015 565 2282 623 urgerent.

305 654 602 707 Aristolaus
631 653 872 706 tribunus
890 693 904 716 ,
937 667 1055 706 cum
1086 657 1351 720 potestate
1378 651 1600 715 missus,
1644 649 2015 718 imperatorias
2044 649 2246 702 litteras
2286 648 2505 716 detulit,
2535 660 2821 722 utrumque
2857 654 3148 709 antistitem
3177 667 3476 724 coacturus,

228 757 324 804 aut
353 764 452 818 per
477 763 536 802 se
565 747 869 816 conspirare
900 747 952 800 in
992 746 1324 801 conditiones
1363 745 1539 815 pacis,
1583 753 1675 798 aut
1720 744 2080 798 Nicomediam
2121 745 2334 809 venire,
2374 746 2575 800 tamdiu
2615 747 2811 801 ibidem
2847 757 3181 812 moraturos,
3231 756 3345 805 sine
3384 765 3480 819 spe
3521 821 3535 828 _

225 839 448 895 videndi
475 838 746 909 principis,
777 838 1030 906 quamdiu
1057 837 1349 892 concordes
1389 852 1496 891 non
1524 835 1717 890 forent.
1765 835 1983 890 Sanctio
2022 835 2309 890 Theodosii
2338 845 2484 891 caret
2510 837 2722 905 quidem
2762 841 2978 894 omnino
3020 841 3274 910 temporis
3314 849 3472 902 nota;

223 947 416 986 mense
446 939 624 985 tamen
665 931 832 1002 Aprili
860 931 1038 984 datam
1069 945 1135 984 ex
1173 944 1237 984 eo
1277 936 1516 991 constat,
1558 927 1702 996 quod
1739 929 1866 981 dum
1905 926 2141 991 daretur,
2183 926 2418 980 nondum
2453 926 2915 998 Constantinopoli
2957 931 3193 984 auditum
3231 939 3372 986 esset
3409 931 3478 985 de

222 1031 405 1080 morte
432 1022 726 1087 Caelestini,
758 1036 874 1090 qua:
902 1021 1124 1088 contigit
1149 1019 1234 1073 die
1262 1028 1415 1073 sexto
1442 1018 1655 1088 Aprilis.
1690 1016 1826 1069 Dum
1852 1015 2084 1086 praedicti
2101 1054 2115 1076 ,
2148 1015 2222 1068 ait
2249 1015 2558 1083 imperator,
2587 1018 2808 1087 episcopi
2843 1018 3147 1085 sponderent
3173 1019 3216 1070 si
3243 1017 3474 1071 Nestorii

222 1118 538 1188 depositioni
565 1115 930 1181 subscriberes,
962 1117 1198 1186 illiusque
1223 1114 1511 1167 doctrinam
1540 1113 1999 1165 anathematizares
2017 1150 2030 1173 ,
2064 1112 2175 1178 fore
2202 1119 2257 1162 ut
2285 1112 2450 1162 omnis
2480 1110 2826 1162 altercationis
2858 1111 3074 1161 materia
3108 1126 3228 1161 mox
3255 1127 3282 1162 e
3309 1111 3476 1162 medio

223 1209 512 1272 tolleretur,
547 1207 862 1277 Cyrillusque
888 1207 1240 1259 sanctissimus
1278 1201 1610 1256 Alexandriw
1643 1203 1926 1272 episcopus,
1959 1216 2070 1252 cum
2099 1200 2224 1262 suis,
2255 1208 2302 1250 et
2322 1199 2670 1251 sanctissimus
2699 1196 2992 1251 Calestinus
3021 1213 3213 1268 quoque
3239 1198 3477 1267 gloriose

229 1300 414 1353 Romae
432 1300 713 1368 episc0pus,
739 1314 799 1349 ac
828 1296 1009 1368 reliqui
1037 1311 1228 1360 omnes,
1253 1302 1494 1365 quotquot
1519 1292 1702 1363 ubique
1729 1300 1848 1345 sunt
1867 1289 2166 1344 orthodoxae
2191 1291 2313 1359 ﬁdei
2339 1288 2647 1352 sacerdotes,
2681 1305 2793 1341 cum
2824 1299 2909 1356 tua
2937 1289 3123 1357 pietate
3153 1289 3222 1341 ad
3253 1304 3478 1342 commu-

227 1391 439 1441 nionem
471 1388 712 1452 redirent,
747 1395 848 1441 etc.

297 1477 551 1541 Joannes,
584 1479 816 1548 acceptis
853 1477 1134 1540 mandatis,
1169 1477 1450 1532 concilium
1476 1484 1651 1543 coegit
1679 1474 1818 1544 apud
1843 1474 2091 1528 Acacium
2115 1474 2456 1539 Beroensem,
2487 1475 2600 1528 sive
2640 1475 2932 1528 Antiochiae
2962 1481 3088 1530 tunc
3115 1476 3202 1529 ille
3225 1475 3472 1542 adfuerit,

223 1577 285 1620 ut
315 1577 431 1622 erat
458 1569 678 1633 solitus,
710 1571 822 1623 sive
846 1570 1022 1638 potius
1064 1569 1286 1622 Beroam
1315 1567 1547 1621 Joannes
1586 1567 1699 1635 ipse
1739 1565 1805 1618 ad
1831 1580 2012 1619 senem
2051 1565 2384 1620 contenderit
2413 1581 2533 1618 cum
2561 1566 2670 1619 suis
2695 1567 2958 1636 episcopis
2984 1585 2994 1619 :
3027 1567 3169 1634 quod
3199 1583 3267 1622 ex
3295 1569 3471 1624 Theo-

221 1661 401 1714 doreti
423 1659 599 1714 verbis
627 1676 724 1715 suo
753 1661 873 1715 loco
901 1661 1275 1716 conclusimus.

296 1748 473 1803 Lectis
517 1749 571 1802 in
600 1751 826 1804 concilio
847 1751 1104 1806 divalibus
1132 1753 1360 1822 scriptis,
1404 1755 1596 1822 quibus
1625 1755 1986 1822 imperabatur
2006 1754 2287 1808 consensio
2327 1755 2377 1807 in
2403 1753 2756 1822 dejectionem
2797 1753 3042 1818 Nestorii,
3082 1761 3137 1808 et
3165 1754 3470 1822 dogmatum

222 1839 468 1908 ejusdem
495 1839 784 1906 damnatio,
817 1849 975 1909 atque
1003 1841 1138 1896 adeo
1166 1841 1431 1898 confessio
1464 1841 1705 1898 'victoria:
1744 1859 1774 1896 a
1813 1841 2012 1914 Cyrillo
2040 1844 2288 1907 obtentze,
2335 1843 2526 1897 mirum
2557 1851 2813 1911 quantum
2840 1845 3092 1897 commoti
3119 1844 3466 1900 Orientalium

224 1927 394 1981 animi
430 1926 623 1981 fuerint
647 1945 660 1980 :
692 1943 751 1982 re
779 1937 956 1982 tamen
984 1929 1295 1996 deliberata,
1325 1931 1544 2000 placuit,
1577 1947 1682 1985 non
1713 1931 1860 2000 prius
1890 1932 2147 1999 imperata
2175 1932 2367 1997 facere,
2391 1946 2549 2000 quam
2577 1947 2762 1986 omnes
2791 1931 3002 1986 fallendi
3031 1942 3172 1987 artes
3199 1936 3434 1990 exhaust.-

222 2030 429 2073 essent.
451 2017 810 2073 Constitutum
839 2019 999 2086 igitur
1026 2027 1084 2073 ut
1111 2019 1347 2076 Joannes
1374 2021 1586 2089 quidem
1608 2036 1702 2090 per
1731 2036 1788 2075 se
1807 2037 1921 2074 rem
1948 2021 2095 2089 pacis
2119 2029 2330 2088 ageret,
2355 2035 2452 2074 nec
2481 2021 2585 2073 ulla
2614 2022 2820 2074 ratione
2845 2021 3200 2076 committeret
3228 2032 3284 2076 ut
3311 2023 3468 2079 Nico-

218 2109 456 2162 mediam
490 2109 567 2162 ire
595 2117 900 2176 cogeretur;
929 2107 1156 2180 Cyrillus
1184 2126 1314 2165 vero
1342 2111 1410 2164 ad
1447 2111 1780 2165 conditiones
1800 2111 1988 2165 callide
2014 2111 2334 2178 adigeretur,
2360 2111 2552 2178 quibus
2579 2109 2922 2184 Orientalium
2950 2113 3139 2166 honori
3167 2123 3307 2168 esset
3333 2130 3466 2170 con-
3489 2154 3508 2164 η

217 2202 424 2255 sultum
450 2219 462 2254 :
494 2216 684 2270 nempe
713 2208 772 2254 ut
792 2203 970 2256 omnia
992 2202 1157 2271 ipsius
1185 2203 1383 2272 scripta
1411 2203 1770 2265 abolerentur,
1802 2217 2091 2270 omnesque
2117 2203 2206 2256 uni
2226 2202 2448 2256 Nicaeum:
2475 2202 2794 2256 confessioni
2815 2204 3224 2258 subscriberent.
3251 2207 3467 2260 Postea-

218 2309 376 2363 quam
419 2309 564 2357 vero,
607 2293 778 2360 inquit
818 2291 1046 2362 Cyrillus
1087 2295 1263 2363 (epist.
1297 2293 1366 2345 ad
1391 2293 1698 2362 Acacium),
1743 2291 2089 2345 Orientalibus
2130 2293 2324 2361 regium
2363 2291 2615 2344 decretum
2653 2294 2936 2362 expositum
2977 2303 3081 2356 est,
3122 2303 3172 2347 et
3213 2302 3466 2364 tamquam

219 2386 418 2452 factum
447 2399 511 2435 ea:
537 2399 708 2435 eorum
738 2383 1090 2452 episc0porum
1127 2385 1404 2448 sententia,
1436 2384 1520 2453 qui
1550 2381 1991 2453 Constantinopoli
2022 2381 2263 2446 aderant,
2306 2382 2526 2436 concilio
2564 2384 2734 2437 nescio
2775 2400 2898 2454 quo,
2931 2383 3066 2453 apud
3093 2386 3467 2440 sanctissimum

217 2477 606 2546 piissimumque
646 2473 946 2528 Beroensem
992 2477 1282 2545 episcopum
1327 2477 1568 2528 Acacium
1615 2476 1904 2546 congressi,
1935 2474 2088 2530 scribi
2129 2473 2194 2526 ad
2235 2489 2316 2526 me
2347 2483 2591 2527 curarunt
2639 2476 2980 2528 conventionis
3023 2475 3260 2539 modum,
3291 2477 3346 2529 id
3369 2487 3464 2541 est,

217 2576 520 2619 sanctarum
561 2563 908 2617 Ecclesiarum
946 2567 1108 2635 pacis,
1149 2567 1249 2619 nisi
1287 2583 1344 2620 eo
1384 2566 1552 2631 modo,
1594 2583 1738 2637 quem
1766 2568 1862 2636 ipsi
1901 2566 2300 2636 pra’scriberent,
2332 2566 2447 2635 fieri
2482 2583 2586 2620 non
2626 2566 2835 2630 debere;
2863 2575 2975 2620 erat
3011 2577 3179 2621 autem
3205 2585 3266 2622 ea
3290 2573 3466 2640 petitio

212 2659 391 2729 gravis
430 2675 488 2710 ac
516 2657 764 2710 molesta:
795 2657 1028 2711 volebant
1055 2659 1190 2712 enim
1209 2675 1269 2712 ea
1298 2660 1471 2712 omnia
1493 2657 1703 2724 aboleri,
1735 2674 1846 2728 qua:
1875 2658 1961 2711 .vel
1998 2657 2247 2726 epistolis,
2280 2657 2357 2710 vel
2387 2659 2554 2723 tomis,
2583 2658 2660 2712 vel
2685 2657 2829 2711 libris
2869 2657 3252 2727 evulgaveram;
3283 2668 3332 2714 et
3369 2661 3467 2714 soli

211 2748 364 2817 ﬁdei,
396 2765 507 2819 qua:
534 2766 565 2800 a
591 2751 783 2802 sanctis
804 2749 1046 2802 Patribus
1069 2751 1258 2803 nostris
1289 2749 1484 2804 Nicaea:
1509 2750 1646 2802 edita
1676 2751 1862 2819 fuerat,
1887 2751 2190 2803 consentire.

288 2837 548 2891 Absurdae
576 2837 834 2905 ejusmodi
863 2838 1193 2893 conditiones
1214 2839 1572 2908 proponenda:
1600 2840 1724 2894 visa:
1751 2846 1894 2905 sunt,
1919 2840 2140 2908 privatis
2160 2826 2352 2895 litteris
2371 2855 2504 2908 quas
2523 2840 2748 2895 Aeacius
2774 2839 3074 2908 Beroeusis,
3097 2843 3174 2896 sic
3199 2849 3471 2912 tamquam

211 2927 367 2998 pacis
395 2937 686 2996 sequester,
714 2927 914 3000 Cyrillo
941 2930 1198 2984 scriberet
1223 2949 1235 2983 :
1269 2939 1324 2984 ut
1354 2931 1399 2984 si
1426 2931 1810 3001 reciperentur,
1847 2938 2068 3001 propter
2095 2934 2464 2987 auctoritatem
2493 2933 2790 2998 scribentis,
2815 2933 3043 3003 Cyrillus
3068 2935 3289 2989 victoria
3323 2937 3468 2990 exci-

209 3021 359 3074 disse
389 3020 684 3086 videretur;
715 3023 796 3075 sin
828 3021 1228 3090 repellerentur,
1261 3023 1409 3076 locus
1436 3031 1578 3077 esset
1599 3022 1708 3089 jam
1739 3023 2015 3076 calumnia:
2036 3020 2235 3092 Cyrillo
2264 3022 2518 3076 faciendae
2541 3023 2688 3076 velut
2716 3024 2861 3090 pacis
2889 3025 3104 3078 inimico
3122 3065 3136 3090 ,
3173 3034 3227 3078 et
3253 3026 3471 3082 alterius

211 3112 487 3166 tentanda:
513 3113 628 3177 vice,
653 3128 758 3180 qua
786 3119 1067 3180 cogeretur
1093 3113 1175 3166 vel
1200 3113 1412 3166 invitus.
1445 3111 1668 3181 Scripsit
1696 3111 1939 3174 Aeacius,
1972 3119 2030 3164 ut
2062 3120 2175 3165 erat
2197 3112 2572 3177 deliberatum;
2603 3110 2832 3182 Cyrillus
2859 3128 3007 3178 vero,
3028 3113 3160 3183 Ego,
3187 3115 3374 3182 inquit,
3399 3116 3470 3169 ad

208 3207 314 3258 ista
346 3207 420 3258 ita
445 3204 682 3272 rescripsi
706 3219 722 3254 :
754 3200 1079 3272 Expositioni
1107 3201 1229 3270 ﬁdei
1254 3213 1406 3270 quam
1436 3199 1643 3254 Νίσιεηὶ
1672 3199 1858 3254 Patres
1880 3199 2152 3254 ediderunt
2177 3199 2497 3252 odhwremus
2525 3215 2720 3264 omnes,
2753 3199 2883 3253 nihil
2909 3217 3116 3269 prorsus
3135 3217 3329 3256 ‘eorunt
3357 3221 3469 3274 qua

208 3299 268 3349 in
296 3298 412 3364 ipsa
442 3295 765 3348 continentur
804 3279 1202 3362 labefactantes;
1247 3301 1365 3344 sunt
1391 3292 1527 3343 enim
1565 3307 1624 3343 ea
1653 3290 1827 3344 omnia
1869 3298 2004 3342 recte
2040 3289 2395 3359 inculpathue
2423 3289 2645 3354 tradita;
2687 3306 2846 3361 neque
2887 3299 3046 3342 tutum
3085 3301 3160 3345 est
3186 3301 3300 3361 post
3326 3293 3470 3348 illam

207 3391 339 3462 ﬁdei
370 3389 644 3442 editionem
671 3387 945 3458 quidquam
974 3385 1139 3437 adhuc
1168 3385 1414 3438 curiosius
1445 3393 1683 3436 tractare.
1719 3381 1846 3445 Quae
1873 3399 1986 3436 vero
2028 3391 2158 3434 recte
2186 3391 2364 3434 contra
2403 3378 2634 3436 Nestorii
2674 3381 3014 3449 blasphemias
3042 3384 3368 3453 scripsimus,
3409 3403 3471 3440 ea

207 3481 472 3555 ejusmodi
502 3495 640 3544 esse,
671 3488 725 3530 ut
754 3477 897 3530 nulla
940 3475 1084 3529 nobis
1112 3477 1309 3528 ratione
1334 3474 1629 3543 persuaderi
1659 3475 1820 3542 possit
1853 3483 1907 3526 ut
1933 3481 2065 3525 recte
2091 3473 2282 3541 scripta
2320 3488 2428 3525 esse
2467 3489 2721 3542 negemus.
2758 3474 2897 3542 Opus
2918 3473 3134 3542 proinde
3171 3477 3334 3545 magis
3363 3493 3472 3530 esse

207 3586 273 3630 ut
298 3577 399 3646 ipsi
421 3574 575 3644 juxta
605 3570 909 3641 pientissimi
940 3566 1224 3637 Christique
1253 3566 1473 3617 amantis
1500 3564 1823 3632 imperatoris
1855 3563 2129 3626 decretum,
2160 3564 2314 3614 immo
2348 3579 2462 3616 vero
2497 3574 2691 3618 sancta:
2728 3563 2912 3632 synodi
2939 3563 3216 3632 Ephesina:
3242 3568 3469 3621 sanctio-

210 3687 356 3730 nem,
389 3668 551 3730 illum,
583 3665 668 3736 qui
697 3670 874 3715 contra
902 3660 1169 3713 salvatoris
1209 3655 1398 3711 Christi
1434 3655 1654 3726 gloriam
1693 3656 1954 3724 pugnavit,
1996 3655 2256 3722 ejicerent,
2281 3657 2564 3725 impiosque
2598 3656 2737 3709 illius
2777 3656 3116 3728 blasphemias
3149 3662 3473 3716 anathemate

209 3764 610 3821 insectarentur,
655 3755 859 3825 ejusque
897 3751 1203 3822 depositioni
1240 3749 1614 3810 consentirent,
1651 3762 1711 3798 ac
1749 3744 2063 3803 sanctissimi
2111 3745 2426 3813 piissimique
2473 3745 2695 3813 episcopi
2741 3743 3051 3800 Maximiani
3095 3745 3470 3803 ordinationem

210 3851 583 3921 approbarent.

288 3941 591 3997 Orientales
622 3953 715 4008 spe
743 3953 835 3992 sua
865 3935 1121 3997 frustrati,
1153 3934 1346 3989 iterum
1375 3932 1442 3986 ad
1471 3938 1614 3986 artes
1641 3929 2010 3997 confugerunt,
2035 3943 2167 3997 quas
2186 3926 2413 3998 Cyrillus
2438 3927 2508 3980 ita
2540 3934 2720 3980 narrat
2746 3945 2756 3978 :
2784 3925 2882 3980 His
2911 3928 3092 3981 litteris
3111 3927 3206 3981 sibi
3236 3926 3466 3992 redditis,

207 4035 467 4087 miserunt
495 4030 860 4083 Alexandriam
889 4027 1328 4096 religiosissimum
1369 4032 1417 4077 et
1453 4023 1736 4094 piissimum
1775 4023 2064 4091 episcopum
2105 4019 2327 4073 Paulum
2365 4018 2702 4081 Emesenum,
2745 4033 2859 4071 cum
2899 4035 2994 4088 quo
3035 4018 3120 4070 diu
3159 4018 3470 4087 multumque

207 4124 279 4175 de
318 4123 385 4174 iis
416 4118 562 4173 rebus
592 4117 842 4180 disserui,
889 4131 1002 4186 quae
1028 4114 1221 4184 Ephesi
1244 4122 1428 4184 prteter
1449 4115 1536 4184 jus
1555 4121 1604 4166 et
1627 4113 1842 4182 ofﬁcium
1877 4111 2027 4165 dicta:
2056 4112 2302 4182 factaeque
2325 4112 2546 4179 fuerant.
2579 4107 2711 4172 Quia
2749 4126 2892 4173 vero,
2931 4110 3043 4162 istis
3069 4107 3308 4163 oblivioni
3347 4125 3470 4163 con-

207 4213 424 4266 traditis
444 4251 458 4274 ,
486 4211 547 4264 iis
577 4211 743 4280 potius
782 4211 918 4262 curis
945 4207 1284 4261 insistendum
1311 4203 1592 4267 videbatur,
1623 4218 1735 4273 qua:
1762 4202 1976 4272 majoris
2016 4202 2256 4255 momenti
2286 4217 2347 4252 ac
2385 4200 2624 4269 ponderis
2663 4208 2842 4263 erant,
2873 4199 3184 4268 interrogavi
3227 4200 3470 4269 numquid

205 4309 507 4360 litterarum
535 4319 566 4353 a
594 4302 822 4370 piissimo
850 4299 1052 4353 Joanne
1093 4299 1328 4368 episcopo
1353 4294 1622 4347 attulisset.
1648 4293 1775 4346 Mox
1802 4291 1888 4345 ille
1915 4291 2190 4360 epistolam
2206 4288 2447 4353 reddidit,
2475 4306 2579 4342 non
2599 4306 2659 4342 ea
2698 4304 2811 4359 qute
2837 4286 3044 4340 debebat
3071 4287 3354 4352 habentem,
3378 4287 3471 4340 sed

205 4398 385 4468 potius
416 4411 519 4447 non
549 4410 650 4465 quo
683 4388 1010 4445 conveniebat
1045 4387 1198 4441 modo
1228 4386 1472 4438 dictatam
1512 4400 1529 4437 :
1571 4380 1997 4452 complectebatur
2024 4381 2160 4432 enim
2202 4379 2509 4432 irritationis
2549 4377 2648 4429 vim
2675 4378 2841 4445 potius
2881 4369 3033 4445 quam
3073 4377 3463 4431 exhortationis.

205 4467 372 4542 Hanc
411 4489 582 4557 itaque
624 4501 727 4538 non
757 4483 1032 4553 acceptavi.
1066 4478 1207 4533 Nam
1233 4494 1346 4531 cum
1375 4493 1538 4530 meam
1567 4475 1729 4528 animi
1758 4471 2132 4544 aegritudinem,
2165 4486 2265 4540 qua
2295 4471 2492 4539 fueram
2518 4467 2731 4535 a/fectus
2759 4483 2824 4519 ea:
2849 4468 2913 4519 iis
2941 4483 3053 4537 quae
3081 4476 3464 4537 prazcesserant,

204 4593 262 4637 et
291 4586 358 4634 ab
380 4581 505 4651 ipsis
535 4577 723 4649 Ephesi
755 4579 896 4648 facta
926 4577 1146 4646 fuerant,
1169 4572 1499 4626 excusatione
1525 4568 1697 4637 aliqua
1720 4565 2003 4618 demulcere
2031 4561 2338 4651 debuissent,
2369 4569 2566 4651 tantum
2591 4557 2733 4612 abest
2759 4568 2814 4611 ut
2840 4559 2894 4610 id
2917 4560 3146 4651 fecerint,
3177 4569 3233 4610 ut
3259 4575 3313 4651 se
3344 4575 3469 4628 quo-

206 4689 307 4740 que
333 4647 544 4738 propter
571 4647 832 4719 sacrorum
861 4663 1153 4732 dogmatum
1184 4659 1344 4712 zelum
1364 4659 1482 4728 jure
1514 4656 1704 4726 optimo
1734 4653 1857 4706 mihi
1889 4651 2232 4704 succcnsuisse
2260 4649 2503 4702 dicerent.
2535 4649 2600 4700 At
2628 4665 2692 4702 ea:
2716 4665 2795 4702 me
2827 4647 3100 4701 audiebant
3126 4665 3217 4702 nec
3243 4649 3468 4702 divinum

207 4765 382 4817 zelum
419 4762 560 4830 ipsos
589 4758 820 4818 movisse,
863 4770 954 4807 nec
1001 4753 1134 4824 quod
1180 4769 1271 4821 pro
1316 4751 1541 4803 veritatis
1590 4747 1839 4817 dogmatis
1878 4751 2162 4814 pugnarent
2199 4741 2360 4794 aciem
2402 4741 2667 4794 adversum
2706 4757 2786 4794 me
2823 4757 3153 4810 componere;
3201 4740 3290 4794 sed
3333 4741 3468 4811 quod

206 4829 484 4909 hominum
514 4845 942 4904 assentationibus
972 4845 1137 4898 locum
1161 4842 1360 4905 darent,
1387 4855 1447 4894 ac
1474 4854 1646 4893 eorum
1675 4838 1759 4907 qui
1790 4845 1891 4888 tum
1915 4842 2144 4902 potentes
2167 4830 2466 4885 videbantur
2494 4832 2745 4884 amicitias
2779 4829 2875 4884 sibi
2899 4830 3252 4883 conciliarent.

284 4946 477 5012 Neque
521 4955 650 4995 vero
689 4939 882 4992 Paulus
929 4936 1041 5004 ipse
1080 4933 1350 4987 fraudibus
1379 4930 1633 4985 abstinuit
1665 4946 1677 4980 :
1715 4943 1836 4980 nam
1864 4941 1984 4979 cum
2014 4925 2220 4980 litteras
2247 4923 2510 4978 attulisset
2542 4924 2878 4992 querelarum
2907 4922 3112 4990 plenas,
3143 4933 3386 4990 paratum
3409 4937 3468 4977 se

205 5051 398 5094 tamen
421 5032 672 5097 ostendit,
700 5031 798 5084 tria
817 5044 936 5097 qua:
957 5025 1182 5096 Cyrillus
1210 5025 1442 5085 volebat,
1475 5037 1572 5076 suo
1601 5019 2052 5084 Orientaliumque
2080 5016 2317 5070 omnium
2345 5014 2560 5067 nomine
2599 5012 2820 5081 implere
2845 5030 2856 5063 :
2891 5020 3171 5078 utrumque
3199 5027 3325 5066 vero
3353 5013 3465 5067 cal-

207 5131 341 5192 lide,
369 5136 427 5180 ut
451 5125 711 5178 factorum
739 5119 948 5174 veniam
975 5116 1202 5187 Cyrillus
1225 5113 1516 5169 obtinuisse
1549 5111 1727 5180 potius
1755 5123 1914 5176 quam
1941 5104 2150 5159 dedisse
2178 5105 2465 5168 videretur,
2498 5111 2552 5156 et
2579 5101 2875 5155 Orientales
2898 5098 3092 5192 factum
3127 5097 3276 5192 Pauli
3314 5099 3471 5154 dissi-

211 5189 424 5274 mulare
455 5216 622 5284 magis
647 5229 704 5267 se
728 5217 1091 5273 causarentur,
1114 5222 1274 5275 quam
1305 5204 1385 5258 vel
1414 5203 1738 5271 approbasse
1763 5201 1849 5254 vel
1877 5198 2177 5253 mandasse.
2209 5195 2322 5261 Qua
2355 5195 2630 5264 prudentia
2659 5193 2895 5247 fraudem
2923 5189 3470 5284 dissolveritCyrillus

212 5315 404 5364 narrat
434 5306 514 5358 his
543 5281 717 5357 verbis
747 5299 951 5370 (Epist.
985 5297 1052 5350 ad
1084 5292 1372 5361 Donatum)
1400 5310 1412 5343 :
1446 5291 1571 5344 Cum
1600 5291 1691 5343 has
1723 5289 1917 5343 litteras
1946 5289 2212 5352 misissem,
2244 5285 2700 5338 animadvertentes
2727 5299 2782 5334 se
2809 5281 3210 5335 communionem
3248 5281 3470 5349 recipere

212 5417 321 5454 non
347 5414 515 5469 posse,
549 5396 646 5447 nisi
676 5410 734 5446 ea
756 5407 867 5462 qua:
898 5393 1066 5461 facere
1095 5387 1340 5440 deb:bant
1370 5384 1509 5453 prius
1538 5382 1885 5452 perfecissent,
1917 5380 2164 5432 miserunt
2189 5376 2558 5430 Alexandriam
2601 5374 2818 5426 Paulum
2847 5373 3317 5426 ret'erendissimum
3347 5373 3468 5425 reli—

216 5467 664 5562 giosissimumque
705 5483 1008 5537 Emesenum
1048 5481 1355 5550 episcopum,
1389 5477 1471 5547 qui
1503 5475 1569 5527 ad
1597 5491 1674 5527 me
1703 5475 1897 5527 litteras
1939 5473 2165 5540 a/j‘erret,
2192 5470 2558 5525 communionis
2587 5468 2787 5539 quidem
2813 5467 3236 5519 instaurationem
3265 5481 3471 5520 concer-

221 5558 418 5645 nentes,
446 5595 628 5650 parum
659 5585 825 5628 tamen
856 5583 987 5626 recte
1015 5572 1268 5624 dictatas:
1295 5584 1402 5639 pra:
1424 5583 1477 5620 se
1507 5566 1733 5637 ferebant
1755 5565 1886 5617 enim
1909 5565 2154 5634 quasdam
2183 5562 2413 5634 querelas
2437 5561 2676 5614 adversus
2706 5577 2798 5613 nos
2839 5559 3041 5622 habere,
3067 5559 3208 5630 quasi
3236 5558 3466 5629 quadam

224 5681 275 5728 in
305 5647 454 5728 sacro
485 5669 719 5732 concilio,
753 5683 909 5738 neque
930 5672 1064 5718 recte
1094 5662 1248 5726 dicta,
1279 5675 1438 5728 neque
1467 5668 1601 5711 recte
1625 5659 1761 5726 facta
1783 5664 1967 5708 essent.
2006 5654 2187 5707 Verum
2214 5651 2506 5723 hujusmodi
2534 5653 2734 5720 quidem
2757 5649 2998 5719 epistolas
3020 5665 3123 5702 non
3151 5647 3467 5738 adnaisitscd

228 5765 461 5836 respondi
488 5779 505 5817 :
537 5760 661 5815 Cum
693 5760 754 5813 de
781 5735 1033 5828 prioribus
1073 5755 1269 5808 veniam
1300 5761 1467 5821 petere
1491 5749 1750 5814 deberent,
1784 5747 2033 5817 quomodo
2077 5761 2231 5799 novas
2260 5745 2442 5797 iterum
2485 5742 2816 5796 contumelias
2853 5743 3046 5803 inferre
3079 5738 3303 5791 audent?
3345 5735 3466 5788 Cum
