3958 6178
537 298 643 357 ’ἵειό
1066 294 1425 353 ΡΠΑΕΡΔΤΙΟ
1465 297 1530 351 ΙΝ
1569 296 1931 353 5ΕΟ[’ΝΟΑΜ
1975 299 2100 351 l’Ml

2193 299 2249 351 LM
2289 299 2570 355 OPERUM
2613 299 2803 354 MAR“
2844 298 3308 354 MERCATORIS.
3664 302 3756 358 7M

538 424 706 467 autem
728 419 1029 464 memoratus
1050 409 1308 478 piissimus
1336 410 1599 478 episcopus
1630 412 1816 479 factum
1846 420 2130 475 excusaret,
2157 415 2547 481 juramentoque
2575 414 2870 479 aﬂirmaret,
2904 428 3004 464 non
3045 428 3153 463 esse
3188 412 3282 463 hoc
3308 410 3509 463 illorum
3539 416 3757 483 proposi.

538 518 669 564 tum;
696 504 785 556 sed
810 519 872 554 ea:
910 518 1046 552 mera
1074 500 1234 552 animi
1273 501 1597 569 simplicitate
1626 501 1695 552 ad
1722 501 1775 553 id
1802 501 2126 555 scribendum
2167 519 2457 573 progressos
2488 520 2616 569 esse,
2667 505 2931 557 charilatis
2976 520 3130 556 causa
3173 508 3525 574 purgatione»:
3566 507 3753 566 admisi.

534 591 785 645 Caeterum
814 606 915 642 non
946 590 1085 658 prius
1112 589 1257 641 illum
1286 590 1353 641 ad
1377 592 1617 659 synaxim
1646 593 1829 660 recepi,
1860 609 2011 662 quam
2033 593 2152 646 dato
2180 593 2346 647 libello
2373 592 2602 648 Nestorii
2633 596 2873 665 dogmata
2901 612 2992 649 suo
3034 597 3224 665 scripto
3270 598 3756 665 anathematizasset,

530 699 681 745 seque
702 680 845 733 illum
874 697 967 749 pro
996 680 1223 749 deposito
1244 680 1428 734 habere
1450 684 1711 752 confessus
1738 692 1885 747 esset,
1909 693 1958 735 et
1979 684 2290 737 ordinationi
2312 685 2681 755 religiosissimi
2702 688 2925 757 episcopi
2947 686 3255 739 Maximiani
3277 690 3592 741 assensisset.
3619 689 3760 743 Petiit

529 780 697 823 autem
724 778 780 821 ut
806 770 918 821 istis
959 785 991 820 a
1030 785 1085 822 se
1123 770 1349 821 omnium
1378 770 1877 838 religiosissimorum
1910 772 2235 824 orientalium
2264 775 2614 843 episcoporum
2653 776 2763 827 loco
2806 774 2988 828 oblatis
3018 774 3219 842 libellis,
3251 776 3379 829 nihil
3407 778 3624 847 amplius
3656 782 3757 833 exi-

526 878 694 933 gerem
716 877 734 914 :
763 860 898 931 quod
926 860 1069 912 nulla
1096 860 1295 912 ratione
1323 862 1435 928 fieri
1462 877 1573 912 sum
1598 877 1812 929 passus;
1843 862 1933 915 sed
1973 878 2077 913 una
2106 877 2219 915 cum
2248 864 2451 916 domino
2494 881 2603 918 meo
2641 867 3035 933 prwclarissimo
3073 865 3270 919 tribuno
3306 884 3367 919 ac
3408 869 3607 922 notario
3642 869 3757 923 Ari-

527 952 693 1005 stolao
715 950 840 1001 duos
867 966 894 1001 e
922 949 1111 1001 nostris
1137 949 1333 1001 clericis
1356 950 1472 1001 misi
1501 950 1844 1013 Antiochiam,
1871 952 2197 1022 chartamque
2225 954 2414 1006 tradidi
2444 955 2717 1017 mandans,
2748 966 2805 1007 ut
2846 958 2890 1009 si
2925 955 3155 1010 Joannes
3185 958 3627 1013 reverendissimus
3668 958 3760 1013 Ec-

528 1039 696 1091 clesia:
718 1036 1044 1089 Antiocheme
1062 1037 1326 1105 episc0pus
1353 1037 1726 1106 subscripserit,
1751 1047 1799 1090 et
1826 1038 1970 1091 illam
1999 1042 2268 1110 acceperit,
2296 1050 2413 1094 tunc
2438 1043 2638 1097 demum
2664 1045 2861 1098 litteras
2886 1045 2946 1097 de
2974 1048 3325 1099 communione
3349 1047 3633 1101 redderent.

598 1129 769 1185 Aliam
798 1144 983 1181 rursus
1012 1136 1181 1181 artem
1210 1126 1660 1180 adhibuitPaulus
1687 1127 1922 1196 pejorcm
1951 1131 2149 1199 priore,
2174 1139 2231 1184 ut
2254 1132 2335 1185 vel
2357 1141 2551 1186 statuta
2571 1135 2757 1204 synodi
2785 1135 3128 1200 convelleret,
3180 1136 3261 1189 vel
3290 1151 3477 1190 causas
3504 1137 3760 1206 impedita)

527 1221 674 1289 pacis
697 1221 747 1272 in
775 1218 1030 1289 Cyrillum
1052 1216 1329 1285 rejiceret:
1362 1217 1623 1286 siquidem
1643 1219 1916 1273 contendit
1944 1236 2100 1273 unam
2126 1220 2358 1276 Nestorii
2374 1223 2759 1293 depositionem
2786 1226 3029 1281 sufficere
3052 1228 3117 1281 ad
3141 1228 3420 1296 sopiendas
3440 1229 3620 1283 turbas
3634 1244 3762 1298 quas

532 1326 668 1363 unus
696 1312 984 1376 excitarat;
1013 1320 1233 1366 cancros
1260 1313 1537 1381 episcopos
1567 1313 1618 1365 in
1647 1330 1771 1367 suas
1800 1314 1953 1368 sedes
1983 1316 2364 1382 restituendos,
2396 1326 2555 1386 atque
2577 1320 2719 1387 ipsos
2748 1319 2882 1373 adeo
2916 1328 3145 1387 quatuor
3173 1321 3482 1375 nominatim
3509 1320 3758 1390 dejeetos,

533 1402 846 1465 Helladium,
894 1401 1222 1466 Eutherium,
1266 1403 1558 1457 liimerium
1603 1412 1657 1457 et
1701 1404 2049 1473 Dorothelum.
2082 1405 2227 1459 Sciat
2258 1416 2307 1460 et
2334 1408 2428 1460 hoc
2456 1424 2648 1478 quoque
2677 1419 2761 1461 tua
2786 1411 3052 1473 sanctitas,
3089 1410 3273 1464 scribit
3292 1410 3495 1465 Donato
3517 1408 3759 1482 Cyrillus,

532 1494 965 1562 religiosissimum
1012 1495 1477 1565 pientissimumque
1521 1496 1809 1565 episcopum
1835 1494 2055 1547 Paulam
2100 1497 2246 1549 initio
2279 1498 2553 1566 plurimum
2592 1499 2854 1563 institisse,
2893 1498 3143 1562 Helladii,
3175 1498 3429 1564 Eutherii,
3476 1499 3701 1553 Himerii
3719 1511 3762 1553 et

530 1584 775 1637 Dorotltei
805 1585 1147 1653 depositorum
1168 1601 1343 1650 causa,
1368 1586 1650 1656 obuixeque
1677 1604 1883 1657 rogasse
1903 1598 1957 1639 ut
1982 1605 2093 1658 qua:
2122 1600 2299 1642 contra
2320 1592 2456 1660 ipsos
2478 1592 2676 1644 decreta
2700 1603 2865 1656 erant,
2894 1593 3262 1664 abrogarentur
3282 1610 3301 1647 :
3325 1594 3612 1663 aﬁirmabat
3632 1596 3762 1647 enim

528 1694 703 1747 pacem
730 1676 1073 1731 Ecclesiarum
1103 1679 1254 1732 aliter
1278 1680 1393 1747 fieri
1422 1697 1525 1733 non
1546 1696 1709 1749 posse,
1737 1683 1839 1734 nisi
1870 1681 1923 1734 id
1951 1699 2143 1752 quoque
2165 1684 2345 1753 fuisset
2367 1684 2641 1753 adjectum.
2673 1682 2783 1754 Ego
2813 1701 2926 1739 vero
2948 1684 3330 1755 respondebam,
3362 1702 3465 1739 rem
3485 1688 3651 1756 ipsum
3673 1690 3763 1741 im-

527 1766 817 1837 possibilem
846 1770 1040 1831 conari,
1068 1785 1126 1820 eo
1155 1768 1289 1838 quod
1310 1786 1399 1821 nos
1420 1770 1559 1821 istud
1579 1786 1854 1839 numquam
1875 1787 2095 1823 essemus
2119 1772 2432 1839 permissuri.
2460 1771 2763 1826 Manserunt
2790 1776 2959 1845 itaque
2980 1776 3032 1827 in
3061 1774 3235 1828 eodem
3267 1775 3552 1842 schismate,
3584 1778 3641 1829 in
3673 1795 3763 1849 quo

527 1863 682 1915 etiam
724 1879 859 1915 nunc
887 1872 1236 1932 perseverant;
1266 1879 1424 1933 neque
1463 1863 1569 1915 ulla
1609 1879 1782 1916 eorum
1809 1864 1862 1915 in
1888 1861 2261 1916 conditionibus
2292 1863 2355 1916 de
2386 1880 2510 1933 pace
2535 1873 2829 1918 sanctarum
2858 1864 3203 1919 Ecclesiarum
3232 1868 3502 1936 propositis
3523 1869 3667 1937 facta
3697 1871 3764 1922 εει

525 1956 734 2007 mentio.

592 2044 904 2112 Orientales,
929 2061 1048 2101 cum
1077 2053 1358 2100 cernerent
1379 2061 1566 2101 omnes
1586 2062 1707 2102 suas
1736 2048 2006 2102 machinas
2030 2047 2259 2115 infringi,
2291 2055 2581 2117 paruerunt
2603 2048 2816 2103 tandem
2840 2049 3175 2117 imperatoris
3191 2050 3355 2118 jussis
3388 2058 3440 2104 et
3458 2049 3643 2122 Cyrilli
3673 2068 3764 2121 po-

524 2133 764 2198 stulatis;
798 2149 905 2188 non
930 2142 1105 2187 tamen
1130 2134 1201 2187 ita
1226 2134 1354 2201 quin
1380 2134 1551 2187 adhuc
1574 2133 1771 2188 fraudis
1793 2135 2041 2201 quiddam
2062 2134 2339 2200 adderent,
2371 2150 2479 2203 quo
2508 2136 2815 2191 viderentur
2844 2137 2894 2190 id
2925 2139 3217 2193 obtinuisse
3242 2140 3385 2208 quod
3413 2138 3605 2210 Ephesi
3639 2158 3763 2196 con-

525 2223 823 2287 tenderant,
853 2239 1063 2292 nempe,
1096 2230 1154 2277 ut
1173 2225 1240 2277 de
1260 2224 1506 2290 dogmate
1528 2224 1673 2291 prius
1694 2231 1939 2290 ageretur
1958 2238 2117 2291 quam
2132 2224 2197 2277 de
2215 2224 2486 2293 personis;
2511 2233 2673 2292 utque
2694 2240 2818 2294 pars
2841 2226 3091 2293 quzelibet
3112 2242 3219 2281 suae
3245 2226 3362 2282 ﬁdei
3379 2229 3764 2297 expositionem

522 2316 718 2385 scripto
746 2315 916 2380 daret,
948 2323 1004 2369 et
1027 2315 1095 2369 de
1122 2314 1401 2369 duodecim
1428 2314 1676 2384 capitulis
1704 2314 1952 2369 sileretur
1978 2331 1988 2366 :
2023 2314 2074 2366 id
2103 2315 2243 2367 enim
2273 2322 2353 2369 est
2379 2316 2717 2384 impetratum
2748 2331 2778 2369 a
2805 2316 3024 2387 Cyrillo,
3053 2317 3321 2373 cordatius
3350 2318 3501 2383 forte,
3542 2329 3765 2389 propter

521 2410 751 2465 studium
778 2409 944 2477 pacis,
970 2423 1029 2461 se
1057 2415 1274 2475 gerente
1300 2422 1423 2461 eum
1447 2406 1795 2461 fraudulentis
1822 2420 1982 2473 quam
2010 2421 2107 2475 par
2126 2412 2298 2471 esset;
2329 2407 2590 2475 siquidem
2615 2407 2736 2461 inde
2756 2405 3053 2463 Orientales
3074 2410 3408 2464 occasionem
3428 2422 3767 2480 sumpserunt

520 2501 803 2569 spargendi
833 2501 884 2553 in
911 2499 1095 2566 vulgus
1118 2498 1402 2562 mendacii,
1425 2497 1578 2565 quasi
1605 2511 1701 2550 sua
1723 2495 1950 2563 capitula
1973 2500 2334 2560 retractasset,
2365 2502 2419 2549 et
2443 2496 2497 2549 in
2522 2493 2867 2549 Orientalium
2897 2497 3216 2550 sententiam
3246 2498 3488 2551 venisset.

592 2591 814 2659 Scripsit
840 2590 997 2657 igitur
1032 2588 1230 2659 Cyrillo
1255 2588 1507 2652 Joannes,
1555 2586 1648 2641 sed
1681 2586 1939 2652 ambiguis
1966 2584 2161 2649 verbis,
2207 2586 2397 2654 quibus
2426 2601 2533 2641 non
2573 2593 2683 2640 tam
2725 2588 2997 2657 aperuisse
3036 2596 3271 2641 mentem
3318 2588 3556 2643 videatur
3603 2604 3764 2657 quam

524 2682 720 2736 texisse
748 2698 759 2731 :
792 2687 1016 2733 testatus
1036 2679 1177 2732 enim
1205 2686 1287 2732 est
1313 2693 1486 2745 neque
1506 2686 1698 2746 sponte
1720 2692 1778 2731 se
1809 2677 1861 2729 in
1889 2677 2229 2732 concordiam
2259 2678 2483 2741 venisse,
2508 2678 2601 2733 sed
2624 2678 2775 2747 jussu
2796 2680 3162 2749 imperatoris;
3187 2694 3358 2748 neque
3379 2681 3479 2733 alia
3506 2680 3573 2734 de
3595 2697 3753 2735 causa

524 2770 913 2839 expositionem
956 2767 1078 2821 ﬁdei
1116 2768 1348 2831 mittere,
1373 2782 1534 2836 quam
1563 2776 1622 2821 ut
1647 2768 1953 2823 occluderet
1992 2784 2053 2823 os
2094 2769 2292 2824 adoriri
2334 2770 2669 2836 volentibus;
2712 2786 2883 2840 neque
2919 2772 3171 2826 unionem
3213 2780 3517 2827 naturarum
3559 2782 3767 2844 φυσικήν

521 2862 820 2924 admittere,
837 2858 931 2913 sed
946 2858 1196 2913 unionem
1214 2864 1416 2911 tantum
1431 2875 1446 2923 ;
1461 2873 1635 2926 neque
1647 2858 1919 2926 Virginem
1937 2858 2084 2928 simpl

2199 2876 2248 2914 ΞΓ
2261 2862 2494 2917 Θεοτόκον
2514 2863 2643 2917 κατὰ
2661 2863 2848 2920 ταύτην
2860 2872 2942 2922 τῆς
2968 2865 3277 2935 ἀσυγχύτου
3302 2862 3521 2925 ἓνωσεως
3537 2863 3734 2918 ἔννοιαν
3750 2881 3762 2925 ;

523 2964 696 3019 neque
721 2948 973 3002 damnare
999 2945 1247 3014 dogmata
1274 2944 1525 3012 Nestorii,
1550 2945 1644 3000 sed
1664 2961 1826 3001 voces
1845 2960 2011 3000 novas
2033 2955 2087 2999 et
2106 2946 2373 3015 profanas.
2398 2947 2524 3015 Quae
2550 2950 2727 3003 omnia
2755 2950 3040 3019 ancipitem
3074 2950 3247 3004 facere
3269 2959 3489 3020 possunt
3509 2966 3764 3004 sensum:

520 3042 565 3097 si
586 3041 801 3112 quidem
820 3038 1138 3095 sententiam
1168 3036 1301 3091 dixit
1328 3051 1433 3090 non
1462 3035 1580 3091 aliis
1609 3036 1781 3091 verbis
1801 3050 1961 3104 quam
1990 3036 2180 3105 quibus
2210 3036 2323 3105 ipse
2349 3037 2510 3090 etiam
2538 3036 2814 3091 Nestorius
2842 3054 2950 3091 non
2978 3038 3173 3091 invitus
3204 3046 3458 3093 uteretur.
3490 3040 3766 3094 Nestorius

521 3135 663 3188 enim
687 3132 961 3188 confessus
988 3139 1089 3196 est,
1122 3138 1177 3185 et
1203 3129 1445 3187 Θεοτόκον
1473 3144 1591 3185 esse
1617 3129 1887 3197 Virginem
1916 3137 2184 3195 sanctam;
2209 3139 2264 3184 et
2291 3130 2464 3184 unitas
2492 3137 2709 3184 naturas
2750 3131 3054 3197 inconfuse;
3086 3138 3140 3186 et
3167 3148 3329 3186 unum
3356 3132 3541 3186 Filium
3589 3134 3767 3188 Domi-

520 3239 753 3292 numque
778 3224 1078 3289 Christum;
1110 3232 1165 3278 et
1191 3224 1425 3278 Verbum
1452 3237 1668 3278 carnem
1694 3221 1926 3286 factum;
1948 3228 2004 3275 et
2023 3235 2090 3275 ex
2119 3220 2235 3290 ipsa
2262 3220 2612 3290 conceptione
2641 3222 2895 3291 templum
2922 3221 3065 3290 quod
3087 3222 3370 3292 assumpsit
3392 3222 3489 3277 sibi
3509 3224 3762 3291 univisse,

520 3322 577 3369 et
602 3323 791 3369 caetera
820 3330 939 3383 quae
963 3313 1194 3369 Joannes
1219 3320 1533 3383 prosecutus
1554 3318 1656 3368 est.

590 3400 723 3453 Dum
771 3402 843 3454 ita
871 3400 1071 3467 geritur
1107 3399 1375 3467 negotium
1402 3398 1567 3468 pacis,
1599 3401 1793 3467 partim
1824 3394 2138 3461 Antiochite,
2172 3396 2365 3466 partim
2394 3395 2447 3448 in
2473 3394 2724 3466 Egypto,
2752 3394 3119 3450 Theodoretus
3143 3412 3284 3465 mgre
3311 3397 3485 3453 ferens
3510 3414 3630 3453 rem
3659 3418 3765 3457 non

519 3492 735 3545 evenire
754 3507 820 3545 ex
839 3492 1002 3545 animi
1023 3491 1104 3547 sui
1123 3490 1406 3554 sententia,
1426 3489 1633 3543 litteras
1656 3486 1803 3542 dedit
1822 3486 1888 3540 ad
1908 3488 2177 3554 gemintun
2206 3486 2491 3551 Andream,
2525 3487 2842 3540 monachum
2864 3487 3066 3540 scilicet
3090 3487 3761 3559 Constantinopolitanum,

518 3588 573 3636 et
600 3580 1004 3636 Samosatenum
1050 3581 1397 3649 episcopum;
1426 3578 1574 3633 dedit
1601 3585 1657 3632 et
1701 3576 1769 3630 ad
1804 3574 2064 3631 Joannem
2090 3576 2499 3642 Antiochenum,
2532 3586 2690 3645 atque
2737 3576 3029 3631 Himerium
3056 3578 3530 3645 Nicomediensem,
3565 3586 3766 3651 quibus

518 3683 741 3730 testatur
759 3689 818 3729 se
845 3674 1059 3741 quidem
1088 3672 1219 3726 nihil
1250 3672 1305 3724 in
1334 3670 1559 3739 epistola
1587 3667 1770 3739 Cyrilli
1789 3668 2053 3737 reperisse
2081 3669 2225 3739 quod
2244 3668 2511 3723 videretur
2538 3683 2680 3721 sana:
2701 3668 2954 3722 doctrina:
2977 3683 3231 3738 pugnare,
3260 3671 3453 3741 quippe
3472 3688 3595 3727 cum
3624 3676 3677 3728 in
3702 3692 3763 3729 ea

513 3767 760 3837 capitulis
787 3765 1056 3821 contraria
1083 3764 1516 3826 continerentur;
1546 3775 1606 3815 se
1635 3769 1811 3814 tamen
1839 3776 1945 3814 non
1966 3775 2143 3829 posse,
2168 3760 2267 3814 etsi
2295 3768 2531 3813 extrema
2552 3774 2772 3829 quaeque
2795 3760 3152 3829 impendeant,
3178 3778 3274 3817 nec
3296 3764 3348 3816 in
3369 3764 3765 3833 depositioncm

511 3857 760 3921 Nestorii,
801 3870 959 3923 quem
997 3855 1144 3909 miris
1172 3853 1415 3907 laudibus
1443 3851 1624 3915 afﬁcit,
1671 3852 2009 3917 consentire;
2035 3867 2133 3905 nec
2157 3851 2462 3919 dogmatum
2486 3850 2879 3905 damnationem
2904 3853 3255 3917 subscribere,
3286 3855 3399 3908 sine
3420 3857 3761 3925 exceptione,

508 3963 613 4017 qua
640 3946 961 4015 signiﬁcaret
987 3945 1241 3999 damnare
1267 3958 1326 3997 se
1352 3943 1622 4010 dogmata,
1646 3941 2022 4010 cujuscumque
2048 3941 2259 3995 tandem
2280 3950 2477 4019 essent,
2509 3949 2567 3996 ut
2588 3943 2956 3997 consuleretur
3002 3944 3231 3998 Nestorii
3260 3948 3514 4014 personat.
3571 3945 3758 4019 Cujus,

509 4043 697 4110 inquit,
736 4039 1047 4095 sanctissimi
1083 4036 1337 4107 episcopi,
1390 4036 1476 4104 qui
1527 4034 1816 4088 doctrinam
1860 4033 2134 4087 indiscrete
2188 4033 2610 4099 anathematizet,
2670 4035 2905 4103 pietatem
2962 4036 3127 4106 ipsam
3184 4036 3619 4091 anathematizare
3680 4041 3760 4091 vi-

507 4132 705 4186 deatur.

574 4224 707 4278 Cum
737 4223 977 4277 tribunus
1002 4236 1181 4277 moras
1207 4229 1484 4291 perttesus,
1518 4219 1855 4286 Alexandria,
1885 4235 1992 4288 quo
2013 4227 2232 4275 venerat
2260 4220 2590 4275 accelerandi
2620 4221 2814 4288 negotii
2838 4235 3015 4285 causa,
3040 4221 3373 4277 Antiochiam
3396 4222 3461 4276 ad
3484 4220 3761 4277 Joannem

507 4314 797 4382 urgendum
824 4302 1040 4379 rediret,
1066 4311 1292 4384 Cyrillus
1334 4312 1481 4366 misit
1517 4325 1622 4365 una
1650 4311 1783 4367 duos
1812 4325 1842 4366 ο
1881 4311 1990 4365 suis
2030 4311 2255 4375 clericis,
2285 4311 2475 4379 quibus
2512 4312 2751 4365 chartam
2785 4310 3015 4374 tradidit,
3047 4310 3323 4378 mandans,
3356 4320 3414 4365 ut
3440 4313 3482 4367 si
3509 4312 3762 4369 Joannes

505 4405 863 4460 subscriberet
901 4413 957 4458 et
998 4406 1143 4459 illam
1171 4406 1462 4474 acciperet,
1489 4412 1616 4457 tunc
1636 4402 1847 4457 demum
1878 4403 2080 4457 litteras
2105 4404 2156 4457 ei
2192 4403 2257 4457 de
2285 4404 2658 4458 communione
2696 4403 2993 4458 redderent.
3038 4404 3095 4457 In
3121 4404 3305 4459 charta
3333 4406 3762 4460 continebantur

505 4505 614 4551 tres
642 4493 973 4549 conditiones
992 4494 1155 4561 pacis,
1187 4494 1264 4548 sic
1292 4495 1433 4547 enim
1461 4494 1646 4549 scribit
1671 4491 1899 4564 Cyrillus
1922 4492 2123 4563 (Epist.
2148 4494 2217 4546 ad
2243 4493 2536 4564 Donatum)
2565 4512 2575 4545 :
2608 4494 2733 4547 Cum
2762 4497 2916 4564 igitur
2944 4497 3199 4564 piissimus
3226 4496 3454 4550 Joannes
3482 4497 3759 4568 subscrip—

502 4593 667 4658 sisset,
692 4592 973 4662 caeterique,
1002 4592 1086 4661 qui
1114 4606 1226 4642 cum
1248 4592 1357 4660 ipso
1386 4590 1688 4643 illustriores
1716 4598 1894 4648 erant;
1925 4605 2133 4659 cumque
2154 4586 2383 4642 Nestorii
2414 4588 2697 4643 doctrinam
2738 4589 3274 4653 anathematizassent,
3306 4600 3355 4641 et
3398 4588 3534 4659 quod
3572 4591 3756 4658 ipsum

500 4700 591 4753 pro
614 4684 840 4753 deposito
864 4683 1107 4735 haberent
1128 4678 1345 4749 professi
1366 4688 1551 4744 essent;
1570 4696 1630 4731 ac
1647 4678 1953 4732 Maximiani
1976 4677 2342 4747 religiosissimi
2372 4676 2769 4746 pientissimique
2795 4677 3018 4745 episcopi
3048 4676 3421 4729 ordinationem
3449 4678 3754 4745 approbas-

499 4784 628 4838 sent,
661 4773 1063 4827 communionem
1089 4771 1194 4824 illis
1218 4771 1551 4823 restituimus.
1586 4769 1972 4835 Theodoretus,
2002 4778 2061 4822 ut
2087 4768 2277 4822 Joanni
2304 4784 2409 4821 non
2439 4769 2641 4831 aderat,
2685 4782 2805 4821 cum
2843 4782 2946 4835 pax
2975 4770 3405 4833 constitueretur,
3457 4769 3529 4821 ita
3564 4784 3758 4836 neque

499 4866 810 4934 subscripsit
838 4879 957 4919 cum
978 4863 1127 4926 aliis;
1159 4860 1254 4915 sed
1274 4861 1327 4914 in
1356 4876 1454 4915 suo
1476 4876 1689 4917 secessu
1718 4862 1901 4915 turbas
1928 4860 2299 4925 meditabatur,
2331 4860 2492 4912 immo
2519 4861 2839 4914 sollicitabat
2859 4861 3064 4914 animos
3090 4860 3459 4928 episcoporum
3481 4874 3586 4911 sure
3613 4872 3756 4926 pro-

499 4956 702 5021 vinciae,
736 4971 869 5024 quos
890 4956 1049 5009 etiam
1070 4954 1311 5021 cogebat,
1334 4952 1479 5005 velut
1501 4953 1552 5005 in
1572 4951 1824 5022 synodos,
1848 4950 2016 5004 sicubi
2032 4948 2367 5004 commodum
2391 4948 2526 5003 foret
2550 4967 2560 5001 :
2594 4951 2936 5017 quamobrem
2960 4949 3024 5001 ab
3048 4948 3367 5016 imperatore
3393 4947 3757 5016 postmodum

495 5052 673 5113 jussus
701 5054 800 5111 est,
831 5045 995 5098 veluti
1024 5043 1169 5114 pacis
1196 5043 1419 5112 publica:
1446 5043 1806 5110 perturbator,
1837 5040 1961 5111 Cyri
1998 5053 2056 5093 se
2083 5038 2373 5094 continere.

566 5133 761 5189 Paulus
789 5134 1098 5199 Emesenus,
1131 5135 1290 5189 rebus
1318 5133 1567 5201 utrinque
1603 5132 1930 5201 compositis,
1980 5139 2260 5200 postquam
2302 5129 2577 5184 obtulisset
2612 5124 2847 5183 libellum
2893 5128 3118 5198 Cyrillo,
3163 5142 3271 5195 quo
3312 5128 3653 5182 consentiret
3700 5129 3763 5182 in

496 5239 683 5279 omnes
726 5224 1063 5280 conditiones
1102 5225 1266 5295 pacis,
1300 5239 1407 5278 non
1436 5232 1646 5277 tantum
1670 5223 2095 5278 communionem
2136 5222 2355 5291 recepit,
2398 5220 2491 5275 sed
2538 5220 2699 5273 etiam
2727 5228 3043 5297 potestatem
3070 5216 3325 5272 habendae
3352 5218 3419 5270 ad
3450 5216 3757 5287 populum,

494 5317 807 5387 praesidente
832 5315 1030 5388 Cyrillo
1054 5317 1108 5371 in
1135 5330 1326 5385 magna
1360 5316 1604 5380 ecclesia,
1630 5315 1862 5369 bomilia:
1882 5314 1967 5369 die
1987 5312 2056 5365 25
2084 5313 2407 5377 Decembris,
2430 5327 2535 5380 qua
2556 5311 2817 5366 catholice
2836 5311 3046 5365 locutus
3079 5309 3146 5363 de
3170 5310 3534 5363 incarnatione
3561 5308 3768 5363 Verbi

493 5414 549 5460 et
570 5406 795 5476 Deipara
820 5406 1042 5474 virgine,
1072 5413 1250 5461 tantos
1292 5405 1507 5473 plausus
1548 5420 1580 5459 a
1607 5403 1764 5474 plebe
1792 5403 2120 5457 acclamante
2150 5402 2374 5471 accepit,
2406 5409 2464 5454 ut
2504 5417 2608 5455 non
2638 5400 2812 5455 solum
2837 5400 3153 5468 abrumpere
3181 5414 3482 5453 sermonem
3510 5410 3771 5454 coactus

493 5496 587 5561 sit,
618 5496 712 5551 sed
730 5497 889 5551 etiam
917 5504 1125 5567 partem
1152 5496 1205 5550 in
1230 5495 1457 5565 primum
1477 5492 1714 5547 Januarii
1742 5492 1883 5546 diem
1911 5490 2141 5546 diﬁ‘erre.
2175 5489 2407 5545 Observa
2432 5490 2482 5543 in
2512 5490 2738 5558 vulgatis
2765 5490 3083 5543 editionibus
3111 5490 3207 5543 sub
3238 5489 3394 5543 ﬁnem
3423 5490 3579 5543 verba
3610 5506 3775 5559 per—

493 5589 647 5654 verti,
667 5602 785 5657 qua“.
804 5589 881 5643 sic
901 5586 1223 5644 restituenda
1251 5594 1392 5641 sunt.
1422 5584 1654 5655 Populus
1684 5583 1816 5638 dixit
1839 5602 1851 5637 :
1880 5582 1986 5636 Fili
2012 5581 2293 5652 Theophili,
2318 5592 2365 5636 et
2390 5582 2679 5646 Athanasii,
2703 5592 2751 5634 et
2774 5580 2969 5650 Cyrilli.
2996 5578 3280 5650 Episcopus
3314 5579 3509 5635 Paulus
3549 5579 3725 5636 dixit
3750 5599 3772 5638 :

496 5681 670 5738 Patris
696 5683 999 5751 sapientiam
1020 5684 1305 5749 audiamus,
1333 5696 1446 5752 qua:
1467 5689 1670 5735 nostras
1697 5678 1896 5750 quidem
1917 5677 2313 5735 orthodororum
2334 5685 2521 5730 mentes
2548 5676 2859 5729 exsuscitat:
2892 5673 3108 5727 hostium
3144 5690 3256 5727 vero
3304 5672 3544 5727 Ecclesia:
3594 5678 3772 5730 acies
