  <div class='ocr_page' id='page_1' title='image "/cluster/home/n/w/nwhite01/storage/ocr_20150623/48/hvd.32044096580691/378.png"; bbox 0 0 3980 6182; ppageno 0'>
   <div class='ocr_carea' id='block_1_1' title="bbox 294 266 1866 336">
    <p class='ocr_par' dir='ltr' id='par_1_1' title="bbox 294 266 1866 324">
     <span class='ocr_line' id='line_1_1' title="bbox 294 266 1866 324; baseline 0.003 -6"><span class='ocrx_word' id='word_1_1' title='bbox 294 269 391 320; x_wconf 65' lang='grc' dir='ltr'><strong>τις</strong></span> <span class='ocrx_word' id='word_1_2' title='bbox 822 266 1188 322; x_wconf 71' lang='grc' dir='ltr'><strong>ΡΒᾹΞΡΑΉΟ</strong></span> <span class='ocrx_word' id='word_1_3' title='bbox 1230 267 1292 322; x_wconf 75' lang='lat' dir='ltr'><strong>IN</strong></span> <span class='ocrx_word' id='word_1_4' title='bbox 1333 267 1703 324; x_wconf 75' lang='lat' dir='ltr'><strong>SECUNDAM</strong></span> <span class='ocrx_word' id='word_1_5' title='bbox 1745 268 1866 324; x_wconf 68' lang='lat' dir='ltr'><strong>PAF</strong></span> 
     </span>
    </p>
   </div>
   <div class='ocr_carea' id='block_1_2' title="bbox 1979 266 3551 336">
    <p class='ocr_par' dir='ltr' id='par_1_2' title="bbox 1979 271 3551 336">
     <span class='ocr_line' id='line_1_2' title="bbox 1979 271 3551 336; baseline 0.008 -12"><span class='ocrx_word' id='word_1_6' title='bbox 1979 271 2023 325; x_wconf 82' lang='grc' dir='ltr'>Μ</span> <span class='ocrx_word' id='word_1_7' title='bbox 2064 272 2348 329; x_wconf 80' lang='lat' dir='ltr'><strong>OPERUM</strong></span> <span class='ocrx_word' id='word_1_8' title='bbox 2388 273 2578 330; x_wconf 77' lang='lat' dir='ltr'><strong>MAR&quot;</strong></span> <span class='ocrx_word' id='word_1_9' title='bbox 2620 273 3077 334; x_wconf 73' lang='lat' dir='ltr'><strong>MERCATURIS.</strong></span> <span class='ocrx_word' id='word_1_10' title='bbox 3448 280 3551 336; x_wconf 71' lang='grc' dir='ltr'><strong>τισ</strong></span> 
     </span>
    </p>
   </div>
   <div class='ocr_carea' id='block_1_3' title="bbox 283 380 3553 465">
    <p class='ocr_par' dir='ltr' id='par_1_3' title="bbox 283 380 3553 465">
     <span class='ocr_line' id='line_1_3' title="bbox 283 380 3553 465; baseline 0.007 -38"><span class='ocrx_word' id='word_1_11' title='bbox 283 381 577 446; x_wconf 71' lang='lat' dir='ltr'><strong>prosternit,</strong></span> <span class='ocrx_word' id='word_1_12' title='bbox 608 388 709 434; x_wconf 92' lang='lat' dir='ltr'><strong>etc.</strong></span> <span class='ocrx_word' id='word_1_13' title='bbox 735 380 969 435; x_wconf 78' lang='lat' dir='ltr'><strong>Dicentis</strong></span> <span class='ocrx_word' id='word_1_14' title='bbox 998 382 1157 436; x_wconf 81' lang='lat' dir='ltr'><strong>verba</strong></span> <span class='ocrx_word' id='word_1_15' title='bbox 1187 384 1398 452; x_wconf 91' lang='lat' dir='ltr'><strong>excepit</strong></span> <span class='ocrx_word' id='word_1_16' title='bbox 1425 381 1655 454; x_wconf 80' lang='lat' dir='ltr'><strong>Cyrillus</strong></span> <span class='ocrx_word' id='word_1_17' title='bbox 1683 384 1750 439; x_wconf 91' lang='lat' dir='ltr'><strong>de</strong></span> <span class='ocrx_word' id='word_1_18' title='bbox 1780 400 1949 450; x_wconf 89' lang='lat' dir='ltr'><strong>more,</strong></span> <span class='ocrx_word' id='word_1_19' title='bbox 1982 403 2393 459; x_wconf 86' lang='lat' dir='ltr'><strong>sermonemque</strong></span> <span class='ocrx_word' id='word_1_20' title='bbox 2421 392 2821 458; x_wconf 90' lang='lat' dir='ltr'><strong>commendans,</strong></span> <span class='ocrx_word' id='word_1_21' title='bbox 2860 393 3159 460; x_wconf 74' lang='lat' dir='ltr'><strong>llausfmus,</strong></span> <span class='ocrx_word' id='word_1_22' title='bbox 3193 396 3381 465; x_wconf 89' lang='lat' dir='ltr'><strong>inquit,</strong></span> <span class='ocrx_word' id='word_1_23' title='bbox 3414 396 3553 449; x_wconf 75' lang='lat' dir='ltr'><strong>vobis</strong></span> 
     </span>
    </p>
   </div>
   <div class='ocr_carea' id='block_1_4' title="bbox 280 471 3547 552">
    <p class='ocr_par' dir='ltr' id='par_1_4' title="bbox 280 471 3547 552">
     <span class='ocr_line' id='line_1_4' title="bbox 280 471 3547 552; baseline 0.006 -34"><span class='ocrx_word' id='word_1_24' title='bbox 280 485 467 536; x_wconf 75' lang='lat' dir='ltr'><strong>aquam</strong></span> <span class='ocrx_word' id='word_1_25' title='bbox 488 485 553 521; x_wconf 74' lang='lat' dir='ltr'><strong>ex</strong></span> <span class='ocrx_word' id='word_1_26' title='bbox 579 485 728 521; x_wconf 87' lang='lat' dir='ltr'><strong>sacro</strong></span> <span class='ocrx_word' id='word_1_27' title='bbox 752 472 892 539; x_wconf 87' lang='lat' dir='ltr'><strong>fonte</strong></span> <span class='ocrx_word' id='word_1_28' title='bbox 914 486 930 523; x_wconf 92' lang='lat'><em>:</em></span> <span class='ocrx_word' id='word_1_29' title='bbox 962 471 1206 534; x_wconf 82' lang='lat' dir='ltr'><strong>doctoris,</strong></span> <span class='ocrx_word' id='word_1_30' title='bbox 1231 473 1460 541; x_wconf 87' lang='lat' dir='ltr'><strong>inquam,</strong></span> <span class='ocrx_word' id='word_1_31' title='bbox 1485 475 1571 544; x_wconf 83' lang='lat' dir='ltr'><strong>qui</strong></span> <span class='ocrx_word' id='word_1_32' title='bbox 1591 484 1712 527; x_wconf 88' lang='lat' dir='ltr'><strong>ante</strong></span> <span class='ocrx_word' id='word_1_33' title='bbox 1734 491 1826 528; x_wconf 90' lang='lat' dir='ltr'><strong>nos</strong></span> <span class='ocrx_word' id='word_1_34' title='bbox 1849 476 2122 543; x_wconf 83' lang='lat' dir='ltr'><strong>disseruit;</strong></span> <span class='ocrx_word' id='word_1_35' title='bbox 2150 482 2233 550; x_wconf 86' lang='lat' dir='ltr'><strong>qui</strong></span> <span class='ocrx_word' id='word_1_36' title='bbox 2258 481 2486 550; x_wconf 85' lang='lat' dir='ltr'><strong>Spiritus</strong></span> <span class='ocrx_word' id='word_1_37' title='bbox 2533 486 2701 538; x_wconf 96' lang='lat' dir='ltr'><strong>sancti</strong></span> <span class='ocrx_word' id='word_1_38' title='bbox 2731 487 2924 539; x_wconf 82' lang='lat' dir='ltr'><strong>lumine</strong></span> <span class='ocrx_word' id='word_1_39' title='bbox 2960 487 3267 552; x_wconf 72' lang='lat' dir='ltr'><strong>illustratus,</strong></span> <span class='ocrx_word' id='word_1_40' title='bbox 3309 490 3547 549; x_wconf 66' lang='lat' dir='ltr'><strong>exposuit</strong></span> 
     </span>
    </p>
   </div>
   <div class='ocr_carea' id='block_1_5' title="bbox 280 557 2113 636">
    <p class='ocr_par' dir='ltr' id='par_1_5' title="bbox 280 557 2113 636">
     <span class='ocr_line' id='line_1_5' title="bbox 280 557 2113 636; baseline 0.009 -28"><span class='ocrx_word' id='word_1_41' title='bbox 280 557 427 610; x_wconf 87' lang='lat' dir='ltr'><strong>nobis</strong></span> <span class='ocrx_word' id='word_1_42' title='bbox 450 574 693 628; x_wconf 87' lang='lat' dir='ltr'><strong>magnum</strong></span> <span class='ocrx_word' id='word_1_43' title='bbox 714 576 775 611; x_wconf 88' lang='lat' dir='ltr'><strong>ac</strong></span> <span class='ocrx_word' id='word_1_44' title='bbox 804 562 1147 615; x_wconf 83' lang='lat' dir='ltr'><strong>venerandum</strong></span> <span class='ocrx_word' id='word_1_45' title='bbox 1170 562 1457 618; x_wconf 64' lang='lat' dir='ltr'><strong>Saluatoris</strong></span> <span class='ocrx_word' id='word_1_46' title='bbox 1481 567 1644 619; x_wconf 90' lang='lat' dir='ltr'><strong>nostri</strong></span> <span class='ocrx_word' id='word_1_47' title='bbox 1666 570 1981 636; x_wconf 76' lang='lat' dir='ltr'><strong>mysterium,</strong></span> <span class='ocrx_word' id='word_1_48' title='bbox 2011 580 2113 624; x_wconf 80' lang='lat' dir='ltr'><strong>etc.</strong></span> 
     </span>
    </p>
   </div>
   <div class='ocr_carea' id='block_1_6' title="bbox 1663 720 2150 762">
    <p class='ocr_par' dir='ltr' id='par_1_6' title="bbox 1663 720 2150 762">
     <span class='ocr_line' id='line_1_6' title="bbox 1663 720 2150 762; baseline 0.008 -6"><span class='ocrx_word' id='word_1_49' title='bbox 1663 720 1799 757; x_wconf 65' lang='grc' dir='ltr'><strong>ΔΝΜ)</strong></span> <span class='ocrx_word' id='word_1_50' title='bbox 1838 721 2150 762; x_wconf 69' lang='grc' dir='ltr'><strong>ΕΕΟΕΧΧΧΙΠ.</strong></span> 
     </span>
    </p>
   </div>
   <div class='ocr_carea' id='block_1_7' title="bbox 356 830 3551 915">
    <p class='ocr_par' dir='ltr' id='par_1_7' title="bbox 356 830 3551 915">
     <span class='ocr_line' id='line_1_7' title="bbox 356 830 3551 915; baseline 0.005 -30"><span class='ocrx_word' id='word_1_51' title='bbox 356 830 637 900; x_wconf 84' lang='lat' dir='ltr'><strong>Postquam</strong></span> <span class='ocrx_word' id='word_1_52' title='bbox 676 833 938 889; x_wconf 87' lang='lat' dir='ltr'><strong>intellexit</strong></span> <span class='ocrx_word' id='word_1_53' title='bbox 959 834 1329 891; x_wconf 85' lang='lat' dir='ltr'><strong>Tbeodorctus</strong></span> <span class='ocrx_word' id='word_1_54' title='bbox 1358 838 1631 905; x_wconf 82' lang='lat' dir='ltr'><strong>negotium</strong></span> <span class='ocrx_word' id='word_1_55' title='bbox 1660 840 1881 895; x_wconf 90' lang='lat' dir='ltr'><strong>omnino</strong></span> <span class='ocrx_word' id='word_1_56' title='bbox 1909 850 2185 911; x_wconf 89' lang='lat' dir='ltr'><strong>peractum</strong></span> <span class='ocrx_word' id='word_1_57' title='bbox 2221 858 2356 907; x_wconf 89' lang='lat' dir='ltr'><strong>esse,</strong></span> <span class='ocrx_word' id='word_1_58' title='bbox 2388 846 2753 915; x_wconf 91' lang='lat' dir='ltr'><strong>scriptumque</strong></span> <span class='ocrx_word' id='word_1_59' title='bbox 2782 862 2809 899; x_wconf 88' lang='lat' dir='ltr'><strong>a</strong></span> <span class='ocrx_word' id='word_1_60' title='bbox 2832 845 3039 901; x_wconf 91' lang='lat' dir='ltr'><strong>Joanne</strong></span> <span class='ocrx_word' id='word_1_61' title='bbox 3062 848 3418 909; x_wconf 84' lang='lat' dir='ltr'><strong>Antiocheno,</strong></span> <span class='ocrx_word' id='word_1_62' title='bbox 3444 863 3551 900; x_wconf 84' lang='lat' dir='ltr'><strong>non</strong></span> 
     </span>
    </p>
   </div>
   <div class='ocr_carea' id='block_1_8' title="bbox 280 924 3555 1005">
    <p class='ocr_par' dir='ltr' id='par_1_8' title="bbox 280 924 3555 1005">
     <span class='ocr_line' id='line_1_8' title="bbox 280 924 3555 1005; baseline 0.004 -28"><span class='ocrx_word' id='word_1_63' title='bbox 280 933 488 978; x_wconf 90' lang='lat' dir='ltr'><strong>tantum</strong></span> <span class='ocrx_word' id='word_1_64' title='bbox 514 924 580 977; x_wconf 91' lang='lat' dir='ltr'><strong>ad</strong></span> <span class='ocrx_word' id='word_1_65' title='bbox 610 925 843 993; x_wconf 91' lang='lat' dir='ltr'><strong>majores</strong></span> <span class='ocrx_word' id='word_1_66' title='bbox 872 926 1046 988; x_wconf 82' lang='lat' dir='ltr'><strong>sedes,</strong></span> <span class='ocrx_word' id='word_1_67' title='bbox 1070 926 1164 981; x_wconf 88' lang='lat' dir='ltr'><strong>sed</strong></span> <span class='ocrx_word' id='word_1_68' title='bbox 1190 928 1353 982; x_wconf 85' lang='lat' dir='ltr'><strong>etiam</strong></span> <span class='ocrx_word' id='word_1_69' title='bbox 1383 930 1449 981; x_wconf 86' lang='lat' dir='ltr'><strong>ad</strong></span> <span class='ocrx_word' id='word_1_70' title='bbox 1475 929 1875 999; x_wconf 82' lang='lat' dir='ltr'><strong>imperatorem,</strong></span> <span class='ocrx_word' id='word_1_71' title='bbox 1907 946 2016 1000; x_wconf 90' lang='lat' dir='ltr'><strong>quo</strong></span> <span class='ocrx_word' id='word_1_72' title='bbox 2048 940 2339 987; x_wconf 83' lang='lat' dir='ltr'><strong>testaretur</strong></span> <span class='ocrx_word' id='word_1_73' title='bbox 2358 950 2417 989; x_wconf 89' lang='lat' dir='ltr'><strong>se</strong></span> <span class='ocrx_word' id='word_1_74' title='bbox 2446 944 2500 989; x_wconf 90' lang='lat' dir='ltr'><strong>et</strong></span> <span class='ocrx_word' id='word_1_75' title='bbox 2525 936 2774 1004; x_wconf 80' lang='lat' dir='ltr'><strong>dogmata</strong></span> <span class='ocrx_word' id='word_1_76' title='bbox 2807 936 3040 991; x_wconf 83' lang='lat' dir='ltr'><strong>Nestorii</strong></span> <span class='ocrx_word' id='word_1_77' title='bbox 3063 936 3337 1001; x_wconf 75' lang='lat' dir='ltr'><strong>damnare,</strong></span> <span class='ocrx_word' id='word_1_78' title='bbox 3362 944 3416 991; x_wconf 88' lang='lat' dir='ltr'><strong>et</strong></span> <span class='ocrx_word' id='word_1_79' title='bbox 3437 936 3555 1005; x_wconf 83' lang='lat' dir='ltr'><strong>ejus</strong></span> 
     </span>
    </p>
   </div>
   <div class='ocr_carea' id='block_1_9' title="bbox 274 1019 3555 1098">
    <p class='ocr_par' dir='ltr' id='par_1_9' title="bbox 274 1019 3555 1098">
     <span class='ocr_line' id='line_1_9' title="bbox 274 1019 3555 1098; baseline 0.003 -26"><span class='ocrx_word' id='word_1_80' title='bbox 274 1019 598 1088; x_wconf 77' lang='lat' dir='ltr'><strong>depositioni</strong></span> <span class='ocrx_word' id='word_1_81' title='bbox 627 1020 1057 1088; x_wconf 90' lang='lat' dir='ltr'><strong>ordinationique</strong></span> <span class='ocrx_word' id='word_1_82' title='bbox 1078 1020 1385 1075; x_wconf 81' lang='lat' dir='ltr'><strong>Maximiani</strong></span> <span class='ocrx_word' id='word_1_83' title='bbox 1406 1023 1738 1089; x_wconf 89' lang='lat' dir='ltr'><strong>consentire;</strong></span> <span class='ocrx_word' id='word_1_84' title='bbox 1771 1023 1917 1078; x_wconf 88' lang='lat' dir='ltr'><strong>dedit</strong></span> <span class='ocrx_word' id='word_1_85' title='bbox 1938 1024 2130 1079; x_wconf 87' lang='lat' dir='ltr'><strong>iterum</strong></span> <span class='ocrx_word' id='word_1_86' title='bbox 2161 1024 2227 1078; x_wconf 89' lang='lat' dir='ltr'><strong>ad</strong></span> <span class='ocrx_word' id='word_1_87' title='bbox 2256 1025 2547 1081; x_wconf 89' lang='lat' dir='ltr'><strong>llimerium</strong></span> <span class='ocrx_word' id='word_1_88' title='bbox 2575 1028 2799 1092; x_wconf 85' lang='lat' dir='ltr'><strong>litteras,</strong></span> <span class='ocrx_word' id='word_1_89' title='bbox 2832 1030 3025 1096; x_wconf 92' lang='lat' dir='ltr'><strong>quibus</strong></span> <span class='ocrx_word' id='word_1_90' title='bbox 3071 1028 3233 1081; x_wconf 88' lang='lat' dir='ltr'><strong>animi</strong></span> <span class='ocrx_word' id='word_1_91' title='bbox 3262 1030 3343 1083; x_wconf 88' lang='lat' dir='ltr'><strong>sui</strong></span> <span class='ocrx_word' id='word_1_92' title='bbox 3384 1029 3555 1098; x_wconf 91' lang='lat' dir='ltr'><strong>impo-</strong></span> 
     </span>
    </p>
   </div>
   <div class='ocr_carea' id='block_1_10' title="bbox 276 1110 3555 1191">
    <p class='ocr_par' dir='ltr' id='par_1_10' title="bbox 276 1110 3555 1191">
     <span class='ocr_line' id='line_1_10' title="bbox 276 1110 3555 1191; baseline 0.003 -28"><span class='ocrx_word' id='word_1_93' title='bbox 276 1112 502 1165; x_wconf 85' lang='lat' dir='ltr'><strong>tentiam</strong></span> <span class='ocrx_word' id='word_1_94' title='bbox 522 1112 678 1164; x_wconf 87' lang='lat' dir='ltr'><strong>simul</strong></span> <span class='ocrx_word' id='word_1_95' title='bbox 707 1120 761 1165; x_wconf 93' lang='lat' dir='ltr'><strong>et</strong></span> <span class='ocrx_word' id='word_1_96' title='bbox 781 1110 1027 1166; x_wconf 82' lang='lat' dir='ltr'><strong>factionis</strong></span> <span class='ocrx_word' id='word_1_97' title='bbox 1050 1111 1261 1166; x_wconf 81' lang='lat' dir='ltr'><strong>fraudes</strong></span> <span class='ocrx_word' id='word_1_98' title='bbox 1283 1113 1536 1182; x_wconf 89' lang='lat' dir='ltr'><strong>prodidit.</strong></span> <span class='ocrx_word' id='word_1_99' title='bbox 1567 1114 1646 1167; x_wconf 82' lang='lat' dir='ltr'><strong>Ad</strong></span> <span class='ocrx_word' id='word_1_100' title='bbox 1676 1115 1845 1183; x_wconf 87' lang='lat' dir='ltr'><strong>ipsum</strong></span> <span class='ocrx_word' id='word_1_101' title='bbox 1874 1132 2088 1186; x_wconf 89' lang='lat' dir='ltr'><strong>quoque</strong></span> <span class='ocrx_word' id='word_1_102' title='bbox 2114 1117 2416 1172; x_wconf 85' lang='lat' dir='ltr'><strong>Nestorium</strong></span> <span class='ocrx_word' id='word_1_103' title='bbox 2446 1121 2730 1189; x_wconf 86' lang='lat' dir='ltr'><strong>epistolam</strong></span> <span class='ocrx_word' id='word_1_104' title='bbox 2762 1121 2924 1185; x_wconf 85' lang='lat' dir='ltr'><strong>misit,</strong></span> <span class='ocrx_word' id='word_1_105' title='bbox 2955 1121 3107 1189; x_wconf 87' lang='lat' dir='ltr'><strong>quasi</strong></span> <span class='ocrx_word' id='word_1_106' title='bbox 3151 1122 3340 1191; x_wconf 82' lang='lat' dir='ltr'><strong>pignus</strong></span> <span class='ocrx_word' id='word_1_107' title='bbox 3385 1120 3555 1189; x_wconf 92' lang='lat' dir='ltr'><strong>quod-</strong></span> 
     </span>
    </p>
   </div>
   <div class='ocr_carea' id='block_1_11' title="bbox 271 1199 3557 1283">
    <p class='ocr_par' dir='ltr' id='par_1_11' title="bbox 271 1199 3557 1283">
     <span class='ocr_line' id='line_1_11' title="bbox 271 1199 3557 1283; baseline 0.004 -32"><span class='ocrx_word' id='word_1_108' title='bbox 271 1199 398 1252; x_wconf 87' lang='lat' dir='ltr'><strong>dam</strong></span> <span class='ocrx_word' id='word_1_109' title='bbox 424 1215 532 1253; x_wconf 66' lang='lat' dir='ltr'><strong>suco</strong></span> <span class='ocrx_word' id='word_1_110' title='bbox 555 1201 604 1252; x_wconf 93' lang='lat' dir='ltr'><strong>in</strong></span> <span class='ocrx_word' id='word_1_111' title='bbox 629 1200 839 1255; x_wconf 80' lang='lat' dir='ltr'><strong>tuendis</strong></span> <span class='ocrx_word' id='word_1_112' title='bbox 864 1201 1096 1254; x_wconf 70' lang='lat' dir='ltr'><strong>hmretici</strong></span> <span class='ocrx_word' id='word_1_113' title='bbox 1119 1203 1356 1270; x_wconf 88' lang='lat' dir='ltr'><strong>partibus</strong></span> <span class='ocrx_word' id='word_1_114' title='bbox 1382 1203 1713 1271; x_wconf 71' lang='lat' dir='ltr'><strong>pervicacim.</strong></span> <span class='ocrx_word' id='word_1_115' title='bbox 1739 1204 1787 1256; x_wconf 86' lang='grc' dir='ltr'><em>Η</em></span> <span class='ocrx_word' id='word_1_116' title='bbox 1796 1205 1858 1266; x_wconf 86' lang='lat' dir='ltr'><strong>is,</strong></span> <span class='ocrx_word' id='word_1_117' title='bbox 1880 1205 2070 1273; x_wconf 86' lang='lat' dir='ltr'><strong>inquit,</strong></span> <span class='ocrx_word' id='word_1_118' title='bbox 2094 1224 2206 1279; x_wconf 77' lang='lat' dir='ltr'><strong>qua:</strong></span> <span class='ocrx_word' id='word_1_119' title='bbox 2227 1218 2407 1262; x_wconf 89' lang='lat' dir='ltr'><strong>contra</strong></span> <span class='ocrx_word' id='word_1_120' title='bbox 2436 1218 2575 1264; x_wconf 90' lang='lat' dir='ltr'><strong>tuam</strong></span> <span class='ocrx_word' id='word_1_121' title='bbox 2594 1214 2969 1266; x_wconf 74' lang='lat' dir='ltr'><strong>venerationem</strong></span> <span class='ocrx_word' id='word_1_122' title='bbox 2999 1212 3189 1282; x_wconf 80' lang='lat' dir='ltr'><strong>injuste</strong></span> <span class='ocrx_word' id='word_1_123' title='bbox 3208 1222 3358 1283; x_wconf 86' lang='lat' dir='ltr'><strong>atque</strong></span> <span class='ocrx_word' id='word_1_124' title='bbox 3384 1213 3557 1282; x_wconf 83' lang='lat' dir='ltr'><strong>inique</strong></span> 
     </span>
    </p>
   </div>
   <div class='ocr_carea' id='block_1_12' title="bbox 184 1292 3554 1372">
    <p class='ocr_par' dir='ltr' id='par_1_12' title="bbox 184 1292 3554 1372">
     <span class='ocr_line' id='line_1_12' title="bbox 184 1292 3554 1372; baseline 0.004 -31"><span class='ocrx_word' id='word_1_125' title='bbox 184 1353 190 1361; x_wconf 38' lang='grc' dir='ltr'><strong>Ι</strong></span> <span class='ocrx_word' id='word_1_126' title='bbox 268 1301 481 1359; x_wconf 74' lang='lat' dir='ltr'><strong>patrata</strong></span> <span class='ocrx_word' id='word_1_127' title='bbox 510 1301 645 1354; x_wconf 84' lang='lat' dir='ltr'><strong>sunt,</strong></span> <span class='ocrx_word' id='word_1_128' title='bbox 679 1308 771 1343; x_wconf 86' lang='lat' dir='ltr'><strong>nec</strong></span> <span class='ocrx_word' id='word_1_129' title='bbox 791 1292 836 1344; x_wconf 91' lang='lat' dir='ltr'><strong>si</strong></span> <span class='ocrx_word' id='word_1_130' title='bbox 866 1292 990 1344; x_wconf 85' lang='lat' dir='ltr'><strong>mihi</strong></span> <span class='ocrx_word' id='word_1_131' title='bbox 1018 1301 1286 1363; x_wconf 88' lang='lat' dir='ltr'><strong>utramque</strong></span> <span class='ocrx_word' id='word_1_132' title='bbox 1310 1309 1520 1346; x_wconf 91' lang='lat' dir='ltr'><strong>manum</strong></span> <span class='ocrx_word' id='word_1_133' title='bbox 1540 1295 1651 1364; x_wconf 86' lang='lat' dir='ltr'><strong>quis</strong></span> <span class='ocrx_word' id='word_1_134' title='bbox 1679 1293 2020 1361; x_wconf 88' lang='lat' dir='ltr'><strong>abscinderet,</strong></span> <span class='ocrx_word' id='word_1_135' title='bbox 2053 1307 2229 1367; x_wconf 88' lang='lat' dir='ltr'><strong>potero</strong></span> <span class='ocrx_word' id='word_1_136' title='bbox 2256 1298 2482 1368; x_wconf 75' lang='lat' dir='ltr'><strong>prtebere</strong></span> <span class='ocrx_word' id='word_1_137' title='bbox 2508 1318 2833 1367; x_wconf 83' lang='lat' dir='ltr'><strong>consensum,</strong></span> <span class='ocrx_word' id='word_1_138' title='bbox 2866 1302 3040 1356; x_wconf 82' lang='lat' dir='ltr'><strong>divina</strong></span> <span class='ocrx_word' id='word_1_139' title='bbox 3072 1301 3407 1372; x_wconf 82' lang='lat' dir='ltr'><strong>proculdubio</strong></span> <span class='ocrx_word' id='word_1_140' title='bbox 3428 1302 3554 1355; x_wconf 83' lang='lat' dir='ltr'><strong>mihi</strong></span> 
     </span>
    </p>
   </div>
   <div class='ocr_carea' id='block_1_13' title="bbox 269 1383 3552 1463">
    <p class='ocr_par' dir='ltr' id='par_1_13' title="bbox 269 1383 3552 1463">
     <span class='ocr_line' id='line_1_13' title="bbox 269 1383 3552 1463; baseline 0.003 -30"><span class='ocrx_word' id='word_1_141' title='bbox 269 1393 578 1451; x_wconf 81' lang='lat' dir='ltr'><strong>cooperante</strong></span> <span class='ocrx_word' id='word_1_142' title='bbox 601 1384 792 1453; x_wconf 86' lang='lat' dir='ltr'><strong>gratia,</strong></span> <span class='ocrx_word' id='word_1_143' title='bbox 816 1392 865 1434; x_wconf 87' lang='lat' dir='ltr'><strong>et</strong></span> <span class='ocrx_word' id='word_1_144' title='bbox 884 1383 1239 1452; x_wconf 84' lang='lat' dir='ltr'><strong>infirmitatem</strong></span> <span class='ocrx_word' id='word_1_145' title='bbox 1269 1385 1458 1437; x_wconf 68' lang='lat' dir='ltr'><strong>animm</strong></span> <span class='ocrx_word' id='word_1_146' title='bbox 1486 1384 1800 1438; x_wconf 78' lang='lat' dir='ltr'><strong>sublevante.</strong></span> <span class='ocrx_word' id='word_1_147' title='bbox 1830 1384 1943 1439; x_wconf 81' lang='lat' dir='ltr'><strong>Hoc</strong></span> <span class='ocrx_word' id='word_1_148' title='bbox 1967 1395 2135 1439; x_wconf 86' lang='lat' dir='ltr'><strong>autem</strong></span> <span class='ocrx_word' id='word_1_149' title='bbox 2164 1389 2315 1441; x_wconf 88' lang='lat' dir='ltr'><strong>etiam</strong></span> <span class='ocrx_word' id='word_1_150' title='bbox 2347 1390 2425 1442; x_wconf 87' lang='lat' dir='ltr'><strong>his</strong></span> <span class='ocrx_word' id='word_1_151' title='bbox 2455 1391 2541 1461; x_wconf 86' lang='lat' dir='ltr'><strong>qui</strong></span> <span class='ocrx_word' id='word_1_152' title='bbox 2584 1392 2694 1445; x_wconf 79' lang='lat' dir='ltr'><strong>hwc</strong></span> <span class='ocrx_word' id='word_1_153' title='bbox 2720 1394 2951 1463; x_wconf 73' lang='lat' dir='ltr'><strong>exigunt,</strong></span> <span class='ocrx_word' id='word_1_154' title='bbox 2999 1402 3191 1444; x_wconf 86' lang='lat' dir='ltr'><strong>certum</strong></span> <span class='ocrx_word' id='word_1_155' title='bbox 3221 1390 3404 1444; x_wconf 85' lang='lat' dir='ltr'><strong>litteris</strong></span> <span class='ocrx_word' id='word_1_156' title='bbox 3434 1392 3552 1461; x_wconf 73' lang='lat' dir='ltr'><strong>feci,</strong></span> 
     </span>
    </p>
   </div>
   <div class='ocr_carea' id='block_1_14' title="bbox 266 1473 3554 1554">
    <p class='ocr_par' dir='ltr' id='par_1_14' title="bbox 266 1473 3554 1554">
     <span class='ocr_line' id='line_1_14' title="bbox 266 1473 3554 1554; baseline 0.003 -28"><span class='ocrx_word' id='word_1_157' title='bbox 266 1486 325 1526; x_wconf 87' lang='lat' dir='ltr'><strong>et</strong></span> <span class='ocrx_word' id='word_1_158' title='bbox 353 1487 528 1526; x_wconf 73' lang='lat' dir='ltr'><strong>rostra:</strong></span> <span class='ocrx_word' id='word_1_159' title='bbox 553 1475 837 1537; x_wconf 87' lang='lat' dir='ltr'><strong>sanctitati,</strong></span> <span class='ocrx_word' id='word_1_160' title='bbox 862 1473 983 1543; x_wconf 89' lang='lat' dir='ltr'><strong>quid</strong></span> <span class='ocrx_word' id='word_1_161' title='bbox 1008 1475 1080 1526; x_wconf 89' lang='lat' dir='ltr'><strong>eis</strong></span> <span class='ocrx_word' id='word_1_162' title='bbox 1111 1491 1143 1526; x_wconf 92' lang='lat' dir='ltr'><strong>a</strong></span> <span class='ocrx_word' id='word_1_163' title='bbox 1168 1490 1246 1527; x_wconf 89' lang='lat' dir='ltr'><strong>me</strong></span> <span class='ocrx_word' id='word_1_164' title='bbox 1276 1475 1577 1543; x_wconf 87' lang='lat' dir='ltr'><strong>rescriptum</strong></span> <span class='ocrx_word' id='word_1_165' title='bbox 1606 1477 1692 1538; x_wconf 86' lang='lat' dir='ltr'><strong>sit,</strong></span> <span class='ocrx_word' id='word_1_166' title='bbox 1716 1476 1953 1545; x_wconf 73' lang='lat' dir='ltr'><strong>exentpla</strong></span> <span class='ocrx_word' id='word_1_167' title='bbox 1984 1479 2264 1544; x_wconf 88' lang='lat' dir='ltr'><strong>transmisi,</strong></span> <span class='ocrx_word' id='word_1_168' title='bbox 2297 1490 2545 1549; x_wconf 84' lang='lat' dir='ltr'><strong>quatenus</strong></span> <span class='ocrx_word' id='word_1_169' title='bbox 2574 1493 2825 1553; x_wconf 87' lang='lat' dir='ltr'><strong>agnoscat</strong></span> <span class='ocrx_word' id='word_1_170' title='bbox 2854 1482 2989 1554; x_wconf 90' lang='lat' dir='ltr'><strong>quod</strong></span> <span class='ocrx_word' id='word_1_171' title='bbox 3014 1482 3209 1535; x_wconf 87' lang='lat' dir='ltr'><strong>nullum</strong></span> <span class='ocrx_word' id='word_1_172' title='bbox 3247 1491 3440 1552; x_wconf 83' lang='lat' dir='ltr'><strong>tempus</strong></span> <span class='ocrx_word' id='word_1_173' title='bbox 3462 1497 3554 1535; x_wconf 86' lang='lat' dir='ltr'><strong>nos</strong></span> 
     </span>
    </p>
   </div>
   <div class='ocr_carea' id='block_1_15' title="bbox 269 1567 1240 1638">
    <p class='ocr_par' dir='ltr' id='par_1_15' title="bbox 269 1567 1240 1638">
     <span class='ocr_line' id='line_1_15' title="bbox 269 1567 1240 1638; baseline 0.001 -18"><span class='ocrx_word' id='word_1_174' title='bbox 269 1586 365 1637; x_wconf 80' lang='lat' dir='ltr'><strong>per</strong></span> <span class='ocrx_word' id='word_1_175' title='bbox 395 1570 619 1621; x_wconf 71' lang='lat' dir='ltr'><strong>divinam</strong></span> <span class='ocrx_word' id='word_1_176' title='bbox 644 1570 867 1638; x_wconf 88' lang='lat' dir='ltr'><strong>gratiam</strong></span> <span class='ocrx_word' id='word_1_177' title='bbox 890 1567 1240 1621; x_wconf 88' lang='lat' dir='ltr'><strong>commulabit.</strong></span> 
     </span>
    </p>
   </div>
   <div class='ocr_carea' id='block_1_16' title="bbox 345 1657 3552 1733">
    <p class='ocr_par' dir='ltr' id='par_1_16' title="bbox 345 1657 3552 1733">
     <span class='ocr_line' id='line_1_16' title="bbox 345 1657 3552 1733; baseline 0.002 -22"><span class='ocrx_word' id='word_1_178' title='bbox 345 1657 481 1723; x_wconf 88' lang='lat' dir='ltr'><strong>Quin</strong></span> <span class='ocrx_word' id='word_1_179' title='bbox 513 1660 672 1711; x_wconf 83' lang='lat' dir='ltr'><strong>etiam</strong></span> <span class='ocrx_word' id='word_1_180' title='bbox 704 1658 755 1711; x_wconf 92' lang='lat' dir='ltr'><strong>in</strong></span> <span class='ocrx_word' id='word_1_181' title='bbox 780 1659 984 1712; x_wconf 90' lang='lat' dir='ltr'><strong>vicinas</strong></span> <span class='ocrx_word' id='word_1_182' title='bbox 1012 1658 1316 1726; x_wconf 82' lang='lat' dir='ltr'><strong>provincias</strong></span> <span class='ocrx_word' id='word_1_183' title='bbox 1342 1658 1453 1712; x_wconf 91' lang='lat' dir='ltr'><strong>suis</strong></span> <span class='ocrx_word' id='word_1_184' title='bbox 1475 1658 1666 1711; x_wconf 80' lang='lat' dir='ltr'><strong>litteris</strong></span> <span class='ocrx_word' id='word_1_185' title='bbox 1695 1657 1886 1712; x_wconf 81' lang='lat' dir='ltr'><strong>lamam</strong></span> <span class='ocrx_word' id='word_1_186' title='bbox 1908 1662 2125 1730; x_wconf 83' lang='lat' dir='ltr'><strong>sparsit,</strong></span> <span class='ocrx_word' id='word_1_187' title='bbox 2160 1676 2332 1730; x_wconf 88' lang='lat' dir='ltr'><strong>neque</strong></span> <span class='ocrx_word' id='word_1_188' title='bbox 2370 1664 2670 1733; x_wconf 89' lang='lat' dir='ltr'><strong>apologiam</strong></span> <span class='ocrx_word' id='word_1_189' title='bbox 2702 1663 3055 1719; x_wconf 83' lang='lat' dir='ltr'><strong>Orientalium</strong></span> <span class='ocrx_word' id='word_1_190' title='bbox 3086 1681 3115 1719; x_wconf 89' lang='lat' dir='ltr'><strong>a</strong></span> <span class='ocrx_word' id='word_1_191' title='bbox 3146 1666 3376 1720; x_wconf 85' lang='lat' dir='ltr'><strong>Nestorii</strong></span> <span class='ocrx_word' id='word_1_192' title='bbox 3424 1680 3552 1718; x_wconf 90' lang='lat' dir='ltr'><strong>sen-</strong></span> 
     </span>
    </p>
   </div>
   <div class='ocr_carea' id='block_1_17' title="bbox 270 1746 3553 1825">
    <p class='ocr_par' dir='ltr' id='par_1_17' title="bbox 270 1746 3553 1825">
     <span class='ocr_line' id='line_1_17' title="bbox 270 1746 3553 1825; baseline 0.003 -25"><span class='ocrx_word' id='word_1_193' title='bbox 270 1748 440 1800; x_wconf 66' lang='lat' dir='ltr'><strong>tentia</strong></span> <span class='ocrx_word' id='word_1_194' title='bbox 463 1748 771 1811; x_wconf 87' lang='lat' dir='ltr'><strong>abhorrere,</strong></span> <span class='ocrx_word' id='word_1_195' title='bbox 806 1762 978 1816; x_wconf 88' lang='lat' dir='ltr'><strong>neque</strong></span> <span class='ocrx_word' id='word_1_196' title='bbox 999 1746 1255 1817; x_wconf 87' lang='lat' dir='ltr'><strong>Cyrillum</strong></span> <span class='ocrx_word' id='word_1_197' title='bbox 1286 1748 1337 1801; x_wconf 89' lang='lat' dir='ltr'><strong>in</strong></span> <span class='ocrx_word' id='word_1_198' title='bbox 1365 1748 1587 1816; x_wconf 88' lang='lat' dir='ltr'><strong>pristina</strong></span> <span class='ocrx_word' id='word_1_199' title='bbox 1617 1748 1874 1816; x_wconf 90' lang='lat' dir='ltr'><strong>opinione</strong></span> <span class='ocrx_word' id='word_1_200' title='bbox 1904 1751 2196 1817; x_wconf 88' lang='lat' dir='ltr'><strong>mansisse;</strong></span> <span class='ocrx_word' id='word_1_201' title='bbox 2220 1753 2315 1807; x_wconf 88' lang='lat' dir='ltr'><strong>sed</strong></span> <span class='ocrx_word' id='word_1_202' title='bbox 2339 1753 2389 1806; x_wconf 93' lang='lat' dir='ltr'><strong>in</strong></span> <span class='ocrx_word' id='word_1_203' title='bbox 2420 1755 2743 1809; x_wconf 86' lang='lat' dir='ltr'><strong>contrariam</strong></span> <span class='ocrx_word' id='word_1_204' title='bbox 2778 1756 2955 1825; x_wconf 90' lang='lat' dir='ltr'><strong>potius</strong></span> <span class='ocrx_word' id='word_1_205' title='bbox 2984 1758 3223 1821; x_wconf 76' lang='lat' dir='ltr'><strong>venisse;</strong></span> <span class='ocrx_word' id='word_1_206' title='bbox 3260 1757 3423 1809; x_wconf 90' lang='lat' dir='ltr'><strong>immo</strong></span> <span class='ocrx_word' id='word_1_207' title='bbox 3455 1771 3553 1809; x_wconf 92' lang='lat' dir='ltr'><strong>no-</strong></span> 
     </span>
    </p>
   </div>
   <div class='ocr_carea' id='block_1_18' title="bbox 268 1837 3547 1916">
    <p class='ocr_par' dir='ltr' id='par_1_18' title="bbox 268 1837 3547 1916">
     <span class='ocr_line' id='line_1_18' title="bbox 268 1837 3547 1916; baseline 0.003 -26"><span class='ocrx_word' id='word_1_208' title='bbox 268 1855 393 1893; x_wconf 85' lang='lat' dir='ltr'><strong>vam</strong></span> <span class='ocrx_word' id='word_1_209' title='bbox 435 1837 555 1891; x_wconf 70' lang='lat' dir='ltr'><strong>ﬁdei</strong></span> <span class='ocrx_word' id='word_1_210' title='bbox 595 1841 982 1907; x_wconf 82' lang='lat' dir='ltr'><strong>expositionem</strong></span> <span class='ocrx_word' id='word_1_211' title='bbox 1026 1840 1310 1908; x_wconf 89' lang='lat' dir='ltr'><strong>recepisse,</strong></span> <span class='ocrx_word' id='word_1_212' title='bbox 1345 1838 1556 1893; x_wconf 72' lang='lat' dir='ltr'><strong>Nicmna</strong></span> <span class='ocrx_word' id='word_1_213' title='bbox 1594 1839 1866 1910; x_wconf 83' lang='lat' dir='ltr'><strong>despecta.</strong></span> <span class='ocrx_word' id='word_1_214' title='bbox 1916 1840 2042 1897; x_wconf 62' lang='lat' dir='ltr'><strong>Hcce</strong></span> <span class='ocrx_word' id='word_1_215' title='bbox 2063 1850 2119 1897; x_wconf 91' lang='lat' dir='ltr'><strong>et</strong></span> <span class='ocrx_word' id='word_1_216' title='bbox 2137 1843 2241 1898; x_wconf 90' lang='lat' dir='ltr'><strong>alia</strong></span> <span class='ocrx_word' id='word_1_217' title='bbox 2261 1847 2520 1914; x_wconf 90' lang='lat' dir='ltr'><strong>sparsisse</strong></span> <span class='ocrx_word' id='word_1_218' title='bbox 2542 1845 2941 1901; x_wconf 88' lang='lat' dir='ltr'><strong>Theodoretum</strong></span> <span class='ocrx_word' id='word_1_219' title='bbox 2962 1856 3179 1902; x_wconf 84' lang='lat' dir='ltr'><strong>constat</strong></span> <span class='ocrx_word' id='word_1_220' title='bbox 3198 1847 3361 1902; x_wconf 89' lang='lat' dir='ltr'><strong>certis</strong></span> <span class='ocrx_word' id='word_1_221' title='bbox 3384 1862 3547 1916; x_wconf 82' lang='lat' dir='ltr'><strong>argn-</strong></span> 
     </span>
    </p>
   </div>
   <div class='ocr_carea' id='block_1_19' title="bbox 273 1929 3551 2006">
    <p class='ocr_par' dir='ltr' id='par_1_19' title="bbox 273 1929 3551 2006">
     <span class='ocr_line' id='line_1_19' title="bbox 273 1929 3551 2006; baseline 0.002 -23"><span class='ocrx_word' id='word_1_222' title='bbox 273 1930 489 1991; x_wconf 81' lang='lat' dir='ltr'><strong>me.:tis,</strong></span> <span class='ocrx_word' id='word_1_223' title='bbox 534 1930 632 1983; x_wconf 88' lang='lat' dir='ltr'><strong>etsi</strong></span> <span class='ocrx_word' id='word_1_224' title='bbox 667 1946 859 1984; x_wconf 83' lang='lat' dir='ltr'><strong>nomen</strong></span> <span class='ocrx_word' id='word_1_225' title='bbox 891 1930 1057 1998; x_wconf 89' lang='lat' dir='ltr'><strong>ipsius</strong></span> <span class='ocrx_word' id='word_1_226' title='bbox 1098 1931 1324 1985; x_wconf 87' lang='lat' dir='ltr'><strong>tacuerit</strong></span> <span class='ocrx_word' id='word_1_227' title='bbox 1363 1929 1613 2000; x_wconf 83' lang='lat' dir='ltr'><strong>Cyrillus,</strong></span> <span class='ocrx_word' id='word_1_228' title='bbox 1639 1930 1835 1985; x_wconf 82' lang='lat' dir='ltr'><strong>Acacio</strong></span> <span class='ocrx_word' id='word_1_229' title='bbox 1874 1947 1938 1986; x_wconf 88' lang='lat' dir='ltr'><strong>ea</strong></span> <span class='ocrx_word' id='word_1_230' title='bbox 1967 1932 2035 1986; x_wconf 88' lang='lat' dir='ltr'><strong>de</strong></span> <span class='ocrx_word' id='word_1_231' title='bbox 2057 1948 2115 1987; x_wconf 89' lang='lat' dir='ltr'><strong>re</strong></span> <span class='ocrx_word' id='word_1_232' title='bbox 2138 1935 2373 1989; x_wconf 87' lang='lat' dir='ltr'><strong>monenti</strong></span> <span class='ocrx_word' id='word_1_233' title='bbox 2402 1937 2752 2006; x_wconf 90' lang='lat' dir='ltr'><strong>respondens.</strong></span> <span class='ocrx_word' id='word_1_234' title='bbox 2786 1937 2968 2006; x_wconf 87' lang='lat' dir='ltr'><strong>Neque</strong></span> <span class='ocrx_word' id='word_1_235' title='bbox 2996 1953 3125 1991; x_wconf 86' lang='lat' dir='ltr'><strong>vero</strong></span> <span class='ocrx_word' id='word_1_236' title='bbox 3153 1945 3441 1991; x_wconf 87' lang='lat' dir='ltr'><strong>contentus</strong></span> <span class='ocrx_word' id='word_1_237' title='bbox 3469 1937 3551 1990; x_wconf 89' lang='lat' dir='ltr'><strong>his</strong></span> 
     </span>
    </p>
   </div>
   <div class='ocr_carea' id='block_1_20' title="bbox 272 2019 3549 2100">
    <p class='ocr_par' dir='ltr' id='par_1_20' title="bbox 272 2019 3549 2100">
     <span class='ocr_line' id='line_1_20' title="bbox 272 2019 3549 2100; baseline 0.003 -27"><span class='ocrx_word' id='word_1_238' title='bbox 272 2020 569 2074; x_wconf 82' lang='lat' dir='ltr'><strong>mendaciis</strong></span> <span class='ocrx_word' id='word_1_239' title='bbox 589 2022 795 2074; x_wconf 88' lang='lat' dir='ltr'><strong>vicinos</strong></span> <span class='ocrx_word' id='word_1_240' title='bbox 831 2029 1083 2083; x_wconf 85' lang='lat' dir='ltr'><strong>tentasse,</strong></span> <span class='ocrx_word' id='word_1_241' title='bbox 1115 2019 1635 2091; x_wconf 83' lang='lat' dir='ltr'><strong>Constantinopolim</strong></span> <span class='ocrx_word' id='word_1_242' title='bbox 1666 2023 1856 2077; x_wconf 89' lang='lat' dir='ltr'><strong>eadem</strong></span> <span class='ocrx_word' id='word_1_243' title='bbox 1885 2024 2115 2093; x_wconf 85' lang='lat' dir='ltr'><strong>scripsit,</strong></span> <span class='ocrx_word' id='word_1_244' title='bbox 2149 2025 2313 2082; x_wconf 90' lang='lat' dir='ltr'><strong>immo</strong></span> <span class='ocrx_word' id='word_1_245' title='bbox 2340 2036 2396 2082; x_wconf 92' lang='lat' dir='ltr'><strong>et</strong></span> <span class='ocrx_word' id='word_1_246' title='bbox 2428 2028 2479 2081; x_wconf 94' lang='lat' dir='ltr'><strong>in</strong></span> <span class='ocrx_word' id='word_1_247' title='bbox 2511 2028 2749 2097; x_wconf 83' lang='lat' dir='ltr'><strong>Epirum,</strong></span> <span class='ocrx_word' id='word_1_248' title='bbox 2792 2038 2953 2098; x_wconf 85' lang='lat' dir='ltr'><strong>atque</strong></span> <span class='ocrx_word' id='word_1_249' title='bbox 2983 2030 3167 2093; x_wconf 90' lang='lat' dir='ltr'><strong>etiam,</strong></span> <span class='ocrx_word' id='word_1_250' title='bbox 3210 2039 3269 2085; x_wconf 93' lang='lat' dir='ltr'><strong>ut</strong></span> <span class='ocrx_word' id='word_1_251' title='bbox 3296 2031 3463 2100; x_wconf 89' lang='lat' dir='ltr'><strong>prius,</strong></span> <span class='ocrx_word' id='word_1_252' title='bbox 3498 2032 3549 2085; x_wconf 92' lang='lat' dir='ltr'><strong>in</strong></span> 
     </span>
    </p>
   </div>
   <div class='ocr_carea' id='block_1_21' title="bbox 272 2110 3558 2193">
    <p class='ocr_par' dir='ltr' id='par_1_21' title="bbox 272 2110 3558 2193">
     <span class='ocr_line' id='line_1_21' title="bbox 272 2110 3558 2193; baseline 0.004 -30"><span class='ocrx_word' id='word_1_253' title='bbox 272 2111 484 2163; x_wconf 81' lang='lat' dir='ltr'><strong>Italiam</strong></span> <span class='ocrx_word' id='word_1_254' title='bbox 531 2111 596 2164; x_wconf 88' lang='lat' dir='ltr'><strong>ad</strong></span> <span class='ocrx_word' id='word_1_255' title='bbox 645 2110 1031 2176; x_wconf 80' lang='lat' dir='ltr'><strong>Ravennatem,</strong></span> <span class='ocrx_word' id='word_1_256' title='bbox 1066 2111 1463 2179; x_wconf 86' lang='lat' dir='ltr'><strong>Aquileiensem</strong></span> <span class='ocrx_word' id='word_1_257' title='bbox 1511 2120 1567 2166; x_wconf 87' lang='lat' dir='ltr'><strong>et</strong></span> <span class='ocrx_word' id='word_1_258' title='bbox 1594 2112 2045 2193; x_wconf 82' lang='lat' dir='ltr'><strong>Mediolanensem</strong></span> <span class='ocrx_word' id='word_1_259' title='bbox 2075 2116 2380 2187; x_wconf 89' lang='lat' dir='ltr'><strong>episcopos,</strong></span> <span class='ocrx_word' id='word_1_260' title='bbox 2412 2134 2531 2187; x_wconf 77' lang='lat' dir='ltr'><strong>quac</strong></span> <span class='ocrx_word' id='word_1_261' title='bbox 2563 2128 2623 2173; x_wconf 91' lang='lat' dir='ltr'><strong>ut</strong></span> <span class='ocrx_word' id='word_1_262' title='bbox 2659 2119 2925 2175; x_wconf 78' lang='lat' dir='ltr'><strong>mfellerct</strong></span> <span class='ocrx_word' id='word_1_263' title='bbox 2949 2120 3198 2193; x_wconf 88' lang='lat' dir='ltr'><strong>Cyrillns,</strong></span> <span class='ocrx_word' id='word_1_264' title='bbox 3230 2132 3447 2177; x_wconf 89' lang='lat' dir='ltr'><strong>coactus</strong></span> <span class='ocrx_word' id='word_1_265' title='bbox 3475 2130 3558 2176; x_wconf 89' lang='lat' dir='ltr'><strong>est</strong></span> 
     </span>
    </p>
   </div>
   <div class='ocr_carea' id='block_1_22' title="bbox 276 2192 3558 2282">
    <p class='ocr_par' dir='ltr' id='par_1_22' title="bbox 276 2192 3558 2282">
     <span class='ocr_line' id='line_1_22' title="bbox 276 2192 3558 2282; baseline 0.004 -29"><span class='ocrx_word' id='word_1_266' title='bbox 276 2201 472 2254; x_wconf 82' lang='lat' dir='ltr'><strong>Acacio</strong></span> <span class='ocrx_word' id='word_1_267' title='bbox 504 2200 554 2253; x_wconf 91' lang='lat' dir='ltr'><strong>in</strong></span> <span class='ocrx_word' id='word_1_268' title='bbox 576 2197 990 2269; x_wconf 87' lang='lat' dir='ltr'><strong>Cappadociam,</strong></span> <span class='ocrx_word' id='word_1_269' title='bbox 1016 2209 1071 2255; x_wconf 91' lang='lat' dir='ltr'><strong>et</strong></span> <span class='ocrx_word' id='word_1_270' title='bbox 1090 2200 1314 2270; x_wconf 86' lang='lat' dir='ltr'><strong>Eulogio</strong></span> <span class='ocrx_word' id='word_1_271' title='bbox 1343 2192 1965 2273; x_wconf 51' lang='lat' dir='ltr'><strong>Constantinopolim,“</strong></span> <span class='ocrx_word' id='word_1_272' title='bbox 1997 2206 2208 2262; x_wconf 90' lang='lat' dir='ltr'><strong>Donato</strong></span> <span class='ocrx_word' id='word_1_273' title='bbox 2249 2210 2302 2264; x_wconf 92' lang='lat' dir='ltr'><strong>in</strong></span> <span class='ocrx_word' id='word_1_274' title='bbox 2331 2209 2551 2279; x_wconf 86' lang='lat' dir='ltr'><strong>Epirum</strong></span> <span class='ocrx_word' id='word_1_275' title='bbox 2581 2218 2839 2276; x_wconf 83' lang='lat' dir='ltr'><strong>veterem,</strong></span> <span class='ocrx_word' id='word_1_276' title='bbox 2872 2213 3080 2267; x_wconf 87' lang='lat' dir='ltr'><strong>litteras</strong></span> <span class='ocrx_word' id='word_1_277' title='bbox 3107 2215 3341 2268; x_wconf 88' lang='lat' dir='ltr'><strong>mittere.</strong></span> <span class='ocrx_word' id='word_1_278' title='bbox 3376 2215 3558 2282; x_wconf 83' lang='lat' dir='ltr'><strong>Neque</strong></span> 
     </span>
    </p>
   </div>
   <div class='ocr_carea' id='block_1_23' title="bbox 274 2293 3556 2375">
    <p class='ocr_par' dir='ltr' id='par_1_23' title="bbox 274 2293 3556 2375">
     <span class='ocr_line' id='line_1_23' title="bbox 274 2293 3556 2375; baseline 0.003 -28"><span class='ocrx_word' id='word_1_279' title='bbox 274 2294 421 2347; x_wconf 88' lang='lat' dir='ltr'><strong>enim</strong></span> <span class='ocrx_word' id='word_1_280' title='bbox 443 2310 505 2348; x_wconf 89' lang='lat' dir='ltr'><strong>ea</strong></span> <span class='ocrx_word' id='word_1_281' title='bbox 536 2310 638 2363; x_wconf 84' lang='lat' dir='ltr'><strong>pax</strong></span> <span class='ocrx_word' id='word_1_282' title='bbox 660 2293 906 2348; x_wconf 89' lang='lat' dir='ltr'><strong>omnibus</strong></span> <span class='ocrx_word' id='word_1_283' title='bbox 937 2294 1160 2363; x_wconf 79' lang='lat' dir='ltr'><strong>probata</strong></span> <span class='ocrx_word' id='word_1_284' title='bbox 1185 2294 1300 2358; x_wconf 81' lang='lat' dir='ltr'><strong>fuit,</strong></span> <span class='ocrx_word' id='word_1_285' title='bbox 1332 2302 1443 2349; x_wconf 86' lang='lat' dir='ltr'><strong>tum</strong></span> <span class='ocrx_word' id='word_1_286' title='bbox 1474 2294 1788 2361; x_wconf 65' lang='lat' dir='ltr'><strong>Antiochiae,</strong></span> <span class='ocrx_word' id='word_1_287' title='bbox 1813 2296 2163 2353; x_wconf 80' lang='lat' dir='ltr'><strong>dubitantibus</strong></span> <span class='ocrx_word' id='word_1_288' title='bbox 2201 2316 2266 2354; x_wconf 70' lang='lat' dir='ltr'><strong>ea:</strong></span> <span class='ocrx_word' id='word_1_289' title='bbox 2298 2303 2651 2372; x_wconf 84' lang='lat' dir='ltr'><strong>episcoporum</strong></span> <span class='ocrx_word' id='word_1_290' title='bbox 2673 2319 2883 2357; x_wconf 74' lang='lat' dir='ltr'><strong>numero</strong></span> <span class='ocrx_word' id='word_1_291' title='bbox 2903 2304 3072 2356; x_wconf 86' lang='lat' dir='ltr'><strong>adhuc</strong></span> <span class='ocrx_word' id='word_1_292' title='bbox 3093 2303 3369 2375; x_wconf 81' lang='lat' dir='ltr'><strong>aliquibus,</strong></span> <span class='ocrx_word' id='word_1_293' title='bbox 3396 2306 3556 2358; x_wconf 82' lang='lat' dir='ltr'><strong>verba</strong></span> 
     </span>
    </p>
   </div>
   <div class='ocr_carea' id='block_1_24' title="bbox 274 2382 3557 2464">
    <p class='ocr_par' dir='ltr' id='par_1_24' title="bbox 274 2382 3557 2464">
     <span class='ocr_line' id='line_1_24' title="bbox 274 2382 3557 2464; baseline 0.003 -27"><span class='ocrx_word' id='word_1_294' title='bbox 274 2393 404 2437; x_wconf 89' lang='lat' dir='ltr'><strong>sunt</strong></span> <span class='ocrx_word' id='word_1_295' title='bbox 431 2384 682 2448; x_wconf 87' lang='lat' dir='ltr'><strong>Liberati,</strong></span> <span class='ocrx_word' id='word_1_296' title='bbox 717 2382 911 2454; x_wconf 87' lang='lat' dir='ltr'><strong>Cyrillo</strong></span> <span class='ocrx_word' id='word_1_297' title='bbox 932 2384 1327 2448; x_wconf 85' lang='lat' dir='ltr'><strong>communicare,</strong></span> <span class='ocrx_word' id='word_1_298' title='bbox 1359 2383 1655 2454; x_wconf 76' lang='lat' dir='ltr'><strong>palantibus</strong></span> <span class='ocrx_word' id='word_1_299' title='bbox 1683 2401 1796 2438; x_wconf 82' lang='lat' dir='ltr'><strong>eum</strong></span> <span class='ocrx_word' id='word_1_300' title='bbox 1819 2403 2040 2453; x_wconf 85' lang='lat' dir='ltr'><strong>errasse,</strong></span> <span class='ocrx_word' id='word_1_301' title='bbox 2071 2399 2121 2442; x_wconf 87' lang='lat' dir='ltr'><strong>et</strong></span> <span class='ocrx_word' id='word_1_302' title='bbox 2148 2400 2325 2460; x_wconf 83' lang='lat' dir='ltr'><strong>postea</strong></span> <span class='ocrx_word' id='word_1_303' title='bbox 2353 2393 2613 2445; x_wconf 72' lang='lat' dir='ltr'><strong>ceritatem</strong></span> <span class='ocrx_word' id='word_1_304' title='bbox 2643 2396 2928 2463; x_wconf 73' lang='lat' dir='ltr'><strong>agnovisse,</strong></span> <span class='ocrx_word' id='word_1_305' title='bbox 2960 2404 3010 2447; x_wconf 91' lang='lat' dir='ltr'><strong>et</strong></span> <span class='ocrx_word' id='word_1_306' title='bbox 3037 2394 3360 2464; x_wconf 85' lang='lat' dir='ltr'><strong>culpantibus</strong></span> <span class='ocrx_word' id='word_1_307' title='bbox 3388 2394 3557 2449; x_wconf 83' lang='lat' dir='ltr'><strong>Joan-</strong></span> 
     </span>
    </p>
   </div>
   <div class='ocr_carea' id='block_1_25' title="bbox 277 2478 3555 2558">
    <p class='ocr_par' dir='ltr' id='par_1_25' title="bbox 277 2478 3555 2558">
     <span class='ocr_line' id='line_1_25' title="bbox 277 2478 3555 2558; baseline 0.003 -29"><span class='ocrx_word' id='word_1_308' title='bbox 277 2493 415 2538; x_wconf 84' lang='lat' dir='ltr'><strong>nem,</strong></span> <span class='ocrx_word' id='word_1_309' title='bbox 446 2494 537 2530; x_wconf 89' lang='lat' dir='ltr'><strong>cur</strong></span> <span class='ocrx_word' id='word_1_310' title='bbox 571 2478 634 2530; x_wconf 88' lang='lat' dir='ltr'><strong>ab</strong></span> <span class='ocrx_word' id='word_1_311' title='bbox 674 2496 733 2533; x_wconf 90' lang='lat' dir='ltr'><strong>eo</strong></span> <span class='ocrx_word' id='word_1_312' title='bbox 760 2495 863 2531; x_wconf 90' lang='lat' dir='ltr'><strong>non</strong></span> <span class='ocrx_word' id='word_1_313' title='bbox 901 2480 1168 2548; x_wconf 78' lang='lat' dir='ltr'><strong>expetierit</strong></span> <span class='ocrx_word' id='word_1_314' title='bbox 1197 2478 1537 2548; x_wconf 88' lang='lat' dir='ltr'><strong>capitulorum</strong></span> <span class='ocrx_word' id='word_1_315' title='bbox 1584 2479 1696 2548; x_wconf 84' lang='lat' dir='ltr'><strong>ejus</strong></span> <span class='ocrx_word' id='word_1_316' title='bbox 1727 2478 2145 2546; x_wconf 85' lang='lat' dir='ltr'><strong>damnationem;</strong></span> <span class='ocrx_word' id='word_1_317' title='bbox 2178 2492 2289 2536; x_wconf 92' lang='lat' dir='ltr'><strong>tum</strong></span> <span class='ocrx_word' id='word_1_318' title='bbox 2315 2481 2802 2555; x_wconf 85' lang='lat' dir='ltr'><strong>Constantinopoli,</strong></span> <span class='ocrx_word' id='word_1_319' title='bbox 2832 2487 2970 2539; x_wconf 89' lang='lat' dir='ltr'><strong>unde</strong></span> <span class='ocrx_word' id='word_1_320' title='bbox 2995 2486 3206 2558; x_wconf 86' lang='lat' dir='ltr'><strong>quidam</strong></span> <span class='ocrx_word' id='word_1_321' title='bbox 3235 2486 3299 2540; x_wconf 87' lang='lat' dir='ltr'><strong>de</strong></span> <span class='ocrx_word' id='word_1_322' title='bbox 3336 2487 3555 2557; x_wconf 87' lang='lat' dir='ltr'><strong>palatio,</strong></span> 
     </span>
    </p>
   </div>
   <div class='ocr_carea' id='block_1_26' title="bbox 262 2566 3559 2647">
    <p class='ocr_par' dir='ltr' id='par_1_26' title="bbox 262 2566 3559 2647">
     <span class='ocr_line' id='line_1_26' title="bbox 262 2566 3559 2647; baseline 0.002 -24"><span class='ocrx_word' id='word_1_323' title='bbox 262 2572 456 2638; x_wconf 78' lang='lat' dir='ltr'><strong>pergit</strong></span> <span class='ocrx_word' id='word_1_324' title='bbox 477 2568 774 2633; x_wconf 87' lang='lat' dir='ltr'><strong>Liberatus,</strong></span> <span class='ocrx_word' id='word_1_325' title='bbox 798 2587 889 2636; x_wconf 86' lang='lat' dir='ltr'><strong>per</strong></span> <span class='ocrx_word' id='word_1_326' title='bbox 908 2568 1187 2639; x_wconf 84' lang='lat' dir='ltr'><strong>Eulogium</strong></span> <span class='ocrx_word' id='word_1_327' title='bbox 1207 2566 1556 2638; x_wconf 81' lang='lat' dir='ltr'><strong>presbyterum</strong></span> <span class='ocrx_word' id='word_1_328' title='bbox 1583 2578 1633 2621; x_wconf 88' lang='lat' dir='ltr'><strong>et</strong></span> <span class='ocrx_word' id='word_1_329' title='bbox 1672 2571 2071 2639; x_wconf 86' lang='lat' dir='ltr'><strong>apocrisiarium</strong></span> <span class='ocrx_word' id='word_1_330' title='bbox 2098 2571 2470 2626; x_wconf 75' lang='lat' dir='ltr'><strong>Alexandrina:</strong></span> <span class='ocrx_word' id='word_1_331' title='bbox 2517 2572 2763 2628; x_wconf 77' lang='lat' dir='ltr'><strong>Ecclesia:</strong></span> <span class='ocrx_word' id='word_1_332' title='bbox 2790 2575 3121 2644; x_wconf 76' lang='lat' dir='ltr'><strong>culpaverunt</strong></span> <span class='ocrx_word' id='word_1_333' title='bbox 3167 2574 3421 2647; x_wconf 84' lang='lat' dir='ltr'><strong>Cyrillum</strong></span> <span class='ocrx_word' id='word_1_334' title='bbox 3467 2593 3559 2629; x_wconf 75' lang='lat' dir='ltr'><strong>cur</strong></span> 
     </span>
    </p>
   </div>
   <div class='ocr_carea' id='block_1_27' title="bbox 279 2659 3215 2734">
    <p class='ocr_par' dir='ltr' id='par_1_27' title="bbox 279 2659 3215 2734">
     <span class='ocr_line' id='line_1_27' title="bbox 279 2659 3215 2734; baseline 0.001 -18"><span class='ocrx_word' id='word_1_335' title='bbox 279 2664 559 2734; x_wconf 82' lang='lat' dir='ltr'><strong>susceperit</strong></span> <span class='ocrx_word' id='word_1_336' title='bbox 586 2662 650 2714; x_wconf 92' lang='lat' dir='ltr'><strong>ab</strong></span> <span class='ocrx_word' id='word_1_337' title='bbox 683 2659 1032 2715; x_wconf 81' lang='lat' dir='ltr'><strong>Orientalibus</strong></span> <span class='ocrx_word' id='word_1_338' title='bbox 1053 2661 1305 2731; x_wconf 82' lang='lat' dir='ltr'><strong>episcOpis</strong></span> <span class='ocrx_word' id='word_1_339' title='bbox 1335 2659 1555 2713; x_wconf 86' lang='lat' dir='ltr'><strong>duarum</strong></span> <span class='ocrx_word' id='word_1_340' title='bbox 1581 2663 1955 2732; x_wconf 76' lang='lat' dir='ltr'><strong>confessionem</strong></span> <span class='ocrx_word' id='word_1_341' title='bbox 1976 2674 2299 2727; x_wconf 85' lang='lat' dir='ltr'><strong>naturarum,</strong></span> <span class='ocrx_word' id='word_1_342' title='bbox 2325 2664 2463 2734; x_wconf 81' lang='lat' dir='ltr'><strong>quod</strong></span> <span class='ocrx_word' id='word_1_343' title='bbox 2492 2662 2545 2716; x_wconf 89' lang='grc' dir='ltr'><strong><em>Ν</em></strong></span> <span class='ocrx_word' id='word_1_344' title='bbox 2549 2666 2767 2718; x_wconf 84' lang='lat' dir='ltr'><strong>estorius</strong></span> <span class='ocrx_word' id='word_1_345' title='bbox 2798 2665 2929 2718; x_wconf 68' lang='lat' dir='ltr'><strong>dixit</strong></span> <span class='ocrx_word' id='word_1_346' title='bbox 2956 2674 3006 2717; x_wconf 87' lang='lat' dir='ltr'><strong>et</strong></span> <span class='ocrx_word' id='word_1_347' title='bbox 3025 2664 3215 2719; x_wconf 82' lang='lat' dir='ltr'><strong>docuit.</strong></span> 
     </span>
    </p>
   </div>
   <div class='ocr_carea' id='block_1_28' title="bbox 351 2754 3559 2825">
    <p class='ocr_par' dir='ltr' id='par_1_28' title="bbox 351 2754 3559 2825">
     <span class='ocr_line' id='line_1_28' title="bbox 351 2754 3559 2825; baseline 0.001 -16"><span class='ocrx_word' id='word_1_348' title='bbox 351 2754 688 2809; x_wconf 77' lang='lat' dir='ltr'><strong>Alexandria:</strong></span> <span class='ocrx_word' id='word_1_349' title='bbox 712 2768 926 2822; x_wconf 91' lang='lat' dir='ltr'><strong>quoque</strong></span> <span class='ocrx_word' id='word_1_350' title='bbox 956 2754 1195 2806; x_wconf 91' lang='lat' dir='ltr'><strong>nonnulli</strong></span> <span class='ocrx_word' id='word_1_351' title='bbox 1222 2768 1332 2823; x_wconf 74' lang='lat' dir='ltr'><strong>pra:</strong></span> <span class='ocrx_word' id='word_1_352' title='bbox 1360 2754 1641 2822; x_wconf 80' lang='lat' dir='ltr'><strong>imperitia,</strong></span> <span class='ocrx_word' id='word_1_353' title='bbox 1665 2762 1757 2807; x_wconf 89' lang='lat' dir='ltr'><strong>aut</strong></span> <span class='ocrx_word' id='word_1_354' title='bbox 1785 2755 1945 2808; x_wconf 87' lang='lat' dir='ltr'><strong>etiam</strong></span> <span class='ocrx_word' id='word_1_355' title='bbox 1966 2762 2188 2823; x_wconf 87' lang='lat' dir='ltr'><strong>propter</strong></span> <span class='ocrx_word' id='word_1_356' title='bbox 2216 2754 2632 2824; x_wconf 86' lang='lat' dir='ltr'><strong>improbitatem,</strong></span> <span class='ocrx_word' id='word_1_357' title='bbox 2663 2756 3066 2825; x_wconf 85' lang='lat' dir='ltr'><strong>obstrepehant,</strong></span> <span class='ocrx_word' id='word_1_358' title='bbox 3099 2756 3253 2824; x_wconf 89' lang='lat' dir='ltr'><strong>quasi</strong></span> <span class='ocrx_word' id='word_1_359' title='bbox 3284 2767 3377 2810; x_wconf 87' lang='lat' dir='ltr'><strong>aut</strong></span> <span class='ocrx_word' id='word_1_360' title='bbox 3393 2755 3559 2811; x_wconf 88' lang='lat' dir='ltr'><strong>Joan—</strong></span> 
     </span>
    </p>
   </div>
   <div class='ocr_carea' id='block_1_29' title="bbox 281 2843 3561 2916">
    <p class='ocr_par' dir='ltr' id='par_1_29' title="bbox 281 2843 3561 2916">
     <span class='ocr_line' id='line_1_29' title="bbox 281 2843 3561 2916; baseline -0.001 -12"><span class='ocrx_word' id='word_1_361' title='bbox 281 2865 381 2905; x_wconf 76' lang='lat' dir='ltr'><strong>nes</strong></span> <span class='ocrx_word' id='word_1_362' title='bbox 402 2847 766 2901; x_wconf 76' lang='lat' dir='ltr'><strong>Antiochenus</strong></span> <span class='ocrx_word' id='word_1_363' title='bbox 796 2846 908 2915; x_wconf 84' lang='lat' dir='ltr'><strong>ipse</strong></span> <span class='ocrx_word' id='word_1_364' title='bbox 932 2861 1038 2899; x_wconf 89' lang='lat' dir='ltr'><strong>non</strong></span> <span class='ocrx_word' id='word_1_365' title='bbox 1068 2845 1370 2914; x_wconf 87' lang='lat' dir='ltr'><strong>scripsisset</strong></span> <span class='ocrx_word' id='word_1_366' title='bbox 1392 2854 1753 2899; x_wconf 87' lang='lat' dir='ltr'><strong>consentanea</strong></span> <span class='ocrx_word' id='word_1_367' title='bbox 1777 2844 1929 2899; x_wconf 84' lang='lat' dir='ltr'><strong>Pauli</strong></span> <span class='ocrx_word' id='word_1_368' title='bbox 1948 2846 2205 2909; x_wconf 86' lang='lat' dir='ltr'><strong>sermoni,</strong></span> <span class='ocrx_word' id='word_1_369' title='bbox 2237 2854 2327 2899; x_wconf 90' lang='lat' dir='ltr'><strong>aut</strong></span> <span class='ocrx_word' id='word_1_370' title='bbox 2348 2843 2576 2916; x_wconf 75' lang='lat' dir='ltr'><strong>Cyrillus</strong></span> <span class='ocrx_word' id='word_1_371' title='bbox 2598 2846 2649 2898; x_wconf 90' lang='lat' dir='ltr'><strong>in</strong></span> <span class='ocrx_word' id='word_1_372' title='bbox 2678 2844 3027 2899; x_wconf 89' lang='lat' dir='ltr'><strong>Orientalium</strong></span> <span class='ocrx_word' id='word_1_373' title='bbox 3049 2853 3237 2915; x_wconf 77' lang='lat' dir='ltr'><strong>partes</strong></span> <span class='ocrx_word' id='word_1_374' title='bbox 3253 2846 3413 2899; x_wconf 90' lang='lat' dir='ltr'><strong>nimia</strong></span> <span class='ocrx_word' id='word_1_375' title='bbox 3435 2860 3561 2915; x_wconf 85' lang='lat' dir='ltr'><strong>qua-</strong></span> 
     </span>
    </p>
   </div>
   <div class='ocr_carea' id='block_1_30' title="bbox 280 2935 3561 3015">
    <p class='ocr_par' dir='ltr' id='par_1_30' title="bbox 280 2935 3561 3015">
     <span class='ocr_line' id='line_1_30' title="bbox 280 2935 3561 3015; baseline -0.001 -22"><span class='ocrx_word' id='word_1_376' title='bbox 280 2942 408 2994; x_wconf 85' lang='lat' dir='ltr'><strong>dam</strong></span> <span class='ocrx_word' id='word_1_377' title='bbox 440 2942 690 3015; x_wconf 74' lang='grc' dir='ltr'><strong>οἰκονομίᾳ</strong></span> <span class='ocrx_word' id='word_1_378' title='bbox 719 2939 1046 2993; x_wconf 89' lang='lat' dir='ltr'><strong>inclinasset.</strong></span> <span class='ocrx_word' id='word_1_379' title='bbox 1071 2937 1427 3003; x_wconf 86' lang='lat' dir='ltr'><strong>Quamobrem</strong></span> <span class='ocrx_word' id='word_1_380' title='bbox 1458 2937 1511 2990; x_wconf 93' lang='lat' dir='ltr'><strong>in</strong></span> <span class='ocrx_word' id='word_1_381' title='bbox 1534 2937 1780 3001; x_wconf 87' lang='lat' dir='ltr'><strong>ecclesia,</strong></span> <span class='ocrx_word' id='word_1_382' title='bbox 1809 2938 1950 2992; x_wconf 82' lang='lat' dir='ltr'><strong>facto</strong></span> <span class='ocrx_word' id='word_1_383' title='bbox 1977 2952 2246 3000; x_wconf 91' lang='lat' dir='ltr'><strong>sermone,</strong></span> <span class='ocrx_word' id='word_1_384' title='bbox 2270 2935 2501 3007; x_wconf 79' lang='lat' dir='ltr'><strong>Cyrillus</strong></span> <span class='ocrx_word' id='word_1_385' title='bbox 2523 2936 2683 3005; x_wconf 82' lang='lat' dir='ltr'><strong>jussit</strong></span> <span class='ocrx_word' id='word_1_386' title='bbox 2710 2937 2888 3006; x_wconf 90' lang='lat' dir='ltr'><strong>palam</strong></span> <span class='ocrx_word' id='word_1_387' title='bbox 2914 2945 3167 3005; x_wconf 88' lang='lat' dir='ltr'><strong>utrasque</strong></span> <span class='ocrx_word' id='word_1_388' title='bbox 3189 2936 3393 2990; x_wconf 85' lang='lat' dir='ltr'><strong>litteras</strong></span> <span class='ocrx_word' id='word_1_389' title='bbox 3412 2938 3561 3006; x_wconf 91' lang='lat' dir='ltr'><strong>pacis</strong></span> 
     </span>
    </p>
   </div>
   <div class='ocr_carea' id='block_1_31' title="bbox 282 3025 3561 3100">
    <p class='ocr_par' dir='ltr' id='par_1_31' title="bbox 282 3025 3561 3100">
     <span class='ocr_line' id='line_1_31' title="bbox 282 3025 3561 3100; baseline -0.001 -15"><span class='ocrx_word' id='word_1_390' title='bbox 282 3030 522 3085; x_wconf 87' lang='lat' dir='ltr'><strong>recitari.</strong></span> <span class='ocrx_word' id='word_1_391' title='bbox 555 3028 786 3100; x_wconf 76' lang='lat' dir='ltr'><strong>Confessi</strong></span> <span class='ocrx_word' id='word_1_392' title='bbox 808 3038 947 3095; x_wconf 89' lang='lat' dir='ltr'><strong>sunt,</strong></span> <span class='ocrx_word' id='word_1_393' title='bbox 974 3028 1162 3096; x_wconf 88' lang='lat' dir='ltr'><strong>inquit,</strong></span> <span class='ocrx_word' id='word_1_394' title='bbox 1196 3026 1306 3081; x_wconf 88' lang='lat' dir='ltr'><strong>Deo</strong></span> <span class='ocrx_word' id='word_1_395' title='bbox 1336 3026 1678 3081; x_wconf 87' lang='lat' dir='ltr'><strong>amantissimi</strong></span> <span class='ocrx_word' id='word_1_396' title='bbox 1711 3029 1937 3098; x_wconf 81' lang='lat' dir='ltr'><strong>episcopi</strong></span> <span class='ocrx_word' id='word_1_397' title='bbox 1975 3027 2044 3081; x_wconf 86' lang='lat' dir='ltr'><strong>ibi</strong></span> <span class='ocrx_word' id='word_1_398' title='bbox 2074 3029 2336 3082; x_wconf 87' lang='lat' dir='ltr'><strong>constituti</strong></span> <span class='ocrx_word' id='word_1_399' title='bbox 2365 3037 2557 3081; x_wconf 86' lang='lat' dir='ltr'><strong>rectam</strong></span> <span class='ocrx_word' id='word_1_400' title='bbox 2586 3037 2636 3081; x_wconf 88' lang='lat' dir='ltr'><strong>et</strong></span> <span class='ocrx_word' id='word_1_401' title='bbox 2662 3029 2773 3081; x_wconf 86' lang='lat' dir='ltr'><strong>sine</strong></span> <span class='ocrx_word' id='word_1_402' title='bbox 2819 3029 3186 3099; x_wconf 79' lang='lat' dir='ltr'><strong>profanatione</strong></span> <span class='ocrx_word' id='word_1_403' title='bbox 3222 3027 3396 3098; x_wconf 84' lang='lat' dir='ltr'><strong>fidem.</strong></span> <span class='ocrx_word' id='word_1_404' title='bbox 3433 3025 3561 3091; x_wconf 69' lang='lat' dir='ltr'><strong>Quae</strong></span> 
     </span>
    </p>
   </div>
   <div class='ocr_carea' id='block_1_32' title="bbox 284 3117 3559 3190">
    <p class='ocr_par' dir='ltr' id='par_1_32' title="bbox 284 3117 3559 3190">
     <span class='ocr_line' id='line_1_32' title="bbox 284 3117 3559 3190; baseline -0.001 -13"><span class='ocrx_word' id='word_1_405' title='bbox 284 3132 458 3177; x_wconf 65' lang='lat' dir='ltr'><strong>autem</strong></span> <span class='ocrx_word' id='word_1_406' title='bbox 484 3122 687 3190; x_wconf 85' lang='lat' dir='ltr'><strong>scripsit</strong></span> <span class='ocrx_word' id='word_1_407' title='bbox 706 3120 776 3173; x_wconf 88' lang='lat' dir='ltr'><strong>ad</strong></span> <span class='ocrx_word' id='word_1_408' title='bbox 794 3137 874 3174; x_wconf 91' lang='lat' dir='ltr'><strong>me</strong></span> <span class='ocrx_word' id='word_1_409' title='bbox 902 3119 1010 3174; x_wconf 90' lang='lat' dir='ltr'><strong>Deo</strong></span> <span class='ocrx_word' id='word_1_410' title='bbox 1031 3121 1416 3173; x_wconf 88' lang='lat' dir='ltr'><strong>amantissimus</strong></span> <span class='ocrx_word' id='word_1_411' title='bbox 1437 3129 1485 3173; x_wconf 92' lang='lat' dir='ltr'><strong>et</strong></span> <span class='ocrx_word' id='word_1_412' title='bbox 1515 3119 1967 3173; x_wconf 85' lang='lat' dir='ltr'><strong>reverendissimus</strong></span> <span class='ocrx_word' id='word_1_413' title='bbox 1997 3120 2263 3189; x_wconf 86' lang='lat' dir='ltr'><strong>episcopus</strong></span> <span class='ocrx_word' id='word_1_414' title='bbox 2286 3118 2575 3172; x_wconf 70' lang='lat' dir='ltr'><strong>Antiochia:</strong></span> <span class='ocrx_word' id='word_1_415' title='bbox 2604 3117 2853 3181; x_wconf 84' lang='lat' dir='ltr'><strong>Joannes,</strong></span> <span class='ocrx_word' id='word_1_416' title='bbox 2887 3135 3060 3189; x_wconf 78' lang='lat' dir='ltr'><strong>quwre</strong></span> <span class='ocrx_word' id='word_1_417' title='bbox 3084 3134 3178 3189; x_wconf 88' lang='lat' dir='ltr'><strong>ego</strong></span> <span class='ocrx_word' id='word_1_418' title='bbox 3208 3118 3278 3171; x_wconf 88' lang='lat' dir='ltr'><strong>ad</strong></span> <span class='ocrx_word' id='word_1_419' title='bbox 3313 3135 3428 3172; x_wconf 88' lang='lat' dir='ltr'><strong>eum</strong></span> <span class='ocrx_word' id='word_1_420' title='bbox 3474 3136 3559 3173; x_wconf 89' lang='lat' dir='ltr'><strong>re-</strong></span> 
     </span>
    </p>
   </div>
   <div class='ocr_carea' id='block_1_33' title="bbox 285 3210 3555 3284">
    <p class='ocr_par' dir='ltr' id='par_1_33' title="bbox 285 3210 3555 3284">
     <span class='ocr_line' id='line_1_33' title="bbox 285 3210 3555 3284; baseline -0.001 -15"><span class='ocrx_word' id='word_1_421' title='bbox 285 3213 602 3284; x_wconf 73' lang='lat' dir='ltr'><strong>scripserim,</strong></span> <span class='ocrx_word' id='word_1_422' title='bbox 633 3210 741 3265; x_wconf 89' lang='lat' dir='ltr'><strong>Deo</strong></span> <span class='ocrx_word' id='word_1_423' title='bbox 775 3213 994 3282; x_wconf 87' lang='lat' dir='ltr'><strong>favente,</strong></span> <span class='ocrx_word' id='word_1_424' title='bbox 1018 3212 1257 3266; x_wconf 86' lang='lat' dir='ltr'><strong>audietis.</strong></span> <span class='ocrx_word' id='word_1_425' title='bbox 1290 3210 1507 3280; x_wconf 89' lang='lat' dir='ltr'><strong>lrrepsit</strong></span> <span class='ocrx_word' id='word_1_426' title='bbox 1532 3225 1685 3266; x_wconf 89' lang='lat' dir='ltr'><strong>error</strong></span> <span class='ocrx_word' id='word_1_427' title='bbox 1713 3211 1765 3266; x_wconf 93' lang='lat' dir='ltr'><strong>in</strong></span> <span class='ocrx_word' id='word_1_428' title='bbox 1788 3220 1970 3265; x_wconf 88' lang='lat' dir='ltr'><strong>notam</strong></span> <span class='ocrx_word' id='word_1_429' title='bbox 1995 3211 2269 3279; x_wconf 84' lang='lat' dir='ltr'><strong>temporis,</strong></span> <span class='ocrx_word' id='word_1_430' title='bbox 2301 3225 2461 3279; x_wconf 89' lang='lat' dir='ltr'><strong>quam</strong></span> <span class='ocrx_word' id='word_1_431' title='bbox 2482 3210 2683 3264; x_wconf 87' lang='lat' dir='ltr'><strong>habent</strong></span> <span class='ocrx_word' id='word_1_432' title='bbox 2708 3211 2909 3279; x_wconf 79' lang='lat' dir='ltr'><strong>vulgati</strong></span> <span class='ocrx_word' id='word_1_433' title='bbox 2938 3210 3181 3273; x_wconf 89' lang='lat' dir='ltr'><strong>codices;</strong></span> <span class='ocrx_word' id='word_1_434' title='bbox 3208 3226 3382 3280; x_wconf 88' lang='lat' dir='ltr'><strong>neque</strong></span> <span class='ocrx_word' id='word_1_435' title='bbox 3411 3212 3555 3266; x_wconf 91' lang='lat' dir='ltr'><strong>enim</strong></span> 
     </span>
    </p>
   </div>
   <div class='ocr_carea' id='block_1_34' title="bbox 284 3301 3551 3373">
    <p class='ocr_par' dir='ltr' id='par_1_34' title="bbox 284 3301 3551 3373">
     <span class='ocr_line' id='line_1_34' title="bbox 284 3301 3551 3373; baseline 0 -15"><span class='ocrx_word' id='word_1_436' title='bbox 284 3306 377 3359; x_wconf 88' lang='lat' dir='ltr'><strong>die</strong></span> <span class='ocrx_word' id='word_1_437' title='bbox 402 3303 659 3371; x_wconf 86' lang='lat' dir='ltr'><strong>vigesimo</strong></span> <span class='ocrx_word' id='word_1_438' title='bbox 688 3312 881 3357; x_wconf 86' lang='lat' dir='ltr'><strong>octavo</strong></span> <span class='ocrx_word' id='word_1_439' title='bbox 905 3301 1238 3366; x_wconf 87' lang='lat' dir='ltr'><strong>Pharmuthi,</strong></span> <span class='ocrx_word' id='word_1_440' title='bbox 1271 3302 1366 3356; x_wconf 92' lang='lat' dir='ltr'><strong>sed</strong></span> <span class='ocrx_word' id='word_1_441' title='bbox 1395 3302 1549 3373; x_wconf 90' lang='lat' dir='ltr'><strong>Tybi,</strong></span> <span class='ocrx_word' id='word_1_442' title='bbox 1582 3302 1752 3357; x_wconf 80' lang='lat' dir='ltr'><strong>factus</strong></span> <span class='ocrx_word' id='word_1_443' title='bbox 1780 3311 1863 3357; x_wconf 90' lang='lat' dir='ltr'><strong>est</strong></span> <span class='ocrx_word' id='word_1_444' title='bbox 1887 3318 2086 3367; x_wconf 88' lang='lat' dir='ltr'><strong>sermo,</strong></span> <span class='ocrx_word' id='word_1_445' title='bbox 2111 3302 2164 3355; x_wconf 90' lang='lat' dir='ltr'><strong>id</strong></span> <span class='ocrx_word' id='word_1_446' title='bbox 2191 3310 2293 3367; x_wconf 90' lang='lat' dir='ltr'><strong>est,</strong></span> <span class='ocrx_word' id='word_1_447' title='bbox 2325 3317 2430 3356; x_wconf 91' lang='lat' dir='ltr'><strong>non</strong></span> <span class='ocrx_word' id='word_1_448' title='bbox 2462 3301 2717 3370; x_wconf 83' lang='lat' dir='ltr'><strong>vigesimo</strong></span> <span class='ocrx_word' id='word_1_449' title='bbox 2747 3303 2908 3356; x_wconf 89' lang='lat' dir='ltr'><strong>tertio</strong></span> <span class='ocrx_word' id='word_1_450' title='bbox 2938 3302 3151 3372; x_wconf 85' lang='lat' dir='ltr'><strong>Aprilis,</strong></span> <span class='ocrx_word' id='word_1_451' title='bbox 3176 3303 3271 3357; x_wconf 87' lang='lat' dir='ltr'><strong>sed</strong></span> <span class='ocrx_word' id='word_1_452' title='bbox 3290 3302 3551 3358; x_wconf 82' lang='lat' dir='ltr'><strong>Januarii.</strong></span> 
     </span>
    </p>
   </div>
   <div class='ocr_carea' id='block_1_35' title="bbox 284 3391 3560 3465">
    <p class='ocr_par' dir='ltr' id='par_1_35' title="bbox 284 3391 3560 3465">
     <span class='ocr_line' id='line_1_35' title="bbox 284 3391 3560 3465; baseline 0.002 -19"><span class='ocrx_word' id='word_1_453' title='bbox 284 3392 422 3446; x_wconf 85' lang='lat' dir='ltr'><strong>Nam</strong></span> <span class='ocrx_word' id='word_1_454' title='bbox 450 3391 718 3460; x_wconf 89' lang='lat' dir='ltr'><strong>quomodo</strong></span> <span class='ocrx_word' id='word_1_455' title='bbox 747 3406 878 3461; x_wconf 87' lang='lat' dir='ltr'><strong>pace</strong></span> <span class='ocrx_word' id='word_1_456' title='bbox 906 3392 1202 3459; x_wconf 87' lang='lat' dir='ltr'><strong>composita</strong></span> <span class='ocrx_word' id='word_1_457' title='bbox 1232 3394 1330 3446; x_wconf 90' lang='lat' dir='ltr'><strong>sub</strong></span> <span class='ocrx_word' id='word_1_458' title='bbox 1369 3392 1578 3446; x_wconf 92' lang='lat' dir='ltr'><strong>initium</strong></span> <span class='ocrx_word' id='word_1_459' title='bbox 1604 3392 1864 3457; x_wconf 84' lang='lat' dir='ltr'><strong>Januarii,</strong></span> <span class='ocrx_word' id='word_1_460' title='bbox 1892 3400 1984 3447; x_wconf 91' lang='lat' dir='ltr'><strong>aut</strong></span> <span class='ocrx_word' id='word_1_461' title='bbox 2030 3393 2232 3447; x_wconf 88' lang='lat' dir='ltr'><strong>tamdiu</strong></span> <span class='ocrx_word' id='word_1_462' title='bbox 2259 3391 2489 3464; x_wconf 84' lang='lat' dir='ltr'><strong>Cyrillus</strong></span> <span class='ocrx_word' id='word_1_463' title='bbox 2536 3394 2805 3449; x_wconf 89' lang='lat' dir='ltr'><strong>omisisset</strong></span> <span class='ocrx_word' id='word_1_464' title='bbox 2824 3392 3027 3450; x_wconf 84' lang='lat' dir='ltr'><strong>referre</strong></span> <span class='ocrx_word' id='word_1_465' title='bbox 3055 3393 3120 3447; x_wconf 90' lang='lat' dir='ltr'><strong>ad</strong></span> <span class='ocrx_word' id='word_1_466' title='bbox 3152 3396 3436 3465; x_wconf 89' lang='lat' dir='ltr'><strong>populum;</strong></span> <span class='ocrx_word' id='word_1_467' title='bbox 3467 3410 3560 3452; x_wconf 83' lang='lat' dir='ltr'><strong>aut</strong></span> 
     </span>
    </p>
   </div>
   <div class='ocr_carea' id='block_1_36' title="bbox 282 3479 1967 3544">
    <p class='ocr_par' dir='ltr' id='par_1_36' title="bbox 282 3479 1967 3544">
     <span class='ocr_line' id='line_1_36' title="bbox 282 3479 1967 3544; baseline 0 -8"><span class='ocrx_word' id='word_1_468' title='bbox 282 3481 531 3542; x_wconf 83' lang='lat' dir='ltr'><strong>rationis,</strong></span> <span class='ocrx_word' id='word_1_469' title='bbox 561 3496 659 3534; x_wconf 89' lang='lat' dir='ltr'><strong>cur</strong></span> <span class='ocrx_word' id='word_1_470' title='bbox 688 3479 889 3533; x_wconf 89' lang='lat' dir='ltr'><strong>tamdiu</strong></span> <span class='ocrx_word' id='word_1_471' title='bbox 918 3479 1082 3533; x_wconf 91' lang='lat' dir='ltr'><strong>dilata</strong></span> <span class='ocrx_word' id='word_1_472' title='bbox 1114 3480 1184 3532; x_wconf 89' lang='lat' dir='ltr'><strong>sit</strong></span> <span class='ocrx_word' id='word_1_473' title='bbox 1213 3479 1422 3544; x_wconf 86' lang='lat' dir='ltr'><strong>relatio,</strong></span> <span class='ocrx_word' id='word_1_474' title='bbox 1456 3496 1563 3534; x_wconf 91' lang='lat' dir='ltr'><strong>non</strong></span> <span class='ocrx_word' id='word_1_475' title='bbox 1595 3481 1967 3536; x_wconf 85' lang='lat' dir='ltr'><strong>meminisset?</strong></span> 
     </span>
    </p>
   </div>
   <div class='ocr_carea' id='block_1_37' title="bbox 362 3569 3561 3643">
    <p class='ocr_par' dir='ltr' id='par_1_37' title="bbox 362 3569 3561 3643">
     <span class='ocr_line' id='line_1_37' title="bbox 362 3569 3561 3643; baseline 0.001 -16"><span class='ocrx_word' id='word_1_476' title='bbox 362 3571 459 3627; x_wconf 87' lang='lat' dir='ltr'><strong>Ubi</strong></span> <span class='ocrx_word' id='word_1_477' title='bbox 490 3573 717 3641; x_wconf 88' lang='lat' dir='ltr'><strong>primum</strong></span> <span class='ocrx_word' id='word_1_478' title='bbox 739 3587 843 3641; x_wconf 89' lang='lat' dir='ltr'><strong>pax</strong></span> <span class='ocrx_word' id='word_1_479' title='bbox 871 3572 1168 3640; x_wconf 91' lang='lat' dir='ltr'><strong>composita</strong></span> <span class='ocrx_word' id='word_1_480' title='bbox 1195 3579 1295 3635; x_wconf 85' lang='lat' dir='ltr'><strong>est,</strong></span> <span class='ocrx_word' id='word_1_481' title='bbox 1327 3569 1559 3641; x_wconf 86' lang='lat' dir='ltr'><strong>Cyrillus</strong></span> <span class='ocrx_word' id='word_1_482' title='bbox 1580 3580 1634 3626; x_wconf 93' lang='lat' dir='ltr'><strong>et</strong></span> <span class='ocrx_word' id='word_1_483' title='bbox 1652 3571 1906 3636; x_wconf 85' lang='lat' dir='ltr'><strong>Joannes,</strong></span> <span class='ocrx_word' id='word_1_484' title='bbox 1931 3573 2042 3628; x_wconf 90' lang='lat' dir='ltr'><strong>suis</strong></span> <span class='ocrx_word' id='word_1_485' title='bbox 2069 3574 2261 3641; x_wconf 82' lang='lat' dir='ltr'><strong>singuli</strong></span> <span class='ocrx_word' id='word_1_486' title='bbox 2290 3574 2483 3629; x_wconf 88' lang='lat' dir='ltr'><strong>litteris</strong></span> <span class='ocrx_word' id='word_1_487' title='bbox 2511 3574 2579 3629; x_wconf 88' lang='lat' dir='ltr'><strong>ad</strong></span> <span class='ocrx_word' id='word_1_488' title='bbox 2606 3588 2872 3629; x_wconf 90' lang='lat' dir='ltr'><strong>summum</strong></span> <span class='ocrx_word' id='word_1_489' title='bbox 2906 3574 3213 3643; x_wconf 76' lang='lat' dir='ltr'><strong>pontiﬁcem</strong></span> <span class='ocrx_word' id='word_1_490' title='bbox 3240 3575 3446 3629; x_wconf 82' lang='lat' dir='ltr'><strong>Sixtum</strong></span> <span class='ocrx_word' id='word_1_491' title='bbox 3468 3592 3530 3631; x_wconf 88' lang='lat' dir='ltr'><strong>re</strong></span> <span class='ocrx_word' id='word_1_492' title='bbox 3553 3608 3561 3619; x_wconf 89' lang='lat'><strong>-</strong></span> 
     </span>
    </p>
   </div>
   <div class='ocr_carea' id='block_1_38' title="bbox 283 3656 3559 3738">
    <p class='ocr_par' dir='ltr' id='par_1_38' title="bbox 283 3656 3559 3738">
     <span class='ocr_line' id='line_1_38' title="bbox 283 3656 3559 3738; baseline 0.002 -19"><span class='ocrx_word' id='word_1_493' title='bbox 283 3666 540 3719; x_wconf 80' lang='lat' dir='ltr'><strong>tulerunt.</strong></span> <span class='ocrx_word' id='word_1_494' title='bbox 574 3665 788 3718; x_wconf 85' lang='lat' dir='ltr'><strong>Litteris</strong></span> <span class='ocrx_word' id='word_1_495' title='bbox 808 3672 1168 3720; x_wconf 87' lang='lat' dir='ltr'><strong>consentanea</strong></span> <span class='ocrx_word' id='word_1_496' title='bbox 1190 3672 1554 3734; x_wconf 80' lang='lat' dir='ltr'><strong>exposuerunt</strong></span> <span class='ocrx_word' id='word_1_497' title='bbox 1582 3665 1743 3732; x_wconf 87' lang='lat' dir='ltr'><strong>legati</strong></span> <span class='ocrx_word' id='word_1_498' title='bbox 1775 3666 2001 3719; x_wconf 81' lang='lat' dir='ltr'><strong>Romam</strong></span> <span class='ocrx_word' id='word_1_499' title='bbox 2032 3668 2233 3721; x_wconf 75' lang='lat' dir='ltr'><strong>reversi</strong></span> <span class='ocrx_word' id='word_1_500' title='bbox 2266 3669 2363 3722; x_wconf 91' lang='lat' dir='ltr'><strong>sub</strong></span> <span class='ocrx_word' id='word_1_501' title='bbox 2393 3667 2552 3722; x_wconf 81' lang='lat' dir='ltr'><strong>tinem</strong></span> <span class='ocrx_word' id='word_1_502' title='bbox 2576 3667 2792 3738; x_wconf 84' lang='lat' dir='ltr'><strong>Aprilis.</strong></span> <span class='ocrx_word' id='word_1_503' title='bbox 2816 3666 2977 3722; x_wconf 87' lang='lat' dir='ltr'><strong>Certe</strong></span> <span class='ocrx_word' id='word_1_504' title='bbox 3015 3669 3156 3738; x_wconf 89' lang='lat' dir='ltr'><strong>apud</strong></span> <span class='ocrx_word' id='word_1_505' title='bbox 3185 3679 3427 3723; x_wconf 89' lang='lat' dir='ltr'><strong>sanctum</strong></span> <span class='ocrx_word' id='word_1_506' title='bbox 3458 3656 3559 3725; x_wconf 79' lang='lat' dir='ltr'><strong>Pe-</strong></span> 
     </span>
    </p>
   </div>
   <div class='ocr_carea' id='block_1_39' title="bbox 282 3756 3556 3828">
    <p class='ocr_par' dir='ltr' id='par_1_39' title="bbox 282 3756 3556 3828">
     <span class='ocr_line' id='line_1_39' title="bbox 282 3756 3556 3828; baseline 0.001 -17"><span class='ocrx_word' id='word_1_507' title='bbox 282 3768 448 3821; x_wconf 84' lang='lat' dir='ltr'><strong>trum,</strong></span> <span class='ocrx_word' id='word_1_508' title='bbox 478 3766 533 3810; x_wconf 88' lang='lat' dir='ltr'><strong>et</strong></span> <span class='ocrx_word' id='word_1_509' title='bbox 562 3757 749 3810; x_wconf 71' lang='lat' dir='ltr'><strong>littera:</strong></span> <span class='ocrx_word' id='word_1_510' title='bbox 772 3757 825 3809; x_wconf 89' lang='lat' dir='ltr'><strong>in</strong></span> <span class='ocrx_word' id='word_1_511' title='bbox 849 3771 1104 3812; x_wconf 88' lang='lat' dir='ltr'><strong>consessu</strong></span> <span class='ocrx_word' id='word_1_512' title='bbox 1126 3756 1274 3810; x_wconf 72' lang='lat' dir='ltr'><strong>lecta:</strong></span> <span class='ocrx_word' id='word_1_513' title='bbox 1303 3765 1446 3820; x_wconf 90' lang='lat' dir='ltr'><strong>sunt,</strong></span> <span class='ocrx_word' id='word_1_514' title='bbox 1477 3764 1530 3809; x_wconf 89' lang='lat' dir='ltr'><strong>ct</strong></span> <span class='ocrx_word' id='word_1_515' title='bbox 1551 3758 1717 3810; x_wconf 88' lang='lat' dir='ltr'><strong>auditi</strong></span> <span class='ocrx_word' id='word_1_516' title='bbox 1749 3758 1913 3825; x_wconf 79' lang='lat' dir='ltr'><strong>legati</strong></span> <span class='ocrx_word' id='word_1_517' title='bbox 1945 3760 2013 3813; x_wconf 91' lang='lat' dir='ltr'><strong>ab</strong></span> <span class='ocrx_word' id='word_1_518' title='bbox 2042 3760 2310 3828; x_wconf 87' lang='lat' dir='ltr'><strong>episcopis</strong></span> <span class='ocrx_word' id='word_1_519' title='bbox 2349 3761 2439 3828; x_wconf 88' lang='lat' dir='ltr'><strong>qui</strong></span> <span class='ocrx_word' id='word_1_520' title='bbox 2480 3760 2545 3813; x_wconf 89' lang='lat' dir='ltr'><strong>ad</strong></span> <span class='ocrx_word' id='word_1_521' title='bbox 2574 3760 2715 3814; x_wconf 92' lang='lat' dir='ltr'><strong>diem</strong></span> <span class='ocrx_word' id='word_1_522' title='bbox 2742 3760 2974 3814; x_wconf 87' lang='lat' dir='ltr'><strong>natalem</strong></span> <span class='ocrx_word' id='word_1_523' title='bbox 3005 3760 3141 3815; x_wconf 88' lang='lat' dir='ltr'><strong>Sixti</strong></span> <span class='ocrx_word' id='word_1_524' title='bbox 3172 3768 3556 3815; x_wconf 88' lang='lat' dir='ltr'><strong>convenerant.</strong></span> 
     </span>
    </p>
   </div>
   <div class='ocr_carea' id='block_1_40' title="bbox 282 3845 3556 3922">
    <p class='ocr_par' dir='ltr' id='par_1_40' title="bbox 282 3845 3556 3922">
     <span class='ocr_line' id='line_1_40' title="bbox 282 3845 3556 3922; baseline 0 -19"><span class='ocrx_word' id='word_1_525' title='bbox 282 3849 337 3905; x_wconf 87' lang='lat' dir='ltr'><strong>ls</strong></span> <span class='ocrx_word' id='word_1_526' title='bbox 357 3856 471 3902; x_wconf 86' lang='lat' dir='ltr'><strong>erat</strong></span> <span class='ocrx_word' id='word_1_527' title='bbox 497 3849 611 3901; x_wconf 89' lang='lat' dir='ltr'><strong>dies</strong></span> <span class='ocrx_word' id='word_1_528' title='bbox 642 3848 926 3915; x_wconf 83' lang='lat' dir='ltr'><strong>vigesimus</strong></span> <span class='ocrx_word' id='word_1_529' title='bbox 946 3856 1127 3902; x_wconf 84' lang='lat' dir='ltr'><strong>sextus</strong></span> <span class='ocrx_word' id='word_1_530' title='bbox 1154 3846 1372 3916; x_wconf 82' lang='lat' dir='ltr'><strong>Aprilis.</strong></span> <span class='ocrx_word' id='word_1_531' title='bbox 1402 3845 1445 3899; x_wconf 91' lang='lat'><em>0</em></span> <span class='ocrx_word' id='word_1_532' title='bbox 1470 3850 1677 3908; x_wconf 87' lang='lat' dir='ltr'><strong>relatio,</strong></span> <span class='ocrx_word' id='word_1_533' title='bbox 1703 3849 1874 3917; x_wconf 90' lang='lat' dir='ltr'><strong>inquit</strong></span> <span class='ocrx_word' id='word_1_534' title='bbox 1901 3850 2143 3918; x_wconf 80' lang='lat' dir='ltr'><strong>pontifex</strong></span> <span class='ocrx_word' id='word_1_535' title='bbox 2171 3850 2369 3921; x_wconf 79' lang='lat' dir='ltr'><strong>(Epist.</strong></span> <span class='ocrx_word' id='word_1_536' title='bbox 2402 3851 2470 3903; x_wconf 87' lang='lat' dir='ltr'><strong>ad</strong></span> <span class='ocrx_word' id='word_1_537' title='bbox 2492 3849 2651 3921; x_wconf 85' lang='lat' dir='ltr'><strong>Cyril.</strong></span> <span class='ocrx_word' id='word_1_538' title='bbox 2673 3851 2713 3921; x_wconf 88' lang='lat'><strong>),</strong></span> <span class='ocrx_word' id='word_1_539' title='bbox 2747 3851 2904 3922; x_wconf 87' lang='lat' dir='ltr'><strong>digna</strong></span> <span class='ocrx_word' id='word_1_540' title='bbox 2933 3853 3179 3915; x_wconf 75' lang='lat' dir='ltr'><strong>mittente,</strong></span> <span class='ocrx_word' id='word_1_541' title='bbox 3225 3852 3384 3922; x_wconf 85' lang='lat' dir='ltr'><strong>digna</strong></span> <span class='ocrx_word' id='word_1_542' title='bbox 3430 3869 3556 3905; x_wconf 84' lang='lat' dir='ltr'><strong>con-</strong></span> 
     </span>
    </p>
   </div>
   <div class='ocr_carea' id='block_1_41' title="bbox 282 3938 3559 4013">
    <p class='ocr_par' dir='ltr' id='par_1_41' title="bbox 282 3938 3559 4013">
     <span class='ocr_line' id='line_1_41' title="bbox 282 3938 3559 4013; baseline 0 -17"><span class='ocrx_word' id='word_1_543' title='bbox 282 3951 434 3996; x_wconf 72' lang='lat' dir='ltr'><strong>ventu</strong></span> <span class='ocrx_word' id='word_1_544' title='bbox 451 3942 471 3994; x_wconf 89' lang='lat'><strong><em>!</em></strong></span> <span class='ocrx_word' id='word_1_545' title='bbox 491 3941 665 4012; x_wconf 87' lang='lat' dir='ltr'><strong>gaudii</strong></span> <span class='ocrx_word' id='word_1_546' title='bbox 684 3940 896 3995; x_wconf 69' lang='lat' dir='ltr'><strong>caelestis</strong></span> <span class='ocrx_word' id='word_1_547' title='bbox 912 3938 1162 4011; x_wconf 81' lang='lat' dir='ltr'><strong>judicium</strong></span> <span class='ocrx_word' id='word_1_548' title='bbox 1187 3939 1311 3993; x_wconf 90' lang='lat' dir='ltr'><strong>tales</strong></span> <span class='ocrx_word' id='word_1_549' title='bbox 1334 3938 1521 3993; x_wconf 88' lang='lat' dir='ltr'><strong>habere</strong></span> <span class='ocrx_word' id='word_1_550' title='bbox 1541 3940 1713 3993; x_wconf 88' lang='lat' dir='ltr'><strong>debuit</strong></span> <span class='ocrx_word' id='word_1_551' title='bbox 1741 3941 2062 4011; x_wconf 86' lang='lat' dir='ltr'><strong>cognitores;</strong></span> <span class='ocrx_word' id='word_1_552' title='bbox 2085 3952 2134 3994; x_wconf 92' lang='lat' dir='ltr'><strong>et</strong></span> <span class='ocrx_word' id='word_1_553' title='bbox 2155 3943 2273 4013; x_wconf 83' lang='lat' dir='ltr'><strong>quia</strong></span> <span class='ocrx_word' id='word_1_554' title='bbox 2300 3959 2380 3995; x_wconf 89' lang='lat' dir='ltr'><strong>res</strong></span> <span class='ocrx_word' id='word_1_555' title='bbox 2401 3952 2450 3995; x_wconf 87' lang='lat' dir='ltr'><strong>et</strong></span> <span class='ocrx_word' id='word_1_556' title='bbox 2479 3957 2635 3994; x_wconf 82' lang='lat' dir='ltr'><strong>causa</strong></span> <span class='ocrx_word' id='word_1_557' title='bbox 2657 3940 2902 4011; x_wconf 83' lang='lat' dir='ltr'><strong>deposcit,</strong></span> <span class='ocrx_word' id='word_1_558' title='bbox 2927 3942 3091 3995; x_wconf 88' lang='lat' dir='ltr'><strong>locum</strong></span> <span class='ocrx_word' id='word_1_559' title='bbox 3112 3958 3307 4012; x_wconf 83' lang='lat' dir='ltr'><strong>quoque</strong></span> <span class='ocrx_word' id='word_1_560' title='bbox 3326 3946 3559 3995; x_wconf 87' lang='lat' dir='ltr'><strong>conrenit</strong></span> 
     </span>
    </p>
   </div>
   <div class='ocr_carea' id='block_1_42' title="bbox 280 4028 3553 4101">
    <p class='ocr_par' dir='ltr' id='par_1_42' title="bbox 280 4028 3553 4101">
     <span class='ocr_line' id='line_1_42' title="bbox 280 4028 3553 4101; baseline 0 -15"><span class='ocrx_word' id='word_1_561' title='bbox 280 4049 388 4086; x_wconf 83' lang='lat' dir='ltr'><strong>non</strong></span> <span class='ocrx_word' id='word_1_562' title='bbox 412 4042 591 4083; x_wconf 87' lang='lat' dir='ltr'><strong>tacere.</strong></span> <span class='ocrx_word' id='word_1_563' title='bbox 624 4030 705 4082; x_wconf 83' lang='lat' dir='ltr'><strong>Ad</strong></span> <span class='ocrx_word' id='word_1_564' title='bbox 725 4028 925 4083; x_wconf 87' lang='lat' dir='ltr'><strong>beatum</strong></span> <span class='ocrx_word' id='word_1_565' title='bbox 954 4030 1241 4099; x_wconf 85' lang='lat' dir='ltr'><strong>apostolum</strong></span> <span class='ocrx_word' id='word_1_566' title='bbox 1263 4029 1474 4083; x_wconf 90' lang='lat' dir='ltr'><strong>Petrum</strong></span> <span class='ocrx_word' id='word_1_567' title='bbox 1507 4031 1807 4100; x_wconf 86' lang='lat' dir='ltr'><strong>fraternitas</strong></span> <span class='ocrx_word' id='word_1_568' title='bbox 1833 4030 2066 4084; x_wconf 83' lang='lat' dir='ltr'><strong>universa</strong></span> <span class='ocrx_word' id='word_1_569' title='bbox 2090 4033 2341 4085; x_wconf 75' lang='lat' dir='ltr'><strong>convenit.</strong></span> <span class='ocrx_word' id='word_1_570' title='bbox 2378 4031 2509 4084; x_wconf 83' lang='lat' dir='ltr'><strong>Ecce</strong></span> <span class='ocrx_word' id='word_1_571' title='bbox 2542 4031 2853 4085; x_wconf 80' lang='lat' dir='ltr'><strong>auditorium</strong></span> <span class='ocrx_word' id='word_1_572' title='bbox 2891 4047 3177 4101; x_wconf 85' lang='lat' dir='ltr'><strong>congruens</strong></span> <span class='ocrx_word' id='word_1_573' title='bbox 3215 4030 3553 4095; x_wconf 88' lang='lat' dir='ltr'><strong>auditoribus,</strong></span> 
     </span>
    </p>
   </div>
   <div class='ocr_carea' id='block_1_43' title="bbox 280 4118 3548 4192">
    <p class='ocr_par' dir='ltr' id='par_1_43' title="bbox 280 4118 3548 4192">
     <span class='ocr_line' id='line_1_43' title="bbox 280 4118 3548 4192; baseline -0.001 -15"><span class='ocrx_word' id='word_1_574' title='bbox 280 4123 585 4177; x_wconf 75' lang='lat' dir='ltr'><strong>conveniens</strong></span> <span class='ocrx_word' id='word_1_575' title='bbox 606 4120 895 4173; x_wconf 88' lang='lat' dir='ltr'><strong>audiendis.</strong></span> <span class='ocrx_word' id='word_1_576' title='bbox 920 4118 1224 4172; x_wconf 78' lang='lat' dir='ltr'><strong>Habuerunt</strong></span> <span class='ocrx_word' id='word_1_577' title='bbox 1244 4120 1528 4189; x_wconf 87' lang='lat' dir='ltr'><strong>coepiscopi</strong></span> <span class='ocrx_word' id='word_1_578' title='bbox 1543 4121 1705 4174; x_wconf 86' lang='lat' dir='ltr'><strong>nostri</strong></span> <span class='ocrx_word' id='word_1_579' title='bbox 1725 4120 1871 4173; x_wconf 89' lang='lat' dir='ltr'><strong>illum</strong></span> <span class='ocrx_word' id='word_1_580' title='bbox 1892 4120 2354 4190; x_wconf 85' lang='lat' dir='ltr'><strong>congratulationis</strong></span> <span class='ocrx_word' id='word_1_581' title='bbox 2376 4130 2570 4186; x_wconf 86' lang='lat' dir='ltr'><strong>testem,</strong></span> <span class='ocrx_word' id='word_1_582' title='bbox 2593 4138 2739 4192; x_wconf 87' lang='lat' dir='ltr'><strong>quem</strong></span> <span class='ocrx_word' id='word_1_583' title='bbox 2759 4119 3001 4173; x_wconf 84' lang='lat' dir='ltr'><strong>habemus</strong></span> <span class='ocrx_word' id='word_1_584' title='bbox 3023 4119 3232 4173; x_wconf 86' lang='lat' dir='ltr'><strong>honoris</strong></span> <span class='ocrx_word' id='word_1_585' title='bbox 3251 4119 3517 4174; x_wconf 71' lang='lat' dir='ltr'><strong>exordium</strong></span> <span class='ocrx_word' id='word_1_586' title='bbox 3536 4161 3548 4174; x_wconf 93' lang='lat'><strong>.</strong></span> 
     </span>
    </p>
   </div>
   <div class='ocr_carea' id='block_1_44' title="bbox 280 4211 3553 4283">
    <p class='ocr_par' dir='ltr' id='par_1_44' title="bbox 280 4211 3553 4283">
     <span class='ocr_line' id='line_1_44' title="bbox 280 4211 3553 4283; baseline -0.001 -14"><span class='ocrx_word' id='word_1_587' title='bbox 280 4226 482 4269; x_wconf 79' lang='lat' dir='ltr'><strong>sancta:</strong></span> <span class='ocrx_word' id='word_1_588' title='bbox 507 4230 725 4283; x_wconf 88' lang='lat' dir='ltr'><strong>namque</strong></span> <span class='ocrx_word' id='word_1_589' title='bbox 751 4222 799 4265; x_wconf 89' lang='lat' dir='ltr'><strong>et</strong></span> <span class='ocrx_word' id='word_1_590' title='bbox 828 4212 1103 4265; x_wconf 81' lang='lat' dir='ltr'><strong>venerabili</strong></span> <span class='ocrx_word' id='word_1_591' title='bbox 1124 4211 1344 4281; x_wconf 85' lang='lat' dir='ltr'><strong>synodo,</strong></span> <span class='ocrx_word' id='word_1_592' title='bbox 1368 4228 1519 4281; x_wconf 87' lang='lat' dir='ltr'><strong>quam</strong></span> <span class='ocrx_word' id='word_1_593' title='bbox 1550 4212 1743 4264; x_wconf 89' lang='lat' dir='ltr'><strong>natalis</strong></span> <span class='ocrx_word' id='word_1_594' title='bbox 1766 4212 1891 4264; x_wconf 89' lang='lat' dir='ltr'><strong>mihi</strong></span> <span class='ocrx_word' id='word_1_595' title='bbox 1912 4211 2040 4275; x_wconf 87' lang='lat' dir='ltr'><strong>dies,</strong></span> <span class='ocrx_word' id='word_1_596' title='bbox 2066 4215 2265 4283; x_wconf 77' lang='lat' dir='ltr'><strong>favente</strong></span> <span class='ocrx_word' id='word_1_597' title='bbox 2297 4212 2539 4277; x_wconf 88' lang='lat' dir='ltr'><strong>Domino,</strong></span> <span class='ocrx_word' id='word_1_598' title='bbox 2576 4222 2933 4283; x_wconf 78' lang='lat' dir='ltr'><strong>congregarat,</strong></span> <span class='ocrx_word' id='word_1_599' title='bbox 2979 4213 3099 4283; x_wconf 90' lang='lat' dir='ltr'><strong>quia</strong></span> <span class='ocrx_word' id='word_1_600' title='bbox 3136 4212 3210 4264; x_wconf 86' lang='lat' dir='ltr'><strong>sic</strong></span> <span class='ocrx_word' id='word_1_601' title='bbox 3248 4211 3553 4266; x_wconf 82' lang='lat' dir='ltr'><strong>credendum</strong></span> 
     </span>
    </p>
   </div>
   <div class='ocr_carea' id='block_1_45' title="bbox 279 4299 3552 4374">
    <p class='ocr_par' dir='ltr' id='par_1_45' title="bbox 279 4299 3552 4374">
     <span class='ocr_line' id='line_1_45' title="bbox 279 4299 3552 4374; baseline -0.002 -16"><span class='ocrx_word' id='word_1_602' title='bbox 279 4316 380 4368; x_wconf 83' lang='lat' dir='ltr'><strong>est,</strong></span> <span class='ocrx_word' id='word_1_603' title='bbox 405 4307 512 4374; x_wconf 88' lang='lat' dir='ltr'><strong>ipse</strong></span> <span class='ocrx_word' id='word_1_604' title='bbox 532 4302 789 4374; x_wconf 62' lang='lat' dir='ltr'><strong>praesedit,</strong></span> <span class='ocrx_word' id='word_1_605' title='bbox 822 4300 1229 4372; x_wconf 88' lang='lat' dir='ltr'><strong>quandoquidem</strong></span> <span class='ocrx_word' id='word_1_606' title='bbox 1252 4299 1516 4370; x_wconf 85' lang='lat' dir='ltr'><strong>probatur,</strong></span> <span class='ocrx_word' id='word_1_607' title='bbox 1542 4317 1633 4353; x_wconf 87' lang='lat' dir='ltr'><strong>nec</strong></span> <span class='ocrx_word' id='word_1_608' title='bbox 1656 4302 1861 4370; x_wconf 86' lang='lat' dir='ltr'><strong>spiritu,</strong></span> <span class='ocrx_word' id='word_1_609' title='bbox 1886 4317 1979 4353; x_wconf 91' lang='lat' dir='ltr'><strong>nec</strong></span> <span class='ocrx_word' id='word_1_610' title='bbox 1999 4318 2212 4371; x_wconf 87' lang='lat' dir='ltr'><strong>corpore</strong></span> <span class='ocrx_word' id='word_1_611' title='bbox 2234 4302 2475 4372; x_wconf 77' lang='lat' dir='ltr'><strong>defuisse.</strong></span> <span class='ocrx_word' id='word_1_612' title='bbox 2500 4301 2682 4370; x_wconf 86' lang='lat' dir='ltr'><strong>Adfuit</strong></span> <span class='ocrx_word' id='word_1_613' title='bbox 2716 4302 2920 4371; x_wconf 68' lang='lat' dir='ltr'><strong>palmis,</strong></span> <span class='ocrx_word' id='word_1_614' title='bbox 2963 4301 3049 4371; x_wconf 87' lang='lat' dir='ltr'><strong>qui</strong></span> <span class='ocrx_word' id='word_1_615' title='bbox 3093 4302 3406 4354; x_wconf 86' lang='lat' dir='ltr'><strong>contentioni</strong></span> <span class='ocrx_word' id='word_1_616' title='bbox 3449 4317 3552 4354; x_wconf 88' lang='lat' dir='ltr'><strong>non</strong></span> 
     </span>
    </p>
   </div>
   <div class='ocr_carea' id='block_1_46' title="bbox 281 4392 3613 4471">
    <p class='ocr_par' dir='ltr' id='par_1_46' title="bbox 281 4392 3613 4471">
     <span class='ocr_line' id='line_1_46' title="bbox 281 4392 3613 4471; baseline 0 -24"><span class='ocrx_word' id='word_1_617' title='bbox 281 4398 489 4467; x_wconf 79' lang='lat' dir='ltr'><strong>defuit:</strong></span> <span class='ocrx_word' id='word_1_618' title='bbox 513 4397 645 4466; x_wconf 88' lang='lat' dir='ltr'><strong>juvit</strong></span> <span class='ocrx_word' id='word_1_619' title='bbox 666 4395 954 4446; x_wconf 88' lang='lat' dir='ltr'><strong>animorum</strong></span> <span class='ocrx_word' id='word_1_620' title='bbox 974 4403 1089 4445; x_wconf 74' lang='lat' dir='ltr'><strong>vota</strong></span> <span class='ocrx_word' id='word_1_621' title='bbox 1110 4402 1422 4454; x_wconf 84' lang='lat' dir='ltr'><strong>nostrorum,</strong></span> <span class='ocrx_word' id='word_1_622' title='bbox 1447 4394 1532 4463; x_wconf 89' lang='lat' dir='ltr'><strong>qui</strong></span> <span class='ocrx_word' id='word_1_623' title='bbox 1555 4392 1686 4445; x_wconf 83' lang='lat' dir='ltr'><strong>videt</strong></span> <span class='ocrx_word' id='word_1_624' title='bbox 1704 4392 1933 4463; x_wconf 82' lang='lat' dir='ltr'><strong>symbolo</strong></span> <span class='ocrx_word' id='word_1_625' title='bbox 1956 4395 2176 4462; x_wconf 87' lang='lat' dir='ltr'><strong>primum</strong></span> <span class='ocrx_word' id='word_1_626' title='bbox 2199 4396 2333 4447; x_wconf 92' lang='lat' dir='ltr'><strong>inter</strong></span> <span class='ocrx_word' id='word_1_627' title='bbox 2354 4394 2610 4465; x_wconf 84' lang='lat' dir='ltr'><strong>apostolos</strong></span> <span class='ocrx_word' id='word_1_628' title='bbox 2636 4394 2825 4447; x_wconf 89' lang='lat' dir='ltr'><strong>tradito</strong></span> <span class='ocrx_word' id='word_1_629' title='bbox 2845 4394 3083 4465; x_wconf 87' lang='lat' dir='ltr'><strong>derogari</strong></span> <span class='ocrx_word' id='word_1_630' title='bbox 3106 4411 3122 4446; x_wconf 94' lang='lat'><em>:</em></span> <span class='ocrx_word' id='word_1_631' title='bbox 3147 4410 3249 4448; x_wconf 89' lang='lat' dir='ltr'><strong>non</strong></span> <span class='ocrx_word' id='word_1_632' title='bbox 3273 4412 3455 4464; x_wconf 86' lang='lat' dir='ltr'><strong>passus</strong></span> <span class='ocrx_word' id='word_1_633' title='bbox 3475 4406 3552 4447; x_wconf 86' lang='lat' dir='ltr'><strong>est</strong></span> <span class='ocrx_word' id='word_1_634' title='bbox 3608 4464 3613 4471; x_wconf 24' lang='lat'><strong><em>.</em></strong></span> 
     </span>
    </p>
   </div>
   <div class='ocr_carea' id='block_1_47' title="bbox 280 4481 3551 4557">
    <p class='ocr_par' dir='ltr' id='par_1_47' title="bbox 280 4481 3551 4557">
     <span class='ocr_line' id='line_1_47' title="bbox 280 4481 3551 4557; baseline 0 -18"><span class='ocrx_word' id='word_1_635' title='bbox 280 4485 567 4557; x_wconf 81' lang='lat' dir='ltr'><strong>nefandum</strong></span> <span class='ocrx_word' id='word_1_636' title='bbox 589 4492 740 4554; x_wconf 87' lang='lat' dir='ltr'><strong>caput</strong></span> <span class='ocrx_word' id='word_1_637' title='bbox 764 4482 985 4554; x_wconf 89' lang='lat' dir='ltr'><strong>gaudere</strong></span> <span class='ocrx_word' id='word_1_638' title='bbox 1008 4482 1229 4543; x_wconf 85' lang='lat' dir='ltr'><strong>solatiis,</strong></span> <span class='ocrx_word' id='word_1_639' title='bbox 1263 4499 1355 4534; x_wconf 88' lang='lat' dir='ltr'><strong>nec</strong></span> <span class='ocrx_word' id='word_1_640' title='bbox 1380 4481 1574 4535; x_wconf 89' lang='lat' dir='ltr'><strong>turbari</strong></span> <span class='ocrx_word' id='word_1_641' title='bbox 1595 4483 1682 4535; x_wconf 89' lang='lat' dir='ltr'><strong>diu</strong></span> <span class='ocrx_word' id='word_1_642' title='bbox 1705 4485 1820 4537; x_wconf 85' lang='lat' dir='ltr'><strong>sivit</strong></span> <span class='ocrx_word' id='word_1_643' title='bbox 1840 4483 2089 4537; x_wconf 84' lang='lat' dir='ltr'><strong>lutulento</strong></span> <span class='ocrx_word' id='word_1_644' title='bbox 2118 4486 2318 4555; x_wconf 86' lang='lat' dir='ltr'><strong>gurgite</strong></span> <span class='ocrx_word' id='word_1_645' title='bbox 2341 4487 2496 4556; x_wconf 88' lang='lat' dir='ltr'><strong>fontis</strong></span> <span class='ocrx_word' id='word_1_646' title='bbox 2536 4485 2673 4538; x_wconf 86' lang='lat' dir='ltr'><strong>illius</strong></span> <span class='ocrx_word' id='word_1_647' title='bbox 2702 4486 2955 4555; x_wconf 83' lang='lat' dir='ltr'><strong>perspicui</strong></span> <span class='ocrx_word' id='word_1_648' title='bbox 2994 4488 3286 4556; x_wconf 88' lang='lat' dir='ltr'><strong>puritatem.</strong></span> <span class='ocrx_word' id='word_1_649' title='bbox 3337 4486 3419 4538; x_wconf 85' lang='lat' dir='ltr'><strong>Ad</strong></span> <span class='ocrx_word' id='word_1_650' title='bbox 3455 4503 3551 4539; x_wconf 89' lang='lat' dir='ltr'><strong>nos</strong></span> 
     </span>
    </p>
   </div>
   <div class='ocr_carea' id='block_1_48' title="bbox 283 4572 3554 4646">
    <p class='ocr_par' dir='ltr' id='par_1_48' title="bbox 283 4572 3554 4646">
     <span class='ocr_line' id='line_1_48' title="bbox 283 4572 3554 4646; baseline 0.002 -20"><span class='ocrx_word' id='word_1_651' title='bbox 283 4579 470 4631; x_wconf 81' lang='lat' dir='ltr'><strong>reversi</strong></span> <span class='ocrx_word' id='word_1_652' title='bbox 512 4579 718 4646; x_wconf 88' lang='lat' dir='ltr'><strong>fratres,</strong></span> <span class='ocrx_word' id='word_1_653' title='bbox 761 4575 831 4627; x_wconf 90' lang='lat' dir='ltr'><strong>ad</strong></span> <span class='ocrx_word' id='word_1_654' title='bbox 858 4592 970 4639; x_wconf 90' lang='lat' dir='ltr'><strong>nos,</strong></span> <span class='ocrx_word' id='word_1_655' title='bbox 1014 4576 1242 4646; x_wconf 88' lang='lat' dir='ltr'><strong>inquam,</strong></span> <span class='ocrx_word' id='word_1_656' title='bbox 1286 4576 1371 4644; x_wconf 89' lang='lat' dir='ltr'><strong>qui</strong></span> <span class='ocrx_word' id='word_1_657' title='bbox 1400 4572 1629 4627; x_wconf 89' lang='lat' dir='ltr'><strong>morbum</strong></span> <span class='ocrx_word' id='word_1_658' title='bbox 1672 4576 1926 4628; x_wconf 87' lang='lat' dir='ltr'><strong>communi</strong></span> <span class='ocrx_word' id='word_1_659' title='bbox 1946 4575 2115 4628; x_wconf 89' lang='lat' dir='ltr'><strong>studio</strong></span> <span class='ocrx_word' id='word_1_660' title='bbox 2138 4586 2510 4646; x_wconf 88' lang='lat' dir='ltr'><strong>persequentes,</strong></span> <span class='ocrx_word' id='word_1_661' title='bbox 2535 4578 2823 4630; x_wconf 88' lang='lat' dir='ltr'><strong>animarum</strong></span> <span class='ocrx_word' id='word_1_662' title='bbox 2845 4579 3130 4631; x_wconf 78' lang='lat' dir='ltr'><strong>curavimus</strong></span> <span class='ocrx_word' id='word_1_663' title='bbox 3150 4580 3442 4632; x_wconf 85' lang='lat' dir='ltr'><strong>sanitatem.</strong></span> <span class='ocrx_word' id='word_1_664' title='bbox 3486 4578 3554 4633; x_wconf 79' lang='lat' dir='ltr'><strong>Et</strong></span> 
     </span>
    </p>
   </div>
   <div class='ocr_carea' id='block_1_49' title="bbox 285 4663 2481 4736">
    <p class='ocr_par' dir='ltr' id='par_1_49' title="bbox 285 4663 2481 4736">
     <span class='ocr_line' id='line_1_49' title="bbox 285 4663 2481 4736; baseline -0.001 -14"><span class='ocrx_word' id='word_1_665' title='bbox 285 4669 434 4723; x_wconf 87' lang='lat' dir='ltr'><strong>alibi.</strong></span> <span class='ocrx_word' id='word_1_666' title='bbox 460 4666 663 4720; x_wconf 73' lang='lat' dir='ltr'><strong>Audiuit</strong></span> <span class='ocrx_word' id='word_1_667' title='bbox 690 4666 928 4718; x_wconf 90' lang='lat' dir='ltr'><strong>universa</strong></span> <span class='ocrx_word' id='word_1_668' title='bbox 948 4667 1268 4736; x_wconf 87' lang='lat' dir='ltr'><strong>fraternitas,</strong></span> <span class='ocrx_word' id='word_1_669' title='bbox 1301 4680 1415 4736; x_wconf 68' lang='lat' dir='ltr'><strong>quin</strong></span> <span class='ocrx_word' id='word_1_670' title='bbox 1435 4663 1503 4717; x_wconf 92' lang='lat' dir='ltr'><strong>ad</strong></span> <span class='ocrx_word' id='word_1_671' title='bbox 1532 4665 1723 4718; x_wconf 88' lang='lat' dir='ltr'><strong>natalis</strong></span> <span class='ocrx_word' id='word_1_672' title='bbox 1748 4666 1846 4718; x_wconf 87' lang='lat' dir='ltr'><strong>mei</strong></span> <span class='ocrx_word' id='word_1_673' title='bbox 1868 4676 2173 4719; x_wconf 75' lang='lat' dir='ltr'><strong>convenerat</strong></span> <span class='ocrx_word' id='word_1_674' title='bbox 2198 4666 2351 4731; x_wconf 89' lang='lat' dir='ltr'><strong>diem,</strong></span> <span class='ocrx_word' id='word_1_675' title='bbox 2375 4675 2481 4720; x_wconf 89' lang='lat' dir='ltr'><strong>etc.</strong></span> 
     </span>
    </p>
   </div>
   <div class='ocr_carea' id='block_1_50' title="bbox 358 4756 3550 4831">
    <p class='ocr_par' dir='ltr' id='par_1_50' title="bbox 358 4756 3550 4831">
     <span class='ocr_line' id='line_1_50' title="bbox 358 4756 3550 4831; baseline 0.002 -19"><span class='ocrx_word' id='word_1_676' title='bbox 358 4758 637 4813; x_wconf 83' lang='lat' dir='ltr'><strong>Nestorius</strong></span> <span class='ocrx_word' id='word_1_677' title='bbox 666 4757 899 4820; x_wconf 87' lang='lat' dir='ltr'><strong>interim,</strong></span> <span class='ocrx_word' id='word_1_678' title='bbox 930 4757 984 4810; x_wconf 91' lang='lat' dir='ltr'><strong>in</strong></span> <span class='ocrx_word' id='word_1_679' title='bbox 1025 4772 1123 4811; x_wconf 91' lang='lat' dir='ltr'><strong>suo</strong></span> <span class='ocrx_word' id='word_1_680' title='bbox 1152 4771 1366 4811; x_wconf 89' lang='lat' dir='ltr'><strong>secessu</strong></span> <span class='ocrx_word' id='word_1_681' title='bbox 1405 4757 1715 4810; x_wconf 90' lang='lat' dir='ltr'><strong>monasterii</strong></span> <span class='ocrx_word' id='word_1_682' title='bbox 1745 4756 2091 4827; x_wconf 88' lang='lat' dir='ltr'><strong>Euprepiani,</strong></span> <span class='ocrx_word' id='word_1_683' title='bbox 2135 4774 2243 4811; x_wconf 87' lang='lat' dir='ltr'><strong>non</strong></span> <span class='ocrx_word' id='word_1_684' title='bbox 2273 4759 2553 4813; x_wconf 90' lang='lat' dir='ltr'><strong>desinebat</strong></span> <span class='ocrx_word' id='word_1_685' title='bbox 2589 4758 2833 4823; x_wconf 87' lang='lat' dir='ltr'><strong>turbare;</strong></span> <span class='ocrx_word' id='word_1_686' title='bbox 2870 4760 2962 4813; x_wconf 79' lang='lat' dir='ltr'><strong>sed</strong></span> <span class='ocrx_word' id='word_1_687' title='bbox 2996 4776 3117 4813; x_wconf 92' lang='lat' dir='ltr'><strong>cum</strong></span> <span class='ocrx_word' id='word_1_688' title='bbox 3146 4768 3287 4813; x_wconf 80' lang='lat' dir='ltr'><strong>esset</strong></span> <span class='ocrx_word' id='word_1_689' title='bbox 3322 4762 3550 4831; x_wconf 86' lang='lat' dir='ltr'><strong>superbe</strong></span> 
     </span>
    </p>
   </div>
   <div class='ocr_carea' id='block_1_51' title="bbox 284 4848 3544 4920">
    <p class='ocr_par' dir='ltr' id='par_1_51' title="bbox 284 4848 3544 4920">
     <span class='ocr_line' id='line_1_51' title="bbox 284 4848 3544 4920; baseline 0 -13"><span class='ocrx_word' id='word_1_690' title='bbox 284 4852 470 4915; x_wconf 88' lang='lat' dir='ltr'><strong>miser,</strong></span> <span class='ocrx_word' id='word_1_691' title='bbox 502 4849 751 4913; x_wconf 86' lang='lat' dir='ltr'><strong>audebat,</strong></span> <span class='ocrx_word' id='word_1_692' title='bbox 783 4848 1075 4918; x_wconf 88' lang='lat' dir='ltr'><strong>deploratis</strong></span> <span class='ocrx_word' id='word_1_693' title='bbox 1100 4848 1223 4902; x_wconf 92' lang='lat' dir='ltr'><strong>licet</strong></span> <span class='ocrx_word' id='word_1_694' title='bbox 1250 4848 1411 4902; x_wconf 88' lang='lat' dir='ltr'><strong>rebus</strong></span> <span class='ocrx_word' id='word_1_695' title='bbox 1430 4848 1558 4914; x_wconf 87' lang='lat' dir='ltr'><strong>suis,</strong></span> <span class='ocrx_word' id='word_1_696' title='bbox 1583 4864 1802 4918; x_wconf 89' lang='lat' dir='ltr'><strong>sperare</strong></span> <span class='ocrx_word' id='word_1_697' title='bbox 1830 4850 2111 4919; x_wconf 88' lang='lat' dir='ltr'><strong>pristinam</strong></span> <span class='ocrx_word' id='word_1_698' title='bbox 2144 4849 2476 4918; x_wconf 80' lang='lat' dir='ltr'><strong>dignitatem,</strong></span> <span class='ocrx_word' id='word_1_699' title='bbox 2509 4850 2736 4920; x_wconf 90' lang='lat' dir='ltr'><strong>ideoque</strong></span> <span class='ocrx_word' id='word_1_700' title='bbox 2764 4851 2962 4905; x_wconf 88' lang='lat' dir='ltr'><strong>coactis</strong></span> <span class='ocrx_word' id='word_1_701' title='bbox 2983 4853 3273 4906; x_wconf 89' lang='lat' dir='ltr'><strong>amicorum</strong></span> <span class='ocrx_word' id='word_1_702' title='bbox 3295 4854 3544 4916; x_wconf 64' lang='lat' dir='ltr'><strong>coetibus,</strong></span> 
     </span>
    </p>
   </div>
   <div class='ocr_carea' id='block_1_52' title="bbox 284 4940 3545 5011">
    <p class='ocr_par' dir='ltr' id='par_1_52' title="bbox 284 4940 3545 5011">
     <span class='ocr_line' id='line_1_52' title="bbox 284 4940 3545 5011; baseline -0 -13"><span class='ocrx_word' id='word_1_703' title='bbox 284 4944 630 5011; x_wconf 85' lang='lat' dir='ltr'><strong>collectisque</strong></span> <span class='ocrx_word' id='word_1_704' title='bbox 659 4940 967 4997; x_wconf 88' lang='lat' dir='ltr'><strong>eorumdem</strong></span> <span class='ocrx_word' id='word_1_705' title='bbox 997 4956 1217 4995; x_wconf 90' lang='lat' dir='ltr'><strong>munere</strong></span> <span class='ocrx_word' id='word_1_706' title='bbox 1246 4940 1455 5010; x_wconf 90' lang='lat' dir='ltr'><strong>opibus,</strong></span> <span class='ocrx_word' id='word_1_707' title='bbox 1487 4941 1713 5009; x_wconf 88' lang='lat' dir='ltr'><strong>parabat</strong></span> <span class='ocrx_word' id='word_1_708' title='bbox 1741 4940 1880 4995; x_wconf 89' lang='lat' dir='ltr'><strong>unde</strong></span> <span class='ocrx_word' id='word_1_709' title='bbox 1909 4950 2091 5011; x_wconf 88' lang='lat' dir='ltr'><strong>posset</strong></span> <span class='ocrx_word' id='word_1_710' title='bbox 2118 4941 2403 5011; x_wconf 88' lang='lat' dir='ltr'><strong>aliquando</strong></span> <span class='ocrx_word' id='word_1_711' title='bbox 2424 4942 2686 4997; x_wconf 89' lang='lat' dir='ltr'><strong>redimere</strong></span> <span class='ocrx_word' id='word_1_712' title='bbox 2707 4943 2954 4996; x_wconf 83' lang='lat' dir='ltr'><strong>amissam</strong></span> <span class='ocrx_word' id='word_1_713' title='bbox 2981 4944 3273 4999; x_wconf 81' lang='lat' dir='ltr'><strong>aulicorum</strong></span> <span class='ocrx_word' id='word_1_714' title='bbox 3299 4945 3545 5011; x_wconf 82' lang='lat' dir='ltr'><strong>gratiam.</strong></span> 
     </span>
    </p>
   </div>
   <div class='ocr_carea' id='block_1_53' title="bbox 283 5030 3544 5105">
    <p class='ocr_par' dir='ltr' id='par_1_53' title="bbox 283 5030 3544 5105">
     <span class='ocr_line' id='line_1_53' title="bbox 283 5030 3544 5105; baseline 0.001 -17"><span class='ocrx_word' id='word_1_715' title='bbox 283 5044 449 5103; x_wconf 84' lang='lat' dir='ltr'><strong>atque</strong></span> <span class='ocrx_word' id='word_1_716' title='bbox 477 5034 548 5086; x_wconf 89' lang='lat' dir='ltr'><strong>ita</strong></span> <span class='ocrx_word' id='word_1_717' title='bbox 570 5032 823 5101; x_wconf 72' lang='lat' dir='ltr'><strong>pergebat</strong></span> <span class='ocrx_word' id='word_1_718' title='bbox 850 5030 1093 5085; x_wconf 71' lang='lat' dir='ltr'><strong>hmresim</strong></span> <span class='ocrx_word' id='word_1_719' title='bbox 1115 5031 1316 5093; x_wconf 81' lang='lat' dir='ltr'><strong>fovere,</strong></span> <span class='ocrx_word' id='word_1_720' title='bbox 1339 5030 1555 5099; x_wconf 87' lang='lat' dir='ltr'><strong>suisque</strong></span> <span class='ocrx_word' id='word_1_721' title='bbox 1577 5031 1627 5084; x_wconf 90' lang='lat' dir='ltr'><strong>in</strong></span> <span class='ocrx_word' id='word_1_722' title='bbox 1650 5032 1891 5100; x_wconf 89' lang='lat' dir='ltr'><strong>partibus</strong></span> <span class='ocrx_word' id='word_1_723' title='bbox 1911 5032 2145 5087; x_wconf 89' lang='lat' dir='ltr'><strong>retinere</strong></span> <span class='ocrx_word' id='word_1_724' title='bbox 2170 5033 2458 5103; x_wconf 72' lang='lat' dir='ltr'><strong>provincia:</strong></span> <span class='ocrx_word' id='word_1_725' title='bbox 2486 5034 2785 5103; x_wconf 89' lang='lat' dir='ltr'><strong>episcopos,</strong></span> <span class='ocrx_word' id='word_1_726' title='bbox 2816 5034 3147 5103; x_wconf 78' lang='lat' dir='ltr'><strong>clericosque</strong></span> <span class='ocrx_word' id='word_1_727' title='bbox 3176 5035 3354 5103; x_wconf 91' lang='lat' dir='ltr'><strong>plures</strong></span> <span class='ocrx_word' id='word_1_728' title='bbox 3379 5054 3391 5088; x_wconf 91' lang='lat'><strong>:</strong></span> <span class='ocrx_word' id='word_1_729' title='bbox 3416 5038 3544 5105; x_wconf 94' lang='lat' dir='ltr'><strong>quin</strong></span> 
     </span>
    </p>
   </div>
   <div class='ocr_carea' id='block_1_54' title="bbox 282 5121 3545 5196">
    <p class='ocr_par' dir='ltr' id='par_1_54' title="bbox 282 5121 3545 5196">
     <span class='ocr_line' id='line_1_54' title="bbox 282 5121 3545 5196; baseline 0.001 -15"><span class='ocrx_word' id='word_1_730' title='bbox 282 5138 339 5181; x_wconf 88' lang='lat' dir='ltr'><strong>et</strong></span> <span class='ocrx_word' id='word_1_731' title='bbox 365 5125 684 5180; x_wconf 88' lang='lat' dir='ltr'><strong>conciliabat</strong></span> <span class='ocrx_word' id='word_1_732' title='bbox 705 5122 807 5176; x_wconf 89' lang='lat' dir='ltr'><strong>sibi</strong></span> <span class='ocrx_word' id='word_1_733' title='bbox 836 5137 940 5176; x_wconf 90' lang='lat' dir='ltr'><strong>non</strong></span> <span class='ocrx_word' id='word_1_734' title='bbox 962 5136 1180 5191; x_wconf 89' lang='lat' dir='ltr'><strong>paucos,</strong></span> <span class='ocrx_word' id='word_1_735' title='bbox 1212 5129 1267 5174; x_wconf 90' lang='lat' dir='ltr'><strong>et</strong></span> <span class='ocrx_word' id='word_1_736' title='bbox 1294 5137 1388 5175; x_wconf 88' lang='lat' dir='ltr'><strong>eos</strong></span> <span class='ocrx_word' id='word_1_737' title='bbox 1417 5122 1667 5185; x_wconf 82' lang='lat' dir='ltr'><strong>maxime,</strong></span> <span class='ocrx_word' id='word_1_738' title='bbox 1690 5138 1828 5190; x_wconf 91' lang='lat' dir='ltr'><strong>quos</strong></span> <span class='ocrx_word' id='word_1_739' title='bbox 1851 5122 1936 5176; x_wconf 87' lang='lat' dir='ltr'><strong>vel</strong></span> <span class='ocrx_word' id='word_1_740' title='bbox 1964 5121 2148 5194; x_wconf 81' lang='lat' dir='ltr'><strong>Cyrilli</strong></span> <span class='ocrx_word' id='word_1_741' title='bbox 2171 5124 2373 5187; x_wconf 88' lang='lat' dir='ltr'><strong>odium,</strong></span> <span class='ocrx_word' id='word_1_742' title='bbox 2404 5125 2488 5180; x_wconf 90' lang='lat' dir='ltr'><strong>vel</strong></span> <span class='ocrx_word' id='word_1_743' title='bbox 2517 5125 2713 5179; x_wconf 87' lang='lat' dir='ltr'><strong>invidia</strong></span> <span class='ocrx_word' id='word_1_744' title='bbox 2737 5126 2788 5179; x_wconf 89' lang='lat' dir='ltr'><strong>in</strong></span> <span class='ocrx_word' id='word_1_745' title='bbox 2817 5124 3099 5193; x_wconf 90' lang='lat' dir='ltr'><strong>Joannem,</strong></span> <span class='ocrx_word' id='word_1_746' title='bbox 3123 5126 3206 5180; x_wconf 90' lang='lat' dir='ltr'><strong>vel</strong></span> <span class='ocrx_word' id='word_1_747' title='bbox 3237 5127 3382 5196; x_wconf 90' lang='lat' dir='ltr'><strong>pacis</strong></span> <span class='ocrx_word' id='word_1_748' title='bbox 3403 5128 3545 5184; x_wconf 66' lang='lat' dir='ltr'><strong>inita:</strong></span> 
     </span>
    </p>
   </div>
   <div class='ocr_carea' id='block_1_55' title="bbox 283 5216 2127 5271">
    <p class='ocr_par' dir='ltr' id='par_1_55' title="bbox 283 5216 2127 5271">
     <span class='ocr_line' id='line_1_55' title="bbox 283 5216 2127 5271; baseline -0.014 1"><span class='ocrx_word' id='word_1_749' title='bbox 283 5217 500 5271; x_wconf 61' lang='lat' dir='ltr'><strong>aedium</strong></span> <span class='ocrx_word' id='word_1_750' title='bbox 530 5216 739 5269; x_wconf 86' lang='lat' dir='ltr'><strong>urebat.</strong></span> <span class='ocrx_word' id='word_1_751' title='bbox 2104 5219 2127 5238; x_wconf 59' lang='grc' dir='ltr'><strong>κ</strong></span> 
     </span>
    </p>
   </div>
   <div class='ocr_carea' id='block_1_56' title="bbox 352 5304 3543 5378">
    <p class='ocr_par' dir='ltr' id='par_1_56' title="bbox 352 5304 3543 5378">
     <span class='ocr_line' id='line_1_56' title="bbox 352 5304 3543 5378; baseline 0.002 -16"><span class='ocrx_word' id='word_1_752' title='bbox 352 5308 475 5362; x_wconf 89' lang='lat' dir='ltr'><strong>Jam</strong></span> <span class='ocrx_word' id='word_1_753' title='bbox 498 5314 745 5375; x_wconf 89' lang='lat' dir='ltr'><strong>quartum</strong></span> <span class='ocrx_word' id='word_1_754' title='bbox 784 5304 895 5358; x_wconf 81' lang='lat' dir='ltr'><strong>fere</strong></span> <span class='ocrx_word' id='word_1_755' title='bbox 925 5319 1121 5357; x_wconf 87' lang='lat' dir='ltr'><strong>annum</strong></span> <span class='ocrx_word' id='word_1_756' title='bbox 1149 5312 1421 5370; x_wconf 79' lang='lat' dir='ltr'><strong>exegerat,</strong></span> <span class='ocrx_word' id='word_1_757' title='bbox 1456 5304 1583 5358; x_wconf 92' lang='lat' dir='ltr'><strong>nibil</strong></span> <span class='ocrx_word' id='word_1_758' title='bbox 1620 5307 1896 5361; x_wconf 89' lang='lat' dir='ltr'><strong>remittens</strong></span> <span class='ocrx_word' id='word_1_759' title='bbox 1926 5308 2100 5377; x_wconf 77' lang='lat' dir='ltr'><strong>impia:</strong></span> <span class='ocrx_word' id='word_1_760' title='bbox 2129 5308 2501 5363; x_wconf 90' lang='lat' dir='ltr'><strong>sollicitudinis</strong></span> <span class='ocrx_word' id='word_1_761' title='bbox 2530 5309 2581 5362; x_wconf 92' lang='lat' dir='ltr'><strong>in</strong></span> <span class='ocrx_word' id='word_1_762' title='bbox 2612 5309 2948 5378; x_wconf 87' lang='lat' dir='ltr'><strong>procurando</strong></span> <span class='ocrx_word' id='word_1_763' title='bbox 2979 5312 3213 5378; x_wconf 84' lang='lat' dir='ltr'><strong>negotio,</strong></span> <span class='ocrx_word' id='word_1_764' title='bbox 3237 5328 3357 5367; x_wconf 91' lang='lat' dir='ltr'><strong>cum</strong></span> <span class='ocrx_word' id='word_1_765' title='bbox 3376 5313 3543 5369; x_wconf 90' lang='lat' dir='ltr'><strong>Joan-</strong></span> 
     </span>
    </p>
   </div>
   <div class='ocr_carea' id='block_1_57' title="bbox 283 5395 3545 5471">
    <p class='ocr_par' dir='ltr' id='par_1_57' title="bbox 283 5395 3545 5471">
     <span class='ocr_line' id='line_1_57' title="bbox 283 5395 3545 5471; baseline 0.002 -18"><span class='ocrx_word' id='word_1_766' title='bbox 283 5416 381 5455; x_wconf 79' lang='lat' dir='ltr'><strong>nes</strong></span> <span class='ocrx_word' id='word_1_767' title='bbox 408 5406 663 5469; x_wconf 65' lang='lat' dir='ltr'><strong>pertaesus</strong></span> <span class='ocrx_word' id='word_1_768' title='bbox 692 5396 965 5449; x_wconf 89' lang='lat' dir='ltr'><strong>turbarum</strong></span> <span class='ocrx_word' id='word_1_769' title='bbox 994 5395 1187 5461; x_wconf 88' lang='lat' dir='ltr'><strong>quibus</strong></span> <span class='ocrx_word' id='word_1_770' title='bbox 1213 5395 1539 5463; x_wconf 88' lang='lat' dir='ltr'><strong>provinciam</strong></span> <span class='ocrx_word' id='word_1_771' title='bbox 1568 5411 1716 5449; x_wconf 90' lang='lat' dir='ltr'><strong>suam</strong></span> <span class='ocrx_word' id='word_1_772' title='bbox 1744 5398 1911 5452; x_wconf 79' lang='lat' dir='ltr'><strong>scindi</strong></span> <span class='ocrx_word' id='word_1_773' title='bbox 1936 5398 2178 5460; x_wconf 88' lang='lat' dir='ltr'><strong>videbat,</strong></span> <span class='ocrx_word' id='word_1_774' title='bbox 2212 5399 2618 5468; x_wconf 87' lang='lat' dir='ltr'><strong>indignatusque</strong></span> <span class='ocrx_word' id='word_1_775' title='bbox 2645 5416 2738 5454; x_wconf 91' lang='lat' dir='ltr'><strong>sua</strong></span> <span class='ocrx_word' id='word_1_776' title='bbox 2770 5402 2969 5455; x_wconf 88' lang='lat' dir='ltr'><strong>monita</strong></span> <span class='ocrx_word' id='word_1_777' title='bbox 3002 5404 3349 5471; x_wconf 90' lang='lat' dir='ltr'><strong>pertinaciter</strong></span> <span class='ocrx_word' id='word_1_778' title='bbox 3378 5422 3406 5460; x_wconf 90' lang='lat' dir='ltr'><strong>a</strong></span> <span class='ocrx_word' id='word_1_779' title='bbox 3443 5406 3545 5459; x_wconf 83' lang='lat' dir='ltr'><strong>Nc-</strong></span> 
     </span>
    </p>
   </div>
   <div class='ocr_carea' id='block_1_58' title="bbox 275 5487 3540 5565">
    <p class='ocr_par' dir='ltr' id='par_1_58' title="bbox 275 5487 3540 5565">
     <span class='ocr_line' id='line_1_58' title="bbox 275 5487 3540 5565; baseline 0.001 -18"><span class='ocrx_word' id='word_1_780' title='bbox 275 5492 454 5548; x_wconf 87' lang='lat' dir='ltr'><strong>storio</strong></span> <span class='ocrx_word' id='word_1_781' title='bbox 480 5488 770 5551; x_wconf 90' lang='lat' dir='ltr'><strong>contemni,</strong></span> <span class='ocrx_word' id='word_1_782' title='bbox 796 5495 956 5554; x_wconf 90' lang='lat' dir='ltr'><strong>atque</strong></span> <span class='ocrx_word' id='word_1_783' title='bbox 978 5487 1158 5551; x_wconf 89' lang='lat' dir='ltr'><strong>etiam,</strong></span> <span class='ocrx_word' id='word_1_784' title='bbox 1186 5494 1242 5539; x_wconf 91' lang='lat' dir='ltr'><strong>ut</strong></span> <span class='ocrx_word' id='word_1_785' title='bbox 1272 5489 1419 5541; x_wconf 86' lang='lat' dir='ltr'><strong>multi</strong></span> <span class='ocrx_word' id='word_1_786' title='bbox 1452 5490 1686 5550; x_wconf 85' lang='lat' dir='ltr'><strong>tradunt,</strong></span> <span class='ocrx_word' id='word_1_787' title='bbox 1721 5491 1979 5559; x_wconf 87' lang='lat' dir='ltr'><strong>impulsus</strong></span> <span class='ocrx_word' id='word_1_788' title='bbox 2004 5493 2180 5547; x_wconf 88' lang='lat' dir='ltr'><strong>studio</strong></span> <span class='ocrx_word' id='word_1_789' title='bbox 2204 5492 2344 5558; x_wconf 77' lang='lat' dir='ltr'><strong>fidei,</strong></span> <span class='ocrx_word' id='word_1_790' title='bbox 2373 5509 2532 5562; x_wconf 85' lang='lat' dir='ltr'><strong>quam</strong></span> <span class='ocrx_word' id='word_1_791' title='bbox 2564 5496 2672 5564; x_wconf 90' lang='lat' dir='ltr'><strong>peti</strong></span> <span class='ocrx_word' id='word_1_792' title='bbox 2704 5496 2917 5549; x_wconf 86' lang='lat' dir='ltr'><strong>tandem</strong></span> <span class='ocrx_word' id='word_1_793' title='bbox 2948 5508 3256 5565; x_wconf 80' lang='lat' dir='ltr'><strong>agnoverat.</strong></span> <span class='ocrx_word' id='word_1_794' title='bbox 3282 5514 3540 5554; x_wconf 83' lang='lat' dir='ltr'><strong>conversa</strong></span> 
     </span>
    </p>
   </div>
   <div class='ocr_carea' id='block_1_59' title="bbox 281 5576 3538 5657">
    <p class='ocr_par' dir='ltr' id='par_1_59' title="bbox 281 5576 3538 5657">
     <span class='ocr_line' id='line_1_59' title="bbox 281 5576 3538 5657; baseline 0.002 -20"><span class='ocrx_word' id='word_1_795' title='bbox 281 5592 467 5637; x_wconf 82' lang='lat' dir='ltr'><strong>vetere</strong></span> <span class='ocrx_word' id='word_1_796' title='bbox 496 5578 726 5632; x_wconf 88' lang='lat' dir='ltr'><strong>amicitia</strong></span> <span class='ocrx_word' id='word_1_797' title='bbox 766 5576 996 5631; x_wconf 86' lang='lat' dir='ltr'><strong>Nestorii</strong></span> <span class='ocrx_word' id='word_1_798' title='bbox 1026 5576 1076 5629; x_wconf 92' lang='lat' dir='ltr'><strong>in</strong></span> <span class='ocrx_word' id='word_1_799' title='bbox 1101 5577 1298 5645; x_wconf 86' lang='lat' dir='ltr'><strong>justam</strong></span> <span class='ocrx_word' id='word_1_800' title='bbox 1327 5580 1474 5648; x_wconf 90' lang='lat' dir='ltr'><strong>pacis</strong></span> <span class='ocrx_word' id='word_1_801' title='bbox 1505 5580 1729 5648; x_wconf 81' lang='lat' dir='ltr'><strong>lidcique</strong></span> <span class='ocrx_word' id='word_1_802' title='bbox 1760 5578 2037 5645; x_wconf 87' lang='lat' dir='ltr'><strong>ultionem,</strong></span> <span class='ocrx_word' id='word_1_803' title='bbox 2077 5585 2232 5652; x_wconf 90' lang='lat' dir='ltr'><strong>petiit</strong></span> <span class='ocrx_word' id='word_1_804' title='bbox 2263 5586 2330 5638; x_wconf 91' lang='lat' dir='ltr'><strong>ab</strong></span> <span class='ocrx_word' id='word_1_805' title='bbox 2360 5586 2702 5655; x_wconf 86' lang='lat' dir='ltr'><strong>imperatore,</strong></span> <span class='ocrx_word' id='word_1_806' title='bbox 2742 5589 2925 5657; x_wconf 87' lang='lat' dir='ltr'><strong>procul</strong></span> <span class='ocrx_word' id='word_1_807' title='bbox 2966 5590 3241 5645; x_wconf 71' lang='lat' dir='ltr'><strong>antandari</strong></span> <span class='ocrx_word' id='word_1_808' title='bbox 3280 5592 3538 5645; x_wconf 76' lang='lat' dir='ltr'><strong>malorum</strong></span> 
     </span>
    </p>
   </div>
   <div class='ocr_carea' id='block_1_60' title="bbox 282 5668 3537 5752">
    <p class='ocr_par' dir='ltr' id='par_1_60' title="bbox 282 5668 3537 5752">
     <span class='ocr_line' id='line_1_60' title="bbox 282 5668 3537 5752; baseline 0.003 -24"><span class='ocrx_word' id='word_1_809' title='bbox 282 5680 582 5735; x_wconf 83' lang='lat' dir='ltr'><strong>auctorem,</strong></span> <span class='ocrx_word' id='word_1_810' title='bbox 613 5685 711 5723; x_wconf 92' lang='lat' dir='ltr'><strong>nec</strong></span> <span class='ocrx_word' id='word_1_811' title='bbox 738 5682 877 5736; x_wconf 72' lang='lat' dir='ltr'><strong>:cgrc</strong></span> <span class='ocrx_word' id='word_1_812' title='bbox 902 5668 1151 5731; x_wconf 90' lang='lat' dir='ltr'><strong>obtinuit,</strong></span> <span class='ocrx_word' id='word_1_813' title='bbox 1177 5672 1450 5727; x_wconf 88' lang='lat' dir='ltr'><strong>annitente</strong></span> <span class='ocrx_word' id='word_1_814' title='bbox 1486 5671 1696 5737; x_wconf 90' lang='lat' dir='ltr'><strong>Proclo,</strong></span> <span class='ocrx_word' id='word_1_815' title='bbox 1734 5674 1822 5742; x_wconf 93' lang='lat' dir='ltr'><strong>qui</strong></span> <span class='ocrx_word' id='word_1_816' title='bbox 1855 5673 2179 5735; x_wconf 80' lang='lat' dir='ltr'><strong>Maximiano</strong></span> <span class='ocrx_word' id='word_1_817' title='bbox 2207 5686 2536 5733; x_wconf 87' lang='lat' dir='ltr'><strong>successerat</strong></span> <span class='ocrx_word' id='word_1_818' title='bbox 2566 5679 2617 5735; x_wconf 93' lang='lat' dir='ltr'><strong>in</strong></span> <span class='ocrx_word' id='word_1_819' title='bbox 2647 5680 2827 5736; x_wconf 81' lang='lat' dir='ltr'><strong>sedem</strong></span> <span class='ocrx_word' id='word_1_820' title='bbox 2863 5681 3537 5752; x_wconf 65' lang='lat' dir='ltr'><strong>Constantinopolitauam.</strong></span> 
     </span>
    </p>
   </div>
   <div class='ocr_carea' id='block_1_61' title="bbox 567 5758 3262 5832">
    <p class='ocr_par' dir='ltr' id='par_1_61' title="bbox 567 5758 3262 5832">
     <span class='ocr_line' id='line_1_61' title="bbox 567 5758 3262 5832; baseline -0.007 -11"><span class='ocrx_word' id='word_1_821' title='bbox 567 5765 835 5821; x_wconf 73' lang='lat' dir='ltr'><strong>l’srnot.</strong></span> <span class='ocrx_word' id='word_1_822' title='bbox 882 5758 1172 5821; x_wconf 72' lang='lat' dir='ltr'><strong>XLVIII.</strong></span> <span class='ocrx_word' id='word_1_823' title='bbox 3185 5775 3262 5832; x_wconf 43' lang='grc' dir='ltr'><strong>ελ</strong></span> 
     </span>
    </p>
   </div>
  </div>
