  <div class='ocr_page' id='page_1' title='image "/cluster/home/n/w/nwhite01/storage/ocr_20150623/48/hvd.32044096580691/379.png"; bbox 0 0 3958 6178; ppageno 0'>
   <div class='ocr_carea' id='block_1_1' title="bbox 463 255 3706 348">
    <p class='ocr_par' dir='ltr' id='par_1_1' title="bbox 463 255 3706 348">
     <span class='ocr_line' id='line_1_1' title="bbox 463 255 3706 348; baseline -0.003 -30"><span class='ocrx_word' id='word_1_1' title='bbox 463 265 562 319; x_wconf 82' lang='lat' dir='ltr'><strong>7’u7</strong></span> <span class='ocrx_word' id='word_1_2' title='bbox 990 259 1357 317; x_wconf 56' lang='lat' dir='ltr'><strong>PRxEFATlO</strong></span> <span class='ocrx_word' id='word_1_3' title='bbox 1394 259 1458 314; x_wconf 78' lang='lat' dir='ltr'><strong>lN</strong></span> <span class='ocrx_word' id='word_1_4' title='bbox 1499 258 1869 348; x_wconf 64' lang='lat' dir='ltr'><strong>SECUNPAM</strong></span> <span class='ocrx_word' id='word_1_5' title='bbox 1910 257 2184 312; x_wconf 73' lang='lat' dir='ltr'><strong>PARTEM</strong></span> <span class='ocrx_word' id='word_1_6' title='bbox 2226 256 2501 314; x_wconf 67' lang='lat' dir='ltr'><strong>(Jl’EBUM</strong></span> <span class='ocrx_word' id='word_1_7' title='bbox 2543 255 2738 313; x_wconf 77' lang='lat' dir='ltr'><strong>MAR“</strong></span> <span class='ocrx_word' id='word_1_8' title='bbox 2776 256 3229 313; x_wconf 74' lang='lat' dir='ltr'><strong>MEBCATORIS.</strong></span> <span class='ocrx_word' id='word_1_9' title='bbox 3610 258 3706 313; x_wconf 67' lang='lat'><strong>7-58</strong></span> 
     </span>
    </p>
   </div>
   <div class='ocr_carea' id='block_1_2' title="bbox 526 366 3709 449">
    <p class='ocr_par' dir='ltr' id='par_1_2' title="bbox 526 366 3709 449">
     <span class='ocr_line' id='line_1_2' title="bbox 526 366 3709 449; baseline -0.005 -15"><span class='ocrx_word' id='word_1_10' title='bbox 526 377 925 449; x_wconf 87' lang='lat' dir='ltr'><strong>Deportationis</strong></span> <span class='ocrx_word' id='word_1_11' title='bbox 953 376 1186 431; x_wconf 85' lang='lat' dir='ltr'><strong>edictum</strong></span> <span class='ocrx_word' id='word_1_12' title='bbox 1215 375 1443 428; x_wconf 85' lang='lat' dir='ltr'><strong>habetur</strong></span> <span class='ocrx_word' id='word_1_13' title='bbox 1463 374 1517 428; x_wconf 89' lang='lat' dir='ltr'><strong>in</strong></span> <span class='ocrx_word' id='word_1_14' title='bbox 1549 374 1733 442; x_wconf 89' lang='lat' dir='ltr'><strong>quinta</strong></span> <span class='ocrx_word' id='word_1_15' title='bbox 1764 381 1914 443; x_wconf 90' lang='lat' dir='ltr'><strong>parte</strong></span> <span class='ocrx_word' id='word_1_16' title='bbox 1946 373 2160 428; x_wconf 88' lang='lat' dir='ltr'><strong>concilii</strong></span> <span class='ocrx_word' id='word_1_17' title='bbox 2189 373 2464 443; x_wconf 83' lang='lat' dir='ltr'><strong>Ephesini,</strong></span> <span class='ocrx_word' id='word_1_18' title='bbox 2496 373 2669 443; x_wconf 92' lang='lat' dir='ltr'><strong>capite</strong></span> <span class='ocrx_word' id='word_1_19' title='bbox 2700 371 2767 424; x_wconf 69' lang='lat'><strong>1‘2</strong></span> <span class='ocrx_word' id='word_1_20' title='bbox 2794 369 3046 426; x_wconf 77' lang='lat' dir='ltr'><strong>editionis</strong></span> <span class='ocrx_word' id='word_1_21' title='bbox 3065 366 3335 432; x_wconf 70' lang='lat' dir='ltr'><strong>Pchanaz;</strong></span> <span class='ocrx_word' id='word_1_22' title='bbox 3363 367 3516 422; x_wconf 87' lang='lat' dir='ltr'><strong>deest</strong></span> <span class='ocrx_word' id='word_1_23' title='bbox 3544 367 3596 420; x_wconf 91' lang='lat' dir='ltr'><strong>in</strong></span> <span class='ocrx_word' id='word_1_24' title='bbox 3628 367 3709 420; x_wconf 84' lang='lat' dir='ltr'><strong>Bi-</strong></span> 
     </span>
    </p>
   </div>
   <div class='ocr_carea' id='block_1_3' title="bbox 453 457 3710 535">
    <p class='ocr_par' dir='ltr' id='par_1_3' title="bbox 453 457 3710 535">
     <span class='ocr_line' id='line_1_3' title="bbox 453 457 3710 535; baseline -0.004 -10"><span class='ocrx_word' id='word_1_25' title='bbox 453 472 613 525; x_wconf 89' lang='lat' dir='ltr'><strong>niana</strong></span> <span class='ocrx_word' id='word_1_26' title='bbox 641 477 695 524; x_wconf 92' lang='lat' dir='ltr'><strong>et</strong></span> <span class='ocrx_word' id='word_1_27' title='bbox 719 468 881 535; x_wconf 87' lang='lat' dir='ltr'><strong>regia,</strong></span> <span class='ocrx_word' id='word_1_28' title='bbox 921 465 1153 519; x_wconf 74' lang='lat' dir='ltr'><strong>refertur</strong></span> <span class='ocrx_word' id='word_1_29' title='bbox 1181 480 1211 518; x_wconf 89' lang='lat' dir='ltr'><strong>a</strong></span> <span class='ocrx_word' id='word_1_30' title='bbox 1242 463 1474 518; x_wconf 88' lang='lat' dir='ltr'><strong>Baronio</strong></span> <span class='ocrx_word' id='word_1_31' title='bbox 1495 463 1563 518; x_wconf 89' lang='lat' dir='ltr'><strong>ad</strong></span> <span class='ocrx_word' id='word_1_32' title='bbox 1591 479 1789 518; x_wconf 89' lang='lat' dir='ltr'><strong>aumuun</strong></span> <span class='ocrx_word' id='word_1_33' title='bbox 1829 463 1952 528; x_wconf 67' lang='lat'><strong>456,</strong></span> <span class='ocrx_word' id='word_1_34' title='bbox 1978 470 2127 517; x_wconf 91' lang='lat' dir='ltr'><strong>caret</strong></span> <span class='ocrx_word' id='word_1_35' title='bbox 2152 478 2282 518; x_wconf 90' lang='lat' dir='ltr'><strong>vero</strong></span> <span class='ocrx_word' id='word_1_36' title='bbox 2312 463 2570 532; x_wconf 87' lang='lat' dir='ltr'><strong>temporis</strong></span> <span class='ocrx_word' id='word_1_37' title='bbox 2602 470 2727 516; x_wconf 90' lang='lat' dir='ltr'><strong>nota</strong></span> <span class='ocrx_word' id='word_1_38' title='bbox 2756 480 2767 514; x_wconf 95' lang='lat'>:</span> <span class='ocrx_word' id='word_1_39' title='bbox 2793 460 2934 515; x_wconf 89' lang='lat' dir='ltr'><strong>uuude</strong></span> <span class='ocrx_word' id='word_1_40' title='bbox 2958 459 3156 514; x_wconf 88' lang='lat' dir='ltr'><strong>factum</strong></span> <span class='ocrx_word' id='word_1_41' title='bbox 3192 467 3247 513; x_wconf 86' lang='grc' dir='ltr'><strong>ιιι</strong></span> <span class='ocrx_word' id='word_1_42' title='bbox 3276 457 3559 520; x_wconf 77' lang='lat' dir='ltr'><strong>Batonius,</strong></span> <span class='ocrx_word' id='word_1_43' title='bbox 3591 473 3710 511; x_wconf 86' lang='lat' dir='ltr'><strong>cum</strong></span> 
     </span>
    </p>
   </div>
   <div class='ocr_carea' id='block_1_4' title="bbox 453 549 3709 630">
    <p class='ocr_par' dir='ltr' id='par_1_4' title="bbox 453 549 3709 630">
     <span class='ocr_line' id='line_1_4' title="bbox 453 549 3709 630; baseline -0.005 -14"><span class='ocrx_word' id='word_1_44' title='bbox 453 565 506 616; x_wconf 90' lang='lat' dir='ltr'><strong>in</strong></span> <span class='ocrx_word' id='word_1_45' title='bbox 537 560 881 630; x_wconf 74' lang='lat' dir='ltr'><strong>inscriptione</strong></span> <span class='ocrx_word' id='word_1_46' title='bbox 909 557 1051 626; x_wconf 90' lang='lat' dir='ltr'><strong>apud</strong></span> <span class='ocrx_word' id='word_1_47' title='bbox 1083 556 1362 611; x_wconf 89' lang='lat' dir='ltr'><strong>Peltanunu</strong></span> <span class='ocrx_word' id='word_1_48' title='bbox 1391 557 1624 624; x_wconf 79' lang='lat' dir='ltr'><strong>legisset,</strong></span> <span class='ocrx_word' id='word_1_49' title='bbox 1653 555 2032 627; x_wconf 79' lang='lat' dir='ltr'><strong>Antigraphum</strong></span> <span class='ocrx_word' id='word_1_50' title='bbox 2059 556 2247 609; x_wconf 82' lang='lat' dir='ltr'><strong>decreti</strong></span> <span class='ocrx_word' id='word_1_51' title='bbox 2276 556 2593 626; x_wconf 76' lang='lat' dir='ltr'><strong>imperatorii</strong></span> <span class='ocrx_word' id='word_1_52' title='bbox 2618 555 2688 608; x_wconf 77' lang='lat' dir='ltr'><strong>ad</strong></span> <span class='ocrx_word' id='word_1_53' title='bbox 2717 553 2979 608; x_wconf 78' lang='lat' dir='ltr'><strong>[siderum</strong></span> <span class='ocrx_word' id='word_1_54' title='bbox 3005 552 3237 624; x_wconf 71' lang='lat' dir='ltr'><strong>pratorii</strong></span> <span class='ocrx_word' id='word_1_55' title='bbox 3265 549 3574 620; x_wconf 39' lang='lat' dir='ltr'><strong>prefecturn’</strong></span> <span class='ocrx_word' id='word_1_56' title='bbox 3594 565 3709 602; x_wconf 74' lang='lat' dir='ltr'><strong>con-</strong></span> 
     </span>
    </p>
   </div>
   <div class='ocr_carea' id='block_1_5' title="bbox 449 641 3708 720">
    <p class='ocr_par' dir='ltr' id='par_1_5' title="bbox 449 641 3708 720">
     <span class='ocr_line' id='line_1_5' title="bbox 449 641 3708 720; baseline -0.003 -15"><span class='ocrx_word' id='word_1_57' title='bbox 449 654 724 720; x_wconf 75' lang='lat' dir='ltr'><strong>sudemque,</strong></span> <span class='ocrx_word' id='word_1_58' title='bbox 755 649 818 702; x_wconf 85' lang='lat' dir='ltr'><strong>de</strong></span> <span class='ocrx_word' id='word_1_59' title='bbox 845 647 1025 702; x_wconf 73' lang='lat' dir='ltr'><strong>exsilio</strong></span> <span class='ocrx_word' id='word_1_60' title='bbox 1058 646 1288 703; x_wconf 79' lang='lat' dir='ltr'><strong>Nestorii</strong></span> <span class='ocrx_word' id='word_1_61' title='bbox 1317 650 1548 713; x_wconf 79' lang='lat' dir='ltr'><strong>missum,</strong></span> <span class='ocrx_word' id='word_1_62' title='bbox 1589 647 1655 702; x_wconf 90' lang='lat' dir='ltr'><strong>ad</strong></span> <span class='ocrx_word' id='word_1_63' title='bbox 1683 662 1804 701; x_wconf 92' lang='lat' dir='ltr'><strong>eum</strong></span> <span class='ocrx_word' id='word_1_64' title='bbox 1844 661 2040 701; x_wconf 90' lang='lat' dir='ltr'><strong>annum</strong></span> <span class='ocrx_word' id='word_1_65' title='bbox 2070 647 2314 702; x_wconf 77' lang='lat' dir='ltr'><strong>retulerit</strong></span> <span class='ocrx_word' id='word_1_66' title='bbox 2345 662 2453 716; x_wconf 91' lang='lat' dir='ltr'><strong>quo</strong></span> <span class='ocrx_word' id='word_1_67' title='bbox 2499 648 2730 704; x_wconf 90' lang='lat' dir='ltr'><strong>lsidorus</strong></span> <span class='ocrx_word' id='word_1_68' title='bbox 2762 646 3097 702; x_wconf 84' lang='lat' dir='ltr'><strong>consulatum</strong></span> <span class='ocrx_word' id='word_1_69' title='bbox 3139 643 3324 712; x_wconf 87' lang='lat' dir='ltr'><strong>gessit.</strong></span> <span class='ocrx_word' id='word_1_70' title='bbox 3363 641 3564 696; x_wconf 83' lang='lat' dir='ltr'><strong>Verum</strong></span> <span class='ocrx_word' id='word_1_71' title='bbox 3593 657 3708 696; x_wconf 85' lang='lat' dir='ltr'><strong>cum</strong></span> 
     </span>
    </p>
   </div>
   <div class='ocr_carea' id='block_1_6' title="bbox 449 730 3708 810">
    <p class='ocr_par' dir='ltr' id='par_1_6' title="bbox 449 730 3708 810">
     <span class='ocr_line' id='line_1_6' title="bbox 449 730 3708 810; baseline -0.003 -14"><span class='ocrx_word' id='word_1_72' title='bbox 449 743 726 796; x_wconf 78' lang='lat' dir='ltr'><strong>Nestor-ius</strong></span> <span class='ocrx_word' id='word_1_73' title='bbox 747 749 976 810; x_wconf 82' lang='lat' dir='ltr'><strong>quatuor</strong></span> <span class='ocrx_word' id='word_1_74' title='bbox 997 748 1203 794; x_wconf 90' lang='lat' dir='ltr'><strong>tantum</strong></span> <span class='ocrx_word' id='word_1_75' title='bbox 1234 755 1402 793; x_wconf 88' lang='lat' dir='ltr'><strong>annos</strong></span> <span class='ocrx_word' id='word_1_76' title='bbox 1433 740 1485 793; x_wconf 88' lang='lat' dir='ltr'><strong>in</strong></span> <span class='ocrx_word' id='word_1_77' title='bbox 1516 738 1843 793; x_wconf 89' lang='lat' dir='ltr'><strong>monasterio</strong></span> <span class='ocrx_word' id='word_1_78' title='bbox 1863 737 2116 808; x_wconf 86' lang='lat' dir='ltr'><strong>Euprcpii</strong></span> <span class='ocrx_word' id='word_1_79' title='bbox 2145 747 2270 794; x_wconf 84' lang='lat' dir='ltr'><strong>ante</strong></span> <span class='ocrx_word' id='word_1_80' title='bbox 2299 739 2544 793; x_wconf 78' lang='lat' dir='ltr'><strong>exsilium</strong></span> <span class='ocrx_word' id='word_1_81' title='bbox 2569 739 2758 806; x_wconf 86' lang='lat' dir='ltr'><strong>egerit,</strong></span> <span class='ocrx_word' id='word_1_82' title='bbox 2791 751 3018 806; x_wconf 90' lang='lat' dir='ltr'><strong>cumque</strong></span> <span class='ocrx_word' id='word_1_83' title='bbox 3037 737 3198 803; x_wconf 87' lang='lat' dir='ltr'><strong>louuge</strong></span> <span class='ocrx_word' id='word_1_84' title='bbox 3227 730 3708 804; x_wconf 89' lang='lat' dir='ltr'><strong>probabilissimum</strong></span> 
     </span>
    </p>
   </div>
   <div class='ocr_carea' id='block_1_7' title="bbox 447 823 3712 900">
    <p class='ocr_par' dir='ltr' id='par_1_7' title="bbox 447 823 3712 900">
     <span class='ocr_line' id='line_1_7' title="bbox 447 823 3712 900; baseline -0.004 -14"><span class='ocrx_word' id='word_1_85' title='bbox 447 835 535 897; x_wconf 64' lang='lat' dir='ltr'><strong>sit,</strong></span> <span class='ocrx_word' id='word_1_86' title='bbox 560 849 667 886; x_wconf 91' lang='lat' dir='ltr'><strong>non</strong></span> <span class='ocrx_word' id='word_1_87' title='bbox 695 831 842 900; x_wconf 90' lang='lat' dir='ltr'><strong>prius</strong></span> <span class='ocrx_word' id='word_1_88' title='bbox 870 830 1067 885; x_wconf 82' lang='lat' dir='ltr'><strong>editam</strong></span> <span class='ocrx_word' id='word_1_89' title='bbox 1091 831 1421 885; x_wconf 85' lang='lat' dir='ltr'><strong>sanctionem</strong></span> <span class='ocrx_word' id='word_1_90' title='bbox 1443 829 1510 882; x_wconf 90' lang='lat' dir='ltr'><strong>de</strong></span> <span class='ocrx_word' id='word_1_91' title='bbox 1532 827 1909 883; x_wconf 86' lang='lat' dir='ltr'><strong>conuburendis</strong></span> <span class='ocrx_word' id='word_1_92' title='bbox 1937 827 2166 882; x_wconf 84' lang='lat' dir='ltr'><strong>Nestorii</strong></span> <span class='ocrx_word' id='word_1_93' title='bbox 2196 829 2366 893; x_wconf 86' lang='lat' dir='ltr'><strong>libris,</strong></span> <span class='ocrx_word' id='word_1_94' title='bbox 2397 843 2560 897; x_wconf 91' lang='lat' dir='ltr'><strong>quam</strong></span> <span class='ocrx_word' id='word_1_95' title='bbox 2586 828 2654 883; x_wconf 87' lang='lat' dir='ltr'><strong>de</strong></span> <span class='ocrx_word' id='word_1_96' title='bbox 2682 827 2930 882; x_wconf 86' lang='lat' dir='ltr'><strong>Nestorio</strong></span> <span class='ocrx_word' id='word_1_97' title='bbox 2950 825 3306 896; x_wconf 79' lang='lat' dir='ltr'><strong>deportanda,</strong></span> <span class='ocrx_word' id='word_1_98' title='bbox 3340 823 3577 878; x_wconf 87' lang='lat' dir='ltr'><strong>edictum</strong></span> <span class='ocrx_word' id='word_1_99' title='bbox 3603 836 3712 890; x_wconf 88' lang='lat' dir='ltr'><strong>quo</strong></span> 
     </span>
    </p>
   </div>
   <div class='ocr_carea' id='block_1_8' title="bbox 451 916 3710 992">
    <p class='ocr_par' dir='ltr' id='par_1_8' title="bbox 451 916 3710 992">
     <span class='ocr_line' id='line_1_8' title="bbox 451 916 3710 992; baseline -0.002 -14"><span class='ocrx_word' id='word_1_100' title='bbox 451 924 522 978; x_wconf 89' lang='lat' dir='ltr'><strong>de</strong></span> <span class='ocrx_word' id='word_1_101' title='bbox 553 924 730 990; x_wconf 90' lang='lat' dir='ltr'><strong>agitur</strong></span> <span class='ocrx_word' id='word_1_102' title='bbox 757 923 1026 992; x_wconf 87' lang='lat' dir='ltr'><strong>pertinere</strong></span> <span class='ocrx_word' id='word_1_103' title='bbox 1054 929 1269 992; x_wconf 85' lang='lat' dir='ltr'><strong>oportet</strong></span> <span class='ocrx_word' id='word_1_104' title='bbox 1293 921 1359 975; x_wconf 90' lang='lat' dir='ltr'><strong>ad</strong></span> <span class='ocrx_word' id='word_1_105' title='bbox 1391 920 1600 974; x_wconf 87' lang='lat' dir='ltr'><strong>initium</strong></span> <span class='ocrx_word' id='word_1_106' title='bbox 1629 919 1755 972; x_wconf 88' lang='lat' dir='ltr'><strong>anni</strong></span> <span class='ocrx_word' id='word_1_107' title='bbox 1785 916 1907 986; x_wconf 66' lang='lat'><strong>£55,</strong></span> <span class='ocrx_word' id='word_1_108' title='bbox 1939 918 2201 986; x_wconf 86' lang='lat' dir='ltr'><strong>siquidem</strong></span> <span class='ocrx_word' id='word_1_109' title='bbox 2224 920 2449 974; x_wconf 89' lang='lat' dir='ltr'><strong>alterum</strong></span> <span class='ocrx_word' id='word_1_110' title='bbox 2489 919 2555 974; x_wconf 90' lang='lat' dir='ltr'><strong>de</strong></span> <span class='ocrx_word' id='word_1_111' title='bbox 2582 918 2958 974; x_wconf 88' lang='lat' dir='ltr'><strong>counburcndis</strong></span> <span class='ocrx_word' id='word_1_112' title='bbox 2989 918 3138 972; x_wconf 85' lang='lat' dir='ltr'><strong>libris</strong></span> <span class='ocrx_word' id='word_1_113' title='bbox 3162 918 3508 984; x_wconf 75' lang='lat' dir='ltr'><strong>consignatur</strong></span> <span class='ocrx_word' id='word_1_114' title='bbox 3535 917 3590 972; x_wconf 94' lang='lat' dir='ltr'><strong>in</strong></span> <span class='ocrx_word' id='word_1_115' title='bbox 3623 933 3710 972; x_wconf 83' lang='lat' dir='ltr'><strong>co-</strong></span> 
     </span>
    </p>
   </div>
   <div class='ocr_carea' id='block_1_9' title="bbox 444 1008 3712 1092">
    <p class='ocr_par' dir='ltr' id='par_1_9' title="bbox 444 1008 3712 1092">
     <span class='ocr_line' id='line_1_9' title="bbox 444 1008 3712 1092; baseline -0.002 -24"><span class='ocrx_word' id='word_1_116' title='bbox 444 1015 564 1068; x_wconf 83' lang='lat' dir='ltr'><strong>dice</strong></span> <span class='ocrx_word' id='word_1_117' title='bbox 613 1013 993 1068; x_wconf 86' lang='lat' dir='ltr'><strong>Theodosiano</strong></span> <span class='ocrx_word' id='word_1_118' title='bbox 1035 1028 1092 1066; x_wconf 90' lang='grc' dir='ltr'><strong>ιιι</strong></span> <span class='ocrx_word' id='word_1_119' title='bbox 1142 1028 1312 1068; x_wconf 89' lang='lat' dir='ltr'><strong>nonas</strong></span> <span class='ocrx_word' id='word_1_120' title='bbox 1353 1011 1608 1079; x_wconf 81' lang='lat' dir='ltr'><strong>Augusti;</strong></span> <span class='ocrx_word' id='word_1_121' title='bbox 1653 1011 1704 1064; x_wconf 88' lang='lat' dir='ltr'><strong>in</strong></span> <span class='ocrx_word' id='word_1_122' title='bbox 1747 1009 2094 1065; x_wconf 66' lang='lat' dir='ltr'><strong>Justinianaao</strong></span> <span class='ocrx_word' id='word_1_123' title='bbox 2129 1026 2182 1064; x_wconf 92' lang='grc' dir='ltr'><strong>ιιι</strong></span> <span class='ocrx_word' id='word_1_124' title='bbox 2223 1011 2326 1092; x_wconf 76' lang='lat' dir='ltr'><strong>kal.</strong></span> <span class='ocrx_word' id='word_1_125' title='bbox 2377 1010 2633 1080; x_wconf 81' lang='lat' dir='ltr'><strong>Augusti,</strong></span> <span class='ocrx_word' id='word_1_126' title='bbox 2683 1008 2986 1065; x_wconf 86' lang='lat' dir='ltr'><strong>Theodosio</strong></span> <span class='ocrx_word' id='word_1_127' title='bbox 3028 1025 3096 1063; x_wconf 83' lang='lat' dir='ltr'><strong>xv</strong></span> <span class='ocrx_word' id='word_1_128' title='bbox 3142 1017 3199 1063; x_wconf 92' lang='lat' dir='ltr'><strong>et</strong></span> <span class='ocrx_word' id='word_1_129' title='bbox 3237 1008 3616 1064; x_wconf 84' lang='lat' dir='ltr'><strong>Valentiniano</strong></span> <span class='ocrx_word' id='word_1_130' title='bbox 3663 1025 3712 1064; x_wconf 77' lang='grc' dir='ltr'>ιν</span> 
     </span>
    </p>
   </div>
   <div class='ocr_carea' id='block_1_10' title="bbox 448 1101 706 1158">
    <p class='ocr_par' dir='ltr' id='par_1_10' title="bbox 448 1101 706 1158">
     <span class='ocr_line' id='line_1_10' title="bbox 448 1101 706 1158; baseline -0.004 -2"><span class='ocrx_word' id='word_1_131' title='bbox 448 1105 559 1158; x_wconf 82' lang='grc' dir='ltr'><strong>ΛΑ.</strong></span> <span class='ocrx_word' id='word_1_132' title='bbox 603 1101 706 1156; x_wconf 86' lang='lat' dir='ltr'><strong>CC.</strong></span> 
     </span>
    </p>
   </div>
   <div class='ocr_carea' id='block_1_11' title="bbox 516 1191 3709 1265">
    <p class='ocr_par' dir='ltr' id='par_1_11' title="bbox 516 1191 3709 1265">
     <span class='ocr_line' id='line_1_11' title="bbox 516 1191 3709 1265; baseline 0 -17"><span class='ocrx_word' id='word_1_133' title='bbox 516 1197 807 1265; x_wconf 89' lang='lat' dir='ltr'><strong>Deportato</strong></span> <span class='ocrx_word' id='word_1_134' title='bbox 836 1195 888 1248; x_wconf 89' lang='lat' dir='ltr'><strong>in</strong></span> <span class='ocrx_word' id='word_1_135' title='bbox 917 1191 1097 1249; x_wconf 90' lang='lat' dir='ltr'><strong>Oasim</strong></span> <span class='ocrx_word' id='word_1_136' title='bbox 1135 1193 1400 1258; x_wconf 89' lang='lat' dir='ltr'><strong>Nestorio,</strong></span> <span class='ocrx_word' id='word_1_137' title='bbox 1424 1192 1644 1261; x_wconf 84' lang='lat' dir='ltr'><strong>ejusque</strong></span> <span class='ocrx_word' id='word_1_138' title='bbox 1673 1192 1822 1248; x_wconf 90' lang='lat' dir='ltr'><strong>libris</strong></span> <span class='ocrx_word' id='word_1_139' title='bbox 1849 1192 1970 1260; x_wconf 89' lang='lat' dir='ltr'><strong>igne</strong></span> <span class='ocrx_word' id='word_1_140' title='bbox 1991 1191 2277 1255; x_wconf 81' lang='lat' dir='ltr'><strong>damnatis,</strong></span> <span class='ocrx_word' id='word_1_141' title='bbox 2312 1200 2652 1247; x_wconf 88' lang='lat' dir='ltr'><strong>tentaverunt</strong></span> <span class='ocrx_word' id='word_1_142' title='bbox 2684 1191 3048 1257; x_wconf 83' lang='lat' dir='ltr'><strong>nihilominus,</strong></span> <span class='ocrx_word' id='word_1_143' title='bbox 3072 1193 3163 1262; x_wconf 90' lang='lat' dir='ltr'><strong>qui</strong></span> <span class='ocrx_word' id='word_1_144' title='bbox 3189 1193 3440 1248; x_wconf 73' lang='lat' dir='ltr'><strong>hueretieo</strong></span> <span class='ocrx_word' id='word_1_145' title='bbox 3470 1194 3709 1249; x_wconf 62' lang='lat' dir='ltr'><strong>adhaere-</strong></span> 
     </span>
    </p>
   </div>
   <div class='ocr_carea' id='block_1_12' title="bbox 445 1282 3707 1353">
    <p class='ocr_par' dir='ltr' id='par_1_12' title="bbox 445 1282 3707 1353">
     <span class='ocr_line' id='line_1_12' title="bbox 445 1282 3707 1353; baseline 0.001 -14"><span class='ocrx_word' id='word_1_146' title='bbox 445 1286 594 1348; x_wconf 85' lang='lat' dir='ltr'><strong>bant,</strong></span> <span class='ocrx_word' id='word_1_147' title='bbox 627 1285 859 1346; x_wconf 86' lang='lat' dir='ltr'><strong>effucere,</strong></span> <span class='ocrx_word' id='word_1_148' title='bbox 893 1284 938 1338; x_wconf 87' lang='lat' dir='ltr'><strong>si</strong></span> <span class='ocrx_word' id='word_1_149' title='bbox 966 1298 1070 1352; x_wconf 89' lang='lat' dir='ltr'><strong>qua</strong></span> <span class='ocrx_word' id='word_1_150' title='bbox 1098 1284 1306 1337; x_wconf 85' lang='lat' dir='ltr'><strong>ratione</strong></span> <span class='ocrx_word' id='word_1_151' title='bbox 1343 1291 1580 1351; x_wconf 85' lang='lat' dir='ltr'><strong>possent,</strong></span> <span class='ocrx_word' id='word_1_152' title='bbox 1615 1292 1674 1336; x_wconf 92' lang='lat' dir='ltr'><strong>ut</strong></span> <span class='ocrx_word' id='word_1_153' title='bbox 1700 1282 1947 1351; x_wconf 88' lang='lat' dir='ltr'><strong>injuriaun</strong></span> <span class='ocrx_word' id='word_1_154' title='bbox 1982 1297 2172 1352; x_wconf 90' lang='lat' dir='ltr'><strong>passus</strong></span> <span class='ocrx_word' id='word_1_155' title='bbox 2209 1282 2485 1337; x_wconf 77' lang='lat' dir='ltr'><strong>Nestor-ius</strong></span> <span class='ocrx_word' id='word_1_156' title='bbox 2520 1283 2845 1348; x_wconf 85' lang='lat' dir='ltr'><strong>crederetur,</strong></span> <span class='ocrx_word' id='word_1_157' title='bbox 2879 1292 2934 1338; x_wconf 91' lang='lat' dir='ltr'><strong>et</strong></span> <span class='ocrx_word' id='word_1_158' title='bbox 2964 1284 3222 1339; x_wconf 89' lang='lat' dir='ltr'><strong>librorum</strong></span> <span class='ocrx_word' id='word_1_159' title='bbox 3242 1284 3452 1353; x_wconf 89' lang='lat' dir='ltr'><strong>jactura</strong></span> <span class='ocrx_word' id='word_1_160' title='bbox 3483 1287 3707 1344; x_wconf 85' lang='lat' dir='ltr'><strong>sarcire-</strong></span> 
     </span>
    </p>
   </div>
   <div class='ocr_carea' id='block_1_13' title="bbox 445 1373 3709 1444">
    <p class='ocr_par' dir='ltr' id='par_1_13' title="bbox 445 1373 3709 1444">
     <span class='ocr_line' id='line_1_13' title="bbox 445 1373 3709 1444; baseline 0.002 -18"><span class='ocrx_word' id='word_1_161' title='bbox 445 1383 532 1429; x_wconf 90' lang='lat' dir='ltr'><strong>tur</strong></span> <span class='ocrx_word' id='word_1_162' title='bbox 565 1395 576 1428; x_wconf 89' lang='lat'><strong>:</strong></span> <span class='ocrx_word' id='word_1_163' title='bbox 607 1391 730 1431; x_wconf 87' lang='lat' dir='ltr'><strong>cum</strong></span> <span class='ocrx_word' id='word_1_164' title='bbox 760 1376 902 1428; x_wconf 90' lang='lat' dir='ltr'><strong>cniun</strong></span> <span class='ocrx_word' id='word_1_165' title='bbox 937 1390 1003 1429; x_wconf 90' lang='lat' dir='ltr'><strong>eo</strong></span> <span class='ocrx_word' id='word_1_166' title='bbox 1037 1375 1122 1429; x_wconf 91' lang='lat' dir='ltr'><strong>vel</strong></span> <span class='ocrx_word' id='word_1_167' title='bbox 1153 1374 1326 1439; x_wconf 89' lang='lat' dir='ltr'><strong>unico,</strong></span> <span class='ocrx_word' id='word_1_168' title='bbox 1357 1373 1442 1429; x_wconf 86' lang='lat' dir='ltr'><strong>vel</strong></span> <span class='ocrx_word' id='word_1_169' title='bbox 1470 1375 1742 1444; x_wconf 74' lang='lat' dir='ltr'><strong>przecipuo</strong></span> <span class='ocrx_word' id='word_1_170' title='bbox 1777 1374 1953 1444; x_wconf 90' lang='lat' dir='ltr'><strong>capite</strong></span> <span class='ocrx_word' id='word_1_171' title='bbox 1981 1374 2264 1428; x_wconf 90' lang='lat' dir='ltr'><strong>damnatus</strong></span> <span class='ocrx_word' id='word_1_172' title='bbox 2300 1382 2460 1437; x_wconf 87' lang='lat' dir='ltr'><strong>esset,</strong></span> <span class='ocrx_word' id='word_1_173' title='bbox 2487 1373 2632 1443; x_wconf 90' lang='lat' dir='ltr'><strong>quod</strong></span> <span class='ocrx_word' id='word_1_174' title='bbox 2659 1389 2796 1429; x_wconf 92' lang='lat' dir='ltr'><strong>nova</strong></span> <span class='ocrx_word' id='word_1_175' title='bbox 2825 1375 2892 1429; x_wconf 89' lang='lat' dir='ltr'><strong>de</strong></span> <span class='ocrx_word' id='word_1_176' title='bbox 2922 1375 3292 1430; x_wconf 85' lang='lat' dir='ltr'><strong>incarnatione</strong></span> <span class='ocrx_word' id='word_1_177' title='bbox 3321 1376 3502 1440; x_wconf 86' lang='lat' dir='ltr'><strong>Verbi,</strong></span> <span class='ocrx_word' id='word_1_178' title='bbox 3537 1376 3709 1432; x_wconf 87' lang='lat' dir='ltr'><strong>Patri-</strong></span> 
     </span>
    </p>
   </div>
   <div class='ocr_carea' id='block_1_14' title="bbox 446 1463 3710 1536">
    <p class='ocr_par' dir='ltr' id='par_1_14' title="bbox 446 1463 3710 1536">
     <span class='ocr_line' id='line_1_14' title="bbox 446 1463 3710 1536; baseline 0.001 -17"><span class='ocrx_word' id='word_1_179' title='bbox 446 1467 654 1536; x_wconf 87' lang='lat' dir='ltr'><strong>buusque</strong></span> <span class='ocrx_word' id='word_1_180' title='bbox 692 1467 961 1522; x_wconf 85' lang='lat' dir='ltr'><strong>contraria</strong></span> <span class='ocrx_word' id='word_1_181' title='bbox 999 1466 1239 1530; x_wconf 87' lang='lat' dir='ltr'><strong>doceret,</strong></span> <span class='ocrx_word' id='word_1_182' title='bbox 1273 1465 1490 1520; x_wconf 86' lang='lat' dir='ltr'><strong>Diodori</strong></span> <span class='ocrx_word' id='word_1_183' title='bbox 1521 1465 1800 1520; x_wconf 89' lang='lat' dir='ltr'><strong>Tarsensis</strong></span> <span class='ocrx_word' id='word_1_184' title='bbox 1833 1474 1888 1520; x_wconf 90' lang='lat' dir='ltr'><strong>et</strong></span> <span class='ocrx_word' id='word_1_185' title='bbox 1923 1464 2193 1519; x_wconf 86' lang='lat' dir='ltr'><strong>Theodori</strong></span> <span class='ocrx_word' id='word_1_186' title='bbox 2222 1463 2601 1533; x_wconf 84' lang='lat' dir='ltr'><strong>Mopsuesteni,</strong></span> <span class='ocrx_word' id='word_1_187' title='bbox 2628 1465 2864 1518; x_wconf 89' lang='lat' dir='ltr'><strong>virorum</strong></span> <span class='ocrx_word' id='word_1_188' title='bbox 2897 1464 3034 1518; x_wconf 89' lang='lat' dir='ltr'><strong>fama</strong></span> <span class='ocrx_word' id='word_1_189' title='bbox 3075 1465 3388 1526; x_wconf 89' lang='lat' dir='ltr'><strong>celebrium,</strong></span> <span class='ocrx_word' id='word_1_190' title='bbox 3414 1475 3468 1519; x_wconf 90' lang='lat' dir='ltr'><strong>et</strong></span> <span class='ocrx_word' id='word_1_191' title='bbox 3497 1466 3552 1520; x_wconf 91' lang='lat' dir='ltr'><strong>in</strong></span> <span class='ocrx_word' id='word_1_192' title='bbox 3585 1482 3710 1536; x_wconf 84' lang='lat' dir='ltr'><strong>pace</strong></span> 
     </span>
    </p>
   </div>
   <div class='ocr_carea' id='block_1_15' title="bbox 443 1554 3710 1628">
    <p class='ocr_par' dir='ltr' id='par_1_15' title="bbox 443 1554 3710 1628">
     <span class='ocr_line' id='line_1_15' title="bbox 443 1554 3710 1628; baseline 0.001 -17"><span class='ocrx_word' id='word_1_193' title='bbox 443 1558 837 1623; x_wconf 83' lang='lat' dir='ltr'><strong>defunctorum,</strong></span> <span class='ocrx_word' id='word_1_194' title='bbox 867 1558 1032 1611; x_wconf 91' lang='lat' dir='ltr'><strong>libros</strong></span> <span class='ocrx_word' id='word_1_195' title='bbox 1064 1565 1393 1626; x_wconf 89' lang='lat' dir='ltr'><strong>sparseruunt,</strong></span> <span class='ocrx_word' id='word_1_196' title='bbox 1420 1564 1512 1610; x_wconf 91' lang='lat' dir='ltr'><strong>aut</strong></span> <span class='ocrx_word' id='word_1_197' title='bbox 1545 1564 1691 1610; x_wconf 86' lang='lat' dir='ltr'><strong>certe</strong></span> <span class='ocrx_word' id='word_1_198' title='bbox 1723 1557 2050 1611; x_wconf 87' lang='lat' dir='ltr'><strong>collectanea</strong></span> <span class='ocrx_word' id='word_1_199' title='bbox 2089 1555 2311 1622; x_wconf 86' lang='lat' dir='ltr'><strong>singulis</strong></span> <span class='ocrx_word' id='word_1_200' title='bbox 2345 1554 2528 1625; x_wconf 87' lang='lat' dir='ltr'><strong>Cyrilli</strong></span> <span class='ocrx_word' id='word_1_201' title='bbox 2558 1556 2808 1625; x_wconf 89' lang='lat' dir='ltr'><strong>capitulis</strong></span> <span class='ocrx_word' id='word_1_202' title='bbox 2836 1557 3238 1626; x_wconf 85' lang='lat' dir='ltr'><strong>respondentia,</strong></span> <span class='ocrx_word' id='word_1_203' title='bbox 3276 1557 3710 1628; x_wconf 85' lang='lat' dir='ltr'><strong>Ncstorianisque</strong></span> 
     </span>
    </p>
   </div>
   <div class='ocr_carea' id='block_1_16' title="bbox 442 1647 3712 1720">
    <p class='ocr_par' dir='ltr' id='par_1_16' title="bbox 442 1647 3712 1720">
     <span class='ocr_line' id='line_1_16' title="bbox 442 1647 3712 1720; baseline 0 -13"><span class='ocrx_word' id='word_1_204' title='bbox 442 1668 702 1718; x_wconf 76' lang='lat' dir='ltr'><strong>consona,</strong></span> <span class='ocrx_word' id='word_1_205' title='bbox 735 1666 922 1720; x_wconf 90' lang='lat' dir='ltr'><strong>eaque,</strong></span> <span class='ocrx_word' id='word_1_206' title='bbox 945 1659 1005 1705; x_wconf 91' lang='lat' dir='ltr'><strong>ut</strong></span> <span class='ocrx_word' id='word_1_207' title='bbox 1025 1651 1092 1705; x_wconf 90' lang='lat' dir='ltr'><strong>ab</strong></span> <span class='ocrx_word' id='word_1_208' title='bbox 1125 1650 1368 1704; x_wconf 80' lang='lat' dir='ltr'><strong>omnibus</strong></span> <span class='ocrx_word' id='word_1_209' title='bbox 1399 1649 1502 1718; x_wconf 84' lang='lat' dir='ltr'><strong>legi</strong></span> <span class='ocrx_word' id='word_1_210' title='bbox 1534 1656 1770 1719; x_wconf 87' lang='lat' dir='ltr'><strong>possent,</strong></span> <span class='ocrx_word' id='word_1_211' title='bbox 1796 1648 1847 1702; x_wconf 91' lang='lat' dir='ltr'><strong>in</strong></span> <span class='ocrx_word' id='word_1_212' title='bbox 1876 1648 2045 1717; x_wconf 84' lang='lat' dir='ltr'><strong>ipsam</strong></span> <span class='ocrx_word' id='word_1_213' title='bbox 2066 1662 2280 1716; x_wconf 91' lang='lat' dir='ltr'><strong>quoque</strong></span> <span class='ocrx_word' id='word_1_214' title='bbox 2308 1647 2564 1718; x_wconf 83' lang='lat' dir='ltr'><strong>Syrorum</strong></span> <span class='ocrx_word' id='word_1_215' title='bbox 2603 1649 3061 1718; x_wconf 80' lang='lat' dir='ltr'><strong>Armenornmque</strong></span> <span class='ocrx_word' id='word_1_216' title='bbox 3085 1659 3139 1704; x_wconf 87' lang='lat' dir='ltr'><strong>et</strong></span> <span class='ocrx_word' id='word_1_217' title='bbox 3167 1648 3448 1706; x_wconf 89' lang='lat' dir='ltr'><strong>Persarum</strong></span> <span class='ocrx_word' id='word_1_218' title='bbox 3480 1653 3712 1720; x_wconf 85' lang='lat' dir='ltr'><strong>linguam</strong></span> 
     </span>
    </p>
   </div>
   <div class='ocr_carea' id='block_1_17' title="bbox 442 1737 3712 1808">
    <p class='ocr_par' dir='ltr' id='par_1_17' title="bbox 442 1737 3712 1808">
     <span class='ocr_line' id='line_1_17' title="bbox 442 1737 3712 1808; baseline 0 -12"><span class='ocrx_word' id='word_1_219' title='bbox 442 1750 736 1797; x_wconf 80' lang='lat' dir='ltr'><strong>verterunt.</strong></span> <span class='ocrx_word' id='word_1_220' title='bbox 781 1741 893 1797; x_wconf 88' lang='lat' dir='ltr'><strong>Hac</strong></span> <span class='ocrx_word' id='word_1_221' title='bbox 925 1747 1106 1796; x_wconf 75' lang='lat' dir='ltr'><strong>autern</strong></span> <span class='ocrx_word' id='word_1_222' title='bbox 1135 1748 1251 1795; x_wconf 90' lang='lat' dir='ltr'><strong>arte</strong></span> <span class='ocrx_word' id='word_1_223' title='bbox 1273 1740 1352 1794; x_wconf 91' lang='lat' dir='ltr'><strong>usi</strong></span> <span class='ocrx_word' id='word_1_224' title='bbox 1387 1746 1532 1804; x_wconf 90' lang='lat' dir='ltr'><strong>sunt,</strong></span> <span class='ocrx_word' id='word_1_225' title='bbox 1562 1747 1620 1793; x_wconf 90' lang='lat' dir='ltr'><strong>ut</strong></span> <span class='ocrx_word' id='word_1_226' title='bbox 1648 1738 1836 1808; x_wconf 90' lang='lat' dir='ltr'><strong>procul</strong></span> <span class='ocrx_word' id='word_1_227' title='bbox 1870 1753 1900 1792; x_wconf 89' lang='lat' dir='ltr'><strong>a</strong></span> <span class='ocrx_word' id='word_1_228' title='bbox 1930 1738 2119 1808; x_wconf 85' lang='lat' dir='ltr'><strong>primis</strong></span> <span class='ocrx_word' id='word_1_229' title='bbox 2148 1737 2365 1792; x_wconf 87' lang='lat' dir='ltr'><strong>sedibus</strong></span> <span class='ocrx_word' id='word_1_230' title='bbox 2393 1739 2666 1806; x_wconf 79' lang='lat' dir='ltr'><strong>negotium</strong></span> <span class='ocrx_word' id='word_1_231' title='bbox 2693 1747 2941 1805; x_wconf 83' lang='lat' dir='ltr'><strong>ageretur</strong></span> <span class='ocrx_word' id='word_1_232' title='bbox 2982 1739 3234 1808; x_wconf 90' lang='lat' dir='ltr'><strong>primum,</strong></span> <span class='ocrx_word' id='word_1_233' title='bbox 3261 1756 3329 1795; x_wconf 90' lang='lat' dir='ltr'><strong>ne</strong></span> <span class='ocrx_word' id='word_1_234' title='bbox 3364 1741 3520 1796; x_wconf 80' lang='lat' dir='ltr'><strong>facile</strong></span> <span class='ocrx_word' id='word_1_235' title='bbox 3549 1742 3712 1798; x_wconf 88' lang='lat' dir='ltr'><strong>inter-</strong></span> 
     </span>
    </p>
   </div>
   <div class='ocr_carea' id='block_1_18' title="bbox 444 1829 3710 1904">
    <p class='ocr_par' dir='ltr' id='par_1_18' title="bbox 444 1829 3710 1904">
     <span class='ocr_line' id='line_1_18' title="bbox 444 1829 3710 1904; baseline 0.001 -18"><span class='ocrx_word' id='word_1_236' title='bbox 444 1835 582 1890; x_wconf 84' lang='lat' dir='ltr'><strong>verti</strong></span> <span class='ocrx_word' id='word_1_237' title='bbox 614 1843 824 1904; x_wconf 89' lang='lat' dir='ltr'><strong>posset;</strong></span> <span class='ocrx_word' id='word_1_238' title='bbox 857 1843 968 1889; x_wconf 89' lang='lat' dir='ltr'><strong>tum</strong></span> <span class='ocrx_word' id='word_1_239' title='bbox 1001 1833 1258 1903; x_wconf 88' lang='lat' dir='ltr'><strong>paulatim</strong></span> <span class='ocrx_word' id='word_1_240' title='bbox 1285 1832 1428 1897; x_wconf 90' lang='lat' dir='ltr'><strong>inde,</strong></span> <span class='ocrx_word' id='word_1_241' title='bbox 1461 1847 1583 1886; x_wconf 90' lang='lat' dir='ltr'><strong>cum</strong></span> <span class='ocrx_word' id='word_1_242' title='bbox 1612 1831 1862 1899; x_wconf 84' lang='lat' dir='ltr'><strong>dogmata</strong></span> <span class='ocrx_word' id='word_1_243' title='bbox 1889 1829 2061 1885; x_wconf 85' lang='lat' dir='ltr'><strong>videri</strong></span> <span class='ocrx_word' id='word_1_244' title='bbox 2090 1839 2314 1902; x_wconf 86' lang='lat' dir='ltr'><strong>possent</strong></span> <span class='ocrx_word' id='word_1_245' title='bbox 2343 1830 2680 1885; x_wconf 90' lang='lat' dir='ltr'><strong>multitudine</strong></span> <span class='ocrx_word' id='word_1_246' title='bbox 2714 1829 2934 1896; x_wconf 85' lang='lat' dir='ltr'><strong>ﬁrmari,</strong></span> <span class='ocrx_word' id='word_1_247' title='bbox 2967 1831 3032 1884; x_wconf 90' lang='lat' dir='ltr'><strong>ad</strong></span> <span class='ocrx_word' id='word_1_248' title='bbox 3062 1831 3295 1900; x_wconf 85' lang='lat' dir='ltr'><strong>majores</strong></span> <span class='ocrx_word' id='word_1_249' title='bbox 3327 1832 3599 1888; x_wconf 85' lang='lat' dir='ltr'><strong>Ecclesias</strong></span> <span class='ocrx_word' id='word_1_250' title='bbox 3626 1850 3710 1889; x_wconf 91' lang='lat' dir='ltr'><strong>su-</strong></span> 
     </span>
    </p>
   </div>
   <div class='ocr_carea' id='block_1_19' title="bbox 440 1921 3710 1996">
    <p class='ocr_par' dir='ltr' id='par_1_19' title="bbox 440 1921 3710 1996">
     <span class='ocr_line' id='line_1_19' title="bbox 440 1921 3710 1996; baseline 0 -15"><span class='ocrx_word' id='word_1_251' title='bbox 440 1928 772 1996; x_wconf 87' lang='lat' dir='ltr'><strong>breperetur.</strong></span> <span class='ocrx_word' id='word_1_252' title='bbox 809 1924 974 1979; x_wconf 90' lang='lat' dir='ltr'><strong>Erant</strong></span> <span class='ocrx_word' id='word_1_253' title='bbox 1003 1940 1128 1979; x_wconf 87' lang='lat' dir='ltr'><strong>vero</strong></span> <span class='ocrx_word' id='word_1_254' title='bbox 1166 1923 1324 1994; x_wconf 88' lang='lat' dir='ltr'><strong>hujus</strong></span> <span class='ocrx_word' id='word_1_255' title='bbox 1349 1923 1561 1978; x_wconf 90' lang='lat' dir='ltr'><strong>consilii</strong></span> <span class='ocrx_word' id='word_1_256' title='bbox 1595 1932 1841 1976; x_wconf 89' lang='lat' dir='ltr'><strong>auctores</strong></span> <span class='ocrx_word' id='word_1_257' title='bbox 1870 1921 1976 1974; x_wconf 89' lang='lat' dir='ltr'><strong>duo</strong></span> <span class='ocrx_word' id='word_1_258' title='bbox 2006 1923 2276 1992; x_wconf 62' lang='lat' dir='ltr'><strong>praecipui,</strong></span> <span class='ocrx_word' id='word_1_259' title='bbox 2303 1921 2672 1977; x_wconf 83' lang='lat' dir='ltr'><strong>Theodoretus</strong></span> <span class='ocrx_word' id='word_1_260' title='bbox 2702 1931 2756 1976; x_wconf 93' lang='lat' dir='ltr'><strong>et</strong></span> <span class='ocrx_word' id='word_1_261' title='bbox 2784 1922 2922 1988; x_wconf 76' lang='lat' dir='ltr'><strong>lbas,</strong></span> <span class='ocrx_word' id='word_1_262' title='bbox 2966 1923 3226 1978; x_wconf 86' lang='lat' dir='ltr'><strong>secietate</strong></span> <span class='ocrx_word' id='word_1_263' title='bbox 3253 1926 3550 1980; x_wconf 88' lang='lat' dir='ltr'><strong>studiorunu</strong></span> <span class='ocrx_word' id='word_1_264' title='bbox 3582 1942 3710 1982; x_wconf 86' lang='lat' dir='ltr'><strong>con-</strong></span> 
     </span>
    </p>
   </div>
   <div class='ocr_carea' id='block_1_20' title="bbox 438 2011 3710 2087">
    <p class='ocr_par' dir='ltr' id='par_1_20' title="bbox 438 2011 3710 2087">
     <span class='ocr_line' id='line_1_20' title="bbox 438 2011 3710 2087; baseline 0.002 -19"><span class='ocrx_word' id='word_1_265' title='bbox 438 2014 792 2084; x_wconf 88' lang='lat' dir='ltr'><strong>junctissiuni,</strong></span> <span class='ocrx_word' id='word_1_266' title='bbox 837 2021 893 2069; x_wconf 91' lang='lat' dir='ltr'><strong>et</strong></span> <span class='ocrx_word' id='word_1_267' title='bbox 938 2013 1180 2068; x_wconf 91' lang='lat' dir='ltr'><strong>doctrina</strong></span> <span class='ocrx_word' id='word_1_268' title='bbox 1223 2013 1458 2078; x_wconf 86' lang='lat' dir='ltr'><strong>nobiles;</strong></span> <span class='ocrx_word' id='word_1_269' title='bbox 1507 2012 1596 2066; x_wconf 89' lang='lat' dir='ltr'><strong>ille</strong></span> <span class='ocrx_word' id='word_1_270' title='bbox 1633 2011 1935 2080; x_wconf 86' lang='lat' dir='ltr'><strong>episcopus,</strong></span> <span class='ocrx_word' id='word_1_271' title='bbox 1995 2012 2097 2066; x_wconf 90' lang='lat' dir='ltr'><strong>iste</strong></span> <span class='ocrx_word' id='word_1_272' title='bbox 2135 2011 2308 2067; x_wconf 89' lang='lat' dir='ltr'><strong>adhuc</strong></span> <span class='ocrx_word' id='word_1_273' title='bbox 2346 2013 2662 2082; x_wconf 77' lang='lat' dir='ltr'><strong>presbyter;</strong></span> <span class='ocrx_word' id='word_1_274' title='bbox 2705 2020 2932 2083; x_wconf 86' lang='lat' dir='ltr'><strong>uterque</strong></span> <span class='ocrx_word' id='word_1_275' title='bbox 2970 2015 3172 2083; x_wconf 88' lang='lat' dir='ltr'><strong>pariter</strong></span> <span class='ocrx_word' id='word_1_276' title='bbox 3211 2015 3410 2087; x_wconf 84' lang='lat' dir='ltr'><strong>Cyrillo</strong></span> <span class='ocrx_word' id='word_1_277' title='bbox 3452 2017 3710 2075; x_wconf 84' lang='lat' dir='ltr'><strong>infensus.</strong></span> 
     </span>
    </p>
   </div>
   <div class='ocr_carea' id='block_1_21' title="bbox 441 2101 3710 2176">
    <p class='ocr_par' dir='ltr' id='par_1_21' title="bbox 441 2101 3710 2176">
     <span class='ocr_line' id='line_1_21' title="bbox 441 2101 3710 2176; baseline 0.003 -18"><span class='ocrx_word' id='word_1_278' title='bbox 441 2105 810 2160; x_wconf 87' lang='lat' dir='ltr'><strong>Tlueodoretus</strong></span> <span class='ocrx_word' id='word_1_279' title='bbox 848 2104 1132 2173; x_wconf 88' lang='lat' dir='ltr'><strong>episcopus</strong></span> <span class='ocrx_word' id='word_1_280' title='bbox 1165 2103 1452 2158; x_wconf 65' lang='lat' dir='ltr'><strong>Phoenicia:</strong></span> <span class='ocrx_word' id='word_1_281' title='bbox 1486 2102 1857 2172; x_wconf 86' lang='lat' dir='ltr'><strong>pervertendis</strong></span> <span class='ocrx_word' id='word_1_282' title='bbox 1890 2102 2158 2162; x_wconf 87' lang='lat' dir='ltr'><strong>studebat,</strong></span> <span class='ocrx_word' id='word_1_283' title='bbox 2191 2101 2308 2157; x_wconf 88' lang='lat' dir='ltr'><strong>lbas</strong></span> <span class='ocrx_word' id='word_1_284' title='bbox 2335 2103 2482 2158; x_wconf 88' lang='lat' dir='ltr'><strong>libris</strong></span> <span class='ocrx_word' id='word_1_285' title='bbox 2516 2103 2568 2156; x_wconf 93' lang='lat' dir='ltr'><strong>in</strong></span> <span class='ocrx_word' id='word_1_286' title='bbox 2599 2105 2932 2173; x_wconf 87' lang='lat' dir='ltr'><strong>peregrinam</strong></span> <span class='ocrx_word' id='word_1_287' title='bbox 2958 2106 3190 2175; x_wconf 78' lang='lat' dir='ltr'><strong>linguam</strong></span> <span class='ocrx_word' id='word_1_288' title='bbox 3218 2108 3519 2176; x_wconf 81' lang='lat' dir='ltr'><strong>vertendis;</strong></span> <span class='ocrx_word' id='word_1_289' title='bbox 3545 2111 3710 2167; x_wconf 85' lang='lat' dir='ltr'><strong>ambo</strong></span> 
     </span>
    </p>
   </div>
   <div class='ocr_carea' id='block_1_22' title="bbox 446 2193 1286 2262">
    <p class='ocr_par' dir='ltr' id='par_1_22' title="bbox 446 2193 1286 2262">
     <span class='ocr_line' id='line_1_22' title="bbox 446 2193 1286 2262; baseline -0.004 -14"><span class='ocrx_word' id='word_1_290' title='bbox 446 2195 722 2250; x_wconf 69' lang='lat' dir='ltr'><strong>turbanda:</strong></span> <span class='ocrx_word' id='word_1_291' title='bbox 750 2193 1112 2250; x_wconf 85' lang='lat' dir='ltr'><strong>Ecclesiarum</strong></span> <span class='ocrx_word' id='word_1_292' title='bbox 1145 2193 1286 2262; x_wconf 90' lang='lat' dir='ltr'><strong>paci.</strong></span> 
     </span>
    </p>
   </div>
   <div class='ocr_carea' id='block_1_23' title="bbox 521 2283 3713 2355">
    <p class='ocr_par' dir='ltr' id='par_1_23' title="bbox 521 2283 3713 2355">
     <span class='ocr_line' id='line_1_23' title="bbox 521 2283 3713 2355; baseline 0.003 -14"><span class='ocrx_word' id='word_1_293' title='bbox 521 2289 748 2343; x_wconf 78' lang='lat' dir='ltr'><strong>Aeacius</strong></span> <span class='ocrx_word' id='word_1_294' title='bbox 775 2287 1038 2342; x_wconf 82' lang='lat' dir='ltr'><strong>Melitenae</strong></span> <span class='ocrx_word' id='word_1_295' title='bbox 1065 2295 1122 2340; x_wconf 90' lang='lat' dir='ltr'><strong>et</strong></span> <span class='ocrx_word' id='word_1_296' title='bbox 1160 2285 1393 2340; x_wconf 79' lang='lat' dir='ltr'><strong>Rabulas</strong></span> <span class='ocrx_word' id='word_1_297' title='bbox 1423 2283 1637 2340; x_wconf 69' lang='lat' dir='ltr'><strong>Edessa:</strong></span> <span class='ocrx_word' id='word_1_298' title='bbox 1665 2284 1902 2354; x_wconf 88' lang='lat' dir='ltr'><strong>episcopi</strong></span> <span class='ocrx_word' id='word_1_299' title='bbox 1923 2284 2186 2340; x_wconf 81' lang='lat' dir='ltr'><strong>Armenes</strong></span> <span class='ocrx_word' id='word_1_300' title='bbox 2213 2285 2415 2355; x_wconf 90' lang='lat' dir='ltr'><strong>scripto</strong></span> <span class='ocrx_word' id='word_1_301' title='bbox 2435 2296 2756 2342; x_wconf 82' lang='lat' dir='ltr'><strong>monuerunt</strong></span> <span class='ocrx_word' id='word_1_302' title='bbox 2783 2288 2850 2342; x_wconf 91' lang='lat' dir='ltr'><strong>de</strong></span> <span class='ocrx_word' id='word_1_303' title='bbox 2876 2289 3115 2344; x_wconf 88' lang='lat' dir='ltr'><strong>cavendo</strong></span> <span class='ocrx_word' id='word_1_304' title='bbox 3147 2290 3362 2346; x_wconf 62' lang='lat' dir='ltr'><strong>haeresis</strong></span> <span class='ocrx_word' id='word_1_305' title='bbox 3381 2290 3713 2350; x_wconf 76' lang='lat' dir='ltr'><strong>Nestoriana:</strong></span> 
     </span>
    </p>
   </div>
   <div class='ocr_carea' id='block_1_24' title="bbox 438 2373 3714 2458">
    <p class='ocr_par' dir='ltr' id='par_1_24' title="bbox 438 2373 3714 2458">
     <span class='ocr_line' id='line_1_24' title="bbox 438 2373 3714 2458; baseline 0.003 -25"><span class='ocrx_word' id='word_1_306' title='bbox 438 2393 668 2443; x_wconf 84' lang='lat' dir='ltr'><strong>veneno,</strong></span> <span class='ocrx_word' id='word_1_307' title='bbox 693 2376 836 2446; x_wconf 91' lang='lat' dir='ltr'><strong>quod</strong></span> <span class='ocrx_word' id='word_1_308' title='bbox 864 2377 965 2430; x_wconf 90' lang='lat' dir='ltr'><strong>sibi</strong></span> <span class='ocrx_word' id='word_1_309' title='bbox 994 2375 1336 2446; x_wconf 87' lang='lat' dir='ltr'><strong>propinatum</strong></span> <span class='ocrx_word' id='word_1_310' title='bbox 1365 2375 1700 2444; x_wconf 84' lang='lat' dir='ltr'><strong>accepissent</strong></span> <span class='ocrx_word' id='word_1_311' title='bbox 1725 2373 1996 2428; x_wconf 88' lang='lat' dir='ltr'><strong>Theodori</strong></span> <span class='ocrx_word' id='word_1_312' title='bbox 2037 2374 2206 2429; x_wconf 89' lang='lat' dir='ltr'><strong>libris.</strong></span> <span class='ocrx_word' id='word_1_313' title='bbox 2240 2375 2510 2430; x_wconf 86' lang='lat' dir='ltr'><strong>Adunoniti</strong></span> <span class='ocrx_word' id='word_1_314' title='bbox 2541 2377 2613 2430; x_wconf 89' lang='lat' dir='ltr'><strong>illi</strong></span> <span class='ocrx_word' id='word_1_315' title='bbox 2641 2389 3026 2446; x_wconf 89' lang='lat' dir='ltr'><strong>convenerunt,</strong></span> <span class='ocrx_word' id='word_1_316' title='bbox 3063 2390 3118 2435; x_wconf 90' lang='lat' dir='ltr'><strong>et</strong></span> <span class='ocrx_word' id='word_1_317' title='bbox 3146 2397 3213 2437; x_wconf 80' lang='lat' dir='ltr'><strong>ex</strong></span> <span class='ocrx_word' id='word_1_318' title='bbox 3250 2383 3458 2454; x_wconf 79' lang='lat' dir='ltr'><strong>synodo</strong></span> <span class='ocrx_word' id='word_1_319' title='bbox 3487 2387 3714 2458; x_wconf 59' lang='lat' dir='ltr'><strong>presbyo</strong></span> 
     </span>
    </p>
   </div>
   <div class='ocr_carea' id='block_1_25' title="bbox 442 2462 3710 2549">
    <p class='ocr_par' dir='ltr' id='par_1_25' title="bbox 442 2462 3710 2549">
     <span class='ocr_line' id='line_1_25' title="bbox 442 2462 3710 2549; baseline 0.004 -27"><span class='ocrx_word' id='word_1_320' title='bbox 442 2475 590 2522; x_wconf 82' lang='lat' dir='ltr'><strong>teres</strong></span> <span class='ocrx_word' id='word_1_321' title='bbox 616 2468 769 2532; x_wconf 89' lang='lat' dir='ltr'><strong>duos,</strong></span> <span class='ocrx_word' id='word_1_322' title='bbox 797 2465 1081 2521; x_wconf 86' lang='lat' dir='ltr'><strong>Leontium</strong></span> <span class='ocrx_word' id='word_1_323' title='bbox 1101 2475 1156 2520; x_wconf 91' lang='lat' dir='ltr'><strong>et</strong></span> <span class='ocrx_word' id='word_1_324' title='bbox 1183 2465 1439 2520; x_wconf 76' lang='lat' dir='ltr'><strong>Aberium</strong></span> <span class='ocrx_word' id='word_1_325' title='bbox 1462 2462 1984 2534; x_wconf 87' lang='lat' dir='ltr'><strong>Constantinopolim</strong></span> <span class='ocrx_word' id='word_1_326' title='bbox 2005 2465 2073 2520; x_wconf 89' lang='lat' dir='ltr'><strong>ad</strong></span> <span class='ocrx_word' id='word_1_327' title='bbox 2096 2465 2340 2521; x_wconf 86' lang='lat' dir='ltr'><strong>Proclum</strong></span> <span class='ocrx_word' id='word_1_328' title='bbox 2369 2467 2645 2534; x_wconf 88' lang='lat' dir='ltr'><strong>miserunt,</strong></span> <span class='ocrx_word' id='word_1_329' title='bbox 2671 2485 2790 2524; x_wconf 90' lang='lat' dir='ltr'><strong>cum</strong></span> <span class='ocrx_word' id='word_1_330' title='bbox 2821 2471 3012 2526; x_wconf 89' lang='lat' dir='ltr'><strong>libellis</strong></span> <span class='ocrx_word' id='word_1_331' title='bbox 3033 2482 3086 2528; x_wconf 89' lang='lat' dir='ltr'><strong>et</strong></span> <span class='ocrx_word' id='word_1_332' title='bbox 3116 2473 3382 2531; x_wconf 85' lang='lat' dir='ltr'><strong>Theodori</strong></span> <span class='ocrx_word' id='word_1_333' title='bbox 3413 2477 3710 2549; x_wconf 85' lang='lat' dir='ltr'><strong>volumine,</strong></span> 
     </span>
    </p>
   </div>
   <div class='ocr_carea' id='block_1_26' title="bbox 439 2556 3715 2638">
    <p class='ocr_par' dir='ltr' id='par_1_26' title="bbox 439 2556 3715 2638">
     <span class='ocr_line' id='line_1_26' title="bbox 439 2556 3715 2638; baseline 0.005 -24"><span class='ocrx_word' id='word_1_334' title='bbox 439 2559 622 2615; x_wconf 90' lang='lat' dir='ltr'><strong>doceri</strong></span> <span class='ocrx_word' id='word_1_335' title='bbox 655 2567 971 2629; x_wconf 76' lang='lat' dir='ltr'><strong>expetentes</strong></span> <span class='ocrx_word' id='word_1_336' title='bbox 998 2573 1120 2627; x_wconf 80' lang='lat' dir='ltr'><strong>qua:</strong></span> <span class='ocrx_word' id='word_1_337' title='bbox 1158 2556 1400 2612; x_wconf 84' lang='lat' dir='ltr'><strong>doctrina</strong></span> <span class='ocrx_word' id='word_1_338' title='bbox 1428 2557 1635 2622; x_wconf 88' lang='lat' dir='ltr'><strong>melior,</strong></span> <span class='ocrx_word' id='word_1_339' title='bbox 1668 2556 1939 2612; x_wconf 80' lang='lat' dir='ltr'><strong>Theodori</strong></span> <span class='ocrx_word' id='word_1_340' title='bbox 1967 2572 2034 2612; x_wconf 86' lang='lat' dir='ltr'><strong>an</strong></span> <span class='ocrx_word' id='word_1_341' title='bbox 2071 2557 2273 2624; x_wconf 76' lang='lat' dir='ltr'><strong>Acacii,</strong></span> <span class='ocrx_word' id='word_1_342' title='bbox 2297 2565 2458 2628; x_wconf 87' lang='lat' dir='ltr'><strong>atque</strong></span> <span class='ocrx_word' id='word_1_343' title='bbox 2488 2559 2705 2616; x_wconf 66' lang='lat' dir='ltr'><strong>Rabulm</strong></span> <span class='ocrx_word' id='word_1_344' title='bbox 2738 2579 2750 2615; x_wconf 93' lang='lat'><strong>:</strong></span> <span class='ocrx_word' id='word_1_345' title='bbox 2783 2563 3025 2619; x_wconf 72' lang='lat' dir='ltr'><strong>fecerant</strong></span> <span class='ocrx_word' id='word_1_346' title='bbox 3057 2566 3201 2621; x_wconf 89' lang='lat' dir='ltr'><strong>enim</strong></span> <span class='ocrx_word' id='word_1_347' title='bbox 3225 2567 3355 2638; x_wconf 87' lang='lat' dir='ltr'><strong>ipsis</strong></span> <span class='ocrx_word' id='word_1_348' title='bbox 3374 2569 3598 2626; x_wconf 86' lang='lat' dir='ltr'><strong>dubium</strong></span> <span class='ocrx_word' id='word_1_349' title='bbox 3623 2557 3715 2630; x_wconf 83' lang='lat' dir='ltr'><strong>Ci-</strong></span> 
     </span>
    </p>
   </div>
   <div class='ocr_carea' id='block_1_27' title="bbox 441 2644 3711 2723">
    <p class='ocr_par' dir='ltr' id='par_1_27' title="bbox 441 2644 3711 2723">
     <span class='ocr_line' id='line_1_27' title="bbox 441 2644 3711 2723; baseline 0.006 -23"><span class='ocrx_word' id='word_1_350' title='bbox 441 2646 576 2702; x_wconf 81' lang='lat' dir='ltr'><strong>liciae</strong></span> <span class='ocrx_word' id='word_1_351' title='bbox 616 2647 878 2718; x_wconf 90' lang='lat' dir='ltr'><strong>episcopi,</strong></span> <span class='ocrx_word' id='word_1_352' title='bbox 909 2646 1165 2702; x_wconf 81' lang='lat' dir='ltr'><strong>Acacium</strong></span> <span class='ocrx_word' id='word_1_353' title='bbox 1198 2653 1254 2701; x_wconf 92' lang='lat' dir='ltr'><strong>ct</strong></span> <span class='ocrx_word' id='word_1_354' title='bbox 1279 2645 1539 2701; x_wconf 83' lang='lat' dir='ltr'><strong>Rabulam</strong></span> <span class='ocrx_word' id='word_1_355' title='bbox 1577 2645 1774 2700; x_wconf 80' lang='lat' dir='ltr'><strong>invidia</strong></span> <span class='ocrx_word' id='word_1_356' title='bbox 1802 2644 2078 2714; x_wconf 79' lang='lat' dir='ltr'><strong>scripsisse</strong></span> <span class='ocrx_word' id='word_1_357' title='bbox 2103 2648 2325 2702; x_wconf 87' lang='lat' dir='ltr'><strong>causati.</strong></span> <span class='ocrx_word' id='word_1_358' title='bbox 2357 2647 2577 2705; x_wconf 88' lang='lat' dir='ltr'><strong>Proclus</strong></span> <span class='ocrx_word' id='word_1_359' title='bbox 2614 2666 2674 2706; x_wconf 92' lang='lat' dir='ltr'><strong>rc</strong></span> <span class='ocrx_word' id='word_1_360' title='bbox 2711 2651 2993 2723; x_wconf 80' lang='lat' dir='ltr'><strong>diligenter</strong></span> <span class='ocrx_word' id='word_1_361' title='bbox 3019 2657 3344 2722; x_wconf 78' lang='lat' dir='ltr'><strong>examinata,</strong></span> <span class='ocrx_word' id='word_1_362' title='bbox 3386 2661 3534 2716; x_wconf 90' lang='lat' dir='ltr'><strong>misit</strong></span> <span class='ocrx_word' id='word_1_363' title='bbox 3568 2663 3711 2720; x_wconf 88' lang='lat' dir='ltr'><strong>cele-</strong></span> 
     </span>
    </p>
   </div>
   <div class='ocr_carea' id='block_1_28' title="bbox 437 2737 3714 2818">
    <p class='ocr_par' dir='ltr' id='par_1_28' title="bbox 437 2737 3714 2818">
     <span class='ocr_line' id='line_1_28' title="bbox 437 2737 3714 2818; baseline 0.003 -23"><span class='ocrx_word' id='word_1_364' title='bbox 437 2740 589 2797; x_wconf 89' lang='lat' dir='ltr'><strong>brem</strong></span> <span class='ocrx_word' id='word_1_365' title='bbox 617 2741 682 2795; x_wconf 89' lang='lat' dir='ltr'><strong>ad</strong></span> <span class='ocrx_word' id='word_1_366' title='bbox 704 2740 964 2794; x_wconf 82' lang='lat' dir='ltr'><strong>Armenes</strong></span> <span class='ocrx_word' id='word_1_367' title='bbox 984 2738 1052 2794; x_wconf 92' lang='lat' dir='ltr'><strong>de</strong></span> <span class='ocrx_word' id='word_1_368' title='bbox 1081 2737 1448 2792; x_wconf 84' lang='lat' dir='ltr'><strong>incarnatione</strong></span> <span class='ocrx_word' id='word_1_369' title='bbox 1466 2737 1768 2806; x_wconf 85' lang='lat' dir='ltr'><strong>epistolam,</strong></span> <span class='ocrx_word' id='word_1_370' title='bbox 1799 2752 1960 2806; x_wconf 88' lang='lat' dir='ltr'><strong>quam</strong></span> <span class='ocrx_word' id='word_1_371' title='bbox 1981 2745 2037 2794; x_wconf 88' lang='lat' dir='ltr'><strong>et</strong></span> <span class='ocrx_word' id='word_1_372' title='bbox 2056 2737 2252 2794; x_wconf 84' lang='lat' dir='ltr'><strong>Joanni</strong></span> <span class='ocrx_word' id='word_1_373' title='bbox 2277 2739 2610 2797; x_wconf 81' lang='lat' dir='ltr'><strong>Antiocheno</strong></span> <span class='ocrx_word' id='word_1_374' title='bbox 2637 2743 2965 2812; x_wconf 85' lang='lat' dir='ltr'><strong>probandam</strong></span> <span class='ocrx_word' id='word_1_375' title='bbox 2999 2746 3226 2813; x_wconf 79' lang='lat' dir='ltr'><strong>direxit;</strong></span> <span class='ocrx_word' id='word_1_376' title='bbox 3258 2749 3311 2803; x_wconf 91' lang='lat' dir='ltr'><strong>in</strong></span> <span class='ocrx_word' id='word_1_377' title='bbox 3339 2765 3402 2806; x_wconf 87' lang='lat' dir='ltr'><strong>ea</strong></span> <span class='ocrx_word' id='word_1_378' title='bbox 3431 2767 3585 2818; x_wconf 88' lang='lat' dir='ltr'><strong>vero,</strong></span> <span class='ocrx_word' id='word_1_379' title='bbox 3609 2751 3714 2810; x_wconf 83' lang='lat' dir='ltr'><strong>etsi</strong></span> 
     </span>
    </p>
   </div>
   <div class='ocr_carea' id='block_1_29' title="bbox 448 2827 3712 2911">
    <p class='ocr_par' dir='ltr' id='par_1_29' title="bbox 448 2827 3712 2911">
     <span class='ocr_line' id='line_1_29' title="bbox 448 2827 3712 2911; baseline 0.006 -29"><span class='ocrx_word' id='word_1_380' title='bbox 448 2829 720 2885; x_wconf 83' lang='lat' dir='ltr'><strong>Theodori</strong></span> <span class='ocrx_word' id='word_1_381' title='bbox 735 2829 1020 2896; x_wconf 78' lang='lat' dir='ltr'><strong>dogmata,</strong></span> <span class='ocrx_word' id='word_1_382' title='bbox 1050 2842 1171 2895; x_wconf 66' lang='lat' dir='ltr'><strong>quae</strong></span> <span class='ocrx_word' id='word_1_383' title='bbox 1198 2836 1253 2882; x_wconf 93' lang='lat' dir='ltr'><strong>et</strong></span> <span class='ocrx_word' id='word_1_384' title='bbox 1281 2827 1484 2891; x_wconf 85' lang='lat' dir='ltr'><strong>retulit,</strong></span> <span class='ocrx_word' id='word_1_385' title='bbox 1516 2835 1627 2882; x_wconf 91' lang='lat' dir='ltr'><strong>tum</strong></span> <span class='ocrx_word' id='word_1_386' title='bbox 1655 2841 1753 2896; x_wconf 89' lang='lat' dir='ltr'><strong>per</strong></span> <span class='ocrx_word' id='word_1_387' title='bbox 1771 2841 1832 2882; x_wconf 89' lang='lat' dir='ltr'><strong>se</strong></span> <span class='ocrx_word' id='word_1_388' title='bbox 1858 2828 2176 2893; x_wconf 85' lang='lat' dir='ltr'><strong>rationibus,</strong></span> <span class='ocrx_word' id='word_1_389' title='bbox 2202 2838 2314 2884; x_wconf 89' lang='lat' dir='ltr'><strong>tum</strong></span> <span class='ocrx_word' id='word_1_390' title='bbox 2340 2830 2633 2900; x_wconf 88' lang='lat' dir='ltr'><strong>subjunctis</strong></span> <span class='ocrx_word' id='word_1_391' title='bbox 2664 2832 2876 2890; x_wconf 87' lang='lat' dir='ltr'><strong>Patrum</strong></span> <span class='ocrx_word' id='word_1_392' title='bbox 2899 2838 3220 2895; x_wconf 87' lang='lat' dir='ltr'><strong>testimoniis</strong></span> <span class='ocrx_word' id='word_1_393' title='bbox 3248 2843 3463 2911; x_wconf 85' lang='lat' dir='ltr'><strong>egregie</strong></span> <span class='ocrx_word' id='word_1_394' title='bbox 3499 2845 3712 2902; x_wconf 87' lang='lat' dir='ltr'><strong>refelle-</strong></span> 
     </span>
    </p>
   </div>
   <div class='ocr_carea' id='block_1_30' title="bbox 438 2917 3711 3004">
    <p class='ocr_par' dir='ltr' id='par_1_30' title="bbox 438 2917 3711 3004">
     <span class='ocr_line' id='line_1_30' title="bbox 438 2917 3711 3004; baseline 0.005 -29"><span class='ocrx_word' id='word_1_395' title='bbox 438 2922 530 2982; x_wconf 90' lang='lat' dir='ltr'><strong>rit,</strong></span> <span class='ocrx_word' id='word_1_396' title='bbox 555 2919 840 2975; x_wconf 87' lang='lat' dir='ltr'><strong>tacendum</strong></span> <span class='ocrx_word' id='word_1_397' title='bbox 866 2927 1042 2973; x_wconf 92' lang='lat' dir='ltr'><strong>tamen</strong></span> <span class='ocrx_word' id='word_1_398' title='bbox 1066 2917 1337 2974; x_wconf 88' lang='lat' dir='ltr'><strong>Theodori</strong></span> <span class='ocrx_word' id='word_1_399' title='bbox 1364 2933 1560 2974; x_wconf 86' lang='lat' dir='ltr'><strong>nomen</strong></span> <span class='ocrx_word' id='word_1_400' title='bbox 1581 2919 1810 2989; x_wconf 85' lang='lat' dir='ltr'><strong>putavit,</strong></span> <span class='ocrx_word' id='word_1_401' title='bbox 1833 2927 2054 2989; x_wconf 88' lang='lat' dir='ltr'><strong>propter</strong></span> <span class='ocrx_word' id='word_1_402' title='bbox 2072 2917 2268 2974; x_wconf 85' lang='lat' dir='ltr'><strong>famam</strong></span> <span class='ocrx_word' id='word_1_403' title='bbox 2289 2921 2386 2975; x_wconf 90' lang='lat' dir='ltr'><strong>viri</strong></span> <span class='ocrx_word' id='word_1_404' title='bbox 2412 2923 2628 2978; x_wconf 82' lang='lat' dir='ltr'><strong>Oriente</strong></span> <span class='ocrx_word' id='word_1_405' title='bbox 2662 2934 2776 2980; x_wconf 88' lang='lat' dir='ltr'><strong>toto</strong></span> <span class='ocrx_word' id='word_1_406' title='bbox 2804 2927 3049 2983; x_wconf 81' lang='lat' dir='ltr'><strong>celebris.</strong></span> <span class='ocrx_word' id='word_1_407' title='bbox 3079 2930 3252 2999; x_wconf 82' lang='lat' dir='ltr'><strong>Atque</strong></span> <span class='ocrx_word' id='word_1_408' title='bbox 3275 2932 3402 2989; x_wconf 85' lang='lat' dir='ltr'><strong>hinc</strong></span> <span class='ocrx_word' id='word_1_409' title='bbox 3422 2943 3560 2990; x_wconf 73' lang='lat' dir='ltr'><strong>orta:</strong></span> <span class='ocrx_word' id='word_1_410' title='bbox 3591 2949 3711 3004; x_wconf 81' lang='lat' dir='ltr'><strong>gra-</strong></span> 
     </span>
    </p>
   </div>
   <div class='ocr_carea' id='block_1_31' title="bbox 439 3009 3708 3093">
    <p class='ocr_par' dir='ltr' id='par_1_31' title="bbox 439 3009 3708 3093">
     <span class='ocr_line' id='line_1_31' title="bbox 439 3009 3708 3093; baseline 0.006 -33"><span class='ocrx_word' id='word_1_411' title='bbox 439 3028 534 3068; x_wconf 82' lang='lat' dir='ltr'><strong>ves</strong></span> <span class='ocrx_word' id='word_1_412' title='bbox 563 3011 752 3074; x_wconf 65' lang='lat' dir='ltr'><strong>turbae,</strong></span> <span class='ocrx_word' id='word_1_413' title='bbox 794 3011 1069 3070; x_wconf 78' lang='lat' dir='ltr'><strong>monachis</strong></span> <span class='ocrx_word' id='word_1_414' title='bbox 1098 3026 1166 3065; x_wconf 82' lang='lat' dir='ltr'><strong>ex</strong></span> <span class='ocrx_word' id='word_1_415' title='bbox 1208 3009 1461 3066; x_wconf 89' lang='lat' dir='ltr'><strong>Armenia</strong></span> <span class='ocrx_word' id='word_1_416' title='bbox 1491 3010 1545 3065; x_wconf 91' lang='lat' dir='ltr'><strong>in</strong></span> <span class='ocrx_word' id='word_1_417' title='bbox 1578 3009 1851 3066; x_wconf 88' lang='lat' dir='ltr'><strong>Orientem</strong></span> <span class='ocrx_word' id='word_1_418' title='bbox 1879 3009 2195 3076; x_wconf 86' lang='lat' dir='ltr'><strong>ferentibus,</strong></span> <span class='ocrx_word' id='word_1_419' title='bbox 2237 3012 2402 3066; x_wconf 85' lang='lat' dir='ltr'><strong>immo</strong></span> <span class='ocrx_word' id='word_1_420' title='bbox 2429 3021 2486 3068; x_wconf 90' lang='lat' dir='ltr'><strong>et</strong></span> <span class='ocrx_word' id='word_1_421' title='bbox 2523 3015 2576 3068; x_wconf 89' lang='lat' dir='ltr'><strong>iuu</strong></span> <span class='ocrx_word' id='word_1_422' title='bbox 2603 3016 2788 3070; x_wconf 86' lang='lat' dir='ltr'><strong>urbem</strong></span> <span class='ocrx_word' id='word_1_423' title='bbox 2817 3019 3039 3087; x_wconf 84' lang='lat' dir='ltr'><strong>regiam,</strong></span> <span class='ocrx_word' id='word_1_424' title='bbox 3073 3031 3328 3092; x_wconf 84' lang='lat' dir='ltr'><strong>excerpta</strong></span> <span class='ocrx_word' id='word_1_425' title='bbox 3371 3026 3617 3093; x_wconf 63' lang='lat' dir='ltr'><strong>quaedam</strong></span> <span class='ocrx_word' id='word_1_426' title='bbox 3646 3045 3708 3083; x_wconf 79' lang='lat' dir='ltr'><strong>ex</strong></span> 
     </span>
    </p>
   </div>
   <div class='ocr_carea' id='block_1_32' title="bbox 436 3100 3710 3174">
    <p class='ocr_par' dir='ltr' id='par_1_32' title="bbox 436 3100 3710 3174">
     <span class='ocr_line' id='line_1_32' title="bbox 436 3100 3710 3174; baseline 0.005 -18"><span class='ocrx_word' id='word_1_427' title='bbox 436 3103 586 3158; x_wconf 85' lang='lat' dir='ltr'><strong>libris</strong></span> <span class='ocrx_word' id='word_1_428' title='bbox 606 3101 897 3167; x_wconf 88' lang='lat' dir='ltr'><strong>Theodori,</strong></span> <span class='ocrx_word' id='word_1_429' title='bbox 920 3116 1057 3170; x_wconf 70' lang='lat' dir='ltr'><strong>quae,</strong></span> <span class='ocrx_word' id='word_1_430' title='bbox 1089 3102 1134 3156; x_wconf 91' lang='lat' dir='ltr'><strong>si</strong></span> <span class='ocrx_word' id='word_1_431' title='bbox 1157 3101 1278 3171; x_wconf 90' lang='lat' dir='ltr'><strong>jure</strong></span> <span class='ocrx_word' id='word_1_432' title='bbox 1305 3100 1588 3158; x_wconf 86' lang='lat' dir='ltr'><strong>damnatus</strong></span> <span class='ocrx_word' id='word_1_433' title='bbox 1616 3108 1759 3157; x_wconf 86' lang='lat' dir='ltr'><strong>esset</strong></span> <span class='ocrx_word' id='word_1_434' title='bbox 1778 3100 2072 3167; x_wconf 80' lang='lat' dir='ltr'><strong>Nestorius,</strong></span> <span class='ocrx_word' id='word_1_435' title='bbox 2105 3118 2211 3157; x_wconf 93' lang='lat' dir='ltr'><strong>non</strong></span> <span class='ocrx_word' id='word_1_436' title='bbox 2233 3116 2392 3172; x_wconf 88' lang='lat' dir='ltr'><strong>posse</strong></span> <span class='ocrx_word' id='word_1_437' title='bbox 2413 3117 2628 3174; x_wconf 89' lang='lat' dir='ltr'><strong>quoque</strong></span> <span class='ocrx_word' id='word_1_438' title='bbox 2654 3121 2774 3162; x_wconf 90' lang='lat' dir='ltr'><strong>cum</strong></span> <span class='ocrx_word' id='word_1_439' title='bbox 2803 3123 2902 3162; x_wconf 92' lang='lat' dir='ltr'><strong>suo</strong></span> <span class='ocrx_word' id='word_1_440' title='bbox 2930 3117 3150 3166; x_wconf 89' lang='lat' dir='ltr'><strong>auctore</strong></span> <span class='ocrx_word' id='word_1_441' title='bbox 3172 3127 3278 3167; x_wconf 91' lang='lat' dir='ltr'><strong>non</strong></span> <span class='ocrx_word' id='word_1_442' title='bbox 3308 3112 3552 3170; x_wconf 90' lang='lat' dir='ltr'><strong>damnari</strong></span> <span class='ocrx_word' id='word_1_443' title='bbox 3582 3131 3710 3172; x_wconf 82' lang='lat' dir='ltr'><strong>con-</strong></span> 
     </span>
    </p>
   </div>
   <div class='ocr_carea' id='block_1_33' title="bbox 438 3192 3710 3276">
    <p class='ocr_par' dir='ltr' id='par_1_33' title="bbox 438 3192 3710 3276">
     <span class='ocr_line' id='line_1_33' title="bbox 438 3192 3710 3276; baseline 0.004 -25"><span class='ocrx_word' id='word_1_444' title='bbox 438 3196 735 3252; x_wconf 87' lang='lat' dir='ltr'><strong>tenderent.</strong></span> <span class='ocrx_word' id='word_1_445' title='bbox 772 3195 906 3250; x_wconf 91' lang='lat' dir='ltr'><strong>llinc</strong></span> <span class='ocrx_word' id='word_1_446' title='bbox 939 3202 994 3250; x_wconf 90' lang='lat' dir='ltr'><strong>ct</strong></span> <span class='ocrx_word' id='word_1_447' title='bbox 1018 3195 1245 3264; x_wconf 69' lang='lat' dir='ltr'><strong>quaestio</strong></span> <span class='ocrx_word' id='word_1_448' title='bbox 1273 3193 1341 3250; x_wconf 90' lang='lat' dir='ltr'><strong>de</strong></span> <span class='ocrx_word' id='word_1_449' title='bbox 1375 3194 1592 3250; x_wconf 86' lang='lat' dir='ltr'><strong>nomine</strong></span> <span class='ocrx_word' id='word_1_450' title='bbox 1613 3192 1882 3250; x_wconf 89' lang='lat' dir='ltr'><strong>Theodori</strong></span> <span class='ocrx_word' id='word_1_451' title='bbox 1913 3194 2206 3250; x_wconf 87' lang='lat' dir='ltr'><strong>commovit</strong></span> <span class='ocrx_word' id='word_1_452' title='bbox 2231 3195 2516 3254; x_wconf 87' lang='lat' dir='ltr'><strong>Ecclesias.</strong></span> <span class='ocrx_word' id='word_1_453' title='bbox 2543 3199 2745 3254; x_wconf 90' lang='lat' dir='ltr'><strong>Dicitur</strong></span> <span class='ocrx_word' id='word_1_454' title='bbox 2771 3201 2914 3255; x_wconf 92' lang='lat' dir='ltr'><strong>enim</strong></span> <span class='ocrx_word' id='word_1_455' title='bbox 2941 3199 3173 3273; x_wconf 88' lang='lat' dir='ltr'><strong>Cyrillus</strong></span> <span class='ocrx_word' id='word_1_456' title='bbox 3197 3206 3477 3276; x_wconf 86' lang='lat' dir='ltr'><strong>scripsisse</strong></span> <span class='ocrx_word' id='word_1_457' title='bbox 3508 3217 3621 3264; x_wconf 89' lang='lat' dir='ltr'><strong>tres</strong></span> <span class='ocrx_word' id='word_1_458' title='bbox 3649 3211 3710 3264; x_wconf 87' lang='lat' dir='ltr'><strong>li-</strong></span> 
     </span>
    </p>
   </div>
   <div class='ocr_carea' id='block_1_34' title="bbox 435 3283 3710 3364">
    <p class='ocr_par' dir='ltr' id='par_1_34' title="bbox 435 3283 3710 3364">
     <span class='ocr_line' id='line_1_34' title="bbox 435 3283 3710 3364; baseline 0.004 -23"><span class='ocrx_word' id='word_1_459' title='bbox 435 3287 561 3342; x_wconf 88' lang='lat' dir='ltr'><strong>bros</strong></span> <span class='ocrx_word' id='word_1_460' title='bbox 590 3287 644 3341; x_wconf 89' lang='lat' dir='ltr'><strong>in</strong></span> <span class='ocrx_word' id='word_1_461' title='bbox 664 3285 1026 3350; x_wconf 88' lang='lat' dir='ltr'><strong>Theodorum,</strong></span> <span class='ocrx_word' id='word_1_462' title='bbox 1059 3301 1223 3340; x_wconf 79' lang='lat' dir='ltr'><strong>unum</strong></span> <span class='ocrx_word' id='word_1_463' title='bbox 1253 3285 1308 3338; x_wconf 87' lang='lat' dir='ltr'><strong>in</strong></span> <span class='ocrx_word' id='word_1_464' title='bbox 1326 3283 1636 3348; x_wconf 89' lang='lat' dir='ltr'><strong>Diodorum,</strong></span> <span class='ocrx_word' id='word_1_465' title='bbox 1665 3284 1860 3354; x_wconf 88' lang='lat' dir='ltr'><strong>quibus</strong></span> <span class='ocrx_word' id='word_1_466' title='bbox 1894 3285 2208 3340; x_wconf 89' lang='lat' dir='ltr'><strong>nominatim</strong></span> <span class='ocrx_word' id='word_1_467' title='bbox 2236 3287 2513 3357; x_wconf 88' lang='lat' dir='ltr'><strong>utriusque</strong></span> <span class='ocrx_word' id='word_1_468' title='bbox 2545 3288 2686 3344; x_wconf 83' lang='lat' dir='ltr'><strong>dicta</strong></span> <span class='ocrx_word' id='word_1_469' title='bbox 2714 3291 2938 3347; x_wconf 79' lang='lat' dir='ltr'><strong>referret</strong></span> <span class='ocrx_word' id='word_1_470' title='bbox 2971 3302 3136 3364; x_wconf 86' lang='lat' dir='ltr'><strong>atque</strong></span> <span class='ocrx_word' id='word_1_471' title='bbox 3164 3298 3512 3354; x_wconf 85' lang='lat' dir='ltr'><strong>convelleret.</strong></span> <span class='ocrx_word' id='word_1_472' title='bbox 3541 3299 3710 3354; x_wconf 79' lang='lat' dir='ltr'><strong>Joan-</strong></span> 
     </span>
    </p>
   </div>
   <div class='ocr_carea' id='block_1_35' title="bbox 435 3376 3710 3449">
    <p class='ocr_par' dir='ltr' id='par_1_35' title="bbox 435 3376 3710 3449">
     <span class='ocr_line' id='line_1_35' title="bbox 435 3376 3710 3449; baseline 0.004 -14"><span class='ocrx_word' id='word_1_473' title='bbox 435 3395 532 3436; x_wconf 85' lang='lat' dir='ltr'><strong>nes</strong></span> <span class='ocrx_word' id='word_1_474' title='bbox 561 3378 930 3434; x_wconf 79' lang='lat' dir='ltr'><strong>Antiochenus</strong></span> <span class='ocrx_word' id='word_1_475' title='bbox 959 3379 1137 3445; x_wconf 82' lang='lat' dir='ltr'><strong>coegit</strong></span> <span class='ocrx_word' id='word_1_476' title='bbox 1155 3376 1439 3448; x_wconf 80' lang='lat' dir='ltr'><strong>synodum,</strong></span> <span class='ocrx_word' id='word_1_477' title='bbox 1468 3392 1534 3431; x_wconf 83' lang='lat' dir='ltr'><strong>ex</strong></span> <span class='ocrx_word' id='word_1_478' title='bbox 1555 3392 1660 3446; x_wconf 90' lang='lat' dir='ltr'><strong>qua</strong></span> <span class='ocrx_word' id='word_1_479' title='bbox 1683 3385 1792 3432; x_wconf 89' lang='lat' dir='ltr'><strong>tres</strong></span> <span class='ocrx_word' id='word_1_480' title='bbox 1811 3379 2070 3447; x_wconf 67' lang='lat' dir='ltr'><strong>epistolas</strong></span> <span class='ocrx_word' id='word_1_481' title='bbox 2097 3379 2264 3447; x_wconf 87' lang='lat' dir='ltr'><strong>dedit,</strong></span> <span class='ocrx_word' id='word_1_482' title='bbox 2287 3381 2480 3449; x_wconf 85' lang='lat' dir='ltr'><strong>quibus</strong></span> <span class='ocrx_word' id='word_1_483' title='bbox 2509 3381 2847 3438; x_wconf 87' lang='lat' dir='ltr'><strong>Theodorum</strong></span> <span class='ocrx_word' id='word_1_484' title='bbox 2887 3385 3218 3444; x_wconf 87' lang='lat' dir='ltr'><strong>defenderet.</strong></span> <span class='ocrx_word' id='word_1_485' title='bbox 3245 3387 3468 3445; x_wconf 87' lang='lat' dir='ltr'><strong>Proelus</strong></span> <span class='ocrx_word' id='word_1_486' title='bbox 3495 3391 3550 3446; x_wconf 91' lang='lat' dir='ltr'><strong>in</strong></span> <span class='ocrx_word' id='word_1_487' title='bbox 3583 3408 3710 3448; x_wconf 74' lang='lat' dir='ltr'><strong>sen-</strong></span> 
     </span>
    </p>
   </div>
   <div class='ocr_carea' id='block_1_36' title="bbox 437 3469 3708 3555">
    <p class='ocr_par' dir='ltr' id='par_1_36' title="bbox 437 3469 3708 3555">
     <span class='ocr_line' id='line_1_36' title="bbox 437 3469 3708 3555; baseline 0.004 -28"><span class='ocrx_word' id='word_1_488' title='bbox 437 3473 604 3529; x_wconf 65' lang='lat' dir='ltr'><strong>tentia</strong></span> <span class='ocrx_word' id='word_1_489' title='bbox 632 3472 880 3543; x_wconf 83' lang='lat' dir='ltr'><strong>perstitit,</strong></span> <span class='ocrx_word' id='word_1_490' title='bbox 906 3486 1074 3540; x_wconf 88' lang='lat' dir='ltr'><strong>caque</strong></span> <span class='ocrx_word' id='word_1_491' title='bbox 1104 3470 1332 3526; x_wconf 88' lang='lat' dir='ltr'><strong>scintilla</strong></span> <span class='ocrx_word' id='word_1_492' title='bbox 1363 3469 1527 3524; x_wconf 88' lang='lat' dir='ltr'><strong>videri</strong></span> <span class='ocrx_word' id='word_1_493' title='bbox 1557 3470 1732 3540; x_wconf 92' lang='lat' dir='ltr'><strong>potuit</strong></span> <span class='ocrx_word' id='word_1_494' title='bbox 1760 3479 1886 3526; x_wconf 90' lang='lat' dir='ltr'><strong>tunc</strong></span> <span class='ocrx_word' id='word_1_495' title='bbox 1910 3471 2165 3541; x_wconf 89' lang='lat' dir='ltr'><strong>tcunporis</strong></span> <span class='ocrx_word' id='word_1_496' title='bbox 2186 3474 2379 3543; x_wconf 89' lang='lat' dir='ltr'><strong>sopita,</strong></span> <span class='ocrx_word' id='word_1_497' title='bbox 2415 3475 2584 3529; x_wconf 92' lang='lat' dir='ltr'><strong>tribus</strong></span> <span class='ocrx_word' id='word_1_498' title='bbox 2613 3489 2924 3544; x_wconf 85' lang='lat' dir='ltr'><strong>magnarum</strong></span> <span class='ocrx_word' id='word_1_499' title='bbox 2955 3478 3162 3534; x_wconf 79' lang='lat' dir='ltr'><strong>sodium</strong></span> <span class='ocrx_word' id='word_1_500' title='bbox 3186 3481 3472 3552; x_wconf 87' lang='lat' dir='ltr'><strong>episcopis,</strong></span> <span class='ocrx_word' id='word_1_501' title='bbox 3506 3481 3708 3555; x_wconf 76' lang='lat' dir='ltr'><strong>Cyrillo</strong></span> 
     </span>
    </p>
   </div>
   <div class='ocr_carea' id='block_1_37' title="bbox 434 3559 3710 3644">
    <p class='ocr_par' dir='ltr' id='par_1_37' title="bbox 434 3559 3710 3644">
     <span class='ocr_line' id='line_1_37' title="bbox 434 3559 3710 3644; baseline 0.003 -24"><span class='ocrx_word' id='word_1_502' title='bbox 434 3564 642 3620; x_wconf 71' lang='lat' dir='ltr'><strong>Joanne</strong></span> <span class='ocrx_word' id='word_1_503' title='bbox 671 3579 735 3619; x_wconf 91' lang='lat' dir='ltr'><strong>ac</strong></span> <span class='ocrx_word' id='word_1_504' title='bbox 763 3563 972 3628; x_wconf 84' lang='lat' dir='ltr'><strong>Proclo,</strong></span> <span class='ocrx_word' id='word_1_505' title='bbox 992 3578 1114 3617; x_wconf 90' lang='lat' dir='ltr'><strong>.non</strong></span> <span class='ocrx_word' id='word_1_506' title='bbox 1143 3562 1215 3616; x_wconf 91' lang='lat' dir='ltr'><strong>ita</strong></span> <span class='ocrx_word' id='word_1_507' title='bbox 1239 3569 1360 3631; x_wconf 88' lang='lat' dir='ltr'><strong>post</strong></span> <span class='ocrx_word' id='word_1_508' title='bbox 1385 3561 1490 3615; x_wconf 89' lang='lat' dir='ltr'><strong>vita</strong></span> <span class='ocrx_word' id='word_1_509' title='bbox 1512 3559 1724 3627; x_wconf 85' lang='lat' dir='ltr'><strong>functis,</strong></span> <span class='ocrx_word' id='word_1_510' title='bbox 1751 3560 1924 3616; x_wconf 91' lang='lat' dir='ltr'><strong>donec</strong></span> <span class='ocrx_word' id='word_1_511' title='bbox 1945 3561 2159 3618; x_wconf 91' lang='lat' dir='ltr'><strong>tandem</strong></span> <span class='ocrx_word' id='word_1_512' title='bbox 2187 3566 2365 3634; x_wconf 89' lang='lat' dir='ltr'><strong>erupit</strong></span> <span class='ocrx_word' id='word_1_513' title='bbox 2385 3566 2437 3620; x_wconf 92' lang='lat' dir='ltr'><strong>in</strong></span> <span class='ocrx_word' id='word_1_514' title='bbox 2468 3565 2791 3634; x_wconf 87' lang='lat' dir='ltr'><strong>incendium,</strong></span> <span class='ocrx_word' id='word_1_515' title='bbox 2822 3570 2908 3624; x_wconf 88' lang='lat' dir='ltr'><strong>cui</strong></span> <span class='ocrx_word' id='word_1_516' title='bbox 2929 3571 3313 3639; x_wconf 83' lang='lat' dir='ltr'><strong>restinguendo</strong></span> <span class='ocrx_word' id='word_1_517' title='bbox 3339 3590 3437 3644; x_wconf 90' lang='lat' dir='ltr'><strong>par</strong></span> <span class='ocrx_word' id='word_1_518' title='bbox 3461 3574 3562 3630; x_wconf 88' lang='lat' dir='ltr'><strong>fuit</strong></span> <span class='ocrx_word' id='word_1_519' title='bbox 3595 3578 3710 3633; x_wconf 80' lang='lat' dir='ltr'><strong>sola</strong></span> 
     </span>
    </p>
   </div>
   <div class='ocr_carea' id='block_1_38' title="bbox 433 3651 2800 3727">
    <p class='ocr_par' dir='ltr' id='par_1_38' title="bbox 433 3651 2800 3727">
     <span class='ocr_line' id='line_1_38' title="bbox 433 3651 2800 3727; baseline 0.001 -18"><span class='ocrx_word' id='word_1_520' title='bbox 433 3658 619 3724; x_wconf 82' lang='lat' dir='ltr'><strong>quinta</strong></span> <span class='ocrx_word' id='word_1_521' title='bbox 649 3655 902 3727; x_wconf 81' lang='lat' dir='ltr'><strong>synodus,</strong></span> <span class='ocrx_word' id='word_1_522' title='bbox 927 3653 1216 3719; x_wconf 85' lang='lat' dir='ltr'><strong>Theodori,</strong></span> <span class='ocrx_word' id='word_1_523' title='bbox 1253 3653 1359 3708; x_wconf 73' lang='lat' dir='ltr'><strong>lbue</strong></span> <span class='ocrx_word' id='word_1_524' title='bbox 1393 3660 1448 3707; x_wconf 91' lang='lat' dir='ltr'><strong>et</strong></span> <span class='ocrx_word' id='word_1_525' title='bbox 1474 3651 1797 3708; x_wconf 88' lang='lat' dir='ltr'><strong>Theodoreti</strong></span> <span class='ocrx_word' id='word_1_526' title='bbox 1828 3652 2132 3708; x_wconf 89' lang='lat' dir='ltr'><strong>nominibus</strong></span> <span class='ocrx_word' id='word_1_527' title='bbox 2154 3656 2494 3711; x_wconf 89' lang='lat' dir='ltr'><strong>anathemate</strong></span> <span class='ocrx_word' id='word_1_528' title='bbox 2519 3658 2800 3727; x_wconf 87' lang='lat' dir='ltr'><strong>perculsis.</strong></span> 
     </span>
    </p>
   </div>
   <div class='ocr_carea' id='block_1_39' title="bbox 503 3741 3706 3824">
    <p class='ocr_par' dir='ltr' id='par_1_39' title="bbox 503 3741 3706 3824">
     <span class='ocr_line' id='line_1_39' title="bbox 503 3741 3706 3824; baseline 0.003 -24"><span class='ocrx_word' id='word_1_529' title='bbox 503 3747 765 3801; x_wconf 85' lang='lat' dir='ltr'><strong>Nonnulla</strong></span> <span class='ocrx_word' id='word_1_530' title='bbox 794 3745 1062 3815; x_wconf 78' lang='lat' dir='ltr'><strong>excerpsit</strong></span> <span class='ocrx_word' id='word_1_531' title='bbox 1089 3743 1353 3798; x_wconf 80' lang='lat' dir='ltr'><strong>Mercator</strong></span> <span class='ocrx_word' id='word_1_532' title='bbox 1383 3759 1448 3797; x_wconf 80' lang='lat' dir='ltr'><strong>ex</strong></span> <span class='ocrx_word' id='word_1_533' title='bbox 1489 3741 1756 3797; x_wconf 81' lang='lat' dir='ltr'><strong>Theodori</strong></span> <span class='ocrx_word' id='word_1_534' title='bbox 1788 3742 1936 3798; x_wconf 88' lang='lat' dir='ltr'><strong>libris</strong></span> <span class='ocrx_word' id='word_1_535' title='bbox 1973 3742 2042 3798; x_wconf 91' lang='lat' dir='ltr'><strong>de</strong></span> <span class='ocrx_word' id='word_1_536' title='bbox 2081 3743 2474 3813; x_wconf 73' lang='lat' dir='ltr'><strong>incarnatione,</strong></span> <span class='ocrx_word' id='word_1_537' title='bbox 2509 3747 2803 3818; x_wconf 88' lang='lat' dir='ltr'><strong>Latinaquc</strong></span> <span class='ocrx_word' id='word_1_538' title='bbox 2831 3748 2968 3806; x_wconf 91' lang='lat' dir='ltr'><strong>facta</strong></span> <span class='ocrx_word' id='word_1_539' title='bbox 3000 3752 3113 3807; x_wconf 86' lang='lat' dir='ltr'><strong>suis</strong></span> <span class='ocrx_word' id='word_1_540' title='bbox 3149 3751 3415 3824; x_wconf 76' lang='lat' dir='ltr'><strong>Oper-ibus</strong></span> <span class='ocrx_word' id='word_1_541' title='bbox 3457 3756 3706 3811; x_wconf 84' lang='lat' dir='ltr'><strong>inseruit.</strong></span> 
     </span>
    </p>
   </div>
   <div class='ocr_carea' id='block_1_40' title="bbox 436 3830 3712 3912">
    <p class='ocr_par' dir='ltr' id='par_1_40' title="bbox 436 3830 3712 3912">
     <span class='ocr_line' id='line_1_40' title="bbox 436 3830 3712 3912; baseline 0.003 -23"><span class='ocrx_word' id='word_1_542' title='bbox 436 3836 564 3889; x_wconf 87' lang='lat' dir='ltr'><strong>Eam</strong></span> <span class='ocrx_word' id='word_1_543' title='bbox 587 3835 657 3890; x_wconf 90' lang='lat' dir='ltr'><strong>ob</strong></span> <span class='ocrx_word' id='word_1_544' title='bbox 683 3848 794 3889; x_wconf 88' lang='lat' dir='ltr'><strong>rem</strong></span> <span class='ocrx_word' id='word_1_545' title='bbox 822 3833 1058 3888; x_wconf 68' lang='lat' dir='ltr'><strong>historia:</strong></span> <span class='ocrx_word' id='word_1_546' title='bbox 1079 3831 1301 3900; x_wconf 85' lang='lat' dir='ltr'><strong>hujusce</strong></span> <span class='ocrx_word' id='word_1_547' title='bbox 1327 3831 1584 3884; x_wconf 88' lang='lat' dir='ltr'><strong>memoria</strong></span> <span class='ocrx_word' id='word_1_548' title='bbox 1614 3830 1795 3884; x_wconf 86' lang='lat' dir='ltr'><strong>habita</strong></span> <span class='ocrx_word' id='word_1_549' title='bbox 1824 3837 1907 3886; x_wconf 90' lang='lat' dir='ltr'><strong>est</strong></span> <span class='ocrx_word' id='word_1_550' title='bbox 1931 3848 1943 3884; x_wconf 92' lang='lat'><strong>:</strong></span> <span class='ocrx_word' id='word_1_551' title='bbox 1966 3830 2151 3899; x_wconf 88' lang='lat' dir='ltr'><strong>quidni</strong></span> <span class='ocrx_word' id='word_1_552' title='bbox 2181 3834 2322 3888; x_wconf 91' lang='lat' dir='ltr'><strong>enim</strong></span> <span class='ocrx_word' id='word_1_553' title='bbox 2352 3843 2407 3889; x_wconf 91' lang='lat' dir='ltr'><strong>et</strong></span> <span class='ocrx_word' id='word_1_554' title='bbox 2428 3843 2555 3891; x_wconf 90' lang='lat' dir='ltr'><strong>tunc</strong></span> <span class='ocrx_word' id='word_1_555' title='bbox 2583 3834 2824 3892; x_wconf 85' lang='lat' dir='ltr'><strong>laborem</strong></span> <span class='ocrx_word' id='word_1_556' title='bbox 2844 3839 2987 3894; x_wconf 85' lang='lat' dir='ltr'><strong>hunc</strong></span> <span class='ocrx_word' id='word_1_557' title='bbox 3009 3842 3247 3912; x_wconf 85' lang='lat' dir='ltr'><strong>suscepit</strong></span> <span class='ocrx_word' id='word_1_558' title='bbox 3275 3842 3560 3910; x_wconf 80' lang='lat' dir='ltr'><strong>Mercator,</strong></span> <span class='ocrx_word' id='word_1_559' title='bbox 3586 3860 3712 3900; x_wconf 86' lang='lat' dir='ltr'><strong>eum</strong></span> 
     </span>
    </p>
   </div>
   <div class='ocr_carea' id='block_1_41' title="bbox 434 3917 3708 4007">
    <p class='ocr_par' dir='ltr' id='par_1_41' title="bbox 434 3917 3708 4007">
     <span class='ocr_line' id='line_1_41' title="bbox 434 3917 3708 4007; baseline 0.003 -25"><span class='ocrx_word' id='word_1_560' title='bbox 434 3930 518 3984; x_wconf 84' lang='lat' dir='ltr'><strong>vel</strong></span> <span class='ocrx_word' id='word_1_561' title='bbox 548 3945 578 3982; x_wconf 89' lang='lat' dir='ltr'><strong>a</strong></span> <span class='ocrx_word' id='word_1_562' title='bbox 608 3927 798 3982; x_wconf 89' lang='lat' dir='ltr'><strong>Proclo</strong></span> <span class='ocrx_word' id='word_1_563' title='bbox 829 3934 1022 3989; x_wconf 88' lang='lat' dir='ltr'><strong>tomus,</strong></span> <span class='ocrx_word' id='word_1_564' title='bbox 1055 3926 1166 3979; x_wconf 87' lang='lat' dir='ltr'><strong>sive</strong></span> <span class='ocrx_word' id='word_1_565' title='bbox 1195 3924 1419 3992; x_wconf 88' lang='lat' dir='ltr'><strong>cpistola</strong></span> <span class='ocrx_word' id='word_1_566' title='bbox 1445 3923 1744 3990; x_wconf 87' lang='lat' dir='ltr'><strong>dognuatica</strong></span> <span class='ocrx_word' id='word_1_567' title='bbox 1774 3924 2124 3989; x_wconf 88' lang='lat' dir='ltr'><strong>scriberetur,</strong></span> <span class='ocrx_word' id='word_1_568' title='bbox 2153 3925 2239 3979; x_wconf 85' lang='lat' dir='ltr'><strong>vel</strong></span> <span class='ocrx_word' id='word_1_569' title='bbox 2270 3929 2519 3984; x_wconf 88' lang='lat' dir='ltr'><strong>monachi</strong></span> <span class='ocrx_word' id='word_1_570' title='bbox 2558 3928 2794 3985; x_wconf 84' lang='lat' dir='ltr'><strong>Armenii</strong></span> <span class='ocrx_word' id='word_1_571' title='bbox 2823 3940 3015 4000; x_wconf 87' lang='lat' dir='ltr'><strong>postea</strong></span> <span class='ocrx_word' id='word_1_572' title='bbox 3039 3917 3566 4007; x_wconf 84' lang='lat' dir='ltr'><strong>Constantinopolim</strong></span> <span class='ocrx_word' id='word_1_573' title='bbox 3596 3939 3708 3994; x_wconf 87' lang='lat' dir='ltr'><strong>suis</strong></span> 
     </span>
    </p>
   </div>
   <div class='ocr_carea' id='block_1_42' title="bbox 433 4019 998 4090">
    <p class='ocr_par' dir='ltr' id='par_1_42' title="bbox 433 4019 998 4090">
     <span class='ocr_line' id='line_1_42' title="bbox 433 4019 998 4090; baseline -0.012 -13"><span class='ocrx_word' id='word_1_574' title='bbox 433 4021 668 4090; x_wconf 84' lang='lat' dir='ltr'><strong>querelis</strong></span> <span class='ocrx_word' id='word_1_575' title='bbox 695 4019 998 4089; x_wconf 90' lang='lat' dir='ltr'><strong>implerent.</strong></span> 
     </span>
    </p>
   </div>
   <div class='ocr_carea' id='block_1_43' title="bbox 502 4105 3698 4185">
    <p class='ocr_par' dir='ltr' id='par_1_43' title="bbox 502 4105 3698 4185">
     <span class='ocr_line' id='line_1_43' title="bbox 502 4105 3698 4185; baseline 0.003 -17"><span class='ocrx_word' id='word_1_576' title='bbox 502 4115 826 4184; x_wconf 87' lang='lat' dir='ltr'><strong>Deportatus</strong></span> <span class='ocrx_word' id='word_1_577' title='bbox 854 4111 1014 4178; x_wconf 84' lang='lat' dir='ltr'><strong>igitur</strong></span> <span class='ocrx_word' id='word_1_578' title='bbox 1042 4109 1093 4162; x_wconf 92' lang='lat' dir='ltr'><strong>in</strong></span> <span class='ocrx_word' id='word_1_579' title='bbox 1133 4107 1312 4162; x_wconf 90' lang='lat' dir='ltr'><strong>Oasim</strong></span> <span class='ocrx_word' id='word_1_580' title='bbox 1352 4107 1545 4174; x_wconf 89' lang='lat' dir='ltr'><strong>impius</strong></span> <span class='ocrx_word' id='word_1_581' title='bbox 1569 4105 1768 4159; x_wconf 87' lang='lat' dir='ltr'><strong>Christi</strong></span> <span class='ocrx_word' id='word_1_582' title='bbox 1810 4105 1997 4170; x_wconf 87' lang='lat' dir='ltr'><strong>hostis,</strong></span> <span class='ocrx_word' id='word_1_583' title='bbox 2027 4106 2237 4174; x_wconf 87' lang='lat' dir='ltr'><strong>longam</strong></span> <span class='ocrx_word' id='word_1_584' title='bbox 2279 4110 2492 4181; x_wconf 88' lang='lat' dir='ltr'><strong>scripsit</strong></span> <span class='ocrx_word' id='word_1_585' title='bbox 2533 4126 2600 4166; x_wconf 92' lang='lat' dir='ltr'><strong>eo</strong></span> <span class='ocrx_word' id='word_1_586' title='bbox 2629 4113 2732 4167; x_wconf 90' lang='lat' dir='ltr'><strong>loci</strong></span> <span class='ocrx_word' id='word_1_587' title='bbox 2772 4114 3106 4170; x_wconf 82' lang='lat' dir='ltr'><strong>miseriarum</strong></span> <span class='ocrx_word' id='word_1_588' title='bbox 3148 4133 3363 4172; x_wconf 89' lang='lat' dir='ltr'><strong>suarum</strong></span> <span class='ocrx_word' id='word_1_589' title='bbox 3395 4119 3698 4185; x_wconf 88' lang='lat' dir='ltr'><strong>historiam,</strong></span> 
     </span>
    </p>
   </div>
   <div class='ocr_carea' id='block_1_44' title="bbox 432 4196 3709 4278">
    <p class='ocr_par' dir='ltr' id='par_1_44' title="bbox 432 4196 3709 4278">
     <span class='ocr_line' id='line_1_44' title="bbox 432 4196 3709 4278; baseline 0.001 -16"><span class='ocrx_word' id='word_1_590' title='bbox 432 4208 750 4278; x_wconf 55' lang='lat' dir='ltr'><strong>saepiusque,</strong></span> <span class='ocrx_word' id='word_1_591' title='bbox 781 4208 1003 4274; x_wconf 89' lang='lat' dir='ltr'><strong>propter</strong></span> <span class='ocrx_word' id='word_1_592' title='bbox 1039 4201 1393 4256; x_wconf 86' lang='lat' dir='ltr'><strong>barbarorum</strong></span> <span class='ocrx_word' id='word_1_593' title='bbox 1421 4197 1770 4256; x_wconf 77' lang='lat' dir='ltr'><strong>incursiones,</strong></span> <span class='ocrx_word' id='word_1_594' title='bbox 1805 4196 2188 4252; x_wconf 88' lang='lat' dir='ltr'><strong>habitationem</strong></span> <span class='ocrx_word' id='word_1_595' title='bbox 2234 4209 2442 4255; x_wconf 88' lang='lat' dir='ltr'><strong>mutare</strong></span> <span class='ocrx_word' id='word_1_596' title='bbox 2483 4211 2722 4268; x_wconf 89' lang='lat' dir='ltr'><strong>coactus,</strong></span> <span class='ocrx_word' id='word_1_597' title='bbox 2753 4205 2910 4259; x_wconf 86' lang='lat' dir='ltr'><strong>malis</strong></span> <span class='ocrx_word' id='word_1_598' title='bbox 2944 4205 3157 4261; x_wconf 84' lang='lat' dir='ltr'><strong>tandem</strong></span> <span class='ocrx_word' id='word_1_599' title='bbox 3198 4207 3474 4264; x_wconf 84' lang='lat' dir='ltr'><strong>confectus</strong></span> <span class='ocrx_word' id='word_1_600' title='bbox 3514 4219 3618 4274; x_wconf 87' lang='lat' dir='ltr'><strong>est,</strong></span> <span class='ocrx_word' id='word_1_601' title='bbox 3649 4220 3709 4265; x_wconf 90' lang='lat' dir='ltr'><strong>et</strong></span> 
     </span>
    </p>
   </div>
   <div class='ocr_carea' id='block_1_45' title="bbox 435 4288 2283 4363">
    <p class='ocr_par' dir='ltr' id='par_1_45' title="bbox 435 4288 2283 4363">
     <span class='ocr_line' id='line_1_45' title="bbox 435 4288 2283 4363; baseline -0.004 -11"><span class='ocrx_word' id='word_1_602' title='bbox 435 4299 704 4352; x_wconf 78' lang='lat' dir='ltr'><strong>vermibus</strong></span> <span class='ocrx_word' id='word_1_603' title='bbox 732 4295 1099 4349; x_wconf 84' lang='lat' dir='ltr'><strong>detestabilem</strong></span> <span class='ocrx_word' id='word_1_604' title='bbox 1136 4293 1364 4360; x_wconf 86' lang='lat' dir='ltr'><strong>linguam</strong></span> <span class='ocrx_word' id='word_1_605' title='bbox 1397 4289 1651 4358; x_wconf 81' lang='lat' dir='ltr'><strong>depastis,</strong></span> <span class='ocrx_word' id='word_1_606' title='bbox 1687 4288 1968 4342; x_wconf 77' lang='lat' dir='ltr'><strong>infeliciter</strong></span> <span class='ocrx_word' id='word_1_607' title='bbox 1998 4291 2155 4358; x_wconf 91' lang='lat' dir='ltr'><strong>periit</strong></span> <span class='ocrx_word' id='word_1_608' title='bbox 2187 4293 2283 4363; x_wconf 79' lang='lat' dir='ltr'><strong>(ru).</strong></span> 
     </span>
    </p>
   </div>
   <div class='ocr_carea' id='block_1_46' title="bbox 507 4461 3702 4536">
    <p class='ocr_par' dir='ltr' id='par_1_46' title="bbox 507 4461 3702 4536">
     <span class='ocr_line' id='line_1_46' title="bbox 507 4461 3702 4536; baseline 0.002 -16"><span class='ocrx_word' id='word_1_609' title='bbox 507 4469 682 4536; x_wconf 49' lang='lat' dir='ltr'><strong>(«ull-1v</strong></span> <span class='ocrx_word' id='word_1_610' title='bbox 717 4469 816 4520; x_wconf 82' lang='lat' dir='ltr'><strong>hac</strong></span> <span class='ocrx_word' id='word_1_611' title='bbox 845 4468 1152 4532; x_wconf 78' lang='lat' dir='ltr'><strong>pra-fatione</strong></span> <span class='ocrx_word' id='word_1_612' title='bbox 1172 4461 2012 4536; x_wconf 69' lang='lat' dir='ltr'><strong>apertumest_u]uam_nuuulta_de-</strong></span> <span class='ocrx_word' id='word_1_613' title='bbox 2043 4471 2086 4522; x_wconf 88' lang='grc' dir='ltr'><strong>Λ</strong></span> <span class='ocrx_word' id='word_1_614' title='bbox 2117 4466 2333 4532; x_wconf 86' lang='lat' dir='ltr'><strong>quidem</strong></span> <span class='ocrx_word' id='word_1_615' title='bbox 2369 4468 2538 4534; x_wconf 84' lang='lat' dir='ltr'><strong>prima</strong></span> <span class='ocrx_word' id='word_1_616' title='bbox 2583 4483 2706 4536; x_wconf 84' lang='lat' dir='ltr'><strong>pars</strong></span> <span class='ocrx_word' id='word_1_617' title='bbox 2745 4485 2863 4536; x_wconf 73' lang='lat' dir='ltr'><strong>qum</strong></span> <span class='ocrx_word' id='word_1_618' title='bbox 2892 4486 2920 4522; x_wconf 86' lang='lat' dir='ltr'><strong>a</strong></span> <span class='ocrx_word' id='word_1_619' title='bbox 2950 4471 3051 4523; x_wconf 84' lang='lat' dir='ltr'><strong>fine</strong></span> <span class='ocrx_word' id='word_1_620' title='bbox 3083 4471 3206 4525; x_wconf 83' lang='lat' dir='ltr'><strong>anni</strong></span> <span class='ocrx_word' id='word_1_621' title='bbox 3241 4470 3343 4523; x_wconf 70' lang='grc'><strong>428</strong></span> <span class='ocrx_word' id='word_1_622' title='bbox 3371 4473 3435 4524; x_wconf 90' lang='lat' dir='ltr'><strong>ad</strong></span> <span class='ocrx_word' id='word_1_623' title='bbox 3463 4473 3702 4528; x_wconf 77' lang='lat' dir='ltr'><strong>Novem-</strong></span> 
     </span>
    </p>
   </div>
   <div class='ocr_carea' id='block_1_47' title="bbox 429 4532 3700 4613">
    <p class='ocr_par' dir='ltr' id='par_1_47' title="bbox 429 4532 3700 4613">
     <span class='ocr_line' id='line_1_47' title="bbox 429 4532 3700 4613; baseline 0.001 -18"><span class='ocrx_word' id='word_1_624' title='bbox 429 4532 537 4595; x_wconf 60' lang='grc' dir='ltr'>διιιί</span> <span class='ocrx_word' id='word_1_625' title='bbox 568 4532 619 4594; x_wconf 89' lang='lat' dir='ltr'><strong>in</strong></span> <span class='ocrx_word' id='word_1_626' title='bbox 658 4537 980 4613; x_wconf 65' lang='lat' dir='ltr'><strong>editionihus</strong></span> <span class='ocrx_word' id='word_1_627' title='bbox 1025 4532 1249 4613; x_wconf 73' lang='lat' dir='ltr'><strong>vulgatis</strong></span> <span class='ocrx_word' id='word_1_628' title='bbox 1283 4532 1777 4613; x_wconf 41' lang='lat' dir='ltr'><strong>concilii.presini</strong></span> <span class='ocrx_word' id='word_1_629' title='bbox 1799 4571 1812 4592; x_wconf 91' lang='lat'><strong>,</strong></span> <span class='ocrx_word' id='word_1_630' title='bbox 1845 4533 2005 4613; x_wconf 82' lang='lat' dir='ltr'><strong>etiam</strong></span> <span class='ocrx_word' id='word_1_631' title='bbox 2118 4535 2266 4588; x_wconf 87' lang='lat' dir='ltr'><strong>breuuu</strong></span> <span class='ocrx_word' id='word_1_632' title='bbox 2289 4532 2414 4613; x_wconf 71' lang='lat' dir='ltr'><strong>anni</strong></span> <span class='ocrx_word' id='word_1_633' title='bbox 2437 4538 2538 4592; x_wconf 71' lang='grc'><strong>450</strong></span> <span class='ocrx_word' id='word_1_634' title='bbox 2565 4532 2923 4613; x_wconf 46' lang='lat' dir='ltr'><strong>s&#39;cr-ipta:_suuuut</strong></span> <span class='ocrx_word' id='word_1_635' title='bbox 2951 4543 3396 4613; x_wconf 76' lang='lat' dir='ltr'><strong>comprehendet;</strong></span> <span class='ocrx_word' id='word_1_636' title='bbox 3439 4548 3700 4608; x_wconf 78' lang='lat' dir='ltr'><strong>secunda,</strong></span> 
     </span>
    </p>
   </div>
   <div class='ocr_carea' id='block_1_48' title="bbox 435 4607 3706 4678">
    <p class='ocr_par' dir='ltr' id='par_1_48' title="bbox 435 4607 3706 4678">
     <span class='ocr_line' id='line_1_48' title="bbox 435 4607 3706 4678; baseline 0.002 -19"><span class='ocrx_word' id='word_1_637' title='bbox 435 4613 674 4664; x_wconf 72' lang='lat' dir='ltr'><strong>ltounnna</strong></span> <span class='ocrx_word' id='word_1_638' title='bbox 694 4651 707 4671; x_wconf 92' lang='lat'><strong>,</strong></span> <span class='ocrx_word' id='word_1_639' title='bbox 740 4608 1015 4678; x_wconf 60' lang='lat' dir='ltr'><strong>regiaque,</strong></span> <span class='ocrx_word' id='word_1_640' title='bbox 1046 4607 1174 4678; x_wconf 77' lang='lat' dir='ltr'><strong>imm</strong></span> <span class='ocrx_word' id='word_1_641' title='bbox 1202 4629 1212 4653; x_wconf 73' lang='grc' dir='ltr'>ν</span> <span class='ocrx_word' id='word_1_642' title='bbox 1243 4612 1296 4655; x_wconf 86' lang='lat' dir='ltr'><strong>et</strong></span> <span class='ocrx_word' id='word_1_643' title='bbox 1323 4607 1652 4678; x_wconf 74' lang='lat' dir='ltr'><strong>r_u_-u-cntim&#39;e_,</strong></span> <span class='ocrx_word' id='word_1_644' title='bbox 1685 4618 1803 4654; x_wconf 85' lang='lat' dir='ltr'><strong>cum</strong></span> <span class='ocrx_word' id='word_1_645' title='bbox 1831 4616 1894 4652; x_wconf 83' lang='lat' dir='ltr'><strong>ca</strong></span> <span class='ocrx_word' id='word_1_646' title='bbox 1923 4611 2004 4654; x_wconf 86' lang='lat' dir='ltr'><strong>ta-</strong></span> <span class='ocrx_word' id='word_1_647' title='bbox 2117 4621 2235 4673; x_wconf 80' lang='lat' dir='ltr'><strong>quuzc</strong></span> <span class='ocrx_word' id='word_1_648' title='bbox 2266 4607 2332 4678; x_wconf 85' lang='lat' dir='ltr'><strong>ab</strong></span> <span class='ocrx_word' id='word_1_649' title='bbox 2381 4609 2485 4678; x_wconf 77' lang='lat' dir='ltr'><strong>hoc</strong></span> <span class='ocrx_word' id='word_1_650' title='bbox 2534 4625 2716 4660; x_wconf 76' lang='lat' dir='ltr'><strong>uncnsc</strong></span> <span class='ocrx_word' id='word_1_651' title='bbox 2763 4608 3047 4678; x_wconf 59' lang='lat' dir='ltr'><strong>Novembri</strong></span> <span class='ocrx_word' id='word_1_652' title='bbox 3078 4607 3154 4662; x_wconf 70' lang='lat' dir='ltr'><strong>ad</strong></span> <span class='ocrx_word' id='word_1_653' title='bbox 3195 4611 3335 4665; x_wconf 89' lang='lat' dir='ltr'><strong>dicm</strong></span> <span class='ocrx_word' id='word_1_654' title='bbox 3382 4613 3706 4678; x_wconf 71' lang='lat' dir='ltr'><strong>vigesimum</strong></span> 
     </span>
    </p>
   </div>
   <div class='ocr_carea' id='block_1_49' title="bbox 433 4672 3697 4752">
    <p class='ocr_par' dir='ltr' id='par_1_49' title="bbox 433 4672 3697 4752">
     <span class='ocr_line' id='line_1_49' title="bbox 433 4672 3697 4752; baseline -0.003 -19"><span class='ocrx_word' id='word_1_655' title='bbox 433 4698 551 4734; x_wconf 79' lang='lat' dir='ltr'><strong>unco</strong></span> <span class='ocrx_word' id='word_1_656' title='bbox 585 4697 689 4734; x_wconf 88' lang='lat' dir='ltr'><strong>non</strong></span> <span class='ocrx_word' id='word_1_657' title='bbox 734 4677 908 4752; x_wconf 68' lang='lat' dir='ltr'><strong>minus</strong></span> <span class='ocrx_word' id='word_1_658' title='bbox 949 4675 1011 4727; x_wconf 76' lang='lat' dir='ltr'><strong>ad</strong></span> <span class='ocrx_word' id='word_1_659' title='bbox 1046 4676 1143 4752; x_wconf 64' lang='lat' dir='ltr'><strong>hoc</strong></span> <span class='ocrx_word' id='word_1_660' title='bbox 1186 4672 1468 4750; x_wconf 41' lang='lat' dir='ltr'><strong>manu-ilium</strong></span> <span class='ocrx_word' id='word_1_661' title='bbox 1501 4672 1818 4752; x_wconf 66' lang='lat' dir='ltr'><strong>pertineant,</strong></span> <span class='ocrx_word' id='word_1_662' title='bbox 1847 4680 2007 4737; x_wconf 77' lang='lat' dir='ltr'><strong>atque</strong></span> <span class='ocrx_word' id='word_1_663' title='bbox 2116 4672 2408 4752; x_wconf 75' lang='lat' dir='ltr'><strong>secundum</strong></span> <span class='ocrx_word' id='word_1_664' title='bbox 2429 4677 2571 4730; x_wconf 77' lang='lat' dir='ltr'><strong>Junii</strong></span> <span class='ocrx_word' id='word_1_665' title='bbox 2603 4678 2724 4730; x_wconf 70' lang='lat' dir='ltr'><strong>anni</strong></span> <span class='ocrx_word' id='word_1_666' title='bbox 2755 4677 2875 4740; x_wconf 52' lang='lat'><strong>5.31,</strong></span> <span class='ocrx_word' id='word_1_667' title='bbox 2903 4695 3008 4746; x_wconf 71' lang='grc' dir='ltr'><strong>(μευ</strong></span> <span class='ocrx_word' id='word_1_668' title='bbox 3034 4680 3119 4732; x_wconf 62' lang='grc' dir='ltr'><strong>(ἥρ</strong></span> <span class='ocrx_word' id='word_1_669' title='bbox 3152 4681 3162 4732; x_wconf 87' lang='lat' dir='ltr'><strong>i</strong></span> <span class='ocrx_word' id='word_1_670' title='bbox 3205 4683 3395 4733; x_wconf 60' lang='lat' dir='ltr'><strong>dmum</strong></span> <span class='ocrx_word' id='word_1_671' title='bbox 3419 4672 3504 4734; x_wconf 65' lang='grc' dir='ltr'>(ζει</span> <span class='ocrx_word' id='word_1_672' title='bbox 3531 4700 3697 4752; x_wconf 53' lang='lat' dir='ltr'><strong>gyno-</strong></span> 
     </span>
    </p>
   </div>
   <div class='ocr_carea' id='block_1_50' title="bbox 431 4741 3706 4817">
    <p class='ocr_par' dir='ltr' id='par_1_50' title="bbox 431 4741 3706 4817">
     <span class='ocr_line' id='line_1_50' title="bbox 431 4741 3706 4817; baseline -0.004 3"><span class='ocrx_word' id='word_1_673' title='bbox 431 4753 592 4804; x_wconf 59' lang='lat' dir='ltr'><strong>“iam</strong></span> <span class='ocrx_word' id='word_1_674' title='bbox 636 4748 804 4816; x_wconf 66' lang='lat' dir='ltr'><strong>magis</strong></span> <span class='ocrx_word' id='word_1_675' title='bbox 853 4744 1154 4798; x_wconf 61' lang='grc' dir='ltr'><strong>ηθθθδδεπίτὶ</strong></span> <span class='ocrx_word' id='word_1_676' title='bbox 1197 4741 1330 4817; x_wconf 38' lang='lat' dir='ltr'><strong>“Mn,</strong></span> <span class='ocrx_word' id='word_1_677' title='bbox 1366 4755 1695 4817; x_wconf 56' lang='grc' dir='ltr'>«ιιιτιιηηίιικυ</span> <span class='ocrx_word' id='word_1_678' title='bbox 1725 4741 2003 4817; x_wconf 58' lang='lat' dir='ltr'><strong>habemur-</strong></span> <span class='ocrx_word' id='word_1_679' title='bbox 2115 4745 2245 4817; x_wconf 65' lang='lat' dir='ltr'><strong>fllls;</strong></span> <span class='ocrx_word' id='word_1_680' title='bbox 2279 4748 2432 4800; x_wconf 89' lang='lat' dir='ltr'><strong>tertia</strong></span> <span class='ocrx_word' id='word_1_681' title='bbox 2460 4790 2472 4806; x_wconf 83' lang='grc'>,</span> <span class='ocrx_word' id='word_1_682' title='bbox 2520 4761 2638 4814; x_wconf 58' lang='lat' dir='ltr'><strong>quas</strong></span> <span class='ocrx_word' id='word_1_683' title='bbox 2681 4741 3394 4817; x_wconf 62' lang='lat' dir='ltr'><strong>quntum&quot;consequentibus</strong></span> <span class='ocrx_word' id='word_1_684' title='bbox 3419 4744 3706 4808; x_wconf 55' lang='lat' dir='ltr'><strong>mensibus</strong></span> 
     </span>
    </p>
   </div>
   <div class='ocr_carea' id='block_1_51' title="bbox 433 4810 3697 4933">
    <p class='ocr_par' dir='ltr' id='par_1_51' title="bbox 433 4810 3697 4933">
     <span class='ocr_line' id='line_1_51' title="bbox 433 4810 3697 4933; baseline 0.009 -86"><span class='ocrx_word' id='word_1_685' title='bbox 433 4826 684 4888; x_wconf 49' lang='lat' dir='ltr'><strong>Apertum</strong></span> <span class='ocrx_word' id='word_1_686' title='bbox 728 4810 888 4870; x_wconf 61' lang='lat' dir='ltr'><strong>ctiam</strong></span> <span class='ocrx_word' id='word_1_687' title='bbox 930 4831 1088 4881; x_wconf 82' lang='lat' dir='ltr'><strong>quam</strong></span> <span class='ocrx_word' id='word_1_688' title='bbox 1128 4811 1441 4933; x_wconf 54' lang='lat' dir='ltr'><strong>[perturbate</strong></span> <span class='ocrx_word' id='word_1_689' title='bbox 1471 4810 1802 4890; x_wconf 78' lang='lat' dir='ltr'><strong>collocentur</strong></span> <span class='ocrx_word' id='word_1_690' title='bbox 1825 4811 2008 4863; x_wconf 87' lang='lat' dir='ltr'><strong>omnia</strong></span> <span class='ocrx_word' id='word_1_691' title='bbox 2115 4815 2279 4868; x_wconf 85' lang='lat' dir='ltr'><strong>habiti</strong></span> <span class='ocrx_word' id='word_1_692' title='bbox 2301 4810 2552 4878; x_wconf 68' lang='lat' dir='ltr'><strong>concilii;</strong></span> <span class='ocrx_word' id='word_1_693' title='bbox 2572 4810 2782 4882; x_wconf 68' lang='lat' dir='ltr'><strong>quarta,</strong></span> <span class='ocrx_word' id='word_1_694' title='bbox 2806 4834 2974 4885; x_wconf 69' lang='lat' dir='ltr'><strong>quma</strong></span> <span class='ocrx_word' id='word_1_695' title='bbox 3006 4819 3108 4872; x_wconf 82' lang='lat' dir='ltr'><strong>line</strong></span> <span class='ocrx_word' id='word_1_696' title='bbox 3130 4810 3264 4873; x_wconf 50' lang='lat' dir='ltr'><strong>&#39;anni</strong></span> <span class='ocrx_word' id='word_1_697' title='bbox 3293 4819 3385 4872; x_wconf 70' lang='grc'><strong>451</strong></span> <span class='ocrx_word' id='word_1_698' title='bbox 3417 4822 3484 4874; x_wconf 84' lang='lat' dir='ltr'><strong>ad</strong></span> <span class='ocrx_word' id='word_1_699' title='bbox 3517 4824 3697 4891; x_wconf 78' lang='lat' dir='ltr'><strong>ipsum</strong></span> 
     </span>
     <span class='ocr_line' id='line_1_52' title="bbox 433 4885 3697 4933; baseline 0 0"><span class='ocrx_word' id='word_1_700' title='bbox 433 4890 539 4933; x_wconf 72' lang='grc' dir='ltr'>Γιϊιι</span> <span class='ocrx_word' id='word_1_701' title='bbox 571 4893 620 4933; x_wconf 88' lang='lat' dir='ltr'><strong>in</strong></span> <span class='ocrx_word' id='word_1_702' title='bbox 653 4885 974 4933; x_wconf 64' lang='lat' dir='ltr'><strong>mliliumilms</strong></span> <span class='ocrx_word' id='word_1_703' title='bbox 1015 4891 1276 4933; x_wconf 60' lang='lat' dir='ltr'><strong>mnu-atus.</strong></span> <span class='ocrx_word' id='word_1_704' title='bbox 1329 4888 1383 4932; x_wconf 80' lang='lat' dir='ltr'><strong>Cl</strong></span> <span class='ocrx_word' id='word_1_705' title='bbox 1426 4896 1529 4933; x_wconf 84' lang='lat' dir='ltr'><strong>una</strong></span> <span class='ocrx_word' id='word_1_706' title='bbox 1573 4887 1778 4932; x_wconf 88' lang='lat' dir='ltr'><strong>ratuonc</strong></span> <span class='ocrx_word' id='word_1_707' title='bbox 1800 4887 2008 4933; x_wconf 86' lang='lat' dir='ltr'><strong>nertuur-</strong></span> <span class='ocrx_word' id='word_1_708' title='bbox 2117 4901 2251 4933; x_wconf 77' lang='lat' dir='ltr'><strong>nmm</strong></span> <span class='ocrx_word' id='word_1_709' title='bbox 2299 4903 2492 4933; x_wconf 49' lang='lat' dir='ltr'><strong>nimum</strong></span> <span class='ocrx_word' id='word_1_710' title='bbox 2542 4887 2643 4933; x_wconf 63' lang='grc'><strong>437</strong></span> <span class='ocrx_word' id='word_1_711' title='bbox 2691 4897 2780 4933; x_wconf 84' lang='lat' dir='ltr'><strong>:uuut</strong></span> <span class='ocrx_word' id='word_1_712' title='bbox 2829 4889 2987 4933; x_wconf 61' lang='lat' dir='ltr'><strong>etiam</strong></span> <span class='ocrx_word' id='word_1_713' title='bbox 3036 4888 3162 4933; x_wconf 63' lang='lat'><strong>.433-</strong></span> <span class='ocrx_word' id='word_1_714' title='bbox 3210 4890 3338 4933; x_wconf 72' lang='lat' dir='ltr'><strong>(lium</strong></span> <span class='ocrx_word' id='word_1_715' title='bbox 3398 4891 3592 4933; x_wconf 67' lang='lat' dir='ltr'><strong>uiuch</strong></span> <span class='ocrx_word' id='word_1_716' title='bbox 3643 4895 3697 4933; x_wconf 84' lang='lat' dir='ltr'><strong>in</strong></span> 
     </span>
    </p>
   </div>
   <div class='ocr_carea' id='block_1_52' title="bbox 433 4885 3698 4959">
    <p class='ocr_par' dir='ltr' id='par_1_52' title="bbox 433 4885 3698 4959">
     <span class='ocr_line' id='line_1_53' title="bbox 433 4885 3698 4959; baseline 0.002 -20"><span class='ocrx_word' id='word_1_717' title='bbox 433 4885 539 4942; x_wconf 72' lang='lat' dir='ltr'><strong>f&#39;u-rc</strong></span> <span class='ocrx_word' id='word_1_718' title='bbox 571 4893 620 4943; x_wconf 92' lang='lat' dir='ltr'><strong>in</strong></span> <span class='ocrx_word' id='word_1_719' title='bbox 653 4885 974 4959; x_wconf 76' lang='lat' dir='ltr'><strong>editionilnus</strong></span> <span class='ocrx_word' id='word_1_720' title='bbox 1015 4885 1276 4952; x_wconf 64' lang='lat' dir='ltr'><strong>pur-fatis,</strong></span> <span class='ocrx_word' id='word_1_721' title='bbox 1329 4888 1383 4932; x_wconf 90' lang='lat' dir='ltr'><strong>ct</strong></span> <span class='ocrx_word' id='word_1_722' title='bbox 1426 4896 1529 4947; x_wconf 83' lang='lat' dir='ltr'><strong>qua</strong></span> <span class='ocrx_word' id='word_1_723' title='bbox 1563 4885 1778 4959; x_wconf 70' lang='lat' dir='ltr'><strong>ratione</strong></span> <span class='ocrx_word' id='word_1_724' title='bbox 1800 4887 2008 4947; x_wconf 87' lang='lat' dir='ltr'><strong>pertuur-</strong></span> <span class='ocrx_word' id='word_1_725' title='bbox 2117 4901 2251 4959; x_wconf 64' lang='lat' dir='ltr'><strong>pono.</strong></span> <span class='ocrx_word' id='word_1_726' title='bbox 2299 4903 2494 4959; x_wconf 62' lang='lat' dir='ltr'><strong>annuum</strong></span> <span class='ocrx_word' id='word_1_727' title='bbox 2542 4887 2643 4959; x_wconf 60' lang='grc'><strong>457</strong></span> <span class='ocrx_word' id='word_1_728' title='bbox 2691 4897 2780 4941; x_wconf 83' lang='lat' dir='ltr'><strong>auut</strong></span> <span class='ocrx_word' id='word_1_729' title='bbox 2829 4889 2988 4942; x_wconf 83' lang='lat' dir='ltr'><strong>ctiam</strong></span> <span class='ocrx_word' id='word_1_730' title='bbox 3036 4888 3162 4942; x_wconf 72' lang='lat'><strong>458.</strong></span> <span class='ocrx_word' id='word_1_731' title='bbox 3210 4890 3338 4956; x_wconf 78' lang='lat' dir='ltr'><strong>Qua:</strong></span> <span class='ocrx_word' id='word_1_732' title='bbox 3398 4885 3594 4946; x_wconf 82' lang='lat' dir='ltr'><strong>ulcsniut</strong></span> <span class='ocrx_word' id='word_1_733' title='bbox 3642 4895 3698 4948; x_wconf 90' lang='lat' dir='ltr'><strong>in</strong></span> 
     </span>
    </p>
   </div>
   <div class='ocr_carea' id='block_1_53' title="bbox 435 4948 3306 5026">
    <p class='ocr_par' dir='ltr' id='par_1_53' title="bbox 435 4948 3306 5026">
     <span class='ocr_line' id='line_1_54' title="bbox 435 4948 3306 5026; baseline 0.001 -16"><span class='ocrx_word' id='word_1_734' title='bbox 435 4961 576 5012; x_wconf 87' lang='lat' dir='ltr'><strong>latio</strong></span> <span class='ocrx_word' id='word_1_735' title='bbox 620 4958 732 5013; x_wconf 90' lang='lat' dir='ltr'><strong>tolli</strong></span> <span class='ocrx_word' id='word_1_736' title='bbox 778 4955 975 5026; x_wconf 81' lang='lat' dir='ltr'><strong>possit,</strong></span> <span class='ocrx_word' id='word_1_737' title='bbox 1017 4948 1320 5026; x_wconf 68' lang='lat' dir='ltr'><strong>cunctaque</strong></span> <span class='ocrx_word' id='word_1_738' title='bbox 1367 4966 1520 5001; x_wconf 78' lang='lat' dir='ltr'><strong>suum</strong></span> <span class='ocrx_word' id='word_1_739' title='bbox 1562 4949 1612 5001; x_wconf 88' lang='lat' dir='ltr'><strong>in</strong></span> <span class='ocrx_word' id='word_1_740' title='bbox 1654 4948 1894 5002; x_wconf 80' lang='lat' dir='ltr'><strong>ordinem</strong></span> <span class='ocrx_word' id='word_1_741' title='bbox 1926 4963 2010 5002; x_wconf 86' lang='lat' dir='ltr'><strong>rc-</strong></span> <span class='ocrx_word' id='word_1_742' title='bbox 2118 4948 2440 5011; x_wconf 77' lang='lat' dir='ltr'><strong>editionibus</strong></span> <span class='ocrx_word' id='word_1_743' title='bbox 2468 4957 2714 5024; x_wconf 73' lang='lat' dir='ltr'><strong>vulgatis,</strong></span> <span class='ocrx_word' id='word_1_744' title='bbox 2747 4960 3015 5013; x_wconf 81' lang='lat' dir='ltr'><strong>asteriscis</strong></span> <span class='ocrx_word' id='word_1_745' title='bbox 3036 4948 3306 5012; x_wconf 73' lang='lat' dir='ltr'><strong>notantur.</strong></span> 
     </span>
    </p>
   </div>
   <div class='ocr_carea' id='block_1_54' title="bbox 432 5024 1111 5081">
    <p class='ocr_par' dir='ltr' id='par_1_54' title="bbox 432 5024 1111 5081">
     <span class='ocr_line' id='line_1_55' title="bbox 432 5024 1111 5081; baseline -0.016 -1"><span class='ocrx_word' id='word_1_746' title='bbox 432 5030 599 5081; x_wconf 83' lang='lat' dir='ltr'><strong>stituui.</strong></span> <span class='ocrx_word' id='word_1_747' title='bbox 781 5024 790 5026; x_wconf 43' lang='grc'><strong>“</strong></span> <span class='ocrx_word' id='word_1_748' title='bbox 1095 5024 1111 5040; x_wconf 82' lang='grc'><strong><em>⁵</em></strong></span> 
     </span>
    </p>
   </div>
   <div class='ocr_carea' id='block_1_55' title="bbox 506 5088 3446 5160">
    <p class='ocr_par' dir='ltr' id='par_1_55' title="bbox 506 5088 3446 5160">
     <span class='ocr_line' id='line_1_56' title="bbox 506 5088 3446 5160; baseline -0.002 -9"><span class='ocrx_word' id='word_1_749' title='bbox 506 5099 721 5151; x_wconf 76' lang='lat' dir='ltr'><strong>Videtur</strong></span> <span class='ocrx_word' id='word_1_750' title='bbox 748 5110 876 5160; x_wconf 76' lang='lat' dir='ltr'><strong>ergo</strong></span> <span class='ocrx_word' id='word_1_751' title='bbox 917 5101 1088 5146; x_wconf 87' lang='lat' dir='ltr'><strong>totum</strong></span> <span class='ocrx_word' id='word_1_752' title='bbox 1118 5107 1251 5159; x_wconf 78' lang='lat' dir='ltr'><strong>opus</strong></span> <span class='ocrx_word' id='word_1_753' title='bbox 1279 5088 1520 5142; x_wconf 76' lang='lat' dir='ltr'><strong>ulistrihuui</strong></span> <span class='ocrx_word' id='word_1_754' title='bbox 1550 5088 1746 5141; x_wconf 72' lang='lat' dir='ltr'><strong>debere</strong></span> <span class='ocrx_word' id='word_1_755' title='bbox 1774 5095 2009 5160; x_wconf 85' lang='lat' dir='ltr'><strong>quatuor</strong></span> <span class='ocrx_word' id='word_1_756' title='bbox 2353 5089 2565 5143; x_wconf 74' lang='lat' dir='ltr'><strong>PRIMA</strong></span> <span class='ocrx_word' id='word_1_757' title='bbox 2595 5089 2770 5144; x_wconf 76' lang='lat' dir='ltr'><strong>PARS</strong></span> <span class='ocrx_word' id='word_1_758' title='bbox 2797 5089 3085 5146; x_wconf 75' lang='lat' dir='ltr'><strong>CONCILII</strong></span> <span class='ocrx_word' id='word_1_759' title='bbox 3113 5091 3446 5156; x_wconf 81' lang='lat' dir='ltr'><strong>EPHESINI,</strong></span> 
     </span>
    </p>
   </div>
   <div class='ocr_carea' id='block_1_56' title="bbox 432 5159 3598 5249">
    <p class='ocr_par' dir='ltr' id='par_1_56' title="bbox 432 5159 3598 5249">
     <span class='ocr_line' id='line_1_57' title="bbox 432 5159 3598 5249; baseline -0.007 -31"><span class='ocrx_word' id='word_1_760' title='bbox 432 5169 483 5219; x_wconf 88' lang='lat' dir='ltr'><strong>in</strong></span> <span class='ocrx_word' id='word_1_761' title='bbox 516 5175 724 5236; x_wconf 74' lang='lat' dir='ltr'><strong>partes.</strong></span> <span class='ocrx_word' id='word_1_762' title='bbox 771 5159 995 5249; x_wconf 33' lang='lat' dir='ltr'><strong>quoii-ann.</strong></span> <span class='ocrx_word' id='word_1_763' title='bbox 1028 5163 1221 5237; x_wconf 67' lang='lat' dir='ltr'><strong>prima,</strong></span> <span class='ocrx_word' id='word_1_764' title='bbox 1261 5174 1390 5249; x_wconf 59' lang='lat' dir='ltr'><strong>lquin</strong></span> <span class='ocrx_word' id='word_1_765' title='bbox 1421 5167 1835 5249; x_wconf 45' lang='grc' dir='ltr'><strong>Ιίιιιιελιῑυέδιιιιιιιειι</strong></span> <span class='ocrx_word' id='word_1_766' title='bbox 1870 5159 2006 5249; x_wconf 67' lang='lat' dir='ltr'><strong>indi-</strong></span> <span class='ocrx_word' id='word_1_767' title='bbox 2182 5183 2222 5232; x_wconf 76' lang='grc' dir='ltr'><em>Α</em></span> <span class='ocrx_word' id='word_1_768' title='bbox 2254 5182 2357 5249; x_wconf 68' lang='lat' dir='ltr'><strong>ﬁne</strong></span> <span class='ocrx_word' id='word_1_769' title='bbox 2385 5183 2508 5234; x_wconf 71' lang='lat' dir='ltr'><strong>anm-</strong></span> <span class='ocrx_word' id='word_1_770' title='bbox 2536 5180 2636 5234; x_wconf 52' lang='grc'><strong>428</strong></span> <span class='ocrx_word' id='word_1_771' title='bbox 2669 5182 2738 5234; x_wconf 69' lang='lat' dir='ltr'><strong><em>ad</em></strong></span> <span class='ocrx_word' id='word_1_772' title='bbox 2767 5181 2899 5234; x_wconf 62' lang='lat' dir='ltr'><strong>diem</strong></span> <span class='ocrx_word' id='word_1_773' title='bbox 2926 5181 3318 5238; x_wconf 54' lang='lat' dir='ltr'><strong>19N0vmbn.’</strong></span> <span class='ocrx_word' id='word_1_774' title='bbox 3337 5187 3464 5238; x_wconf 64' lang='lat' dir='ltr'><strong>am”.</strong></span> <span class='ocrx_word' id='word_1_775' title='bbox 3493 5185 3598 5240; x_wconf 54' lang='lat'><strong>‘50</strong></span> 
     </span>
    </p>
   </div>
   <div class='ocr_carea' id='block_1_57' title="bbox 433 5226 3618 5297">
    <p class='ocr_par' dir='ltr' id='par_1_57' title="bbox 433 5226 3618 5297">
     <span class='ocr_line' id='line_1_58' title="bbox 433 5226 3618 5297; baseline -0.003 -8"><span class='ocrx_word' id='word_1_776' title='bbox 433 5226 664 5290; x_wconf 46' lang='lat' dir='ltr'><strong>u‘l&#39;uoncun</strong></span> <span class='ocrx_word' id='word_1_777' title='bbox 694 5226 924 5292; x_wconf 75' lang='lat' dir='ltr'><strong>concilii,</strong></span> <span class='ocrx_word' id='word_1_778' title='bbox 949 5226 1168 5297; x_wconf 68' lang='lat' dir='ltr'><strong>ejusque</strong></span> <span class='ocrx_word' id='word_1_779' title='bbox 1192 5226 1452 5283; x_wconf 80' lang='lat' dir='ltr'><strong>indiu&#39;cnuli</strong></span> <span class='ocrx_word' id='word_1_780' title='bbox 1476 5243 1690 5283; x_wconf 83' lang='lat' dir='ltr'><strong>causam</strong></span> <span class='ocrx_word' id='word_1_781' title='bbox 1721 5227 2000 5289; x_wconf 78' lang='lat' dir='ltr'><strong>dederunt;</strong></span> <span class='ocrx_word' id='word_1_782' title='bbox 2119 5295 2124 5297; x_wconf 96' lang='lat'>_</span> <span class='ocrx_word' id='word_1_783' title='bbox 2547 5226 2634 5234; x_wconf 65' lang='lat'><strong>&#39;&quot;</strong></span> <span class='ocrx_word' id='word_1_784' title='bbox 2767 5226 3318 5297; x_wconf 62' lang='lat'><strong>&quot;&#39;&quot;&#39;_&quot;_&quot;&#39;&quot;&quot;&quot;&quot;&quot;</strong></span> <span class='ocrx_word' id='word_1_785' title='bbox 3337 5226 3463 5297; x_wconf 35' lang='lat' dir='ltr'><strong>&quot;&#39;f&quot;</strong></span> <span class='ocrx_word' id='word_1_786' title='bbox 3493 5226 3618 5240; x_wconf 59' lang='grc' dir='ltr'><strong>’π’</strong></span> 
     </span>
    </p>
   </div>
   <div class='ocr_carea' id='block_1_58' title="bbox 430 5292 3690 5372">
    <p class='ocr_par' dir='ltr' id='par_1_58' title="bbox 430 5292 3690 5372">
     <span class='ocr_line' id='line_1_59' title="bbox 430 5292 3690 5372; baseline -0.003 -12"><span class='ocrx_word' id='word_1_787' title='bbox 430 5305 680 5365; x_wconf 67' lang='lat' dir='ltr'><strong>soconda,</strong></span> <span class='ocrx_word' id='word_1_788' title='bbox 709 5319 826 5372; x_wconf 73' lang='lat' dir='ltr'><strong>qum</strong></span> <span class='ocrx_word' id='word_1_789' title='bbox 856 5304 922 5355; x_wconf 87' lang='lat' dir='ltr'><strong>ah</strong></span> <span class='ocrx_word' id='word_1_790' title='bbox 957 5292 1243 5372; x_wconf 75' lang='lat' dir='ltr'><strong>indictione</strong></span> <span class='ocrx_word' id='word_1_791' title='bbox 1280 5299 1345 5352; x_wconf 88' lang='lat' dir='ltr'><strong>aul</strong></span> <span class='ocrx_word' id='word_1_792' title='bbox 1377 5299 1604 5368; x_wconf 87' lang='lat' dir='ltr'><strong>primam</strong></span> <span class='ocrx_word' id='word_1_793' title='bbox 1635 5312 1802 5372; x_wconf 75' lang='lat' dir='ltr'><strong>usque</strong></span> <span class='ocrx_word' id='word_1_794' title='bbox 1831 5298 2000 5349; x_wconf 87' lang='lat' dir='ltr'><strong>actio-</strong></span> <span class='ocrx_word' id='word_1_795' title='bbox 2114 5295 2130 5312; x_wconf 87' lang='lat'><strong>&#39;</strong></span> <span class='ocrx_word' id='word_1_796' title='bbox 2169 5292 2394 5372; x_wconf 68' lang='lat' dir='ltr'><strong>Nestorii</strong></span> <span class='ocrx_word' id='word_1_797' title='bbox 2435 5305 2612 5372; x_wconf 78' lang='lat' dir='ltr'><strong>sermo</strong></span> <span class='ocrx_word' id='word_1_798' title='bbox 2655 5292 2855 5372; x_wconf 87' lang='lat' dir='ltr'><strong>primus</strong></span> <span class='ocrx_word' id='word_1_799' title='bbox 2889 5292 2964 5372; x_wconf 72' lang='lat' dir='ltr'><strong>de</strong></span> <span class='ocrx_word' id='word_1_800' title='bbox 2974 5294 3358 5372; x_wconf 57' lang='lat' dir='ltr'><strong>incarnatione</strong></span> <span class='ocrx_word' id='word_1_801' title='bbox 3381 5296 3690 5372; x_wconf 74' lang='lat' dir='ltr'><strong>pominira,</strong></span> 
     </span>
    </p>
   </div>
   <div class='ocr_carea' id='block_1_59' title="bbox 431 5363 3694 5437">
    <p class='ocr_par' dir='ltr' id='par_1_59' title="bbox 431 5363 3694 5437">
     <span class='ocr_line' id='line_1_60' title="bbox 431 5363 3694 5437; baseline -0.003 -7"><span class='ocrx_word' id='word_1_802' title='bbox 431 5392 553 5430; x_wconf 83' lang='lat' dir='ltr'><strong>nem</strong></span> <span class='ocrx_word' id='word_1_803' title='bbox 594 5363 926 5434; x_wconf 67' lang='lat' dir='ltr'><strong>aceiuleruunt;</strong></span> <span class='ocrx_word' id='word_1_804' title='bbox 970 5371 1154 5428; x_wconf 77' lang='lat' dir='ltr'><strong>tertia,</strong></span> <span class='ocrx_word' id='word_1_805' title='bbox 1195 5385 1314 5437; x_wconf 71' lang='lat' dir='ltr'><strong>qua:</strong></span> <span class='ocrx_word' id='word_1_806' title='bbox 1355 5363 1468 5424; x_wconf 83' lang='lat' dir='ltr'><strong>toto</strong></span> <span class='ocrx_word' id='word_1_807' title='bbox 1492 5363 1998 5437; x_wconf 30' lang='lat' dir='ltr'><strong>conculii’teunpqre;</strong></span> <span class='ocrx_word' id='word_1_808' title='bbox 2179 5363 2668 5437; x_wconf 40' lang='lat' dir='ltr'><strong>scurdenvirginco</strong></span> <span class='ocrx_word' id='word_1_809' title='bbox 2699 5371 2884 5431; x_wconf 86' lang='lat' dir='ltr'><strong>partu,</strong></span> <span class='ocrx_word' id='word_1_810' title='bbox 2933 5363 3107 5418; x_wconf 89' lang='lat' dir='ltr'><strong>ulietus</strong></span> <span class='ocrx_word' id='word_1_811' title='bbox 3145 5364 3234 5420; x_wconf 90' lang='lat' dir='ltr'><strong>die</strong></span> <span class='ocrx_word' id='word_1_812' title='bbox 3271 5363 3341 5418; x_wconf 69' lang='lat'><strong>25</strong></span> <span class='ocrx_word' id='word_1_813' title='bbox 3378 5366 3694 5421; x_wconf 82' lang='lat' dir='ltr'><strong>Decembris</strong></span> 
     </span>
    </p>
   </div>
   <div class='ocr_carea' id='block_1_60' title="bbox 429 5431 2931 5517">
    <p class='ocr_par' dir='ltr' id='par_1_60' title="bbox 429 5431 2931 5517">
     <span class='ocr_line' id='line_1_61' title="bbox 429 5431 2931 5517; baseline -0.006 -19"><span class='ocrx_word' id='word_1_814' title='bbox 429 5457 718 5517; x_wconf 73' lang='lat' dir='ltr'><strong>postrema,</strong></span> <span class='ocrx_word' id='word_1_815' title='bbox 747 5460 863 5514; x_wconf 56' lang='lat' dir='ltr'><strong>qua“.</strong></span> <span class='ocrx_word' id='word_1_816' title='bbox 895 5431 1177 5517; x_wconf 52' lang='lat' dir='ltr'><strong>Consecuta</strong></span> <span class='ocrx_word' id='word_1_817' title='bbox 1205 5431 1452 5517; x_wconf 37' lang='lat' dir='ltr'><strong>sunt,_&#39;aut</strong></span> <span class='ocrx_word' id='word_1_818' title='bbox 1484 5452 1670 5517; x_wconf 68' lang='lat' dir='ltr'><strong>pacem</strong></span> <span class='ocrx_word' id='word_1_819' title='bbox 1696 5431 1864 5504; x_wconf 80' lang='lat' dir='ltr'><strong>usque</strong></span> <span class='ocrx_word' id='word_1_820' title='bbox 1903 5433 2004 5517; x_wconf 56' lang='lat' dir='ltr'><strong>Ec-</strong></span> <span class='ocrx_word' id='word_1_821' title='bbox 2113 5503 2128 5517; x_wconf 30' lang='grc' dir='ltr'>ἠ</span> <span class='ocrx_word' id='word_1_822' title='bbox 2172 5431 2453 5517; x_wconf 48' lang='grc' dir='ltr'><strong>ἐικῆ-428,</strong></span> <span class='ocrx_word' id='word_1_823' title='bbox 2488 5431 2674 5486; x_wconf 88' lang='lat' dir='ltr'><strong>Latine</strong></span> <span class='ocrx_word' id='word_1_824' title='bbox 2705 5439 2931 5517; x_wconf 52' lang='lat' dir='ltr'><strong>tantuu‘m.</strong></span> 
     </span>
    </p>
   </div>
   <div class='ocr_carea' id='block_1_61' title="bbox 429 5502 3682 5583">
    <p class='ocr_par' dir='ltr' id='par_1_61' title="bbox 429 5502 3682 5583">
     <span class='ocr_line' id='line_1_62' title="bbox 429 5502 3682 5583; baseline -0.003 -16"><span class='ocrx_word' id='word_1_825' title='bbox 429 5502 1316 5583; x_wconf 36' lang='lat' dir='ltr'><strong>i‘lcsiarum&#39;.&#39;dcportationemquc</strong></span> <span class='ocrx_word' id='word_1_826' title='bbox 1346 5502 1572 5583; x_wconf 63' lang='lat' dir='ltr'><strong>Nestorii</strong></span> <span class='ocrx_word' id='word_1_827' title='bbox 1599 5544 1612 5568; x_wconf 96' lang='lat'><strong>,</strong></span> <span class='ocrx_word' id='word_1_828' title='bbox 1647 5502 1816 5583; x_wconf 76' lang='lat' dir='ltr'><strong>atque</strong></span> <span class='ocrx_word' id='word_1_829' title='bbox 1857 5513 2004 5558; x_wconf 89' lang='lat' dir='ltr'><strong>ortas</strong></span> <span class='ocrx_word' id='word_1_830' title='bbox 2113 5503 2128 5520; x_wconf 85' lang='lat'><em>‘</em></span> <span class='ocrx_word' id='word_1_831' title='bbox 2170 5502 2630 5583; x_wconf 70' lang='lat' dir='ltr'><strong>Ejuu_s_dcnu_soruno</strong></span> <span class='ocrx_word' id='word_1_832' title='bbox 2671 5503 2963 5583; x_wconf 68' lang='lat' dir='ltr'><strong>secundus,</strong></span> <span class='ocrx_word' id='word_1_833' title='bbox 2996 5515 3139 5583; x_wconf 76' lang='lat' dir='ltr'><strong>velut</strong></span> <span class='ocrx_word' id='word_1_834' title='bbox 3175 5505 3429 5583; x_wconf 79' lang='lat' dir='ltr'><strong>adversus</strong></span> <span class='ocrx_word' id='word_1_835' title='bbox 3459 5507 3682 5583; x_wconf 59' lang='lat' dir='ltr'><strong>Arianae</strong></span> 
     </span>
    </p>
   </div>
   <div class='ocr_carea' id='block_1_62' title="bbox 431 5572 3690 5649">
    <p class='ocr_par' dir='ltr' id='par_1_62' title="bbox 431 5572 3690 5649">
     <span class='ocr_line' id='line_1_63' title="bbox 431 5572 3690 5649; baseline -0.004 -8"><span class='ocrx_word' id='word_1_836' title='bbox 431 5590 481 5641; x_wconf 79' lang='lat' dir='ltr'><strong>ia</strong></span> <span class='ocrx_word' id='word_1_837' title='bbox 513 5572 759 5641; x_wconf 79' lang='lat' dir='ltr'><strong>Armenia</strong></span> <span class='ocrx_word' id='word_1_838' title='bbox 793 5572 1000 5643; x_wconf 72' lang='lat' dir='ltr'><strong>turbas,</strong></span> <span class='ocrx_word' id='word_1_839' title='bbox 1033 5572 1440 5649; x_wconf 78' lang='lat' dir='ltr'><strong>complectatur.</strong></span> <span class='ocrx_word' id='word_1_840' title='bbox 1465 5577 1615 5649; x_wconf 86' lang='lat' dir='ltr'><strong>_Opus</strong></span> <span class='ocrx_word' id='word_1_841' title='bbox 1644 5572 1802 5643; x_wconf 83' lang='lat' dir='ltr'><strong>igitur</strong></span> <span class='ocrx_word' id='word_1_842' title='bbox 1833 5583 2000 5649; x_wconf 82' lang='lat' dir='ltr'><strong>totum</strong></span> <span class='ocrx_word' id='word_1_843' title='bbox 2181 5581 2229 5622; x_wconf 76' lang='lat' dir='ltr'><strong>et</strong></span> <span class='ocrx_word' id='word_1_844' title='bbox 2264 5572 2670 5649; x_wconf 62' lang='lat' dir='ltr'><strong>ltlaccdonianos</strong></span> <span class='ocrx_word' id='word_1_845' title='bbox 2743 5574 3079 5649; x_wconf 72' lang='lat' dir='ltr'><strong>Iuahituzssnh</strong></span> <span class='ocrx_word' id='word_1_846' title='bbox 3120 5575 3327 5628; x_wconf 90' lang='lat' dir='ltr'><strong>iuuitiuuun</strong></span> <span class='ocrx_word' id='word_1_847' title='bbox 3371 5578 3570 5630; x_wconf 80' lang='lat' dir='ltr'><strong>mensis</strong></span> <span class='ocrx_word' id='word_1_848' title='bbox 3598 5576 3690 5629; x_wconf 79' lang='lat' dir='ltr'><strong>Ja—</strong></span> 
     </span>
    </p>
   </div>
   <div class='ocr_carea' id='block_1_63' title="bbox 430 5642 3174 5720">
    <p class='ocr_par' dir='ltr' id='par_1_63' title="bbox 430 5642 3174 5720">
     <span class='ocr_line' id='line_1_64' title="bbox 430 5642 3174 5720; baseline -0.007 -7"><span class='ocrx_word' id='word_1_849' title='bbox 430 5662 702 5714; x_wconf 80' lang='lat' dir='ltr'><strong>contincre</strong></span> <span class='ocrx_word' id='word_1_850' title='bbox 741 5656 898 5712; x_wconf 85' lang='lat' dir='ltr'><strong>debet</strong></span> <span class='ocrx_word' id='word_1_851' title='bbox 938 5642 1206 5720; x_wconf 75' lang='lat' dir='ltr'><strong>negotium</strong></span> <span class='ocrx_word' id='word_1_852' title='bbox 1243 5649 1430 5704; x_wconf 84' lang='lat' dir='ltr'><strong>dcccun</strong></span> <span class='ocrx_word' id='word_1_853' title='bbox 1458 5642 1566 5703; x_wconf 75' lang='lat' dir='ltr'><strong>fere</strong></span> <span class='ocrx_word' id='word_1_854' title='bbox 1595 5642 1894 5701; x_wconf 80' lang='lat' dir='ltr'><strong>annorum:</strong></span> <span class='ocrx_word' id='word_1_855' title='bbox 1927 5645 2002 5699; x_wconf 86' lang='lat' dir='ltr'><strong>si—</strong></span> <span class='ocrx_word' id='word_1_856' title='bbox 2182 5644 2352 5696; x_wconf 77' lang='lat' dir='ltr'><strong>nuuarii</strong></span> <span class='ocrx_word' id='word_1_857' title='bbox 2381 5645 2502 5696; x_wconf 87' lang='lat' dir='ltr'><strong>anni</strong></span> <span class='ocrx_word' id='word_1_858' title='bbox 2535 5643 2655 5705; x_wconf 58' lang='grc' dir='ltr'><strong>ΗΣ),</strong></span> <span class='ocrx_word' id='word_1_859' title='bbox 2681 5642 2865 5696; x_wconf 67' lang='lat' dir='ltr'><strong>Crarcc</strong></span> <span class='ocrx_word' id='word_1_860' title='bbox 2895 5653 2946 5695; x_wconf 75' lang='lat' dir='ltr'><strong>et</strong></span> <span class='ocrx_word' id='word_1_861' title='bbox 2973 5644 3174 5700; x_wconf 76' lang='lat' dir='ltr'><strong>Latnsc.</strong></span> 
     </span>
    </p>
   </div>
  </div>
