3980 6182
452 306 554 362 735

951 299 1145 357 MAR“
1184 298 1622 357 MERCATORIS
1660 294 2228 354 TRANSLATIONES
2266 299 2630 357 VABIORUM
2669 298 3196 362 OPUSCULORUM‘.

3604 309 3711 363 7'56

448 421 514 473 da
541 437 553 471 :
588 418 639 472 in
665 417 859 485 quibus
884 414 1105 468 verbum
1125 412 1192 466 de
1214 411 1397 475 verbo,
1431 410 1484 464 in
1512 414 1771 479 quantum
1795 408 1908 462 ﬁeri
1933 423 2031 478 po-
2059 415 2105 470 A
2133 411 2223 477 gni
2250 412 2445 480 pendo,
2478 428 2697 469 securus
2736 416 2880 484 quod
2921 417 3049 471 mihi
3080 417 3146 471 de
3190 419 3295 476 hoc
3335 434 3500 489 Opere
3533 420 3717 474 nullus

448 510 569 575 tuit,
592 516 818 563 conatus
837 520 953 560 sum
970 504 1262 557 translator
1281 502 1603 572 exprimere,
1619 516 1687 555 ne
1707 501 1853 570 prius
1871 501 2029 555 falsa-

448 602 559 653 rius
596 597 763 663 magis
804 610 964 664 quam
1015 608 1171 649 verus
1211 601 1396 662 postea
1438 591 1697 659 probarer
1742 592 2023 659 interpres.

518 689 594 741 Da
624 687 785 753 igitur
808 684 1017 737 veniam
1036 724 1049 746 ,
1080 684 1167 752 pie
1198 684 1394 747 lector,
1427 683 1472 736 si
1513 690 1608 735 aut
1632 681 1807 735 minus
1853 681 2027 736 oratio

446 777 715 831 luculenta
746 773 951 847 [Baluz.
976 774 1099 825 add.
1133 772 1255 843 est).
1288 781 1381 826 aut
1401 774 1683 826 verborum
1708 771 2027 839 ubicumque

445 874 890 936 pnesumptorum
912 864 1139 927 novitas,
1173 879 1357 917 aurem
1380 864 1516 917 forte
1538 862 1827 931 perculerit
1852 880 1863 914 :
1888 861 2025 930 elegi

447 955 872 1008 obtrectatorum
904 953 1095 1020 linguis
1123 953 1293 1020 magis
1314 952 1529 1021 exponi,
1562 967 1721 1020 quam
1744 967 1773 1005 a
1801 951 2028 1005 veritate

444 1060 701 1098 sensuum
723 1043 1097 1112 exprimenda;
1131 1043 1219 1095 ubi
1244 1057 1402 1097 omne
1431 1049 1513 1095 est
1540 1041 1605 1095 de
1635 1040 1865 1094 falsitate
1886 1041 2028 1110 peri-

444 1136 643 1199 eulum,
676 1135 885 1203 longius
913 1134 1184 1187 aberrare.

514 1226 789 1296 Occupent
829 1226 987 1294 igitur
1026 1240 1084 1279 se
1114 1241 1180 1279 ex
1220 1225 1323 1278 hoc
1364 1224 1582 1277 instanti
1612 1222 1817 1295 [Baluz.
1861 1221 2023 1293 idem]

445 1319 533 1374 isti
577 1330 600 1354 ι
640 1319 810 1372 nostri
855 1317 1126 1381 disertuli,
1157 1316 1221 1370 ad
1261 1316 1496 1384 singulas
1534 1315 1763 1386 syllabas
1813 1323 2025 1370 nostras

449 1410 765 1466 scrutandas
812 1418 869 1464 et
896 1409 1056 1464 verba
1085 1407 1323 1463 rimanda
1351 1425 1362 1459 :
1389 1424 1497 1462 non
1527 1407 1579 1460 id
1608 1423 1760 1471 curo,
1790 1422 1889 1461 nec
1909 1423 2015 1460 ma-

2138 498 2337 555 talsarii
2365 517 2561 557 nomen
2592 504 2854 572 imponat.

2206 590 2332 647 Scio
2360 593 2540 659 etiam,
2573 596 2640 648 ab
2670 595 2786 650 istis
2806 596 3177 665 exprobranda
3209 596 3362 651 nobis
3390 612 3507 652 esse
3537 598 3719 667 aliqua

2134 681 2274 736 dicta
2293 682 2503 748 vitiosa,
2535 699 2652 752 qua:
2675 685 2828 739 nobis
2849 686 2929 742 vis
2950 687 3222 741 servanda:
3244 688 3440 741 Graece
3468 690 3687 761 proprie
3702 720 3716 728 -

2133 772 2260 826 tatis
2288 774 2532 828 extorsit.
2562 774 2713 829 Dicat
2740 776 2865 830 hinc
2896 776 3103 847 [Βαίας.
3125 778 3250 830 add.
3274 777 3363 846 de]
3388 778 3544 833 nobis
3570 780 3717 846 quis-

2132 876 2237 931 que
2274 863 2417 931 quod
2444 864 2606 929 volet,
2638 865 2835 919 sentiat
2861 866 3004 934 quod
3032 866 3239 936 placet,
3274 881 3373 935 ego
3411 868 3712 937 sapientum

2125 951 2327 1020 judicio
2356 951 2522 1008 fretus
2549 969 2665 1008 sum
2684 993 2698 1018 ,
2742 956 2934 1024 quibus
2962 956 3162 1024 absque
3192 956 3459 1011 lenocinio
3489 956 3719 1025 fucoque

2132 1044 2439 1109 verborum,
2490 1053 2544 1101 et
2588 1046 2923 1102 scholaribus
2970 1048 3154 1117 nugis,
3196 1049 3423 1119 simplex
3469 1051 3721 1104 veritatis

2129 1149 2345 1204 semper
2370 1147 2518 1203 grata
2549 1145 2630 1191 est
2657 1138 3018 1206 pulchritudo.

2200 1226 2352 1281 Nunc
2378 1227 2465 1281 hic
2492 1226 2519 1265 δ
2549 1227 2665 1296 ejus
2688 1238 2709 1268 ο
2746 1228 2951 1298 primus
2984 1229 3273 1299 impietatis
3302 1230 3353 1283 in
3384 1230 3605 1284 ecclesia
3650 1231 3718 1284 ad

2128 1317 2381 1387 populum
2409 1332 2586 1371 sermo
2615 1326 2714 1379 est,
2738 1320 2921 1387 inquo
2950 1320 3015 1373 de
3046 1320 3416 1375 incarnatione
3439 1320 3716 1375 Dominica

2127 1408 2267 1461 male
2290 1407 2468 1476 lapsus
2499 1408 2782 1463 infeliciter
2806 1411 3029 1464 corruit.

1609 1518 2149 1576 CASTIGATIONES
2188 1518 2274 1573 ET
2313 1519 2540 1575 NOTAE.

444 1623 504 1669 ut
532 1630 629 1685 per
653 1631 715 1670 se
741 1624 924 1685 posset
961 1615 1329 1684 unusquisque
1358 1611 1672 1685 intelligere,
1713 1626 1872 1685 quam
1906 1627 2023 1665 me-

443 1682 549 1738 rito
570 1682 947 1740 exauctoratus
972 1682 1159 1739 luisset
1178 1700 1207 1737 a
1228 1682 1465 1752 generali
1492 1682 1719 1752 synodo,
1735 1682 1825 1750 qui
1849 1689 2025 1736 tantas

448 1755 825 1824 blasphemias,
851 1755 937 1809 vel
964 1756 1186 1809 dixisset
1211 1753 1297 1808 vel
1325 1753 1639 1824 scripsisset.

513 1835 540 1862 ι
566 1818 819 1894 Respicit
838 1824 974 1880 forte
996 1826 1048 1878 in
1070 1818 1627 1894 lulianum,aliosque
1646 1818 2022 1894 Coelestianos,

442 1908 672 1975 quorum
691 1891 1074 1975 disertissimus
1082 1893 1191 1975 _fuit
1220 1892 1542 1975 Annianus,
1558 1891 1822 1975 ipterpﬁes
1849 1891 2024 1971 homi-

442 1960 638 2034 liarum
665 1964 1014 2033 quarumdam
1037 1962 1402 2034 Chrysostomi
1427 1979 1440 2015 :
1463 1960 1710 2015 ridebant
1731 1960 1805 2014 illi
1824 1960 2027 2030 quippe

442 2033 773 2116 catholicos,
796 2034 949 2116 quasi
976 2034 1152 2116 mimis
1177 2033 1407 2116 disertos
1425 2070 1439 2094 ,
1471 2038 1527 2116 et
1555 2045 1794 2116 errorem
1834 2046 2019 2116 suum,

442 2109 556 2156 tum
601 2100 871 2158 sermonis
900 2104 951 2157 in
981 2102 1267 2159 scribendo
1290 2100 1586 2170 elegantia,
1621 2107 1732 2154 tum
1758 2100 1812 2154 in
1852 2101 2022 2154 inter-

442 2173 708 2240 pretando
756 2174 1007 2239 solertia,
1050 2173 1276 2227 curiosis
1321 2171 1613 2227 lectoribus
1659 2170 2021 2225 insinuabant.

442 2242 794 2311 Augustinum
845 2254 992 2298 certe
1035 2242 1306 2307 Julianus,
1354 2242 1629 2295 Annianus
1667 2240 1830 2304 alios,
1874 2241 2023 2311 velut

441 2310 720 2381 imperitos
764 2314 1090 2368 delicatioris
1140 2313 1442 2366 Latinitatis
1488 2311 1877 2381 despexerunt;
1926 2310 2022 2364 sed

441 2380 641 2450 fa‘lSarii
705 2384 907 2438 crimen
951 2382 1277 2450 Augustinus
1334 2383 1614 2449 interpreti
1678 2380 2021 2450 homiliarum

440 2449 809 2523 thrysostomi
841 2452 1025 2523 objicit
1044 2449 1187 2523 ’(Lib.
1220 2469 1237 2505 ι
1266 2459 1406 2523 cont.
1434 2450 1632 2523 Julian.
1661 2467 1775 2523 cap.
1816 2449 1891 2517 6),
1924 2449 2023 2523 ob-

440 2519 623 2599 jicit—et
645 2522 861 2599 Pelagio
884 2519 1237 2599 Hieronymus
1261 2520 1430 2599 (Dial.
1452 2521 1501 2583 ’5,
1527 2519 1638 2599 sub.
1663 2521 1849 2599 βαεκερ
1868 2520 2018 2599 epist.

441 2591 511 2661 ad
538 2588 964 2661 Ctesiph.,'etc.),
995 2588 1224 2659 euntque
1252 2588 1362 2645 suis
1389 2590 1607 2657 singulis
1648 2588 1865 2659 syllabis
1894 2588 2024 2641 insi-

441 2660 574 2713 diari
598 2660 860 2729 queritur.

513 2730 539 2767 δ
578 2727 862 2799 Ainbigcre
889 2746 995 2784 non
1032 2730 1157 2783 licet
1184 2730 1312 2797 quin
1344 2728 1632 2797 impietatis
1661 2727 1814 2799 hicce
1841 2742 2021 2799 sermo

442 2814 566 2852 vere
606 2801 677 2852 sit
723 2797 953 2853 Nestorii
988 2818 999 2851 :
1034 2800 1132 2867 ipsi
1172 2800 1312 2852 enim
1362 2799 1613 2851 tribuitur
1658 2797 2021 2867 abAomnibus

440 2867 551 2921 fere
581 2869 819 2937 ejusdem
846 2870 945 2923 mvi
973 2865 1343 2937 scriptoribus,
1377 2868 1625 2921 nimirum
1656 2882 1685 2918 a
1716 2865 2020 2937 MnMerca-

440 2944 577 3007 tore,
611 2935 803 3005 partim
846 2940 1032 2993 hocin
1082 2935 1234 3002 loco,
1266 2940 1459 3007 partim
1504 2939 1557 2991 in
1595 2935 2021 2991 contradictione

440 3006 705 3062 undecimi
748 3009 1208 3072 anathematismi,
1252 3006 1340 3062 ubi
1381 3024 1501 3063 cum
1549 3022 2020 3062 msmsnrtsstuuu

440 3092 759 3132 TBACTATUM
793 3087 1033 3133 vocasset
1064 3096 1076 3131 :
1111 3075 1250 3141 Quid
1278 3080 1543 3141 miramur,
1569 3077 1757 3145 inquit,
1789 3093 1903 3129 eum
1925 3077 2020 3130 hoc

440 3148 623 3219 fecisse
651 3149 713 3201 de
742 3147 1009 3219 Evangelii
1041 3151 1345 3208 testimonio,
1390 3165 1504 3201 cum
1532 3156 1582 3201 et
1608 3146 1740 3219 illud
1767 3147 1911 3219 aliud
1949 3148 2021 3200 si-

439 3218 628 3271 militer
648 3216 1212 3282 violenter-attraxerit,
1236 3229 1284 3273 et
1306 3222 1493 3272 abusus
1521 3220 1590 3272 sit
1618 3216 1686 3270 ad
1706 3218 2018 3286 impietatem

2098 2727 2255 2796 quod
2284 2745 2313 2779 a

2130 1613 2343 1665 nitatem
2372 1628 2475 1665 non
2505 1612 2702 1666 edidit?
2731 1632 2747 1664 ι

2204 1681 2249 1753 Α
2276 1681 2615 1753 Theodoreto
2648 1682 2835 1753 (Ibid.)
2855 1724 2869 1748 ,
2903 1692 2994 1737 aut
3023 1684 3067 1738 si
3100 1684 3220 1753 quis
3249 1684 3384 1738 alius
3412 1693 3495 1739 est
3524 1695 3727 1740 auctor

2129 1751 2371 1819 epistolm
2419 1752 2484 1804 ad
2532 1751 2838 1820 Sporatium
2893 1772 2905 1806 :
2952 1755 3017 1806 In
3055 1751 3457 1807 orthodoa'ormn
3495 1757 3719 1809 ecclesia

2128 1821 2317 1894 multas
2350 1822 2637 1894 istiusmodi
2667 1839 2810 1876 voces
2836 1823 3033 1877 edidit:
3070 1843 3089 1875 ι
3119 1822 3239 1877 Non
3272 1827 3484 1894 peperit,
3523 1829 3717 1893 optime

2128 1892 2225 1952 vir,
2257 1889 2430 1943 Maria
2462 1890 2642 1963 Deum,
2675 1894 2766 1946 sed
2793 1894 3048 1947 hominem
3077 1889 3280 1963 peperit
3297 1889 3593 1947 Divinitatis
3622 1899 3712 1947 in-

2127 1962 2675 2035 s_tru_m_en.tum;_c_ulpa
2703 1972 2850 2017 vacat
2877 1962 3101 2033 gentilis,
3126 1962 3210 2035 qui
3242 1964 3343 2017 diis
3367 1976 3583 2018 matrem
3622 1967 3711 2017 in-

2126 2029 2266 2083 ducit
2289 2027 2473 2094 (Num.
2504 2030 2579 2094 6).

2196 2100 2515 2171 Abauetore
2534 2100 2932 2171 _Prtedestinati,
2965 2102 3156 2158 haeresi
3177 2102 3507 2171 octogesima
3549 2112 3710 2157 octa-

2122 2184 2237 2242 va:
2262 2167 2435 2242 Maria
2464 2169 2627 2223 solum
2661 2171 2918 2225 hominem
2943 2174 3134 2242 genuit.
3163 2171 3222 2225 Si
3244 2167 3377 2225 enim
3419 2173 3712 2225 dixerimus

2123 2238 2537 2311 quiaqhominem
2577 2242 2774 2309 genuit,
2820 2238 3039 2311 facimus
3082 2253 3298 2295 matrem
3347 2244 3526 2305 derint,
3574 2245 3716 2295 sicut

2121 2307 2355 2382 gentiles.
2390 2307 2563 2382 Maria
2578 2307 2705 2382 ergo
2741 2307 2978 2382 templum
3017 2311 3130 2365 Deo
3156 2313 3350 2382 genuit,
3380 2329 3482 2365 non
3512 2314 3709 2381 ipsum,

2121 2379 2287 2449 quiin
2318 2380 2502 2448 templo
2529 2378 2724 2432 habitat
2751 2380 2959 2449 (Ibid.).

2196 2447 2276 2521 Al)
2300 2447 2517 2521 auctore
2549 2447 2826 2521 conﬂictus
2860 2450 3079 2503 Arnobii
3110 2466 3230 2521 cum
3259 2448 3572 2521 Serapione.
3602 2451 3713 2521 Se-

2124 2519 2308 2586 rapion
2357 2518 2489 2571 dixit
2529 2535 2545 2571 :
2588 2517 2821 2573 Nestorii
2868 2530 2944 2572 est
2991 2521 3091 2573 ista
3139 2517 3409 2573 doctrina:
3444 2520 3712 2574 Arnobius

2122 2586 2290 2659 diuit:
2321 2586 2593 2659 Nestorius
2622 2606 2736 2659 qua:
2762 2591 2975 2659 asserit,
3009 2606 3115 2658 pra:
3150 2591 3384 2643 manibus
3419 2591 3611 2652 habeo,
3654 2594 3709 2643 si

2114 2655 2297 2726 jubent
2319 2658 2563 2777 gudiccs,
2606 2655 2849 2713 recitabo.
2898 2655 3107 2712 Judices
3154 2660 3393 2713 dixerunt
3423 2677 3440 2711 :
3478 2658 3712 2731 Legatur

2120 2727 2255 2777 quod
2284 2745 2313 2777 a
2376 2726 2597 2777 Arnobio
2628 2730 2860 2777 oﬂ'ertnr.
2895 2739 2952 2777 ut
2980 2731 3142 2777 possit
3171 2730 3474 2777 Serapionis
3503 2732 3546 2777 si
3579 2747 3707 2777 vera

2376 2726 2597 2800 Arnobio
2628 2730 2860 2797 oﬂ’ertur,
2895 2739 2952 2800 ut
2980 2731 3142 2798 possit
3171 2730 3474 2800 Serapionis
3503 2726 3707 2800 si'vem

2118 2798 2186 2869 sit
2214 2796 2455 2869 objectio,
2494 2796 2851 2869 demonstrari.
2884 2796 3107 2869 Cumque
3146 2796 3353 2869 accepta
3377 2809 3508 2852 esset
3536 2799 3711 2852 homi-

2120 2818 2185 2850 su
2214 2818 2455 2865 onjecuo,
2494 2818 2851 2852 demonstrari.
2884 2818 3008 2852 eum
3063 2818 3107 2852 te
3146 2818 3353 2869 accepta
3377 2818 3507 2852 esset
3536 2818 3709 2852 norm-

2120 2866 2212 2939 l_ia,
2244 2866 2313 2939 ad
2340 2868 2505 2939 locum
2535 2868 2663 2921 lecta
2699 2879 2775 2921 est
2802 2870 2877 2921 ita
2900 2884 2923 2939 :7
2955 2887 2971 2918 ι
3008 2818 3128 2923 ἒβη
3152 2872 3348 2939 peperit
3368 2871 3709 2923 sanctissima

2119 2934 2300 3009 Maria
2324 2937 2597 3009 deitatem,
2640 2954 2761 2992 nam
2788 2938 2925 3009 quod
2964 2934 3250 2992 uatum'es't
3282 2940 3345 2991 de
3370 2956 3544 3001 carne,
3576 2956 3710 2993 caro

2118 3015 2211 3059 est.
2246 3004 2368 3077 Non
2391 3008 2586 3076 peperit
2606 3004 2843 3062 creatura
2873 3006 3184 3077 Creatarmn.
3209 3010 3298 3062 sed
3320 3012 3514 3077 peperit
3542 3010 3711 3062 homi-

2118 3092 2235 3148 nem
2270 3075 2493 3148 Deitatis
2526 3078 2885 3131 ministerium.
2913 3076 3035 3131 Non
3067 3075 3340 3148 a'diﬁcarit
3370 3078 3534 3130 Deum
3576 3079 3701 3131 Ver-

2119 3143 2236 3218 bum
2257 3144 2492 3218 Spiritus
2518 3156 2748 3218 sanctus,
2781 3148 2916 3218 quod
2945 3150 3082 3201 enim
3107 3143 3178 3201 ex:
3206 3166 3265 3201 ea
3292 3158 3473 3201 nutum
3504 3158 3600 3210 est,
3640 3151 3709 3201 de

2120 3214 2521 3295 Spirituisgncto
2544 3214 2979 3295 est.ﬂDeo'itaque
3018 3217 3180 3295 Verbo
3214 3218 3449 3285 templum
3479 3235 3545 3270 ex
3571 3218 3712 3295 _Vir-

437 3302 614 3357 sensus
642 3290 741 3349 sui,
772 3305 870 3357 quo
900 3290 1093 3357 putavit
1121 3289 1412 3357 euangelica
1448 3287 1753 3341 auctoritate
1776 3284 1822 3339 ei
1861 3286 2016 3339 robur
2043 3287 2085 3346 C
2118 3284 2236 3354 ginc
2256 3284 2547 3357 mdiﬁcavit.
2581 3285 2693 3357 [Et
2723 3286 2877 3356 paulo
2898 3284 3050 3357 post:
3080 3306 3096 3335 ι
3127 3286 3249 3340 Non
3277 3284 3364 3355 per
3392 3304 3464 3347 se,
3496 3290 3581 3357 qui
3605 3305 3710 3339 na-

439 3355 636 3422 a/ferri,
668 3357 752 3409 ubi
783 3355 969 3409 dictum
994 3367 1108 3409 est:
1141 3355 1289 3421 Quod
1310 3357 1372 3409 de
1388 3374 1541 3410 carne
1568 3364 1748 3409 natum
1765 3364 1859 3417 est,
1893 3371 2014 3409 caro

437 3435 544 3487 est;
574 3426 708 3496 quod
733 3426 796 3478 de
814 3428 1017 3495 spiritu,
1050 3427 1260 3495 spiritus
1283 3436 1358 3479 est
1388 3425 1600 3495 (Joann.
1632 3441 1705 3487 ιιι,
1738 3423 1813 3493 6).
1845 3422 2015 3477 Nam-

437 3510 533 3561 que
572 3498 667 3548 hoc
710 3498 1055 3549 testimonium
1095 3496 1330 3549 adhibuit
1372 3497 1425 3548 in
1462 3496 1552 3549 illo
1592 3496 2013 3563 insipientissimo

439 3572 683 3647 tir‘actatu,‘
724 3567 777 3618 in
808 3565 1217 3647 quonprimq'de
1254 3567 1669 3647 virgineOApartu
1715 3564 2010 3647 disputavit.

440 3630 553 3704 Quo
582 3636 635 3686 in
665 3635 775 3689 loco
800 3630 873 3688 sic
903 3630 1035 3687 dixit
1063 3633 1249 3703 (Num.
1285 3630 1378 3704 7):
1418 3653 1436 3685 ‹
1470 3630 1593 3688 Non
1624 3630 1821 3704 peperit
1846 3632 2012 3686 Deum

438 3700 633 3767 Maria,
665 3707 741 3757 vir
755 3706 975 3786 ‘optime,
1005 3700 1140 3786 quod
1168 3700 1399 3786 enim'de
1431 3700 1867 3786 carnelnascitur,
1891 3719 2012 3785 caro

434 3780 529 3835 est,
554 3774 766 3844 etquod
801 3773 869 3827 de
896 3773 1098 3844 spiritu,
1130 3776 1341 3843 spiritus
1362 3783 1466 3837 est;
1507 3774 1597 3828 sed
1625 3774 1819 3842 peperit
1848 3773 2014 3826 homi-

435 3857 552 3962 zem
589 3843 870 3897 divinitatis
898 3846 1291 3897 instrumentum
1310 3886 1323 3909 ,
1359 3854 1409 3897 et
1436 3845 1692 3897 hominem
1722 3852 2011 3911 portantem

489 3928 621 3962 eum.
662 3932 681 3962 ι

489 3928 621 3965 eum.
662 3932 681 3964 ι

504 3980 550 4033 Α
577 3980 837 4037 Cassiano
879 3983 1078 4051 ubique
1116 3984 1316 4052 passim
1359 3982 1412 4036 in
1455 3981 1711 4052 librisnde
1757 3980 2011 4052 lucarua-

435 4050 601 4115 tione,
631 4052 724 4106 sed
754 4053 807 4106 in
838 4050 1067 4121 septimo
1096 4050 1393 4122 praesertim
1424 4051 1571 4122 (Cap.
1600 4050 1686 4122 6),
1709 4051 1807 4122 ubi
1833 4067 2010 4122 resn-

433 4136 609 4175 rznvu
642 4138 963 4176 rnscnrvu
993 4123 1246 4191 appellat.
1279 4121 1535 4191 Posuisti,
1562 4121 1666 4182 ait,
1700 4121 1754 4171 in
1788 4121 2010 4189 quodam

430 4193 672 4261 pestifero
703 4202 923 4246 tractatu
954 4189 1041 4246 tuo
1060 4189 1234 4245 dicens
1275 4192 1291 4259 (
1303 4189 1459 4244 Num.
1488 4190 1561 4260 5),
1598 4209 1615 4240 ‹
1649 4192 2012 4261 quoniamdi-

430 4260 571 4333 sime
597 4274 799 4333 natura:
844 4265 1016 4333 imago
1057 4272 1131 4316 est
1177 4263 1327 4333 homo
1355 4277 1372 4314 .·
1410 4262 1543 4313 hunc
1581 4270 1750 4333 autem
1796 4260 2011 4333 profecit

431 4329 666 4402 diabolus
694 4334 749 4384 in
776 4329 1174 4402 corruptionem.
1201 4332 1379 4386 Doluit
1406 4335 1537 4384 sicut
1559 4347 1652 4400 pro
1674 4331 1896 4399 imagine
1916 4347 2010 4382 sua

430 4397 589 4464 Deus,
620 4401 752 4452 sicut
779 4418 871 4470 pro
898 4397 1069 4454 statua
1097 4419 1190 4455 sua
1210 4404 1507 4471 imperator,
1538 4397 1586 4452 et
1615 4397 1907 4471 corruptam
1938 4416 2012 4451 re-

430 4478 583 4538 parat
608 4471 902 4539 imaginem,
933 4480 981 4522 et
999 4473 1111 4523 sine
1136 4469 1330 4525 semine
1352 4471 1588 4540 formavit
1609 4469 1672 4522 de
1692 4470 1886 4539 virgine
1914 4486 2010 4520 na-

431 4548 597 4611 turam
631 4555 649 4592 :
686 4540 961 4592 secundum
1009 4542 1156 4593 illum
1201 4542 1285 4611 qui
1340 4541 1689 4594 sine'semine
1735 4549 1887 4592 natus
1933 4549 2009 4592 est

430 4608 621 4679 ddum,
662 4618 711 4661 et
740 4626 829 4679 per
870 4610 1125 4663 hominem
1165 4608 1442 4662 humanam
1482 4619 1720 4679 naturam
1766 4610 2001 4679 suscitat.

431 4675 685 4739 Quoniam
713 4675 849 4733 enim
886 4697 977 4749 per
1006 4680 1259 4733 hominem
1307 4696 1471 4742 mors,
1502 4678 1615 4732 ideo
1644 4688 1693 4731 et
1716 4695 1807 4748 per
1835 4678 2003 4731 homi-

427 4762 543 4799 nem
567 4752 871 4803 resurrectio
892 4760 1225 4805 mortuorum.
1260 4769 1278 4800 ι
1764 4778 1769 4785 ·

498 4818 544 4891 ﬁ
568 4828 757 4891 saneto
780 4818 987 4891 _Cyrillo
1017 4820 1069 4873 in
1099 4820 1323 4888 epistola
1372 4818 1542 4891 prima
1592 4816 1659 4871 ad
1698 4815 2003 4891 Nestorium

428 4884 616 4960 (Num.
643 4890 695 4957 '7)
724 4908 735 4941 :
770 4884 941 4960 Prope
967 4892 1105 4944 enim
1132 4884 1334 4960 fuerunt
1364 4884 1591 4960 quidam,
1614 4897 1671 4960 ut
1694 4887 1807 4956 jam
1835 4888 2002 4960 con/i-

427 4956 521 5029 teri
551 4956 759 5029 minime
785 4956 1051 5029 patiantur
1078 4956 1196 5029 quia
1223 4958 1359 5012 Deus
1377 4956 1473 5029 'est
1502 4957 1773 5029 Christus,
1792 4957 1884 5009 sed
1909 4974 2003 5027 po-

427 5026 524 5104 (ίυε
560 5025 769 5104 inane!
785 5024 794 5029 ⁷
812 5033 895 5104 mi
929 5024 1182 5104 ἔργαλέῖογ
1202 5036 1312 5104 τῆς.
1328 5027 1605 5104 Primae.
1629 5031 1715 5081 καί
1741 5024 2003 5104 idaeas:

425 5096 687 5171 Qeooépoc.
716 5096 781 5171 Et
808 5096 1030 5171 epistola
1054 5099 1213 5171 _tertia
1239 5097 1425 5171 (‘Ibid.)
1453 5115 1465 5149 :
1490 5096 1614 5171 _Sed
1643 5112 1733 5149 nec
1762 5096 1890 5149 illud
1916 5097 2001 5171 di—

424 5165 603 5238 cimus,
636 5167 770 5238 quod
800 5167 894 5238 Dei
944 5167 1163 5221 Verbum
1192 5168 1342 5222 veluti
1480 5167 1683 5238 homine
1720 5169 1998 5238 communi,

420 5235 508 5301 qui
635 5235 817 5289 sancta
853 5236 1061 5307 Virgine
1091 5248 1241 5291 natus
1270 5246 1372 5301 est,
1415 5235 1736 5300 habitaverit,
1766 5253 1828 5289 ne
1849 5236 2000 5289 Chri-

420 5305 702 5383 stus/tonio
722 5305 971 5383 esopépoc
993 5309 1250 5361 credatur.

492 5372 573 5427 Ab
617 5372 850 5431 Eusebio
883 5372 1021 5433 'tunc
1064 5393 1351 5431 causarum
1386 5386 1616 5445 patrono
1654 5384 1841 5444 postea
1885 5376 2000 5444 epi-

420 5456 586 5515 scopo
616 5446 861 5515 Dorylaei,
895 5449 946 5502 in
975 5449 1336 5503 obtestatione
1364 5463 1523 5514 quam
1548 5446 1758 5515 publice
1798 5461 1999 5513 propo-

419 5512 594 5588 suit_(t
622 5512 757 5585 part.
805 5533 946 5571 conc.
981 5516 1117 5588 Eph.
1151 5534 1263 5587 cap.
1299 5512 1407 5585 l3),
1451 5512 1734 5583 postquam
1781 5512 1995 5588 habitus

421 5591 503 5634 est
530 5583 629 5640 hic
656 5602 832 5639 sermo
871 5607 881 5639 :
920 5583 1114 5640 Paulus
1159 5583 1526 5640 Shmosatenus
1568 5588 1641 5637 ait
1688 5603 1703 5637 :
1752 5605 1769 5635 ε
1817 5583 1995 5637 Μανία

431 5650 648 5726 Verbum
682 5674 783 5709 non
812 5662 1020 5726 peperit.
1055 5678 1071 5707 ι
1106 5655 1374 5710 Nestorius
1414 5656 1477 5708 ab
1518 5657 1670 5726 hujus
1711 5671 1993 5726 sensu_non

422 5724 657 5777 rercdens
690 5723 881 5790 (Nnmf
909 5726 960 5791 'i)
999 5747 1007 5779 :
1050 5747 1066 5775 ι
1106 5726 1251 5781 Heus
1277 5737 1348 5791 tu,
1381 5727 1507 5781 banc
1530 5723 1623 5789 vir,
1653 5725 1820 5778 Maria
1855 5723 1997 5777 Diri-

2035 4648 2085 4705 D

2120 3363 2197 3428 tus
2223 3364 2299 3407 est
2321 3356 2384 3428 in_
2402 3364 2564 3415 utero,
2597 3354 2738 3410 Deus
2760 3366 2853 3411 est.
2893 3354 2911 3409 ἰ
2951 3357 3016 3409 Et
3037 3360 3190 3427 paulo
3213 3354 3365 3428 post:
3393 3375 3409 3407 ‹
3439 3354 3709 3428 Θεὸδὸχσο

2117 3425 2337 3493 formam
2366 3425 2689 3479 honoremus.
2724 3446 2740 3476 ι
3038 3425 3045 3427 “
3213 3425 3221 3428 ’
3292 3486 3297 3493 ,

2187 3493 2229 3566 Α
2258 3492 2535 3566 Gennadio
2588 3494 2819 3564 denique
2866 3495 3004 3566 (@ib.
3036 3496 3099 3549 de
3136 3495 3331 3566 Script.
3377 3494 3702 3566 Eccl._eap.

2115 3560 2205 3635 55)
2238 3581 2249 3615 :
2285 3561 2558 3618 Nestorius
2597 3560 3472 3635 postquam'Constantinop'olitance
3516 3560 3707 3619 Eccle-

2112 3634 2206 3705 siw
2233 3636 2534 3705 pontiﬁcatu
2573 3634 2791 3688 donatus
2826 3646 2926 3696 est.
2960 3637 3167 3705 scripsit
3210 3635 3395 3689 librum
3441 3637 3591 3705 quasi
3634 3637 3705 3689 de

2113 3702 2471 3756 incarnatibne
2496 3703 2706 3757 Domini
2735 3706 3006 3774 sexaginta
3039 3702 3089 3758 et
3114 3706 3308 3760 duobus
3330 3702 3515 3758 divina!
3545 3704 3700 3758 Scri-

2114 3783 2280 3845 ptura:
2318 3775 2618 3827 testimoniis
2660 3791 2816 3845 pravo
2853 3792 2945 3828 suo
2987 3792 3139 3828 sensu
3186 3778 3457 3845 refertum,
3489 3777 3545 3827 in
3594 3793 3698 3845 quo

2153 3843 2235 3921 uid
2277 3845 2657 3909 asseveraverit,
2694 3844 2748 3895 in
2780 3845 3016 3915 catalogo
3046 3843 3401 3899 hwrcticorum
3430 3843 3698 3898 monstra-

2147 3921 2268 3964 ttur.

2187 3981 2383 4035 Verum
2411 3983 2524 4037 hinc
2543 3980 2804 4037 Gennadii
2847 3983 3008 4037 verba
3033 3998 3281 4051 magnam
3312 3982 3513 4037 faciunt
3544 3999 3699 4052 qua:-

2111 4050 2340 4104 stionem
2374 4068 2386 4103 :
2418 4067 2537 4104 nam
2568 4052 2725 4119 hujus
2746 4055 3009 4107 sermonis
3034 4055 3100 4108 de
3130 4050 3500 4108 lncarnatione
3531 4050 3575 4105 δ’
3594 4054 3703 4107 Ne-

2112 4121 2283 4174 storio
2329 4121 2612 4189 compositi
2662 4123 3023 4177 meminerunt
3064 4132 3301 4187 veteres,
3350 4123 3444 4176 sed
3494 4123 3695 4187 nullus,

2112 4190 2255 4261 quod
2284 4190 2481 4255 sciam,
2515 4190 2883 4261 librialterius
2911 4192 2978 4249 de
3024 4193 3214 4249 eodem
3255 4202 3609 4261 argumento;
3642 4203 3699 4247 et

2112 4259 2197 4312 hic
2229 4269 2425 4321 tamen,
2449 4276 2607 4327 quem
2633 4260 2917 4324 habemus,
2960 4263 3072 4317 sive
3111 4278 3290 4319 sermo
3309 4259 3463 4325 {sive
3489 4271 3698 4316 tracta-

2113 4336 2217 4393 tus,
2241 4332 2335 4414 'vix
2363 4331 2599 4411 quinque
2629 4340 2723 4384 aut
2741 4347 2831 4384 sex
2850 4332 3054 4414 .divina‘:
3076 4332 3363 4414 Scriptura:
3386 4332 3699 4414 testimonia
3744 4366 3751 4367 κ

2111 4415 2124 4465 ι
2150 4415 2210 4450 ro
2240 4400 2493 4453 hzeretico
2532 4414 2690 4453 sensu
2719 4402 2975 4455 continet.
3010 4400 3273 4468 anestio,
3316 4403 3416 4456 etsi
3445 4402 3699 4469 implica-

2109 4469 2334 4603 Lis-8TH],
2367 4470 2605 4524 solvetur
2633 4485 2729 4523 suo
2752 4471 2871 4525 loco
2904 4470 2992 4542 (In
3020 4472 3223 4526 dissert.
3259 4474 3322 4526 de
3353 4469 3589 4525 Nestorii
3625 4472 3697 4525 li-

2145 4556 2213 4591 ns
2247 4578 2259 4590 .
3594 4585 3603 4597 .

2145 4556 2259 4597 ns).
3594 4585 3603 4597 .

2181 4608 2350 4680 Adde.
2393 4608 2534 4677 quod
2565 4609 2820 4665 adversus
2848 4611 2991 4680 hunc
3033 4628 3334 4667 sermonem
3376 4610 3699 4680 scripserint

2110 4678 2207 4751 viri
2248 4688 2368 4751 tres
2398 4680 2841 4751 priestantissimi.
2879 4679 3096 4735 Proclus
3140 4678 3516 4751 pauegyricam
3565 4697 3693 4734 ora-

2108 4749 2309 4822 tionem
2339 4748 2405 4801 de
2435 4748 2675 4822 laudibus
2695 4750 2944 4822 Deiparte
2971 4748 3217 4820 virginis;
3242 4748 3470 4822 Cyrillus
3490 4752 3698 4818 episto-

2108 4817 2211 4890 lam
2242 4818 2308 4871 ad
2340 4819 2633 4872 monachos
2672 4817 2911 4890 Egypti,
2945 4829 2999 4875 et
3044 4817 3317 4877 homiliam
3362 4821 3427 4873 l7
3457 4817 3692 4889 pascha-

2109 4888 2230 4961 lem,
2282 4890 2491 4961 aliaque
2540 4881 3039 4961 plttra;Cassianus
3084 4901 3288 4961 septem
3338 4881 3523 4953 libros,
3554 4906 3694 4957 quos

2109 4956 2309 5030 idcirco
2334 4958 2401 5011 de
2426 4956 2795 5030 luca’rnatione
2824 4960 3112 5029 inscripsit,
3136 4956 3258 5030 quia
3295 4962 3347 5015 in
3370 4961 3452 5013 his
3479 4956 3690 5028 pugna-

2108 5026 2201 5079 hat
2248 5028 2504 5081 adversus
2558 5027 2788 5083 Nestorii
2835 5026 3123 5084 tractatum
3154 5026 3238 5085 'de
3290 5026 3687 5084 lncarnatitme.

2106 5095 2303 5151 Omnes
2332 5113 2495 5166 porro
2522 5096 2753 5152 Nestorii
2800 5116 2997 5153 nomen
3029 5101 3081 5153 in
3110 5100 3267 5154 dictis
3308 5101 3562 5169 operibus
3605 5109 3689 5151 ta-

2105 5177 2364 5235 cuerunt,
2419 5168 2541 5235 quia
2589 5184 2711 5221 cum
2767 5171 3081 5232 scriberent,
3128 5168 3355 5224 necdum
3403 5170 3692 5223 damnatus

2102 5234 2309 5356 {uprah
2352 5238 2516 5292 immo
2560 5254 2661 5293 nec
2703 5240 2915 5309 publico
2952 5240 3155 5307 judicio
3183 5241 3249 5294 de
3279 5240 3465 5294 lueresi
3496 5249 3689 5308 postu-

2124 5320 2152 5356 ἔ]
2184 5324 2262 5356 υς.

2124 5314 2262 5359 atus.

2173 5376 2347 5443 Atque
2376 5377 2489 5430 haec
2514 5393 2670 5431 causa
2713 5387 2793 5432 est
2822 5394 2919 5432 cur
2948 5380 2998 5432 in
3041 5380 3182 5432 notis
3212 5380 3342 5432 nihil
3390 5378 3534 5430 aliud
3574 5377 3690 5431 fere

2101 5446 2459 5513 praestandum
2482 5449 2733 5529 putarim.
2764 5456 3004 5529 quam_nt
3041 5449 3580 5529 singulas-tantorum
3604 5447 3687 5499 vi-

2102 5532 2284 5568 rorum
2329 5519 2621 5571 sententias
2660 5519 2878 5585 singulis
2920 5518 3148 5573 Nestorii
3176 5519 3332 5574 dictis
3361 5518 3681 5580 conferrem,

2102 5594 2157 5638 et
2178 5585 2313 5646 loca,
2346 5586 2434 5640 ubi
2466 5588 2654 5640 vitiosa
2686 5589 3037 5651 occurrerint,
3071 5590 3437 5643 emendarem.

2176 5665 2196 5690 ε’
2239 5655 2292 5729 Si
2325 5656 2527 5724 primus
2554 5658 2641 5729 ille
2667 5659 2753 5719 sit,
2788 5667 2844 5711 ut
2874 5674 3059 5711 revera
3088 5660 3286 5729 cst,iad
3316 5659 3566 5729 populum
3590 5657 3673 5729 im-

2102 5724 2317 5793 pietatis
2340 5742 2538 5793 scrmo,
2572 5727 2767 5781 factum
2794 5735 3009 5798 oportet
3037 5739 3159 5799 post
3180 5724 3445 5785 Anastasii
3469 5726 3686 5801 prosint-
