3958 6178
312 369 422 425 757

1511 366 1670 422 1111⁷11
1709 363 2020 420 NESTORH
2060 364 2288 420 SE’RMO
2329 366 2369 418 l.

3474 372 3577 426 753

303 479 417 554 teri
465 487 556 532 aut
609 480 870 554 Dorothci
916 479 1153 554 episcopi
1207 478 1396 554 impias
1452 493 1640 554 voces,
1691 485 1749 531 ut
1782 477 1880 554 Avcl
1910 485 1956 540 Α
1984 477 2269 554 Anastasio
2309 478 2577 554 traditam.
2619 479 2936 554 ΔΙὶοωὶιὶωη,
2992 483 3163 550 inquit
3216 484 3581 554 Timophanes

307 550 606 616 utriusque,
637 550 721 603 vel
751 550 1056 604 alterutrius
1082 549 1280 604 dictum
1305 548 1582 604 Nestorius
1609 549 1875 616 approba-

307 627 429 702 ret,
484 628 885 688 eouunotusque
930 619 1157 702 populus
1212 617 1873 702 utcumque_placaretur.

305 690 644 756 Quamquam
675 705 780 743 non
828 688 1042 759 nemini,
1071 697 1254 759 posset
1291 688 1482 759 venire
1522 689 1574 741 in
1622 698 1875 759 mentem,

304 773 615 811 sennonem
644 759 786 812 hunc
815 774 919 814 non
949 757 1161 813 dilfei're
1199 758 1266 812 ab
1305 757 1519 811 homilia
1545 771 1705 825 quam
1745 757 1879 811 scri-

307 827 393 880 bit
425 827 780 897 Theophanes
806 844 836 882 a
874 828 1120 884 Nestorio
1166 829 1476 896 legendam,
1505 827 1743 898 syncello
1784 843 1882 882 suo

1985 547 2078 613 (In
2109 549 2529 624 Chronograph.)
2548 589 2562 612 ,
2591 550 2658 624 de
2687 552 2841 624 rebus
2864 554 2986 620 ﬁdei
3015 547 3106 606 suo
3135 547 3382 624 syncello'
3407 557 3578 609 tradi-

1985 629 2087 694 iam
2117 636 2169 671 tn.
2186 617 2386 694 publica
2409 617 2720 694 Christiana:
2740 617 2897 692 plebis
2925 617 3344 694 conventu'jusstt
3370 625 3579 678 recitari

1983 689 2059 763 ita
2089 689 2470 763 continentem:
2509 708 2526 739 t
2564 689 2793 763 Mariam
2836 708 2983 745 nemo
3012 689 3272 763 nuneupet
3303 693 3401 747 Dei
3431 697 3581 763 geni-

1987 759 2194 820 tricem;
2241 758 2390 811 homo
2430 775 2650 824 namque
2695 761 2868 814 Maria
2909 763 3140 824 exstitit,
3173 758 3223 816 et
3265 763 3329 816 ab
3370 758 3578 818 homine

1988 824 2152 879 Deum
2179 828 2322 898 gigni
2342 824 2660 897 impossibile
2687 839 2777 883 est.
2793 849 2812 881 ι

1119 1033 1412 1116 ΙΜΡΙΙ
1483 1029 2036 1116 ΝΕΒΤΟΙΠΙ
2111 1030 2760 1114 SERMONES.

823 1250 1054 1308 SERMO
1091 1250 1366 1308 PRIMUS.

455 1428 534 1483 De
560 1427 931 1482 lncarnatione
958 1426 1170 1482 Domini
1195 1429 1355 1482 nostri
1385 1427 1508 1483 Jcsu
1534 1425 1742 1482 Christi.

382 1605 435 1658 1.
470 1614 495 1642 ι
524 1602 780 1659 Doctrina
808 1601 1025 1672 pietatis
1061 1608 1146 1657 est
1182 1607 1516 1656 sensatorum
1557 1600 1611 1653 in
1651 1597 1886 1654 Ecclesia

301 1698 571 1761 intentio;
604 1696 816 1767 pietatis
843 1702 1022 1748 autem
1055 1693 1295 1748 doctrina
1325 1692 1678 1746 Providentia:
1706 1693 1888 1760 cogni-

303 1789 388 1842 tio
429 1795 512 1842 est
558 1785 880 1853 :cognoscit
927 1797 1155 1852 namque
1184 1781 1278 1836 Dei
1323 1780 1750 1851 providentiam,
1795 1781 1885 1849 qui

305 1875 476 1931 Deum
505 1873 817 1941 cognoverit
842 1888 1128 1942 corporum
1164 1871 1569 1939 animorumque
1610 1869 1635 1908 ιο
1677 1879 1885 1925 creato-

304 1983 442 2020 rem.
482 1966 756 2034 Quotquot
789 1965 951 2032 igitur
992 1963 1044 2017 id
1089 1962 1390 2018 nescientes
1433 1961 1658 2016 adorant
1694 1960 1879 2026 Deum,

1991 1251 2150 1308 aﬂert
2177 1253 2306 1308 mihi
2335 1261 2494 1308 testas
2535 1252 2728 1322 spicas,
2765 1253 2938 1308 hiems
2977 1253 3186 1322 pluvias
3211 1266 3454 1324 generat,
3487 1276 3582 1314 au-

1993 1351 2208 1396 tumnus
2245 1343 2500 1397 tributum
2532 1343 2584 1396 iu
2614 1344 2736 1397 vino
2773 1343 3042 1413 dependit.

2061 1432 2109 1485 4.
2147 1433 2316 1499 Quam
2347 1433 2665 1503 insequalem
2694 1447 2759 1486 ex
2791 1442 3108 1503 paupertate
3137 1442 3191 1487 et
3219 1434 3414 1490 divitiis
3443 1453 3579 1491 cou-

1991 1522 2271 1577 sisteatem
2301 1522 2542 1578 ducimus
2570 1523 2765 1577 vitam!
2801 1539 2907 1577 nou
2949 1524 3092 1578 enim
3130 1527 3421 1580 sustentari
3452 1527 3581 1600 [Ba-

1988 1617 2090 1670 luz.
2123 1615 2435 1686 subsistere]
2465 1616 2720 1670 mortales
2745 1615 2902 1682 aliter
2927 1616 3246 1683 potuissent.
3267 1607 3406 1671 Vide
3430 1634 3579 1673 nam-

1988 1723 2093 1777 que
2120 1710 2171 1763 in
2212 1710 2296 1765 his
2333 1710 2465 1780 ipsis
2494 1715 2691 1776 quanta
2720 1707 2892 1761 nostri
2933 1707 3095 1760 tutela
3125 1707 3212 1760 sit.
3246 1705 3437 1762 Facilis
3466 1708 3578 1762 tru-

1990 1798 2156 1852 menti
2196 1798 2424 1868 putredo
2449 1798 2594 1865 eogit
2619 1797 2836 1852 divitem
2869 1796 3059 1850 timore
3094 1797 3456 1866 corruptionis
3492 1798 3577 1852 iu-

1989 1887 2291 1956 digentibus
2330 1887 2590 1954 vendere;
2629 1886 2903 1942 mutabilis
2929 1885 3041 1940 viui
3077 1893 3267 1940 natura
3296 1902 3576 1956 possesso-

1990 1993 2104 2033 rem
2167 1988 2521 2032 mercaturam
2569 1977 2705 2031 inire
2765 1975 2948 2030 damni
3011 1982 3218 2030 terrore
3278 1976 3572 2045 compellit.

304 2059 556 2127 ignorare
584 2073 678 2113 eos
704 2055 1043 2112 manifestum
1081 2063 1166 2111 est
1183 2055 1466 2110 veritatem
1497 2073 1511 2111 :
1543 2055 1709 2111 Deum
1739 2053 1881 2110 enim

1988 2069 2317 2140 lmputribile
2362 2069 2482 2123 ideo
2525 2075 2608 2120 est
2652 2075 2708 2121 ct
2744 2080 3047 2136 repugnans
3076 2065 3307 2135 tempori
3353 2080 3573 2130 aurum,

298 2151 616 2219 conﬁtentur
643 2165 698 2202 se
724 2164 893 2214 nosse,
924 2147 1075 2219 [actis
1107 2161 1243 2212 vero,
1271 2153 1329 2200 ut
1365 2146 1619 2217 scriptum
1647 2155 1748 2214 est,
1791 2164 1882 2203 ne-

302 2249 435 2310 gant
456 2238 579 2309 (Tit.
606 2255 642 2303 ι,
675 2237 784 2306 16).
1306 2269 1324 2296 ο

375 2330 431 2383 2.
463 2330 686 2400 Oportet
713 2337 891 2384 autem
921 2336 1219 2387 creatorem
1246 2329 1439 2383 horum
1458 2343 1646 2384 curam
1675 2343 1884 2399 gerere,

301 2435 446 2489 quos
474 2420 676 2474 creavit
715 2438 726 2472 :
760 2425 974 2490 oportet
1001 2417 1276 2473 dominum
1307 2419 1389 2484 iis,
1420 2418 1612 2488 quibus
1634 2419 1883 2474 domina-

298 2520 417 2575 tur,
464 2509 874 2566 sollicitudinem
922 2511 1182 2579 impertiri
1223 2527 1239 2564 :
1279 2518 1494 2581 oportet
1523 2511 1883 2582 patremfami-

303 2600 409 2656 lias
435 2599 624 2655 domus
651 2617 762 2655 sua:
789 2615 908 2655 esse
927 2599 1282 2656 defensorem.

375 2693 429 2746 5.
462 2692 638 2763 Impar
663 2700 746 2748 est
774 2694 883 2748 vita
913 2701 1094 2748 nostra
1133 2693 1201 2749 ad
1245 2693 1404 2764 huius
1442 2695 1577 2748 tanti
1612 2695 1882 2766 regiminis

298 2783 621 2852 dignitatem
665 2803 678 2837 :
711 2784 862 2853 ﬁngit
888 2800 974 2840 me
1003 2785 1207 2858 [Baiae
1248 2786 1372 2840 add.
1403 2786 1654 2858 denique]
1684 2789 1737 2842 in
1765 2805 1880 2842 ma-

304 2885 464 2931 terno
503 2884 657 2931 utero
689 2875 873 2947 opifex
917 2877 1088 2944 Deus,
1131 2886 1186 2932 et
1212 2878 1268 2932 in
1311 2879 1415 2932 illis
1443 2880 1627 2953 matris
1673 2879 1879 2952 [Balnz.

299 2965 460 3036 mihi]
509 2966 768 3022 viscerum
815 2967 1038 3024 secretis
1082 2967 1434 3024 conservandi
1479 2983 1566 3024 me
1610 2969 1781 3041 prima
1828 2982 1884 3024 et

296 3071 511 3110 summa
557 3057 722 3112 tutela
769 3065 870 3112 est.
902 3057 1134 3122 Nascor,
1165 3065 1222 3113 et
1261 3057 1433 3116 lentes
1461 3058 1614 3114 lactis
1643 3059 1876 3114 invenio.

297 3145 506 3216 incipio
533 3162 670 3216 opus
693 3147 894 3202 habere
915 3147 1155 3202 ciborum
1181 3147 1439 3213 sectione,
1472 3154 1526 3202 et
1549 3148 1735 3203 cultris
1754 3149 1878 3218 qui-

298 3235 549 3300 busdam,
574 3235 822 3291 dentibus
846 3235 1110 3301 videlicet,
1137 3243 1373 3292 armatus
1400 3238 1659 3294 invenior.
1691 3239 1875 3294 Virum

297 3339 433 3392 ago,
465 3333 521 3380 et
562 3326 838 3394 vectigalis
879 3325 1012 3380 mihi
1037 3325 1266 3382 efficitur
1293 3335 1537 3384 creatura
1581 3347 1594 3383 :
1627 3327 1878 3386 deorsum

1983 2161 2114 2230 quia
2142 2168 2410 2215 retentum
2457 2157 2587 2211 nihil
2617 2155 2838 2226 pauperi
2868 2163 3047 2209 nocet.
3083 2153 3213 2220 Quae
3251 2154 3396 2208 enim
3435 2153 3577 2208 mala

1986 2248 2150 2304 edunt
2182 2248 2390 2322 [Baluz.
2431 2245 2572 2313 Quid
2605 2245 2747 2300 enim
2776 2258 2863 2298 me
2892 2239 3110 2310 laedunt]
3140 2241 3370 2304 divitiae,
3401 2241 3446 2296 si
3477 2257 3576 2295 au-

1984 2353 2106 2393 rum
2125 2353 2280 2393 suum
2307 2336 2650 2404 restringunt,
2674 2349 2796 2389 cum
2823 2347 2891 2388 ea
2917 2347 3037 2402 quae
3058 2345 3146 2385 me
3174 2337 3419 2400 pascunt,
3446 2345 3574 2384 ven-

1985 2426 2112 2482 dere
2137 2426 2328 2481 divites
2349 2423 2776 2493 compellantur?

2055 2515 2106 2571 5.
2140 2518 2332 2572 Decem
2360 2514 2595 2569 millibus
2625 2512 2780 2569 donis
2807 2511 3104 2568 humanum
3143 2523 3312 2579 genus
3339 2508 3575 2563 honora-

1985 2623 2094 2666 tum
2134 2610 2322 2665 ultimo
2352 2616 2406 2663 et
2434 2607 2660 2660 linitimo
2689 2603 2980 2660 Dominicae
3025 2599 3413 2656 incarnationis
3455 2615 3574 2654 mu-

1983 2716 2114 2756 nere
2151 2699 2463 2755 decoratum
2511 2704 2613 2750 est.
2658 2693 2925 2760 Quoniam
2972 2691 3114 2746 enim
3165 2690 3329 2743 homo
3379 2687 3572 2743 divinae

1983 2792 2160 2858 imago
2190 2798 2395 2845 natura:
2421 2795 2522 2852 est,
2551 2783 2578 2823 δ
2613 2786 2755 2840 hanc
2795 2790 2976 2838 autem
3022 2780 3234 2850 impulit
3272 2787 3333 2833 et
3377 2777 3573 2848 deiecit

1980 2879 2223 2935 diabolus
2248 2879 2302 2932 in
2328 2875 2733 2946 corruptionem
2765 2889 2780 2927 :
2815 2882 2840 2911 ο
2869 2871 3042 2926 doluit
3069 2869 3276 2942 (Batus.
3304 2867 3428 2921 add.
3472 2882 3572 2937 pro

1980 2986 2076 3026 sua
2118 2969 2371 3039 imagine]
2399 2978 2671 3039 tamquam
2716 2965 2736 3005 ί
2779 2980 2880 3036 pro
2909 2964 3125 3035 propria
3154 2969 3330 3017 statua
3357 2978 3474 3025 rex,
3517 2970 3572 3017 et

1982 3075 2006 3112 κ
2047 3075 2360 3134 corruptum
2406 3068 2634 3118 renovat
2672 3059 3036 3123 simulacrum,
3085 3057 3202 3111 sine
3230 3055 3435 3110 semine
3471 3053 3570 3108 lin-

1978 3168 2110 3222 gens
2130 3152 2198 3207 de
2221 3151 2436 3219 Virgine
2476 3159 2718 3203 naturam
2737 3188 2751 3212 ,
2781 3148 2920 3202 sicut
2943 3155 2998 3200 et
3024 3145 3213 3211 Adam,
3244 3145 3336 3213 qui
3365 3153 3420 3198 et
3453 3145 3569 3214 ipse

1977 3242 2093 3296 sine
2120 3239 2324 3296 semine
2369 3239 2624 3307 ﬁguratus
2651 3246 2768 3301 est,
2801 3237 3019 3290 humani
3064 3235 3276 3304 generis
3315 3242 3570 3304 operatur

1977 3331 2368 3387 restitutionem
2409 3328 2616 3402 (Bolus.
2647 3325 3072 3396 suscitationcm]
3111 3341 3210 3396 per
3251 3325 3522 3380 hominem
3547 3365 3563 3392 ,

297 3431 534 3485 namque
560 3433 645 3470 me
666 3417 838 3487 pascit
858 3425 1020 3483 terra,
1048 3425 1103 3471 et
1129 3418 1196 3471 de
1219 3419 1355 3473 cmlo
1383 3419 1513 3472 mihi
1547 3419 1761 3475 lucerna
1786 3437 1878 3476 ac—
1903 3434 1950 3498 ο
1982 3419 2007 3458 ιι
2037 3422 2296 3493 quoniam,
2323 3420 2512 3488 inquit,
2544 3435 2634 3490 per
2658 3418 2915 3472 hominem
2940 3433 3098 3482 mors,
3123 3427 3174 3470 et
3199 3435 3290 3488 per
3309 3418 3566 3472 hominem

295 3504 544 3559 ceuditur
581 3506 661 3561 sol
682 3547 698 3571 ,
730 3505 889 3564 flores
915 3506 1047 3565 mihi
1081 3517 1101 3545 η
1134 3522 1355 3567 vernum
1378 3517 1587 3584 tempus
1617 3513 1877 3578 attribuit,

1987 3515 2288 3568 resurrectio
2308 3521 2626 3569 mortuorum
2657 3509 2698 3581 (1
2727 3507 2845 3565 Cor.
2878 3525 2965 3574 xv,
2989 3507 3102 3580 η).

1460 3616 2006 3680 ϐΛδΤΙϐΛΤΙΟΝΕδ
2044 3622 2132 3678 ET
2171 3621 2400 3678 ΝΟΤιΕ.

367 3745 698 3816 {Sermonis
734 3747 816 3800 sui
851 3746 1128 3801 Nestorius
1155 3746 1287 3801 duas
1313 3745 1439 3801 fecit
1463 3755 1676 3816 partes;
1720 3764 1878 3803 unam

290 3815 365 3868 de
394 3813 755 3879 Providentia,
782 3831 902 3883 qua:
932 3825 1043 3871 tota
1071 3816 1182 3870 fere
1203 3813 1657 3871 catholica—videri
1680 3829 1874 3883 potest,

289 3899 623 3951 quamquam
649 3885 937 3940 Cassianus
963 3887 1014 3940 in
1045 3902 1107 3940 ea
1132 3887 1374 3939 nonnihil
1403 3885 1772 3954 reprehendit;
1807 3890 1881 3942 al-

294 3963 473 4027 teram
487 3954 554 4008 de
570 3955 938 4027 incarnatione
958 3956 1248 4019 Dominica,
1271 3970 1391 4024 qua:
1412 3958 1576 4010 totius
1591 3956 1881 4027 impietatis

293 4022 422 4078 foris
455 4030 510 4077 et
538 4024 690 4092 origo
721 4023 834 4076 fuit.

371 4092 552 4163 liqu
574 4103 807 4148 tutorem.
833 4093 982 4148 Hanc
1004 4094 1289 4163 lectionem
1312 4109 1472 4162 quam
1493 4097 1796 4163 accepimus
1815 4112 1884 4151 ex

291 4162 487 4234 codice
503 4161 883 4225 Bellovacensi,
903 4162 1227 4234 conﬁrmant
1233 4180 1322 4232 seq
1330 4161 1526 4234 ueniia,
1541 4161 1881 4234 conﬁrmandi

294 4233 575 4304 meiprima
603 4241 651 4284 et
666 4249 878 4304 summa
901 4233 1179 4304 tutela_est.
1212 4233 1341 4288 Item
1366 4232 1529 4304 infra,
1560 4232 1752 4304 quanta
1781 4252 1880 4288 tto-

293 4302 395 4353 stri
436 4301 593 4353 tutela
629 4303 716 4355 sit.
751 4301 815 4354 Et
841 4311 1018 4356 tamen
1047 4301 1336 4356 Garnerius
1363 4303 1488 4357 hinc
1529 4301 1744 4358 sustulit
1786 4320 1880 4358 vo-

288 4385 414 4423 cem
448 4379 666 4491 tgtorem
694 4379 752 4424 ut
779 4380 1060 4426 creatorem
1091 4381 1345 4442 poneret,
1375 4370 1669 4428 Cerberon.
1703 4385 1881 4429 aucto-

293 4455 424 4491 rem.
505 4455 658 4491 ALUZ.

293 4455 424 4492 νειη.
460 4455 658 4493 ὕΛιυΖ.

371 4518 396 4546 ε
440 4508 609 4580 Verrii
636 4519 847 4580 tempus.
878 4508 1170 4565 Garnerius
1210 4525 1332 4566 cum
1376 4509 1496 4565 istic
1536 4509 1727 4580 ederet
1763 4528 1876 4565 ver-

291 4593 420 4630 num
443 4617 460 4641 ,
491 4577 851 4634 Get'beronius
878 4595 1008 4634 vero
1049 4581 1178 4636 reris
1196 4621 1210 4642 ,
1255 4597 1362 4635 non
1387 4579 1741 4634 meminerant
1768 4599 1878 4635 eer-

1979 3750 2162 3804 dixisti
2195 3766 2213 3803 :
2243 3747 2347 3831 .Ubi
2373 3750 2455 3830 hic
2483 3758 2687 3831 statua,
2717 3748 2807 3831 ubi
2829 3767 3079 3831 organum
3111 3752 3285 3804 tuum?
3320 3753 3566 3831 tamn-in:

1979 3835 2132 3890 quam
2156 3835 2174 3872 :
2203 3817 2495 3890 absit‘enim
2522 3828 2579 3870 ut
2625 3819 2719 3890 hoc
2754 3817 2964 3890 alterius
2998 3822 3064 3872 sit
3091 3837 3245 3890 quam
3275 3831 3428 3873 tuum.
3467 3821 3565 3876 Ubi

1978 3887 2108 3942 illud
2149 3887 2285 3959 quod
2322 3887 2628 3959 Dominum‘
2645 3887 2822 3941 Jcsum
2870 3887 3127 3941 Christum
3171 3899 3358 3943 stature
3397 3891 3565 3943 instar

1981 3955 2262 4030 agit-mons,
2300 3959 2555 4028 nonquia
2593 3955 2761 4030 Deus,
2801 3959 2891 4011 sed
2915 3960 3036 4030 quia
3070 3961 3242 4030 imago
3276 3959 3389 4024 Dei,
3427 3959 3560 4012 ado-

1981 4025 2202 4081 randum
2230 4036 2413 4098 putas,
2446 4025 2506 4080 iet
2529 4044 2596 4082 ea:
2622 4025 2847 4081 Domino
2877 4025 3445 4098 majestatis'm'gauum
3481 4031 3563 4098 {a-

1981 4099 2120 4150 cieus
2143 4137 2158 4162 ,
2197 4114 2302 4152 non
2327 4106 2535 4168 propter
2560 4114 2616 4152 se
2642 4114 2784 4161 eum,
2813 4098 2904 4150 sed
2936 4107 3141 4168 propter
3166 4115 3278 4168 cum
3305 4098 3391 4168 qui
3413 4113 3564 4167 quasi

1981 4168 2036 4221 in
2065 4166 2430 4237 eo_spiret’ac'
2450 4177 2654 4237 resonet
2684 4167 3042 4237 honorandum
3070 4183 3179 4220 esse
3217 4166 3556 4237 blasphemus.

2049 4245 2080 4282 ε
2118 4234 2405 4308 Cassianus
2424 4235 2559 4308 (Lib.
2581 4253 2680 4308 vn,
2699 4254 2811 4306 cap.
2841 4236 2894 4308 6)
2923 4255 2934 4288 :
2965 4235 3108 4308 Dicis
3129 4254 3247 4306 ergo
3268 4234 3403 4308 quod
3426 4238 3561 4288 ima-

1982 4305 2150 4377 ginem
2176 4306 2295 4377 Dei,
2323 4305 2478 4377 quam
2504 4306 2740 4377 diabolus
2762 4305 3051 4376 'projecerat
3079 4307 3132 4358 in
3160 4305 3558 4374 corruptionem,

1982 4375 2144 4443 pietas
2171 4375 2348 4429 divino
2369 4375 2623 4446 repararit
2649 4391 2668 4428 :
2706 4394 2722 4424 ι
2745 4375 3053 4446 corruptam
3081 4377 3237 4446 cnim,
3261 4376 3450 4446 inquis,
3482 4393 3562 4429 re-

1980 4454 2132 4512 parat
2169 4444 2472 4514 imaginem,
2527 4463 2545 4494 ι
2578 4445 2693 4513 jam
2733 4444 2828 4497 hoc
2856 4461 3015 4515 quam
3034 4445 3246 4498 subdole
3281 4444 3418 4515 quod
3447 4447 3557 4508 ais,

1985 4524 2275 4584 corruptam
2310 4524 2518 4581 reparat
2556 4514 2831 4582 imaginem
2869 4514 2889 4568 ξ
2920 4514 3116 4569 scilicet
3151 4525 3207 4567 ut
3249 4514 3559 4584 persuadeas

1983 4583 2112 4654 nihil
2138 4583 2253 4653 plus
2283 4584 2440 4651 fuisse
2464 4584 2516 4637 in
2541 4600 2600 4637 eo
2623 4584 2676 4635 in
2707 4600 2806 4653 quo
2829 4585 3000 4653 imago
3028 4583 3380 4654 reparabatur,
3406 4599 3560 4654 quam

446 4630 1872 4734 (usqueangustante:hianna.magis,
1907 4630 3561 4734 Dsuasisset;{anat;rggziau'gssazi;;is:1;;

291 4717 372 4768 ait
402 4717 590 4771 tubera
619 4720 896 4772 tenerrima
919 4736 1073 4774 verno
1099 4736 1225 4773 esse.
1253 4718 1382 4774 Vide
1409 4717 1874 4776 Glossarium—Du—

290 4784 496 4839 fresuii.
533 4787 728 4840 ΒΑιυι.

1979 4738 2069 4792 per
2107 4723 2203 4776 hoc
2229 4722 2365 4775 idem
2409 4722 2757 4792 tantummodo
2797 4722 2871 4776 eis
2908 4740 3017 4776 esse
3054 4722 3368 4785 Dominum,
3425 4723 3559 4792 quod

1977 4789 2143 4862 Adam
2160 4809 2178 4855 ;
2211 4792 2340 4844 nihil
2365 4790 2478 4859 plus
2518 4793 2758 4862 imaginis
2800 4803 3179 4862 reparatorcm,
3209 4809 3361 4862 quam
3389 4789 3556 4860 ipsum

418 4855 616 4933 Locum
647 4857 787 4933 hunc
806 4854 1400 4933 Cassianus-exﬁrazco
1426 4859 1690 4933 vertitLet
1718 4859 1876 4933 refel-
1941 4854 2253 4933 eimaginem
2277 4854 2874 4933 corruentem.'Dci:iqrte
2904 4861 3027 4933 quid
3054 4854 3200 4931 agas,
3219 4854 3346 4933 fqnid
3372 4854 3557 4916 molia-

291 4925 356 4997 lit
383 4925 435 4978 in
468 4925 578 4997 hinc
607 4926 768 4980 verba
801 4925 937 4994 (Lib.
980 4943 1050 4982 vn
1079 4927 1142 4980 de
1184 4927 1395 4982 lncarn.
1424 4944 1542 4996 cap.
1585 4927 1638 4997 6)
1685 4947 1698 4982 :
1734 4928 1874 4992 Quo-

289 4996 436 5116 nlilam
475 4996 662 5048 divina:
692 5005 893 5049 natura:
920 4998 1088 5067 imago
1110 5006 1185 5050 est
1212 4997 1379 5060 homo,
1413 5007 1541 5061 etc.,
1573 4996 1692 5065 quas
1721 4999 1870 5068 prius

289 5080 320 5116 a
368 5073 456 5116 ala
477 5071 619 5116 sunt.

288 5071 456 5116 allata
477 5071 619 5118 sunt.

368 5143 393 5168 ε
423 5133 712 5188 Cassianus
741 5133 931 5203 (Ιῡῑιι.)
966 5151 978 5186 :
1013 5131 1098 5188 Ita
1116 5151 1237 5204 ergo
1263 5135 1312 5187 et
1342 5143 1392 5187 tu
1415 5134 1584 5188 dicis:
1615 5153 1634 5186 ‹
1669 5135 1875 5192 Dirinat

286 5212 495 5274 natura:
522 5203 689 5273 imago
713 5216 790 5258 est
808 5205 994 5274 hante;
1033 5203 1363 5257 hanc’autem
1395 5204 1612 5274 projecit
1639 5205 1872 5274 diabolus

286 5273 348 5322 in
377 5272 772 5340 corruptionem.
815 5272 992 5326 Doluit
1027 5274 1158 5326 sicut
1185 5289 1278 5342 pro
1314 5272 1538 5342 imagine
1563 5289 1658 5327 sua
1697 5273 1868 5342 Deus,

284 5342 423 5394 sicut
443 5357 541 5414 pro
583 5351 756 5414 statua
781 5359 876 5414 sua
905 5341 1202 5414 imperator.
1250 5361 1288 5414 ι-
1316 5341 1412 5395 Dei
1442 5359 1625 5396 nomen
1654 5341 1866 5414 objicis,

285 5418 347 5462 ut
374 5412 639 5479 religionis
679 5413 886 5466 nomine
921 5413 1207 5465 mentiaris.
1247 5411 1448 5481 (Sancta
1478 5411 1779 5481 prcemittis,
1815 5411 1870 5468 ut

284 5496 528 5552 perversa
556 5481 892 5549 persuadeas;
921 5492 975 5536 ει·
994 5480 1284 5552 conﬁtendo
1311 5480 1549 5535 Deumid
1573 5483 1784 5552 e/Iicias,
1814 5494 1870 5538 ut

284 5565 404 5622 eum
423 5551 600 5622 ipsum
624 5567 776 5622 neges
796 5568 951 5622 quem
977 5551 1255 5622 conﬁteris,
1281 5558 1385 5605 etc.

367 5617 385 5655 ί
423 5617 620 5672 lterum
658 5617 944 5690 Cassianus
983 5617 1122 5686 (Lib.
1169 5636 1257 5683 v1,
1295 5637 1409 5690 cap.
1452 5619 1513 5686 6;
1556 5621 1668 5676 vide
1711 5624 1867 5676 etiam

287 5688 376 5769 (ib.
404 5704 494 5750 vn,
521 5704 632 5769 cap.
655 5688 708 5769 (3)
729 5708 739 5741 :
757 5688 1023 5769 Numquid
1048 5691 1244 5769 ahquid
1269 5690 1331 5742 de
1357 5688 1646 5769 phantasiis
1661 5693 1723 5745 iis
1753 5693 1865 5769 qui-

289 5756 381 5811 bus
408 5775 544 5812 nunc
573 5756 698 5826 [uris
727 5756 1009 5828 symbolum
1045 5756 1204 5813 dicit?
1235 5756 1477 5831 numquid
1504 5763 1655 5814 etiam
1679 5771 1726 5814 tu
1757 5756 1864 5831 ipse

1978 4925 2418 5001 ris,'sequentibus
2447 4925 2633 5001 probas
2651 4970 2666 4994 ,
2693 4925 2869 4986 dicens
2899 4925 2927 4984 ε’
2951 4925 3293 4984 Sinc'sernine
3317 4933 3558 5001 forttiaeit

1975 5009 2216 5053 naturam
2232 5000 2505 5054 secundum
2527 5000 2672 5053 illum
2689 5001 2774 5069 qui
2788 5003 2899 5054 sine
2913 5001 3102 5054 semine
3118 5000 3347 5054 nascitur
3366 5000 3551 5062 Adam,

1973 5079 2022 5120 et
2046 5086 2136 5138 per
2157 5071 2412 5122 hominem
2436 5070 2714 5122 humanam
2735 5080 2973 5124 naturam
2998 5071 3228 5122 suscitat.
3268 5090 3284 5120 ι
3319 5070 3555 5123 Similem

1973 5138 2028 5190 in
2048 5137 2290 5210 omnibus
2321 5150 2370 5192 et
2396 5156 2572 5208 parem
2600 5139 2730 5193 Adae
2759 5138 3036 5210 Dominum
3062 5137 3239 5194 Iesum
3271 5141 3428 5210 fuisse
3449 5157 3553 5210 Vas-

1972 5209 2099 5261 seris
2133 5224 2152 5260 :
2191 5209 2338 5262 illum
2357 5209 2528 5275 utique
2551 5210 2663 5262 sine
2689 5210 2910 5265 semine.
2941 5219 2991 5262 et
3015 5209 3148 5262 hunc
3186 5209 3297 5264 sine
3330 5209 3552 5271 semine;

1975 5277 2122 5330 illum
2159 5277 2415 5332 hominem
2445 5279 2632 5341 solum,
2664 5281 2799 5332 hunc
2831 5279 3089 5332 hominem
3123 5281 3411 5332 solitarium
3436 5317 3450 5339 ,
3494 5296 3555 5331 ac

1974 5363 2067 5418 per
2103 5347 2196 5400 hoc
2227 5347 2362 5418 vides
2393 5358 2440 5400 te
2479 5349 2750 5416 diligenter
2793 5350 2986 5402 cavisse
3028 5364 3089 5400 ac
3130 5350 3455 5418 prospexisse
3491 5365 3555 5402 ne

1974 5414 2227 5470 Dominus
2266 5415 2417 5488 Iesus
2445 5414 2706 5481 Christus,
2733 5426 2822 5470 aut
2855 5419 3025 5488 major
3048 5418 3104 5470 in
3131 5414 3301 5488 aliqua
3330 5419 3550 5474 Adamo.

1974 5495 2064 5538 aut
2089 5488 2221 5557 [orte
2251 5487 2432 5540 melior
2468 5495 2761 5557 putaretur;
2791 5504 2905 5540 cum
2937 5491 3010 5542 ita
3043 5503 3129 5541 eos
3166 5487 3264 5541 sibi
3302 5489 3555 5541 mensuris

1973 5555 2183 5626 paribus
2225 5555 2615 5626 comparaveris
2637 5595 2653 5618 ,
2700 5567 2755 5609 ut
2799 5557 3161 5626 derogaturum
3213 5567 3258 5611 te
3307 5557 3550 5626 quodam--

1971 5625 2124 5698 modo
2153 5624 2280 5679 Adin
2301 5626 2498 5696 aliquid
2524 5626 2774 5689 crederes,
2809 5629 2855 5680 si
2880 5624 3044 5680 eidem
3071 5624 3335 5698 quidpiam
3364 5635 3552 5696 prtum—

1968 5692 2132 5747 lisscs.
2387 5692 2396 5696 ⁷
3084 5692 3114 5703 ”

2041 5762 2067 5800 ιι
2100 5763 2385 5819 Cassianus
2412 5764 2546 5834 (Lib.
2582 5782 2670 5833 vn,
2705 5783 2817 5835 cap.
2841 5765 2914 5835 7).
2950 5785 2965 5816 ‹
2998 5764 3254 5830 Quoniam
3276 5765 3429 5818 enim.
3463 5762 3544 5814 in-
