3958 6178
380 357 483 412 759

883 352 1067 407 MARII
1106 350 1544 406 MERCATOBIS
1584 350 2153 406 TRANSLATIONES
2194 351 2546 407 VARIORUM
2588 352 3115 410 ()PUSCULONUM.

3526 358 3630 411 7‘50

446 466 499 519 ὅ.
534 477 558 503 ἰ
589 465 819 520 Audiant
846 463 976 523 h:ec,
1019 462 1110 530 qni
1142 461 1193 515 in
1223 462 1621 531 dispensatione
1660 462 1950 516 Dominica:
1977 489 2019 542 Α
2052 467 2152 529 ria,
2178 482 2244 519 an
2269 476 2447 521 autem
2488 468 2881 538 ἆνθρωποτόκος,
2915 467 2968 521 id
2993 478 3093 532 est,
3120 468 3349 522 hominis
3382 471 3636 537 genitris.

378 556 736 611 innovationis
764 552 967 625 [Baluz.
1008 551 1411 622 incarnationis]
1440 553 1622 607 cmcati
1654 569 1757 605 non
1795 553 1949 606 intel-

380 649 576 715 ligunt.
624 661 782 715 neque
808 658 922 714 qua:
964 642 1266 714 loquuntur,
1310 660 1468 715 neque
1506 644 1568 697 de
1606 643 1781 715 quibus
1812 644 1951 713 affir-

372 745 520 790 mant
553 735 595 805 (ι
632 734 762 787 Tim.
789 751 823 797 ι,
852 734 904 802 ’1)
935 751 946 784 :
970 734 1081 801 qui,
1108 734 1245 787 sicut
1274 733 1432 786 modo
1461 734 1827 801 cognovimus,
1861 734 1887 773 ιι
1917 750 1948 788 a

373 826 577 896 [Baluz.
626 823 701 895 in]
750 824 905 878 nobis
950 825 1176 879 invicem
1223 824 1529 892 frequenter
1569 826 1944 889 sciscitantur,

369 932 437 969 an
464 917 702 979 Θιοτόκος
722 915 944 971 dicenda
967 917 1035 969 sit
1063 915 1265 988 [Baluz.
1295 916 1653 971 sciscitantur.
1686 915 1944 984 Θιοτόκος,

372 1008 586 1080 inquit],
618 1008 671 1063 id
698 1016 801 1071 est,
841 1022 1104 1079 puerpera
1131 1009 1259 1072 Dei,
1300 1008 1413 1065 sive
1452 1009 1678 1078 genitrix
1708 1010 1802 1064 Dei
1841 1009 1951 1064 Ma-

2054 558 2225 611 llabct
2270 568 2495 612 matrem
2539 560 2716 613 Deus?
2756 571 2777 597 ο
2821 559 2963 627 Ergo
3009 562 3328 615 excusabilis
3365 564 3640 630 gentilitas

2054 656 2251 702 matres
2278 648 2376 704 diis
2404 649 2863 704 subintroducens.
2890 648 2915 685 ἀ
2940 649 3134 704 Paulus
3157 667 3284 720 ergo
3314 654 3540 708 mendax
3570 655 3641 709 de

2053 737 2247 791 Christi
2278 739 2481 793 Deitate
2508 739 2708 803 dicens,
2738 750 2761 776 θ
2793 744 3025 819 ἀπάτωρ.
3057 744 3284 821 ἀμήτωρ,
3314 741 3433 798 ἄνευ
3459 765 3640 814 γενη-

2054 830 2223 903 λογίας
2253 830 2410 900 (Heb.
2435 847 2523 896 vn,
2562 831 2637 902 5),
2669 830 2720 884 id
2768 842 2867 895 est,
2899 832 3015 886 sine
3053 843 3205 903 patre
3226 873 3239 897 ,
3283 834 3400 888 sine
3428 844 3633 899 matre,

2053 921 2169 975 sine
2202 920 2561 988 generationis
2590 921 2917 975 narratione.

2131 1011 2180 1063 7.
2224 1009 2243 1049 τ
2275 1010 2424 1078 Non,
2454 1011 2537 1065 vir
2563 1012 2783 1082 optime,
2816 1012 2979 1067 Maria
3009 1013 3215 1084 peperit
3259 1014 3446 1068 Deum.
3484 1014 3638 1079 Quod

1552 1140 2095 1199 CASTIGATIONES
2134 1142 2221 1198 ET
2251 1142 2483 1199 ΝΟΤΕ.

371 1257 501 1328 quis,
539 1271 630 1324 per
663 1254 914 1306 hominem
954 1269 1109 1314 mors,
1126 1253 1252 1328 ideo
1280 1262 1327 1306 et
1365 1271 1455 1323 per
1481 1253 1733 1328 hominem
1760 1272 1947 1328 resur-

373 1324 528 1379 rectio
576 1334 890 1378 mortuorum
937 1339 953 1375 :
1001 1343 1018 1373 ι
1069 1324 1289 1392 etiamne
1333 1324 1613 1392 apostolico
1658 1325 1943 1379 testimonio

369 1397 747 1466 perversitatem
778 1394 1028 1466 ac__srelus_
1054 1391 1477 1466 probareiniteris
1496 1434 1508 1457 ,
1527 1403 1602 1466 ‘et
1624 1397 1943 1466 contagione

370 1461 647 1533 impietatis
680 1472 778 1517 tua:
826 1461 928 1513 Vas
960 1462 1237 1533 electionis
1279 1463 1542 1533 infames?
1588 1461 1816 1516 videlicet
1852 1474 1939 1529 ut,

371 1532 493 1602 quia
538 1551 569 1585 a
604 1542 649 1585 te
682 1532 1068 1603 auctor_salutis
1113 1541 1210 1585 tua:
1243 1548 1345 1603 non
1378 1532 1707 1603 intelligitur,
1750 1534 1939 1587 idcirco

369 1599 524 1657 etiam
551 1602 821 1670 Apostolus
856 1599 1019 1653 Deum
1054 1617 1266 1670 negasse
1304 1599 1561 1665 rideatur,
1601 1612 1650 1653 et
1692 1612 1856 1655 tamen
1895 1606 1941 1656 si

369 1669 664 1740 apostolicis
683 1671 980 1725 testimoniis
1001 1672 1074 1740 uti
1095 1669 1343 1740 placebat.
1375 1687 1464 1721 cur
1487 1688 1588 1724 uno
1603 1673 1711 1740 ejus
1734 1683 1941 1725 conten-

370 1739 449 1796 tus
478 1750 660 1795 cuncta
688 1740 895 1801 siluisti,
926 1748 975 1791 et
1006 1739 1098 1791 hoc
1123 1756 1225 1793 non
1258 1739 1528 1793 subdidiin
1556 1739 1728 1793 statim
1755 1759 1772 1794 :
1798 1740 1940 1793 Pau-

2124 1264 2147 1292 ο
2176 1252 2461 1329 Cassianus
2491 1253 2676 1329 (Ibid.,
2707 1264 2897 1329 e_t__cap.
2932 1253 3021 1324 15)
3056 1273 3068 1307 :
3104 1253 3229 1329 Quis
3268 1273 3387 1329 ergo
3417 1269 3465 1310 te
3486 1262 3634 1329 furor

2050 1324 2294 1393 compulit
2334 1324 2675 1394 testimonium
2722 1325 2851 1377 illud
2890 1342 3095 1394 ponere,
3126 1325 3211 1378 ubi
3248 1324 3370 1379 dum
3411 1324 3631 1382 matrem

2047 1391 2303 1465 eumlnon
2342 1391 2585 1465 habuisse
2606 1394 2747 1465 dicis
2771 1391 2922 1446 etiam
2952 1404 3147 1464 patrem
3174 1395 3283 1464 ejus
3312 1413 3525 1465 negasse
3556 1400 3629 1451 ri-

2048 1463 2255 1515 dearis?
2283 1478 2405 1515 nam
2433 1479 2546 1515 cum
2571 1463 2623 1514 in
2652 1463 2827 1516 eodem
2858 1465 3161 1527 testimonio,
3192 1463 3323 1517 sicut
3365 1463 3476 1519 sine
3522 1485 3629 1520 ma-

2050 1544 2139 1594 tre,
2160 1533 2230 1583 ita
2251 1533 2404 1584 etiam
2424 1534 2533 1585 sine
2554 1541 2699 1601 patre
2713 1549 2821 1585 esse
2834 1532 3051 1595 dicatur,
3071 1550 3271 1587 necesse
3289 1544 3364 1587 est
3384 1539 3628 1591 uteodem

2046 1601 2197 1655 modo
2211 1618 2309 1671 quo
2329 1603 2440 1673 sine
2466 1611 2629 1673 matre
2655 1618 2765 1673 esse
2788 1601 2859 1655 ibi
2887 1603 3205 1673 intelligitur,
3223 1605 3377 1673 etiam
3398 1606 3511 1658 sine
3530 1624 3626 1673 pa-

2049 1680 2123 1743 tre
2144 1670 2535 1743 esseicredatur.
2569 1670 2675 1743 sed
2708 1672 2802 1743 hoc
2829 1670 3090 1743 prwrupta
3118 1672 3211 1725 illa
3236 1672 3306 1724 ad
3333 1670 3627 1743 negandum

2048 1738 2211 1792 Deum
2251 1740 2459 1814 insania
2486 1756 2587 1794 non
2616 1738 2885 1814 intellexit,
2918 1738 3032 1810 qua:
3059 1758 3171 1793 cum
3202 1738 3493 1814 truncatum
3533 1762 3627 1814 po-

368 1812 448 1863 lus
485 1808 756 1880 Apostolus
787 1810 848 1862 ab
883 1809 1201 1880 hominibus,
1235 1826 1392 1880 neque
1427 1826 1517 1878 per
1548 1810 1942 1871 hominem,‘sed
1973 1812 2018 1871 Β
2045 1820 2185 1862 neret
2213 1809 2347 1879 quod
2373 1810 2624 1880 integrant
2651 1811 2893 1880 scriptum
2921 1808 3028 1875 est,
3061 1827 3163 1864 non
3212 1811 3363 1875 cidit,
3395 1808 3625 1866 reserata

370 1896 461 1948 per
485 1878 666 1950 Iesum?
702 1878 959 1933 Christum
989 1877 1129 1945 (Cal.
1163 1895 1209 1941 ι,
1254 1877 1464 1950 l)".’_aut
1492 1879 1671 1950 illud:
1712 1880 1938 1950 Sapien—

371 1950 494 2019 tiam
534 1949 786 2019 loquimur
829 1950 961 2019 inter
985 1950 1234 2019 perfectos
1262 1948 1302 2018 (Ι
1341 1947 1459 2001 Cor.
1500 1965 1571 2012 ιι,
1605 1949 1679 2017 6).
1723 1947 1797 2003 Et
1827 1960 1941 2019 post

369 2018 474 2071 alia
504 2034 521 2069 :
555 2015 721 2088 Quam
746 2035 913 2078 nemo,
942 2015 1122 2088 inquit,
1150 2015 1434 2087 principum
1458 2015 1647 2088 saeculi
1665 2015 1939 2088 hujus'co-

369 2088 559 2155 gnorit.
594 2087 653 2141 Si
682 2088 816 2139 enim
843 2086 1211 2156 cognouissent,
1246 2104 1517 2156 numquam
1541 2086 1817 2156 Dominum
1839 2105 1944 2141 ma-

369 2154 569 2227 jestatis
595 2154 971 2227 cruci/ixissent
1000 2154 1161 2223 (Ibid.
1192 2155 1283 2227 8)?
1304 2154 1387 2227 uel
1401 2157 1526 2208 illud
1556 2174 1574 2209 :
1607 2155 1859 2221 Quoniam
1888 2159 1943 2210 in

370 2228 479 2295 ipso
519 2226 717 2295 habitat
744 2227 947 2295 omnis,
972 2226 1233 2295 plenitudo
1280 2226 1562 2295 diuinitatis
1606 2229 1944 2295 corporaliter

372 2294 503 2363 (Col.
538 2311 591 2359 ιι,
625 2292 699 2362 9).
730 2293 801 2346 Et
840 2312 857 2347 :
905 2292 1046 2347 Unus
1085 2293 1335 2349 Dominus
1372 2294 1522 2348 Jesus
1562 2292 1810 2360 Christus,
1854 2308 1944 2363 per

370 2381 517 2435 quem
556 2365 728 2419 omnia
769 2364 810 2434 (Ι
839 2363 957 2417 Cor.
1006 2379 1113 2435 vm,
1142 2364 1217 2431 ti).
1262 2365 1342 2415 An
1379 2366 1431 2417 in
1474 2375 1619 2434 parte
1644 2363 1943 2435 Apostolum

372 2434 615 2501 probans,
648 2434 701 2486 in
724 2444 869 2503 parte
895 2433 1202 2503 reprobans,
1230 2435 1283 2485 in
1305 2450 1364 2487 eo
1395 2433 1589 2503 tantum
1618 2433 1732 2488 eum
1762 2437 1943 2503 recipis

372 2505 426 2555 in
454 2519 552 2574 quo
583 2519 675 2573 pro
700 2502 1091 2574 dispensatione_
1106 2505 1362 2574 hominem
1391 2502 1649 2574 Christum
1689 2502 1939 2568 nominat,

372 2575 427 2643 in
468 2571 529 2626 eo
560 2571 798 2641 repudias
833 2576 888 2627 in
931 2590 1030 2643 quo
1056 2572 1255 2643 Deum?
1297 2571 1491 2626 Paulus
1518 2575 1654 2643 enim
1690 2574 1944 2627 hominem

340 2678 351 2687 κ
371 2642 545 2714 Jesuut
570 2660 671 2697 non
706 2654 858 2714 negat
884 2641 1020 2714 :_scd
1048 2641 1211 2696 Deum
1240 2651 1405 2714 tamen
1432 2642 1662 2714 eumdem
1690 2643 1944 2696 hominem

372 2713 672 2780 conﬁtetur;
704 2724 749 2763 et
774 2712 859 2784 :ila
898 2712 1121 2784 humano
1148 2713 1336 2784 generi
1362 2728 1452 2784 per
1484 2712 1738 2784 hominem
1776 2728 1946 2765 resur-

374 2784 649 2851 rectionem
678 2781 872 2834 venisse
898 2780 1177 2851 praedicat,
1230 2782 1377 2851 ut__in_
1405 2780 1605 2834 homine
1635 2789 1803 2835 tamen
1833 2783 1945 2851 ipso

374 2850 535 2903 Deum
577 2848 911 2918 resurrexisse
949 2850 1230 2918 conﬁrmet.
1283 2848 1406 2902 Vide
1444 2851 1579 2903 enim
1618 2866 1791 2905 annon
1831 2848 1945 2905 eum

373 2922 458 2989 qui
498 2920 834 2991 resurrexerit
878 2917 1052 2991 Deum
1069 2919 1312 2991 prwdicet
1335 2959 1349 2983 ,
1392 2919 1477 2989 qui
1514 2935 1627 2974 eum
1655 2921 1742 2991 qui
1781 2922 1946 2975 cruci-

375 2987 614 3058 fixusest
639 2987 802 3040 Deum
830 2987 1113 3058 majestatis
1134 3004 1242 3042 esse
1272 2987 1500 3058 testatur.

448 3067 473 3094 ι
508 3056 775 3112 Hactenus
818 3056 1103 3125 utcumque
1147 3058 1407 3113 catholice
1451 3057 1756 3123 Nestorius;
1805 3075 1947 3113 nunc

382 3128 632 3181 lucretico
668 3127 857 3197 spiritu
903 3126 1261 3181 debacchatur
1304 3129 1355 3181 in
1395 3127 1725 3183 divinitatem
1749 3128 1948 3183 Christi

378 3206 433 3251 et
456 3197 766 3265 dignitatem
796 3197 1280 3266 Deipanevirginis
1310 3216 1321 3249 :

379 3276 432 3320 ut
471 3266 756 3321 Cassianus
794 3265 977 3320 monet
1006 3265 1282 3337 (Lib.vu,
1325 3283 1437 3337 cap.
1472 3267 1547 3335 6),
1590 3268 1948 3322 veneticorum

377 3337 729 3402 quorumdam
770 3352 939 3397 more,
982 3336 1073 3403 qui
1101 3338 1154 3388 in
1183 3336 1377 3405 poculis
1402 3351 1513 3405 qua:
1539 3338 1837 3406 conficiunt,
1868 3354 1950 3391 re-

378 3407 525 3458 nenis
550 3407 705 3458 mella
737 3407 1071 3474 permiscent,
1102 3416 1157 3457 ut
1189 3405 1416 3458 dulcibus
1448 3405 1683 3459 nocitura
1703 3406 1947 3472 celentur,

377 3484 428 3555 et
453 3475 572 3527 dum
599 3477 711 3546 quis
741 3474 906 3527 mellis
942 3474 1211 3529 dulcedine
1237 3476 1455 3545 capitur,
1486 3477 1663 3529 veneni
1695 3485 1833 3545 peste
1860 3491 1951 3546 pe-

380 3555 616 3597 rimatur.

455 3613 481 3651 δ
510 3613 565 3667 In
596 3630 658 3681 ea
688 3613 980 3681 quastione
1003 3621 1111 3667 tota
1134 3612 1441 3667 vertebatur
1468 3612 1741 3681 religionis
1771 3629 1951 3678 causa,

384 3698 489 3735 non
519 3684 660 3751 qumi
690 3692 939 3751 ageretur
976 3683 1043 3737 de
1085 3683 1213 3737 solis
1239 3682 1571 3751 nominibus,
1599 3683 1740 3751 quod
1768 3684 1954 3738 inscite

400 3749 599 3824 nutavit
628 3749 881 3824 Socrates
922 3752 1057 3824 (Lib.
1098 3768 1186 3824 vn,
1235 3769 1349 3822 cap.
1394 3749 1659 3824 δικ-διξὰ
1704 3753 1848 3824 quod
1879 3769 1952 3824 ea

381 3769 588 3875 Bitiam
628 3769 880 3809 Socrates
922 3769 1057 3821 (uno.
1098 3769 1186 3816 vn,
1235 3769 1349 3822 cap.
1395 3769 1518 3821 Ol);
1566 3769 1659 3806 sea
1704 3769 1848 3824 quoa
1890 3769 1952 3807 ea

421 3822 693 3898 revissima
735 3822 886 3898 quasi
934 3822 1158 3876 formula
1204 3821 1743 3893 comprehenderetur
1793 3823 1956 3877 totius

383 3892 460 3945 rei
489 3892 838 3946 momentmn.

459 3972 480 3999 ε
516 3961 638 4015 llzcc
665 3963 873 4030 aliaque
904 3961 1067 4013 multa
1099 3960 1150 4013 in
1182 3960 1319 4015 idem
1354 3969 1724 4030 argumentum
1749 3969 1953 4024 auctor,

385 4031 497 4084 sive
541 4031 788 4100 epistolmr
817 4031 881 4084 ad
912 4031 1228 4100 Sporatimn
1242 4071 1270 4100 ,Α
1288 4030 1401 4100 sive
1444 4030 1633 4098 capitis
1658 4029 1954 4100 duodecimi

382 4100 507 4153 libri
551 4098 725 4168 quarti
780 4099 1159 4155 llzcreticarum
1206 4098 1535 4168 fabularum;
1581 4107 1741 4168 atque
1777 4099 1955 4168 etiam

385 4170 964 4291 :{tuctorPrzedestinati
984 4207 999 4233 ,
1041 4176 1099 4223 ut
1120 4168 1317 4223 dictum
1358 4174 1440 4222 est
1464 4167 1517 4225 in
1557 4167 1697 4222 notis
1725 4167 1791 4221 ad
1820 4184 1957 4237 pne-

406 4248 660 4291 amonem.

406 4240 660 4293 'ationem.

461 4307 486 4343 ἀ
514 4308 567 4363 ιιι
596 4309 880 4362 Cassianus
909 4308 1072 4363 refert
1099 4315 1260 4375 atque
1287 4306 1445 4359 etiam
1471 4304 1664 4359 refellit
1692 4303 1829 4375 (Lib.
1867 4323 1957 4371 vn,

388 4393 504 4445 cap.
540 4376 645 4447 ll).
674 4377 841 4430 Uteris
862 4396 982 4447 ergo
1009 4379 1249 4431 adversus
1280 4375 1442 4429 Deum
1465 4375 1747 4447 Sci'ipturis
1776 4379 1955 4447 sacris,

386 4443 581 4517 et’suos
618 4446 670 4497 in
698 4447 865 4517 ipsum,
896 4443 1040 4517 testes
1074 4464 1231 4517 agere,
1253 4447 1476 4499 conaris.
1523 4443 1629 4517 Sed
1670 4445 1960 4517 quomodo?

1346 3174 1948 3263 ὲεῖἱὲὶὶιῖιῖἧὲεἷιῖἑίῖἑξ
1973 3174 2019 3236 C

2042 1880 2176 1931 sacri
2203 1879 2467 1951 uoluminis
2488 1879 2907 1951 serie,_redargui
2919 1880 3196 1951 impudens
3218 1890 3367 1951 atque
3394 1893 3625 1950 apertum

2041 1948 2571 2018 posseintendacium.
2625 1947 2680 2018 07
2704 1947 2863 2002 stulta
2911 1947 3225 2018 blasphemia
3267 1947 3315 2003 et
3360 1947 3621 2014 amentia,

2042 2016 2156 2088 qua:
2183 2016 2313 2089 dum
2326 2019 2440 2087 ipsa
2457 2034 2569 2089 non
2600 2017 2732 2089 videt
2756 2018 2878 2089 quid
2897 2016 3036 2089 sequi
3071 2018 3269 2082 debeat,
3309 2022 3463 2072 etiam
3496 2022 3625 2074 illud

2043 2087 2145 2159 non
2168 2088 2339 2159 sapuit
2380 2087 2504 2159 quid
2531 2088 2631 2157 legi
2658 2087 2849 2156 possit!
2876 2087 3022 2158 quasi
3050 2105 3165 2142 vero
3203 2090 3321 2159 quia
3362 2090 3627 2159 auferebat

2042 2156 2138 2209 sibi
2178 2156 2596 2226 intelligentiam,
2631 2159 2836 2226 auferre
2863 2156 3029 2224 posset
3056 2156 3288 2211 omnibus
3326 2156 3622 2222 lectionem;

2044 2234 2133 2297 aut
2168 2225 2282 2277 ideo
2321 2225 2567 2297 perdimri
2606 2242 2779 2297 omnes
2820 2226 2888 2277 ad
2924 2227 3193 2296 legendum
3239 2229 3410 2281 oculos
3441 2231 3624 2297 capitis

2042 2296 2121 2348 sui
2152 2304 2343 2365 essent,
2379 2296 2502 2365 quia
2549 2297 2658 2364 ipse
2694 2296 2808 2365 jam
2850 2298 3032 2349 menis
3080 2297 3251 2350 oculos
3295 2296 3618 2365 perdidisset.

2043 2364 2177 2416 Audi
2204 2381 2342 2434 ergo,
2368 2364 2619 2435 hatretice,
2643 2364 2778 2434 quod
2802 2368 3001 2435 furatus
3031 2382 3116 2429 es;
3140 2367 3261 2418 audi
3289 2364 3442 2435 plena
3464 2378 3515 2419 et
3534 2370 3618 2420 in-

2046 2443 2188 2505 tegra
2220 2433 2349 2505 quia
2374 2433 2561 2486 debilia
2600 2433 2662 2485 ac
2703 2433 2937 2487 truncata
2970 2436 3200 2504 posuisti.
3232 2433 3505 2505 Apostolus
3529 2438 3624 2488 dn-

2044 2502 2239 2574 plicem’
2255 2502 2352 2556 Dei
2390 2505 2704 2574 nativitatem
2738 2502 3003 2557 insinuare
3033 2502 3285 2558 omnibus
3311 2506 3546 2574 cupiens,
3570 2517 3626 2558 ut

2044 2570 2099 2624 in
2126 2570 2327 2625 Deitate
2348 2582 2524 2625 natum
2550 2571 2824 2627 Dominum
2845 2583 2893 2626 et
2912 2575 2966 2626 in
2988 2590 3141 2627 carne
3161 2570 3485 2637 monstraret,
3509 2577 3584 2627 ait
3605 2592 3623 2629 :

2048 2639 2178 2712 Sine
2205 2651 2368 2710 patre,
2400 2642 2511 2694 sine
2537 2652 2718 2695 matre.
2742 2643 2970 2695 Alterum
2995 2645 3128 2712 enim
3152 2645 3410 2712 proprium
3433 2655 3508 2697 est
3532 2644 3625 2696 Di-

2045 2711 2271 2764 uinitatis
2299 2712 2581 2773 nativitati,
2615 2712 2831 2766 alterum
2858 2714 3049 2765 carnis.
3077 2710 3211 2775 Quia
3249 2710 3378 2765 sicut
3403 2715 3457 2765 in
3500 2713 3624 2766 Dei-

2048 2788 2151 2831 tate
2178 2790 2254 2832 est
2289 2782 2400 2833 sine
2435 2790 2599 2834 matre
2624 2791 2925 2851 generatus,
2958 2783 3032 2834 ita
3071 2784 3126 2834 in
3154 2799 3365 2852 corpore
3402 2793 3479 2835 est
3516 2785 3629 2836 sine

2046 2860 2224 2921 patre;
2248 2867 2308 2902 ac
2334 2852 2409 2903 sic
2430 2866 2543 2903 cum
2572 2866 2663 2903 nec
2690 2852 2801 2904 sine
2824 2861 2989 2921 patre,
3014 2867 3107 2921 nec
3132 2853 3243 2904 sine
3274 2862 3437 2921 matre
3456 2854 3551 2915 sit,
3576 2862 3625 2905 et

2045 2919 2157 2989 sine
2176 2928 2323 2989 patre
2351 2929 2537 2982 tamen,
2567 2930 2616 2972 et
2642 2921 2754 2973 sine
2782 2918 2944 2973 matre
2971 2920 3252 2973 credendus
3273 2932 3366 2974 est.
3402 2918 3537 2983 Quia
3558 2924 3622 2985 si,

2048 2986 2253 3041 dum'ex
2280 2999 2425 3059 patre
2453 2991 2700 3051 nascitur,
2725 2991 2955 3059 respicis,
2980 2992 3091 3043 sine
3124 3001 3285 3043 matre
3308 3001 3413 3052 est;
3438 2992 3484 3042 si
3504 2990 3625 3043 dum

2047 3074 2112 3129 ex
2154 3059 2485 3129 matre,sine
2524 3067 2688 3129 patre.
2713 3060 2786 3111 Ac
2826 3061 2902 3112 sic
2947 3061 3002 3112 in
3030 3060 3248 3129 singulis
3279 3060 3625 3113 natiritatibus

2049 3127 2265 3199 alterum
2287 3128 2495 3191 habens,
2519 3127 2735 3199 alterum
2748 3129 2801 3180 in
2821 3138 3033 3199 utroque
3048 3127 3147 3182 non
3163 3128 3372 3191 habuit;
3393 3131 3515 3197 quia
3535 3145 3626 3181 nec

2051 3195 2347 3267 Divinitatis
2371 3198 2613 3267 nativitas
2634 3208 2797 3251 matre
2822 3195 2977 3267 eguit,
3002 3208 3049 3250 et
3071 3198 3140 3250 ad
3168 3195 3483 3250 nativitatem
3513 3214 3629 3251 cor—

2052 3267 2189 3335 poris
2209 3266 2305 3319 sibi
2325 3268 2441 3337 ipse
2453 3266 2649 3334 suﬂ'ecit
2666 3268 2776 3319 sine
2788 3266 2963 3337 patre:
2983 3283 3121 3337 ergo,
3148 3269 3309 3336 inquit
3331 3268 3626 3333 Apostolus,

2050 3336 2163 3406 sine
2188 3335 2367 3398 matre,
2399 3336 2510 3388 sine
2547 3335 3171 3406 genealogiaLQuomodo
3191 3335 3302 3406 sine
3328 3338 3628 3406 genealogia

2052 3403 2331 3475 Dominum
2356 3406 2513 3475 fuisse
2540 3403 2678 3468 dicit,
2702 3403 2815 3458 cum
2857 3403 3187 3475 Evangelium
3210 3403 3447 3475 Matt/tari
3474 3403 3631 3475 cvan-

2051 3474 2247 3544 gelista:
2274 3491 2306 3526 a
2325 3474 2849 3544 genealogiacwperit
2881 3474 3187 3544 Saluatoris,
3219 3474 3393 3527 dicens
3422 3491 3440 3527 :
3474 3474 3630 3527 Liber

2052 3542 2391 3614 generationis
2432 3542 2555 3614 Je_s_u
2600 3542 2804 3607 Christi,
2846 3544 2944 3613 ﬁlii
2986 3542 3183 3608 David,
3226 3545 3321 3612 ﬁlii
3348 3544 3629 3614 Abraham

2054 3612 2267 3734 ibiatth.
2300 3630 2336 3677 ι,
2369 3613 2459 3681 1)ἳ
2478 3612 2619 3733 Εέθο
2645 3624 2693 3665 et
2706 3612 2858 3683 juxta
2886 3614 3245 3684 evangelistam
3270 3612 3420 3664 habet
3438 3630 3629 3682 genea-

2074 3685 2262 3734 om'am.
2290 3693 2338 3734 et
2363 3684 2505 3734 iuxta
2574 3684 2854 3734 vanaeIium
2873 3698 2937 3734 ex
2956 3692 3123 3734 matre
3142 3683 3308 3734 habet.
3334 3685 3475 3734 iuxta
3496 3683 3629 3734 Ano-

2074 3685 2262 3752 ogiam,
2290 3693 2338 3736 et
2352 3684 2505 3753 juxta
2523 3683 2937 3753 Evangeliumgx
2956 3683 3123 3753 matre
3142 3683 3308 3742 habet,
3321 3685 3475 3753 juxta
3496 3683 3632 3750 Apo-

2053 3750 2330 3821 stolumex
2353 3750 2500 3821 patre
2526 3766 2630 3804 non
2652 3750 2818 3804 habet.
2853 3750 2919 3803 Et
2947 3752 3062 3805 ideo
3091 3750 3213 3804 bene
3240 3750 3511 3820 Apostolus
3551 3753 3633 3803 di-

2056 3837 2173 3875 cens
2196 3820 2363 3875 :Sine’
2384 3830 2544 3891 patre,
2567 3822 2679 3873 sine
2706 3830 2887 3886 matre,
2913 3822 3022 3891 sine
3048 3821 3374 3891 genealogia;
3404 3821 3489 3873 ubi
3514 3838 3631 3873 eum

2055 3891 2167 3943 sine
2193 3898 2355 3944 matre
2375 3889 2598 3960 genitum
2623 3906 2733 3960 esse
2759 3891 2943 3959 posuit,
2974 3889 3225 3960 ibi'etiam
3260 3891 3374 3960 sine
3399 3892 3636 3958 genealo-

2056 3961 2141 4029 gia
2169 3976 2279 4013 esse
2304 3957 2618 4012 memoravit.
2649 3959 2722 4011 Ac
2742 3957 2831 4029 per
2852 3960 2947 4012 hoc
2973 3959 3029 4011 in
3057 3969 3270 4029 utraque
3291 3957 3497 4012 Doniini
3531 3975 3632 4010 na-

2058 4028 2265 4090 tivitate,
2304 4039 2353 4082 et
2402 4028 2692 4099 euangelica
2719 4028 2844 4099 sibil
2876 4039 2924 4081 et
2951 4028 3230 4099 apostolica
3250 4030 3403 4099 simul
3439 4031 3635 4095 scripta

2057 4099 2356 4169 conveniunt
2384 4096 2602 4169 :quia'et
2623 4099 2777 4168 juxta
2797 4096 3180 4169 Evangelistam
3206 4097 3365 4169 habet
3391 4098 3636 4169 genealo-

2057 4168 2214 4236 giam,
2245 4167 2354 4219 sine
2412 4166 2557 4235 patre
2588 4166 2641 4218 in
2679 4182 2833 4236 carne
2860 4166 3038 4227 natus;
3072 4175 3143 4236 et_
3153 4167 3304 4236 juxta
3334 4166 3636 4235 Apostoluns

2059 4234 2161 4288 non
2190 4236 2358 4299 habet,
2398 4234 2510 4289 sine
2547 4246 2711 4305 matre
2739 4234 2986 4289 Dominus
3013 4238 3069 4289 in
3109 4234 3313 4288 D'eitate
3340 4234 3631 4305 generatus.

2062 4305 2205 4426 said
2253 4304 2517 4426 dicenti“;
2569 4302 2955 4359 Generationem
3000 4314 3170 4357 autem
3214 4302 3638 4375 quis'enarrabit

2118 4390 2263 4426 sane.
2296 4390 2401 4426 Llll.
2499 4418 2509 4426 .

2118 4376 2263 4438 snite,
2296 4390 2401 4438 ιιιι,
2426 4376 2517 4438 8)?

2064 4377 2263 4442 (Isaite,
2296 4390 2401 4439 ιιιι,
2426 4377 2517 4441 8)?

2132 4441 2369 4514 Proetus.
2405 4442 2669 4506 Quomodo
2701 4445 2853 4514 juxta
2878 4442 3099 4495 Paulum
3119 4444 3229 4496 sine
3255 4452 3399 4514 patre
3435 4451 3483 4493 et
3521 4458 3638 4493 ma-

400 4513 529 4566 Vere
570 4522 625 4565 ut
663 4512 761 4566 non
790 4516 953 4594 solum
987 4514 1082 4594 Dei
1097 4512 1231 4594 ,:'sed
1268 4517 1421 4594 etiam
1453 4512 1853 4594 testimoniorum
1879 4516 1957 4594 ip:
1987 4537 2033 4594 Ι)
2064 4523 2140 4594 tre
2170 4514 2281 4566 est?
2297 4512 2367 4594 Si
2394 4516 2530 4594 enim
2551 4512 2713 4594 purus
2732 4514 2882 4594 hom?
2902 4522 2994 4575 est,
3018 4514 3188 4592 utique
3206 4528 3305 4563 non
3332 4513 3442 4594 sine
3469 4521 3637 4594 matre

388 4600 560 4663 soruin
589 4584 1067 4663 prwraricatorsis‘.
1100 4582 1213 4663 Nec
1244 4586 1429 4663 mirum
1454 4585 1641 4663 utique,
1682 4585 1726 4635 si
1755 4585 1873 4663 quia
1900 4582 1957 4636 id

387 4654 525 4727 quod
538 4652 624 4727 Avis
637 4670 747 4727 non
773 4663 933 4727 potes,
958 4652 1013 4705 id
1034 4654 1163 4727 facis
1186 4652 1351 4705 solum
1376 4652 1510 4723 quod
1530 4652 1670 4727 potes
1693 4669 1711 4706 :
1733 4652 1817 4727 qui
1847 4670 1958 4727 ver-

391 4722 496 4777 tere
532 4724 585 4777 in
626 4722 792 4775 Deum
822 4723 1111 4793 testimonia
1137 4736 1307 4793 sacra_
1327 4722 1427 4775 non
1466 4722 1627 4793 uales,
1651 4722 1785 4793 quod
1822 4722 1955 4776 vales

388 4795 518 4865 ἔρια⁸
535 4795 795 4865 pervertis.
830 4790 1165 4865 DicisAenim:
1208 4808 1225 4839 ι
1263 4787 1399 4865 Ergo
1421 4802 1469 4844 et
1491 4787 1687 4865 Paulus
1702 4793 1957 4865 mentitur

392 4860 456 4915 de
481 4860 682 4916 Christo
712 4863 885 4917 dicens
908 4880 925 4915 :
958 4862 1083 4916 Sine
1109 4868 1288 4931 matre,
1317 4862 1427 4931 sin_e
1452 4861 1785 4931 genealogia;
1809 4880 1825 4911 ι
1863 4860 1957 4912 ln-

391 4943 591 5003 terrogo
605 4942 677 5003 te,
710 4933 771 4985 de
797 4948 892 5003 quo
907 4932 1011 5003 hoc
1030 4931 1148 5003 relis
1174 4930 1363 4982 dixisse
1377 4928 1625 5003 Paulu_rn,
1658 4928 1878 5003 de_ilio
1907 4940 1957 4983 et

402 4997 564 5057 Verbo
594 5000 709 5065 Dei,
753 4997 819 5053 an
860 5002 923 5055 de
951 5001 1173 5063 Christo,
1205 5015 1351 5069 quem
1385 5008 1436 5069 tu
1459 5015 1491 5050 a
1520 4997 1660 5054 Filio
1692 4998 1786 5069 Dei
1809 5016 1958 5069 sepa-

390 5087 495 5131 rns,
528 5081 577 5123 et
604 5072 858 5123 hominem
889 5081 1084 5123 tantum
1109 5067 1224 5123 esse
1246 5067 1585 5136 blasphemas.
1623 5068 1682 5122 Si
1722 5068 1784 5125 de
1811 5067 1953 5120 Chri-

390 5151 467 5191 sto
496 5141 693 5215 u_ti_tpte,
732 5157 877 5215 quem
906 5141 1159 5215 hominem
1187 5138 1473 5215 solitarium
1498 5136 1627 5190 dicis
1650 5176 1666 5202 ,
1706 5138 1958 5215 quomodo

392 5211 536 5261 nasci
558 5207 708 5261 homo
730 5210 840 5261 sine
866 5220 1047 5270 matre,
1076 5210 1189 5262 sine
1204 5207 1503 5277 genealogia
1529 5207 1777 5277 materna:
1798 5209 1959 5277 origi-

392 5280 473 5329 nis
520 5280 721 5348 potuit?
762 5277 857 5331 Sin
902 5288 1066 5330 autem
1108 5278 1169 5330 de
1206 5275 1303 5330 Dei
1333 5275 1520 5348 ‘Ve’rbo
1552 5293 1613 5328 ac
1642 5275 1752 5348 Dei
1780 5275 1918 5329 Filio
1941 5319 1957 5343 ,

390 5344 775 5419 quid'facimus,
806 5349 940 5419 quod
969 5350 1104 5401 idem
1124 5344 1423 5419 Apostolus,
1448 5354 1576 5419 uttu
1596 5347 1844 5419 sacrilege
1862 5363 1962 5419 tes-

393 5414 565 5479 timus,
599 5420 737 5470 testis
767 5414 879 5470 tuus
911 5418 1085 5470 eodem
1113 5414 1223 5471 loco
1257 5425 1407 5485 atque
1432 5414 1608 5467 eodem
1650 5414 1956 5481 testimonio,

392 5504 506 5540 eum
535 5503 688 5559 quem
708 5501 755 5539 tu
784 5489 893 5540 sine
920 5498 1085 5559 matre
1114 5487 1320 5559 asscris,
1354 5486 1509 5537 etiam
1535 5487 1646 5559 sine
1674 5496 1821 5554 patre
1852 5502 1960 5559 esse

394 5554 623 5627 testatur,
654 5556 825 5610 dicens
852 5575 869 5610 :
905 5558 1032 5612 Sine
1059 5568 1221 5627 patre,
1246 5556 1357 5627 sine
1382 5563 1580 5627 matre,
1597 5554 1706 5607 sine
1729 5556 1963 5627 genealo-

390 5628 513 5695 gia?
541 5625 682 5696 Ergo
714 5638 942 5695 superest
973 5636 1028 5679 ut
1059 5624 1287 5696 Llpostoli
1328 5624 1613 5696 testimonio
1643 5634 1808 5688 utens,
1840 5626 1961 5694 quia

394 5694 589 5749 Filium
622 5694 721 5749 Dei
753 5694 863 5749 sine
901 5707 1061 5749 nmtre
1091 5694 1304 5759 asseris,
1346 5694 1499 5747 etiam
1541 5694 1651 5746 sine
1681 5704 1826 5763 patre
1856 5711 1965 5748 esse

397 5769 443 5823 Μ
466 5767 727 5827 'sphcnu's.

2059 4591 2150 4643 est,
2201 4592 2413 4634 matrem
2450 4579 2584 4635 enim
2620 4582 2786 4634 habet.
2822 4581 3043 4635 Rursum
3081 4579 3124 4634 si
3167 4597 3323 4649 purus
3355 4579 3488 4631 Deus
3536 4590 3635 4639 est,

2061 4651 2197 4704 haud
2244 4651 2391 4703 dubie
2430 4668 2532 4705 non
2577 4661 2653 4705 est
2692 4653 2802 4705 sine
2828 4660 2998 4719 patre,
3042 4649 3191 4703 habet
3232 4652 3369 4702 enim
3415 4658 3634 4717 patrem.

2028 4719 2215 4795 ‘Nunc
2261 4736 2374 4774 vero
2418 4737 2547 4775 unus
2597 4722 2827 4795 idemque
2863 4730 2949 4795 est_
2978 4723 3213 4795 ἀμήτωρ,
3258 4736 3376 4795 q_u_a_
3404 4728 3637 4795 creatos,

2059 4791 2275 4862 ἀπάτωρ
2314 4807 2447 4847 vero.
2478 4808 2578 4862 qua
2622 4787 2795 4862 homo.
2820 4822 2893 4831 —
2918 4787 3042 4862 Sac.
3066 4787 3549 4862 ἰεξίιιξηηιξὶι..ἰίι³
3581 4788 3634 4846 '5,

2059 4856 2463 4931 hyemale-mror.
2491 4856 2754 4931 'QuemAin
2784 4860 2957 4931 locum
2993 4857 3204 4931 \fidesis‘
3225 4856 3639 4931 Wesselingiunt

2060 4923 2112 4981 iui
2139 4923 2311 5053 ἓδίεὲ
2333 4929 2401 4983 de
2426 4923 2628 4997 Aquila:
2665 4929 2974 4996 fragmentis
3012 4928 3066 4981 in
3105 4926 3315 4996 scriptis
3345 4924 3480 4977 Phil.
3513 4923 3639 4977 Jud.

2060 5015 2111 5053 n.
2211 5038 2223 5051 .
2300 5014 2523 5053 ALLAND.

2100 5038 2111 5051 .
2139 5014 2223 5052 ου.
2251 5014 2523 5053 ιιΑιιΑΝυ.

2058 5015 2111 5068 p.
2139 5015 2223 5052 ou.
2251 5015 2523 5053 ιιΑιιιΑΝι).

2136 5067 2154 5106 τ
2190 5068 2361 5123 Locus
2400 5068 2488 5121 ille
2529 5066 2756 5121 refertur
2784 5067 2838 5120 in
2877 5064 3299 5121 contradictione
3329 5064 3645 5116 anathema-

2063 5137 2203 5190 tismi
2233 5136 2494 5191 undecimi
2536 5152 2565 5189 a
2595 5135 2927 5200 Mercatore;
2954 5134 3146 5188 deinde
3186 5135 3238 5187 in
3280 5133 3646 5186 obtestatione

2061 5205 2275 5260 Eusebii
2299 5223 2313 5271 ;
2346 5214 2456 5259 tum
2488 5206 2539 5258 in
2567 5204 2955 5273 supplicatione
2984 5205 3366 5273 monachorum
3390 5201 3456 5254 ad
3480 5202 3647 5273 impe-

2062 5270 2326 5339 ratorem’;
2357 5276 2585 5343 denique
2624 5270 2685 5327 in
2705 5275 2930 5341 epistola
2964 5273 3031 5325 ad
3068 5272 3371 5343 SporaQum
3411 5280 3476 5343 et
3506 5270 3645 5321 libro

2061 5355 2253 5412 quarto
2283 5340 2659 5398 Haeretiearum
2708 5340 3027 5397 F’abularum
3070 5340 3211 5411 apud
3242 5340 3645 5412 Theodoretum

2066 5409 2203 5483 (cap.
2234 5414 2343 5482 12).
2372 5413 2793 5483 Supplicantium
2820 5409 3216 5483 monachorum
3245 5409 3479 5483 notanda
3522 5416 3649 5461 sunt

2066 5478 2179 5538 huic
2206 5478 2367 5538 verba
2393 5501 2405 5535 :
2440 5478 2610 5537 semel
2631 5493 2797 5553 autem
2818 5491 2969 5553 atque
2994 5482 3177 5553 iterum
3193 5481 3255 5553 in
3284 5478 3429 5531 aliud
3453 5490 3651 5553 tempus

2066 5554 2261 5622 rejecti,
2286 5555 2369 5606 vix
2399 5553 2601 5605 tandem
2629 5552 2868 5621 prodiens
2887 5546 3211 5622 iNestorius)
3248 5569 3265 5599 ι
3301 5564 3433 5618 qum,
3461 5546 3647 5622 inquit,

2068 5608 2218 5676 uultis
2239 5608 2301 5675 ea
2336 5624 2511 5692 paucis
2538 5608 2791 5690 exponite.
2808 5640 2843 5692 is»
2882 5608 3227 5692 Posteaquam
3254 5608 3371 5692 vero
3409 5608 3475 5692 ex
3502 5608 3654 5692 riobis

2069 5693 2279 5755 audivit,
2311 5684 2423 5761 quae
2442 5684 2699 5753 docuerat,
2722 5690 2914 5761 scilicet
2943 5708 2961 5739 ι
2996 5684 3371 5761 a'riamnihil
3392 5684 3537 5761 aliud
3557 5702 3651 5752 pe-

2070 5764 2258 5832 perisse
2277 5756 2427 5829 quam
2449 5761 2699 5817 hominem
2720 5760 2814 5815 sibi
2837 5757 3353 5815 consubstantialem;
3378 5756 3505 5808 nihil
3536 5771 3651 5809 νιιιεο
