3960 6184
318 350 420 404 761

315 548 532 617 spiritus
551 556 627 599 est
652 545 830 615 (Joan.
854 562 929 609 ιιι,
956 543 1032 614 ti).
1060 554 1084 580 α
1110 544 1222 597 Non
1245 544 1454 612 peperit
1481 553 1726 598 creatura
1751 560 1894 607 eum,

316 637 412 705 qui
441 646 525 691 est
552 636 891 699 inereabilis;
936 650 1041 688 non
1072 643 1340 687 recentem
1379 634 1446 687 de
1476 634 1690 701 Virgine
1729 635 1897 688 Deum

318 724 556 780 Verbum
597 726 780 793 genuit
817 726 976 778 Pater
1008 742 1020 777 :
1055 724 1117 777 In
1153 726 1406 794 principio
1442 726 1577 777 enim
1619 735 1730 777 erat
1766 724 1895 778 Vtr-

316 819 438 872 bum
461 816 637 888 (Joan.
663 834 699 882 ι,
733 816 806 884 l),
831 816 969 870 sicut
989 815 1223 872 Joannes
1250 817 1342 869 ait.
1377 816 1492 870 Non
1522 817 1730 886 peperit
1752 832 1898 870 crea-

318 918 441 963 tura
474 910 498 947 ιι
526 908 840 963 Creatorem
889 908 1096 979 [Baluz.
1126 908 1488 979 increabilem]
1513 950 1528 973 ,
1559 909 1652 965 sed
1691 910 1897 979 peperit

310 1001 591 1055 hominem
619 1011 638 1039 σ
666 1000 890 1054 Deitatis
911 1000 1352 1065 instrumentum;
1376 1016 1481 1053 non
1503 1000 1705 1054 creavit
1727 1001 1892 1055 Deum

318 1089 558 1145 Verbum
581 1088 811 1158 Spiritus
838 1096 1054 1145 sanctus
1080 1106 1093 1140 :
1120 1086 1271 1152 Quod
1288 1090 1425 1141 enim
1447 1105 1513 1142 ea:
1538 1106 1599 1142 ea
1623 1098 1800 1143 natum
1819 1099 1896 1143 est

319 1184 386 1236 de
413 1182 613 1252 Spiritu
640 1190 821 1234 sancto
850 1189 926 1233 est
971 1177 1184 1248 (Matth.
1214 1196 1263 1243 ι,
1294 1178 1417 1246 20);
1444 1178 1540 1233 sed
1582 1179 1692 1233 Deo
1720 1178 1894 1235 Verbo

318 1270 347 1307 ἀ
371 1272 626 1340 templum
652 1270 942 1323 fabricatus
968 1276 1069 1334 est,
1099 1266 1243 1335 quod
1271 1267 1537 1321 habitaret
1564 1282 1632 1321 ex
1656 1267 1889 1336 Virgine.

388 1362 443 1415 8.
488 1371 511 1399 °
552 1361 864 1415 lncarnatus
910 1366 993 1413 est
1037 1357 1252 1427 quidem
1297 1357 1476 1421 Deus,
1525 1356 1620 1411 sed
1659 1373 1768 1411 non
1812 1368 1895 1413 est

318 1460 565 1508 mortuus
596 1470 609 1502 :
638 1450 733 1505 sed
761 1450 909 1503 illum
937 1451 992 1504 in
1013 1464 1119 1517 quo
1148 1449 1455 1502 incarnatus
1477 1456 1559 1501 est
1585 1449 1891 1515 suscitavit;

322 1542 606 1597 inclinatus
627 1548 710 1594 est
737 1540 948 1594 elevare
976 1538 1121 1607 quod
1148 1548 1346 1602 ruerat,
1373 1538 1489 1606 ipse
1514 1551 1642 1590 vero
1672 1552 1777 1591 non
1807 1554 1896 1593 ce-

318 1635 489 1691 cidit:
534 1635 783 1689 Dominus
810 1633 874 1686 de
908 1633 1033 1687 caelo
1074 1632 1334 1703 prospeaa't
1373 1648 1527 1701 super
1554 1631 1691 1700 ﬁlios
1725 1629 1893 1682 homi-

320 1743 443 1780 num
470 1724 641 1795 (Psal.
674 1741 783 1788 xm,
812 1723 902 1793 2);
940 1721 958 1761 τ
980 1737 1194 1791 nempe
1231 1721 1498 1776 inclinans
1531 1736 1654 1775 eum
1685 1718 1889 1791 (Batus.

1503 346 1662 402 lMPll
1701 347 2014 403 NESTOBII
2054 348 2283 404 SERMO
2323 348 2359 401 Ι.

318 460 458 512 enim
484 457 547 510 de
572 440 726 509 cdrne
756 464 931 508 natum
957 464 1065 519 est,
1095 470 1215 508 caro
1236 463 1311 507 est
1322 471 1339 518 ;
1367 455 1569 525 etquod
1597 455 1660 508 de
1686 456 1892 519 spiritu,
1924 464 1971 519 Α
1999 457 2166 510 altum
2211 458 2509 511 sublevavit
2558 476 2569 509 :

3481 354 3585 409 762

2621 458 2852 527 exempli
2904 474 3100 525 causa,
3158 462 3299 528 quod
3352 461 3582 518 dicitur.

2002 564 2182 603 nosce.
2208 548 2264 602 Si
2288 549 2555 617 jacentem
2579 550 2791 603 elevare
2818 551 3070 613 volueris,
3101 567 3277 605 nonne
3306 555 3586 623 eontinges

1998 653 2194 707 corpus
2221 654 2467 708 corpore,
2501 648 2555 693 et
2597 650 2647 692 te
2678 641 2848 709 ipsum
2879 641 2955 695 illi
2983 641 3356 710 conjungendo
3390 645 3582 699 elisum

1998 729 2207 797 eriges,
2249 739 2410 798 atque
2452 732 2521 784 ita
2571 732 2647 785 illi
2693 732 3007 799 conjunctus
3053 734 3167 802 ipse
3212 750 3396 788 manes
3436 736 3582 804 quod

1996 820 2152 872 eras?
2180 820 2256 874 sic
2284 830 2338 874 et
2360 820 2488 873 illud
2519 821 2901 875 incarnationis
2930 822 3134 876 :estima
3162 834 3577 879 sacramentum.

2067 908 2118 962 9.
2150 919 2175 957 ε
2207 909 2435 980 Propter
2454 918 2696 964 utentem
2720 911 2846 964 illud
2872 912 3237 965 indumentum
3261 911 3288 948 ιι
3314 928 3420 981 quo
3452 914 3581 986 [Ba-

1995 1001 2098 1054 luz.
2140 1000 2306 1069 quodI
2338 1002 2505 1054 utitur
2546 1002 2693 1065 colo;
2743 1010 2965 1070 propter
3004 1002 3372 1056 absconditum
3410 1004 3579 1059 adoro

1997 1090 2202 1162 (Batus.
2235 1089 2484 1159 adorans]
2515 1091 2659 1158 quod
2693 1091 2822 1145 foris
2850 1091 3078 1156 videtur,
3113 1092 3482 1161 inseparabilis
3511 1097 3579 1150 ab

1994 1194 2061 1234 eo
2089 1179 2179 1247 qui
2208 1177 2339 1233 foris
2368 1179 2573 1251 [Baluz.
2610 1180 2800 1251 oculis]
2830 1189 2985 1250 paret
3005 1189 3086 1235 est
3114 1182 3273 1236 Deus.

2066 1270 2151 1324 ll).
2195 1270 2476 1336 Quomodo
2500 1271 2662 1338 igitur
2693 1272 2811 1339 ejus
2839 1273 2931 1340 qui
2960 1288 3066 1327 non
3100 1273 3371 1338 dividitur,
3404 1275 3577 1329 hono-

1994 1375 2109 1413 rem
2152 1360 2358 1433 [Baluz.
2391 1361 2512 1414 add.
2556 1359 2678 1431 ego]
2717 1371 2770 1416 et
2809 1362 3124 1431 dignitatem
3163 1363 3389 1417 audeam
3432 1378 3580 1432 θεμι-

1996 1453 2148 1504 rare?
2178 1451 2364 1506 Divido
2389 1462 2622 1517 naturas,
2646 1452 2738 1507 sed
2768 1453 3033 1521 conjungo
3056 1454 3433 1507 reverentiam.

2067 1540 2152 1593 ll.
2185 1540 2407 1595 Intende
2435 1542 2487 1595 in
2518 1542 2630 1596 hmc
2656 1557 2773 1610 qua:
2795 1544 3061 1597 dicuntur.
3093 1543 3206 1597 Non
3230 1559 3326 1612 per
3345 1545 3580 1612 seipsum

1996 1630 2138 1685 Deus
2165 1639 2244 1686 est
2270 1634 2360 1701 qui
2385 1634 2436 1687 in
2468 1644 2621 1689 utero
2653 1636 2908 1703 ﬁguratus
2943 1644 3024 1689 est
3055 1654 3067 1688 :
3102 1652 3223 1689 nam
3245 1637 3389 1689 sisic
3413 1646 3575 1697 esset,

1997 1737 2234 1777 essemus
2262 1724 2494 1777 hominis
2520 1740 2645 1778 vere
2674 1726 2944 1791 cultores;
2987 1725 3079 1779 sed
3113 1726 3365 1795 quoniam
3397 1726 3448 1779 in
3488 1742 3578 1780 as-

321 1813 494 1884 reum]
525 1815 703 1869 levare
729 1813 819 1881 qui
848 1812 1061 1877 cecidit,
1094 1820 1362 1879 tamquam
1390 1810 1480 1865 ille
1501 1811 1780 1875 corruerit,
1810 1809 1894 1863 vi-
1928 1828 1972 1889 Β
1998 1822 2209 1883 sumpto
2230 1814 2371 1869 Deus
2400 1824 2502 1881 est,
2518 1832 2583 1870 ex
2612 1817 2703 1871 illo
2732 1817 2823 1885 qni
2854 1817 3245 1887 assumpsitqui
3275 1825 3580 1886 assumptus

322 1913 618 1975 tuperatur.
656 1903 809 1957 “Vidit
837 1902 978 1956 Deus
1024 1910 1268 1955 naturam
1295 1901 1585 1969 collapsam
1610 1939 1625 1963 ,
1668 1914 1897 1968 eamque

321 1995 545 2049 Deitatis
569 1993 808 2064 potentia
836 1991 1187 2061 apprehendit
1213 1991 1418 2056 elisam,
1450 1999 1506 2046 et
1534 1992 1677 2045 illam
1707 1992 1896 2046 elisam

323 2083 529 2156 (Batus.
559 2100 660 2138 om.
693 2079 906 2152 elisam]
932 2088 1140 2145 tenens,
1168 2088 1225 2135 et
1251 2095 1473 2134 manens
1504 2080 1647 2149 quod
1675 2088 1811 2143 erat,
1844 2081 1898 2134 in

1997 1914 2098 1968 est,
2126 1906 2424 1974 appellatus
2455 1915 2556 1970 est,
2590 1915 2643 1960 et
2667 1907 2870 1978 [.Baluz.
2901 1923 3004 1961 om.
3034 1907 3336 1977 appellatus
3363 1914 3476 1971 est,
3501 1903 3581 1974 et)

1999 1995 2297 2065 appellatur
2322 1997 2482 2051 Deus.

2073 2082 2157 2136 12.
2203 2082 2478 2139 Formavit
2517 2085 2708 2140 Deusi
2753 2086 3086 2141 Dominicam
3134 2086 3576 2142 incarnationem.

1497 2175 2037 2248 CASTlGATlONES
2076 2192 2165 2247 ET
2202 2194 2427 2248 uorax.

320 2307 436 2348 sum
462 2307 528 2344 ea:
554 2305 709 2343 carne
734 2290 875 2341 nasci
902 2303 1068 2356 posse,
1099 2288 1198 2341 nisi
1227 2302 1465 2348 carnem;
1502 2304 1520 2336 ι
1554 2302 1615 2338 ea
1642 2296 1790 2338 recta:
1832 2285 1901 2353 ﬁ-

322 2362 406 2415 dei
436 2370 777 2413 consentanea
806 2373 909 2409 non
940 2374 1074 2420 esse,
1105 2357 1281 2409 statim
1317 2371 1409 2407 nos
1444 2356 1557 2425 capi
1585 2356 1761 2425 jussit.
1793 2362 1899 2408 etc.

324 2429 542 2484 Ileducti
559 2429 721 2481 denuo
743 2427 805 2479 ab
828 2427 916 2480 illo
937 2428 991 2479 in
1013 2428 1195 2495 faciem
1218 2425 1479 2479 cwdimur.
1506 2423 1734 2493 Denique
1760 2440 1900 2476 com-

320 2500 497 2569 posita
514 2500 857 2569 oralionehper
872 2496 1132 2569 fraudem,
1148 2511 1381 2569 assensus
1411 2502 1503 2569 est,
1531 2502 1589 2569 _ut
1610 2504 1783 2561 postea
1793 2509 1899 2569 pa-

322 2560 438 2629 luit,
463 2567 526 2620 de
546 2560 890 2619 naturaliDei'
906 2563 1062 2628 Filio,
1087 2564 1222 2635 quod
1242 2574 1392 2635 natus
1421 2562 1567 2635 sit‘de
1582 2560 1760 2635 sancta
1784 2560 1839 2614 Μ
1844 2578 1901 2613 a-

320 2640 406 2691 ria
424 2637 673 2706 Deipara,
691 2636 904 2697 addens,
922 2632 1162 2706 quoniam
1185 2642 1257 2686 εει
1278 2634 1430 2706 etiam
1452 2632 1583 2684 alius
1605 2632 1763 2700 ﬁlius,
1788 2640 1894 2706 etc.

396 2718 424 2744 ι
451 2701 736 2760 Cassianus
762 2706 815 2758 in
842 2701 987 2759 hunc
1023 2704 1197 2758 locum
1226 2703 1520 2771 spectabat,
1551 2718 1670 2771 eum
1699 2701 1901 2755 scribe-

319 2785 409 2831 ret
437 2775 575 2846 (Lib.
606 2793 695 2839 vn,
727 2792 842 2844 cap.
873 2773 962 2840 24)
998 2791 1009 2825 :
1047 2773 1143 2826 Ubi
1173 2768 1302 2846 illud
1324 2781 1461 2824 tuum
1492 2788 1508 2823 :
1546 2790 1562 2820 ι
1593 2768 1715 2824 Non
1737 2771 1899 2840 potuit

310 2841 557 2901 creatura
584 2862 764 2916 parere
790 2841 1072 2898 creatorem
1101 2860 1118 2896 :
1141 2841 1275 2914 quod
1320 2850 1497 2894 natum
1516 2850 1591 2894 est
1627 2857 1692 2894 ex
1720 2856 1896 2902 carne,

318 2933 447 2970 caro
475 2925 568 2979 est,
598 2922 700 2969 etc.
734 2935 753 2965 ι
980 2916 995 2925 ³

397 2984 424 3023 δ
454 2984 685 3053 Reponit
710 2980 1035 3037 increabilem
1060 2996 1157 3051 pro
1182 2990 1461 3053 creatorem
1490 2979 1898 3053 Baluy.i_us,_sub-

318 3054 458 3108 dens
495 3048 559 3107 ad
582 3054 782 3107 calcem
814 3053 953 3105 hanc
982 3048 1162 3105 notam
1196 3068 1210 3103 :
1259 3069 1275 3100 ‹
1307 3049 1384 3102 lta
1416 3048 1785 3119 (increabilem)
1814 3065 1894 3104 ve-

321 3134 469 3177 teres
494 3122 633 3177 libri.
664 3121 953 3177 Garnerius
974 3137 1100 3174 vero
1128 3121 1367 3189 reposuit
1390 3130 1707 3182 creatorem,
1738 3135 1895 3172 secu-

319 3201 413 3246 tus
438 3192 579 3246 haud
607 3192 764 3245 dubie
792 3191 1160 3245 auctoritatem
1195 3188 1432 3242 Cassiani
1451 3230 1464 3250 ,
1496 3189 1585 3256 qui
1616 3189 1691 3241 sic
1717 3189 1902 3242 scribit

322 3262 421 3315 lib.
452 3278 523 3315 vu
552 3261 617 3315 de
644 3260 1015 3315 Incarnatione
1044 3258 1252 3312 Domini
1296 3273 1414 3326 cap.
1446 3256 1515 3310 24
1565 3276 1577 3310 :
1612 3256 1680 3309 Et
1717 3257 1802 3310 ubi
1831 3258 1899 3311 il-

320 3331 417 3399 lud
460 3341 597 3383 tuum
620 3347 637 3383 :
661 3329 785 3385 Non
814 3330 977 3399 potuit
1005 3337 1238 3381 creatura
1261 3344 1441 3399 peiere
1460 3338 1772 3392 creatorem;
1803 3336 1858 3382 et
1882 3346 1895 3381 :

321 3398 479 3464 Quod
505 3410 679 3453 natum
704 3417 769 3453 ea;
796 3396 967 3462 carne,
999 3414 1118 3451 caro
1147 3406 1241 3451 est.
1264 3396 1297 3448 ⁷»
1328 3396 1481 3450 Emr.

401 3479 422 3506 ε
456 3469 718 3523 Mercator
757 3470 812 3523 in
839 3467 1258 3523 contradictione
1286 3465 1549 3519 undecimi
1589 3466 1902 3519 anathema-

320 3538 468 3610 tismi
491 3538 687 3610 addit,
710 3547 763 3610 et
809 3538 1080 3610 hominem
1123 3537 1393 3610 Θεᾳφὸρονς
1424 3549 1583 3610 quem
1630 3535 1683 3588 in
1724 3535 1899 3590 locum

319 3608 613 3663 intendisse
642 3605 1147 3678 videturiCyrillus,
1178 3605 1291 3659 sive
1320 3620 1442 3678 cum
1483 3605 1728 3678 qgintum
1765 3619 1899 3678 ana-

320 3678 719 3731 thematismum
742 3673 998 3732 conderet
1026 3676 1081 3728 in
1108 3675 1222 3729 bzec
1267 3674 1430 3743 verba
1464 3690 1477 3725 :
1510 3673 1570 3727 Si
1608 3675 1717 3743 quis
1746 3674 1901 3726 audet

321 3747 503 3821 dicere
531 3746 787 3801 Christum
826 3763 933 3821 esse
974 3748 1231 3821 ἀνθρώπου
1257 3742 1517 3816 Θεοφὸρον,
1560 3742 1749 3821 etnon
1802 3759 1898 3821 po-

322 3818 423 3869 tius
461 3815 625 3870 Deum
664 3817 941 3869 secundum
985 3813 1268 3879 veritatem,
1302 3813 1559 3881 tamquam
1584 3813 1792 3864 unicum
1827 3813 1899 3881 ﬁ-

320 3886 467 3950 lium,
498 3888 583 3956 qui
612 3885 935 3948 naturaliter,
965 3884 1241 3956 secundum
1253 3884 1396 3956 (quod
1421 3881 1643 3935 Verbum
1665 3883 1901 3956 carefu-

320 3964 460 4007 ctum
474 3950 569 4018 εει,
589 3956 967 4024 participaverit
983 3954 1128 4024 nobis
1146 3950 1381 4006 similiter
1396 3968 1548 4024 carne
1563 3961 1610 4004 et
1627 3950 1894 4024 sanguine,

318 4020 598 4078 anathema
643 4025 729 4078 sit.
774 4020 899 4078 Sive
936 4039 1056 4078 cum
1087 4023 1157 4075 ita
1186 4024 1333 4092 prius
1359 4021 1619 4077 scriberet
1654 4020 1898 4092 Nestorio

320 4097 341 4149 l
350 4092 520 4162 Epist.
548 4094 599 4160 l)
629 4111 640 4145 :
673 4093 847 4162 Prope
875 4096 1079 4163 [uerunt
1101 4090 1303 4163 quidam
1328 4101 1383 4144 ut
1403 4090 1772 4163 jamconﬁteri
1797 4091 1897 4143 mi-

316 4157 459 4215 nime
478 4157 739 4247 patiantur
768 4157 886 4233 quid
912 4161 1044 4215 Deus
1055 4157 1139 4247 ἐεί
1160 4157 1418 4247 Christus”;
1432 4160 1534 4247 “sed
1555 4157 1722 4247 potius
1743 4157 1899 4247 ὄργα-

316 4252 419 4293 νον,
452 4229 537 4287 xui
563 4229 819 4305 ἔργαλεῖόν
847 4241 940 4293 τῆς
978 4233 1238 4291 Θιὸτητος.
1267 4235 1349 4286 καὶ
1370 4229 1456 4287 ἄνθ
1492 4229 1625 4290 me;
1646 4232 1696 4284 θε
1761 4229 1893 4305 ὄρος.

316 4299 387 4351 Et
415 4302 467 4351 in
494 4302 717 4351 epistola
758 4301 824 4351 ad
854 4303 1147 4351 monachos
1177 4299 1371 4351 (Parte
1396 4252 1491 4351 ιθίῖ
1522 4308 1643 4351 post
1670 4251 1893 4351 relatum

316 4299 387 4372 βι
411 4302 467 4372 in
494 4299 717 4372 epistola
755 4301 824 4372 ad
854 4303 1147 4372 monachos
1177 4299 1491 4372 (Parte_19)
1522 4308 1643 4368 post
1670 4299 1897 4372 relatum

316 4368 469 4449 Isaia:
484 4368 856 4450 testimonium
870 4368 1037 4450 '(Isai.
1070 4368 1272 4450 1.1195)
1307 4386 1319 4421 :
1352 4368 1432 4450 12a
1463 4368 1713 4449 quomodo
1745 4368 1895 4450 veluti

316 4440 372 4491 in
410 4441 597 4511 spiritu
626 4441 832 4511 loquens
862 4436 1326 4511 Emmanuelem'et
1354 4436 1628 4511 Dominum
1656 4437 1892 4511 appellet,

315 4508 563 4579 et_l)eum
602 4508 824 4562 nominet
849 4549 863 4571 ,
891 4508 1026 4579 quod
1052 4524 1154 4561 non
1177 4508 1757 4579 hominemsimpliciter
1775 4516 1897 4579 Θεοτ

370 4577 471 4651 lpos
496 4588 584 4651 aut
610 4575 931 4651 instrumen_ti
955 4579 1064 4632 loco
1098 4586 1419 4651 assumptum
1432 4575 1576 4651 illum
1607 4577 1774 4651 sciret,
1807 4576 1897 4630 sed

316 4600 471 4699 ῗρυν
496 4600 584 4631 aut
610 4600 931 4631 matrumenu
955 4600 1064 4632 ιυσυ
1098 4600 1411 4645 assumptum
1432 4600 1576 4629 mum
1607 4600 1774 4637 δειΐει,
1807 4600 1896 4630 δεα

369 4664 489 4700 eum
512 4649 852 4700 incarnatum.
880 4645 946 4698 Et
973 4656 1156 4716 postea
1185 4645 1366 4711 (Parte
1391 4645 1481 4709 20)
1506 4646 1714 4716 prolato
1734 4645 1897 4699 Joan-

315 4718 404 4796 nis
433 4718 736 4771 testimonio
770 4734 784 4796 ξ
832 4715 982 4796 Andda
1015 4716 1092 4796 his
1139 4716 1564 4796 magnum-illum
1607 4715 1896 4796 Daptistam

313 4785 592 4850 Joannem,
617 4803 729 4838 cum
752 4787 812 4839 de
853 4784 1055 4840 Christo
1088 4784 1425 4838 concionandi
1459 4784 1721 4838 exordium
1752 4788 1894 4853 face-

313 4864 415 4919 ret,
447 4872 549 4909 non
578 4856 858 4909 divinitatis
885 4871 1163 4925 organum,
1199 4864 1287 4906 aut
1321 4855 1574 4907 hominem
1598 4855 1897 4925 simpliciter

312 4926 595 4997 ρεοφόρεν,
626 4924 904 4997 secundum
934 4922 1248 4997 nonnullos,
1278 4925 1441 4997 ipsum
1471 4922 1775 4997 appellasse,
1805 4924 1896 4977 sed

313 4990 488 5047 Deum
513 4996 856 5062 incarnatum,
888 4992 943 5046 id
962 5003 1056 5057 est,
1085 4990 1337 5046 hominem
1360 4990 1567 5062 factum.
1608 4990 1675 5043 Et
1704 4992 1895 5047 iterum

314 5063 506 5133 (Parte
531 5062 619 5131 ει)
656 5081 668 5115 :
703 5061 853 5126 Quod
879 5064 922 5115 si
948 5064 1059 5133 quis
1090 5063 1235 5115 illum
1271 5061 1415 5114 aliud
1444 5061 1573 5115 nihil
1612 5078 1763 5133 quam
1800 5079 1895 5115 nu-

313 5134 442 5187 dum
470 5132 567 5203 Dei
596 5149 844 5203 organum
874 5131 1129 5203 exstitisse
1169 5133 1503 5203 con_tenderit,
1527 5132 1572 5203 is
1585 5131 1681 5203 _t_vel
1709 5132 1895 5203 invitus

312 5219 490 5255 ceram
510 5202 607 5271 ﬁlii
633 5198 879 5254 rationem
908 5201 986 5271 illi
1011 5200 1308 5271 auferet.Et
1338 5201 1520 5269 (Parte
1547 5199 1637 5271 9:5)
1672 5217 1684 5252 :
1717 5198 1895 5254 Neuti-

309 5288 472 5341 quam
499 5269 617 5342 ergo
647 5270 885 5340 templum
912 5269 1227 5342 illud,'quod
1271 5288 1335 5323 ex
1373 5287 1523 5342 sacra
1568 5269 1777 5339 Virgine
1797 5288 1894 5342 ρε-

309 5339 574 5410 sumptum
609 5350 713 5403 est,
741 5339 923 5410 organi
962 5339 1072 5392 loco
1105 5339 1365 5409 acceptum
1394 5340 1627 5403 dicimus,
1657 5349 1760 5410 etc.
1795 5339 1896 5410 De-

314 5407 483 5477 nique
505 5410 689 5479 (Parte
706 5407 837 5476 26)}
863 5410 1028 5462 Porro
1049 5407 1311 5479 autempsi
1332 5426 1491 5479 neque
1510 5424 1652 5462 verus
1678 5407 1773 5461 Dei
1796 5408 1893 5462 Fi-

310 5482 417 5533 lius
444 5489 521 5533 est
556 5478 807 5542 Christus,
839 5495 997 5549 neque
1017 5489 1201 5549 natura
1229 5478 1367 5531 Deus
1385 5478 1512 5541 ,sed
1548 5494 1686 5546 wque
1712 5495 1773 5530 ac
1802 5495 1894 5532 nos

311 5549 451 5603 nihil
477 5549 619 5603 aliud
641 5566 803 5619 quam
821 5547 988 5611 homo,
1004 5557 1107 5619 ,aut
1130 5547 1424 5601 Divinitatis
1468 5549 1889 5614 instrumentum,

313 5635 634 5723 nequaquam
655 5617 746 5687 per
774 5617 937 5671 Deum
965 5618 1176 5671 salutent
1207 5619 1459 5670 consecuti
1485 5633 1676 5669 sumus.

448 5686 667 5723 βοτη-1ης
698 5686 852 5723 [rh-nl
902 5704 1066 5723 mission
1135 5695 1249 5723 s1an
1292 5686 1347 5723 οὶ
1378 5704 1388 5714 ο
1438 5685 1533 5723 Illi;
1575 5703 1676 5723 corr

448 5685 669 5742 Proclus
698 5686 871 5754 (Orat.
902 5704 1085 5755 paneg.
1134 5695 1266 5755 part.
1292 5686 1347 5751 9.)
1378 5704 1390 5739 :
1437 5685 1534 5738 Ubi
1571 5703 1775 5754 serpens
1804 5704 1893 5755 per

317 5758 711 5814 inobedientium
758 5759 887 5811 virus
928 5773 1073 5810 suum
1113 5756 1402 5826 infuderat,
1442 5757 1506 5808 ibi
1555 5755 1768 5808 Verbum
1804 5774 1892 5824 per

2008 2285 2347 2368 obedientiam
2389 2290 2671 2360 ingressum
2720 2291 2881 2343 tivum
2927 2290 3022 2343 sibi
3064 2291 3301 2360 templum
3348 2290 3577 2359 εχιτάὶρι

2005 2366 2154 2409 cavit.

2079 2436 2103 2462 ο
2134 2424 2282 2481 Licet
2302 2426 2589 2482 Garnerius
2618 2429 2758 2483 hunc
2798 2429 2973 2483 locum
3002 2429 3255 2482 edidisset
3279 2428 3355 2481 sic
3393 2443 3578 2482 emen-

2003 2493 2206 2566 datum,
2238 2496 2303 2549 ad
2331 2512 2453 2551 eum
2482 2506 2659 2552 tamen
2687 2499 2941 2566 appendit
2966 2507 3145 2551 notam
3168 2507 3474 2552 contextam
3515 2514 3581 2553 ac

2003 2563 2050 2617 si
2076 2566 2475 2635 repgoduxisset
2521 2563 2792 2635 antiquam
2838 2567 3078 2621 codicum
3128 2568 3429 2627 lectionem,
3463 2582 3579 2634 ιιιιιτ

2003 2643 2085 2686 est
2111 2652 2123 2686 :
2155 2633 2270 2699 Est,
2298 2644 2347 2688 et
2366 2652 2467 2689 non
2488 2646 2563 2689 est
2582 2633 2808 2689 mortuus
2828 2637 3127 2689 incarnatus
3149 2636 3303 2689 Deus.
3339 2657 3353 2684 ε
3384 2633 3579 2701 Quam-

2002 2702 2083 2775 v_is
2110 2704 2322 2775 (inquit,
2352 2705 2451 2758 hac
2478 2706 2636 2759 allata
2666 2707 2925 2775 lectione)
2967 2707 3241 2773 utriusque
3264 2706 3458 2759 codicis
3485 2722 3580 2758 ea-

2003 2771 2125 2826 dem
2152 2774 2218 2827 sit
2260 2774 2439 2839 lectio,
2474 2776 2662 2829 vitiosa
2705 2785 2883 2829 tamen
2907 2771 2992 2829 e'st
3037 2771 3198 2843 atque
3236 2775 3577 2842 perturbata;

2003 2844 2210 2915 restitui
2240 2853 2415 2912 potest
2444 2845 2585 2898 hunc
2613 2845 2665 2898 in
2694 2845 2908 2915 modum
2935 2862 2947 2897 :
2982 2843 3077 2915 Est
3108 2845 3309 2915 quidem
3338 2846 3581 2915 incarna-

2004 2919 2083 2964 tus
2127 2911 2287 2977 Deus,
2320 2930 2421 2967 non
2449 2924 2525 2968 est
2569 2923 2813 2968 mortuus.
2840 2913 2992 2968 Hunc
3038 2911 3213 2967 locum
3244 2912 3463 2966 Proclus
3493 2930 3581 2967 ve-

2002 2980 2281 3053 hementer
2309 2992 2579 3052 oppugnat
2610 2982 2783 3052 (Orat.
2815 2983 3010 3053 Paneg.
3048 2994 3182 3053 part.
3211 2992 3243 3037 v
3278 2993 3326 3037 et
3357 2984 3519 3053 seqq.)
3556 3002 3576 3034 ι

2006 3048 2253 3105 Baluzius
2281 3048 2497 3107 secutus
2523 3048 2859 3106 est'codices.
2893 3048 3047 3106 Emr.

2080 3120 2097 3157 ῐ
2126 3118 2210 3173 Ne
2237 3138 2317 3190 me
2343 3122 2618 3174 inclinans.
2655 3124 2891 3190 Apparet
2912 3123 3053 3175 hunc
3083 3122 3257 3174 locum
3287 3136 3403 3174 esse
3426 3136 3581 3190 men-

1999 3186 2206 3261 dosum.
2238 3188 2526 3245 Garnerius
2553 3186 2781 3259 scripsit,
2813 3208 2992 3261 nempe
3017 3191 3273 3243 inclinans
3295 3207 3425 3243 eum.
3447 3189 3581 3261 Ger-

1999 3256 2271 3331 beronius,
2321 3276 2412 3331 nec
2452 3278 2532 3313 me
2569 3256 2847 3331 indignans
2889 3256 3031 3313 reum
3062 3262 3235 3331 levare
3265 3262 3348 3330 qui
3396 3260 3576 3331 cecidi.

1999 3325 2112 3395 Ego
2135 3339 2378 3398 p;.tarem
2403 3325 2702 3397 legendum;
2736 3347 2825 3383 nec
2858 3347 2937 3383 me
2964 3330 3218 3383 inclinans
3248 3325 3389 3382 reum
3412 3330 3581 3381 levare

1998 3400 2323 3477 qui__cecidit,
2356 3400 2429 3452 ita
2451 3408 2509 3477 ut
2528 3400 2604 3453 Sic
2629 3409 2932 3477 constructa
2951 3399 3204 3477 _videatur
3233 3399 3405 3452 oratio
3441 3416 3454 3450 :
3478 3412 3581 3477 nec

1999 3466 2260 3522 inclinans
2291 3484 2441 3523 reum
2488 3469 2666 3523 levare
2701 3471 2793 3538 qui
2822 3469 3030 3531 cecidit,
3060 3469 3111 3521 id
3153 3477 3261 3531 est,
3296 3482 3407 3533 me,
3442 3466 3581 3520 vitu-

1997 3546 2217 3605 peratur
2246 3539 2333 3591 ille
2360 3546 2625 3606 tamquam
2653 3539 2933 3592 corruerit.
2953 3538 3148 3591 BALUZ.

2072 3616 2097 3652 κ
2128 3607 2255 3672 Quae
2279 3616 2432 3677 parte
2462 3605 2600 3662 nona
2641 3608 2717 3662 de,
2743 3609 2793 3660 in
2817 3623 2954 3674 aque
2982 3616 3036 3662 et
3079 3607 3355 3661 undecima
3403 3605 3579 3659 conti—

1998 3684 2211 3746 nentur,
2244 3677 2709 3746 imluctaiopint'ri
2732 3678 2784 3729 in
2832 3678 2972 3731 hunc
3018 3678 3192 3730 locum
3235 3691 3312 3746 ex,
3330 3690 3579 3746 sermone

1999 3744 2226 3814 septimo
2257 3744 2428 3813 (Part.
2460 3744 2552 3807 26,
2572 3744 2659 3809 27,
2686 3745 2796 3813 28),
2822 3746 2865 3799 si
2896 3754 3073 3798 tamen
3103 3760 3271 3814 pauca
3303 3745 3415 3797 haec
3435 3745 3581 3797 exci-

1997 3812 2156 3884 pias:
2184 3812 2427 3884 Perter_
2454 3824 2675 3867 utentem
2721 3812 2849 3867 illud
2894 3812 3242 3884 indumentum
3287 3830 3383 3883 quo
3420 3814 3581 3865 utitur

2000 3882 2130 3935 colo.
2171 3881 2443 3952 Opinandi
2483 3884 2621 3937 ratio
2658 3892 2741 3937 est
2794 3884 3048 3951 quoniam
3093 3883 3141 3936 si
3183 3881 3469 3952 Cassianus
3513 3896 3578 3952 ea

1997 3952 2161 4021 verba
2190 3949 2406 4021 legisset
2434 3951 2485 4005 in
2515 3968 2764 4008 sermone
2793 3949 2911 4018 hoc,
2936 3967 3092 4020 quem
3122 3951 3259 4021 apud
3283 3967 3342 4004 se
3371 3949 3575 4021 habuit,

1998 4020 2112 4089 ipsa
2147 4019 2262 4076 non'
2282 4023 2725 4091 prtertermisisset,
2757 4022 2936 4084 credo,
2957 4019 3082 4074 isine
3109 4020 3253 4091 gravi
3284 4019 3577 4091 reprehen—

1998 4088 2169 4161 sione,
2201 4088 2320 4146 cum
2351 4090 2503 4160 plena
2533 4093 2638 4145 sint
2661 4092 2949 4161 impietatis
2971 4091 3127 4157 longe
3156 4088 3368 4142 nefandi
3399 4088 3574 4161 situm;

1999 4158 2200 4231 reliqua
2224 4157 2364 4215 enini
2392 4162 2673 4230 diligenter
2695 4157 3047 4231 persequitur,
3079 4165 3239 4229 prout
3263 4172 3499 4213 errorem
3523 4157 3578 4211 in

1999 4230 2083 4284 bis
2110 4232 2492 4285 comprehendi
2522 4242 2667 4285 ratus
2693 4230 2793 4285 est.

2070 4297 2099 4334 ιι
2141 4296 2289 4353 Malit
2316 4299 2622 4370 Gallandius
2643 4301 2778 4370 quod
2803 4303 2979 4354 utitur.
3010 4318 3028 4349 ι
3064 4299 3248 4362 Recte,
3277 4297 3471 4370 inquit,
3495 4296 3577 4349 in-

2001 4375 2207 4450 terpres
2226 4384 2323 4437 pro
2350 4386 2446 4450 quo
2465 4366 2855 4450 utitu.r.,'Cicero
2876 4370 2949 4450 _ad
2976 4370 3137 4450 Atti'e.
3165 4384 3251 4437 ep.
3276 4366 3337 4420 51
3363 4367 3454 4420 lib.
3479 4382 3572 4432 xu,

2000 4435 2263 4507 NerSiliu—s
2288 4435 2483 4507 quidem
2519 4438 2793 4507 quidquam
2813 4441 2992 4492 utitur.
3025 4458 3042 4489 ι
3074 4435 3227 4491 Eutr.

2078 4506 2092 4542 ί
2146 4506 2539 4561 Bellovaeensis
2584 4506 2755 4561 codex
2794 4525 2901 4562 non
2957 4509 3130 4562 minus
3173 4512 3455 4573 c"rruptus
3493 4513 3577 4558 est

1997 4592 2157 4644 quam
2187 4574 2493 4631 Vaticanus.
2522 4575 2610 4631 Sic
2636 4577 2780 4631 enim
2810 4579 2973 4633 habet
3006 4596 3018 4630 :
3052 4577 3265 4630 Domini
3291 4577 3462 4645 itaque
3488 4576 3575 4626 in-

1995 4646 2347 4717 carnationem
2366 4647 2713 4717 intremiscam
2736 4648 3091 4717 susceptricem
3113 4646 3213 4717 Dei
3231 4647 3448 4717 formam
3470 4659 3577 4696 una

1995 4732 2056 4786 ac
2085 4716 2199 4786 pari
2227 4730 2328 4786 qua
2354 4714 2518 4786 Deum
2553 4715 2771 4786 Verbum
2803 4714 3061 4786 tamquam
3098 4715 3427 4786 Diuinitatis‘,
3464 4722 3570 4767 etc.

1998 4782 2283 4852 Utriusque
2310 4785 2509 4839 codicis
2528 4785 2713 4838 vitium
2744 4782 3017 4840 emendari
3044 4785 3246 4848 debuit,
3279 4782 3476 4851 partim
3506 4798 3576 4837 ex

1994 4852 2272 4924 Cassiano,
2299 4854 2493 4923 partim
2516 4869 2583 4907 ex
2610 4854 2830 4924 Cyrillo.

2064 4919 2316 4993 Cassiani
2332 4932 2455 4976 sunt
2484 4925 2597 4993 haec
2624 4919 2783 4978 verba
2809 4925 2861 4977 in
2886 4923 3115 4993 vulgatis
3139 4919 3570 4993 codicibusi(Lib.

1995 5008 2063 5045 vn
2090 4992 2153 5045 de
2190 4992 2307 5046 Inc.
2354 5010 2465 5062 cap.
2504 4992 2558 5062 8)
2588 5011 2598 5044 :
2643 4993 2750 5047 Sed
2784 5003 2951 5047 tamen
2993 5010 3056 5046 ne
3084 4992 3359 5047 Dominum
3399 4992 3575 5045 Jesum

1994 5064 2139 5134 quasi
2167 5079 2321 5134 unum
2345 5061 2576 5134 de’plebe
2603 5063 2831 5116 crederes
2849 5104 2863 5127 ,
2896 5062 3077 5134 dedisti
3106 5066 3152 5117 ei
3179 5064 3371 5134 aliquid
3400 5062 3571 5134 digni-

1997 5131 2136 5193 tatis,
2163 5131 2383 5185 tribuens
2413 5131 2459 5184 ei
2484 5132 2725 5185 honorem
2753 5142 2807 5184 ut
2833 5142 3011 5186 sancto
3049 5131 3273 5194 homini,
3298 5150 3401 5186 non
3428 5131 3575 5184 Divi-

1996 5202 2206 5253 nitatem
2252 5219 2365 5256 vero
2403 5202 2598 5254 homini
2641 5219 2701 5254 ac
2726 5219 2841 5256 vero
2884 5202 3013 5256 Deo.
3063 5201 3200 5266 Quid
3228 5205 3363 5256 enim
3404 5203 3572 5255 dicis:

2002 5288 2018 5319 ι
2061 5269 2323 5323 Formam
2365 5270 2503 5323 Deus
2540 5269 2865 5325 Dominicam
2908 5273 3359 5327 incarnationem:
3403 5271 3572 5324 Theo-

1996 5341 2093 5412 ιρσὶ
2127 5342 2345 5412 formam
2374 5341 2675 5412 honor-emus
2698 5358 2811 5394 cum
2840 5341 2976 5406 Deo,
3008 5344 3138 5395 sicut
3164 5359 3321 5395 unam
3354 5345 3573 5412 formam

1996 5408 2246 5471 Deitatis,
2290 5412 2419 5462 sicut
2473 5411 2653 5462 divina:
2706 5412 2978 5464 voluntatis
3028 5408 3421 5480 inseparabilem
3462 5421 3571 5464 sta-

1998 5480 2897 5551 ιιιιιηιηεὶειιιΔἱηιαρὶηεηιμιαιειιιὶε
2940 5480 3075 5551 Dei?
3104 5482 3348 5551 Superius
3388 5480 3571 5549 imagi-

1996 5564 2109 5622 nem
2277 5548 2445 5601 Adam
2481 5547 2590 5601 esse
2628 5549 2823 5622 dixisti,
2866 5551 2948 5603 hic
2995 5547 3251 5622 Christum
3296 5547 3570 5622 imaginem

1995 5617 2153 5689 dicis;
2191 5620 2332 5689 illum
2361 5628 2603 5689 statuam,
2636 5628 2685 5689 et
2713 5619 2846 5671 hunc
2868 5629 3109 5689 statuam.
3138 5620 3243 5674 Sed
3276 5617 3455 5689 gratim
3496 5619 3569 5689 rif

1996 5686 2174 5759 delicet
2207 5688 2294 5759 tibi
2321 5705 2411 5754 pro
2442 5688 2634 5759 honore
2652 5688 2751 5741 Dei
2771 5688 2985 5759 agenda:
3012 5699 3149 5753 sunt,
3173 5685 3304 5759 quod
3334 5685 3569 5759 Theotoci

1996 5758 2213 5826 formum
2251 5746 2602 5813 honorandum
2643 5774 2754 5812 cum
2796 5746 2905 5814 Deo
2944 5776 3051 5814 esse
3092 5746 3325 5814 concedis
3352 5774 3367 5810 :
3396 5758 3447 5811 in
3474 5769 3569 5824 quo
