3960 6184
281 282 387 336 765

1462 278 1619 334 l.\ll’ll
1660 277 1969 334 NESTORll
2010 277 2236 333 SERMO
2275 278 2362 334 Ill.

3441 285 3544 340 766

278 398 504 452 ein-istas
533 393 744 448 Domini
773 396 840 448 sit
871 393 930 462 (l
956 393 1083 465 Reg.
1119 411 1260 460 xxw,
1288 396 1372 464 7);
1404 396 1647 450 similiter
1674 403 1728 450 ct
1755 394 1860 466 Cy-
1888 399 1934 454 Λ
1964 403 2022 450 ιιι
2072 397 2343 464 sapientes
2384 411 2414 448 e
2465 395 2855 449 recentioribus
2893 395 3230 464 dogmatistis
3279 409 3543 454 asserunt.

278 505 403 544 rum
449 506 459 540 :
495 486 624 540 Herc
652 486 796 549 dicit,
827 487 1015 554 inquit,
1043 485 1293 540 Dominus
1352 489 1541 540 cla-isto
1582 505 1691 540 meo
1730 485 1862 556 Cyro

278 578 441 647 (Isai.
484 593 606 640 XLV,
634 575 718 645 ι);
763 584 818 629 et
859 576 1207 646 Babylonium
1260 586 1501 631 sanctum
1530 594 1540 628 :
1568 577 1678 646 Ego
1706 578 1860 642 enim,

276 668 474 735 inquit,
513 667 756 736 pratcipio
788 666 912 735 ipsis
934 667 1290 735 sanctiﬁcatis,
1339 676 1388 718 et
1433 683 1524 736 ego
1566 667 1694 720 duco
1729 668 1864 734 ipsos

280 759 438 829 (lsai.
475 775 583 820 xm,
614 758 698 828 5);
743 757 815 810 ita
839 756 1064 812 dicimus
1090 758 1395 820 Dominum,
1423 767 1476 812 et
1495 756 1786 823 Christum,
1811 765 1867 812 et

276 849 471 911 Deum,
502 856 555 902 ct
583 847 798 910 Filium,
825 854 880 901 ct
900 856 1140 901 sanctum
1163 865 1175 912 ;
1207 847 1298 903 scd
1320 850 1623 902 communio
1650 848 1863 918 quidem

278 939 558 993 nominum
587 938 776 992 similis
805 945 907 1003 est,
939 937 1168 1005 dignitas
1190 954 1317 992 vero
1340 955 1445 992 non
1475 939 1661 994 eadem
1691 949 1790 994 est.

354 1028 576 1094 Quoties
625 1027 786 1095 igitur
823 1036 1009 1082 sancta
1065 1027 1339 1097 Scriptura
1375 1028 1580 1084 dictura
1627 1037 1730 1094 est,
1779 1031 1865 1084 vel

276 1118 685 1187 generationem
716 1116 914 1172 Christi
942 1132 1010 1171 ex
1049 1118 1203 1170 beata
1234 1118 1469 1185 Virgine,
1503 1119 1582 1172 vel
1613 1128 1860 1185 mortem,

278 1225 543 1278 nusquam
573 1209 743 1264 Deum
772 1208 918 1274 dicit,
962 1209 1057 1263 sed
1086 1218 1176 1261 aut
1213 1207 1502 1273 Christum,
1536 1219 1628 1263 aut
1655 1209 1860 1275 Jcsum,

279 1306 375 1353 aut
424 1299 738 1364 Dominum;
781 1298 1035 1367 quoniam
1067 1299 1180 1352 lucc
1221 1299 1318 1352 tria
1372 1309 1591 1354 naturas
1628 1299 1866 1354 indicant

279 1391 437 1453 duas,
469 1388 632 1444 modo
661 1391 819 1455 hanc,
852 1387 1014 1444 modo
1053 1390 1218 1454 illam,
1244 1388 1407 1444 modo
1438 1398 1740 1459 utramque.
1772 1390 1865 1445 Est

280 1487 462 1534 autem
485 1480 591 1534 tale
613 1478 758 1547 quod
786 1478 926 1543 dico,
956 1480 1166 1549 quoties
1195 1481 1348 1534 nobis
1373 1482 1773 1547 generationem
1796 1498 1863 1537 ex

280 1570 504 1640 Virgine
551 1569 824 1640 Scriptura
874 1580 1278 1636 commemorat,
1332 1571 1458 1641 quid
1503 1571 1674 1626 dicit?
1719 1572 1866 1626 Misit

282 1659 425 1715 Deus
455 1659 504 1712 F
507 1663 651 1714 ilium
676 1677 822 1714 suum
855 1658 994 1730 (Gal.
1021 1676 1092 1724 iv,
1117 1659 1202 1732 4);
1234 1677 1340 1714 non
1361 1661 1490 1716 dicit
1519 1680 1531 1714 :
1564 1661 1705 1718 Misit
1725 1662 1863 1716 Deus

2035 485 2114 538 Ita
2168 487 2331 540 etiam
2377 485 2648 538 Christum
2704 486 2994 540 secundum
3048 503 3283 551 carnem,
3326 499 3546 559 propter

1965 575 2417 643 conjunctionem,
2449 591 2609 643 quam
2651 577 2815 629 habet
2841 593 2963 630 cum
2997 577 3106 630 Deo
3149 577 3345 643 Verbo,
3379 580 3527 634 Deun

1968 667 2323 730 nominamus,
2357 666 2590 719 scientes
2635 682 2753 720 esse
2802 667 3094 730 hominem,
3148 668 3239 734 qui
3295 680 3530 736 apparet.

1970 757 2107 812 Audi
2136 766 2423 826 utrumque
2473 755 2697 810 Paulum
2742 757 3119 825 (indicantem
3151 775 3163 809 :
3197 757 3281 811 Ex
3323 758 3544 823 Judwis,

1967 852 2158 920 inquit,
2191 849 2451 904 Christum
2479 849 2757 904 secundum
2786 865 3010 913 carnem,
3035 850 3119 918 qui
3147 859 3223 902 est
3252 866 3409 920 supra
3433 867 3547 904 om-

1967 960 2056 997 nes
2085 943 2205 998 deos
2248 943 2423 1012 (Rom.
2483 959 2556 1007 lx,
2611 939 2686 1008 5).
2721 939 2872 993 Prius
2919 941 3186 994 hominem
3235 941 3542 1006 conﬁtetur,

1967 1033 2176 1100 deinde,
2208 1031 2587 1101 conjunctione
2633 1031 2699 1084 ad
2731 1031 2913 1090 Deum,
2944 1030 3072 1083 dicit
3102 1030 3267 1083 Deum
3309 1048 3428 1085 eum
3451 1033 3544 1100 qui

1967 1131 2209 1194 apparet,
2252 1138 2320 1178 ne
2359 1123 2480 1192 quis
2507 1119 2965 1175 Christianitatem
2993 1120 3223 1173 hominis
3251 1130 3402 1189 putet
3429 1137 3548 1177 esse

1966 1209 2262 1266 cultricem.

2038 1298 2172 1352 Audi
2201 1298 2361 1352 etiam
2409 1299 2513 1353 hoc
2562 1313 2776 1362 nomen,
2835 1298 3109 1364 Dominus,
3154 1298 3439 1367 aliquando
3481 1299 3548 1355 de

1965 1390 2296 1444 humanitate
2323 1387 2856 1458 Christi,-aliquando
2883 1390 2949 1443 de
2971 1389 3255 1442 Divinilate
3283 1389 3416 1456 ejus,
3449 1389 3548 1443 ali-

1964 1481 2177 1550 quando
2205 1481 2271 1536 de
2309 1491 2534 1550 utraque
2565 1481 2816 1550 positum.
2867 1478 3290 1551 Quotiescumque
3328 1480 3548 1533 mandu-

1965 1571 2145 1626 cabitis
2174 1589 2377 1642 panem,
2420 1581 2468 1625 et
2489 1572 2699 1625 calicem
2730 1571 2928 1635 bibetis,
2952 1580 3164 1625 mortem
3197 1570 3404 1623 Domini
3447 1587 3544 1623 an-

1965 1662 2262 1716 nuntiabitis
2309 1661 2508 1733 (lCor.
2559 1679 2631 1726 si,
2680 1661 2791 1731 26).
2836 1660 2974 1714 Audi
3027 1676 3092 1714 ex
3122 1660 3548 1729 prmccdentibus

285 1752 519 1806 Verbum
544 1769 558 1818 ;
589 1751 681 1807 sed
719 1751 888 1805 utitur
916 1765 980 1804 eo
1019 1752 1254 1815 nomine,
1285 1750 1429 1819 quod
1471 1759 1687 1805 naturas
1727 1752 1863 1806 indi-
1896 1758 1938 1817 B
1966 1754 2285 1822 imperitiam
2325 1753 2710 1821 objicientium,
2737 1751 2879 1819 quod
2909 1750 3192 1803 maximam
3221 1764 3339 1802 esse
3367 1749 3546 1817 legant

281 1848 370 1896 cat
392 1841 543 1895 duas.
575 1839 709 1906 Quia
738 1840 878 1894 enim
907 1839 1070 1894 Filius
1099 1840 1260 1894 homo
1299 1848 1382 1894 est
1413 1849 1466 1894 et
1494 1841 1651 1907 Deus,
1684 1841 1813 1897 dicit
1845 1861 1856 1895 :

282 1931 433 1984 Misit
457 1929 595 1983 Deus
634 1929 681 1981 F
685 1929 830 1983 ilium
858 1945 1005 1982 suum
1057 1931 1249 2000 factum
1288 1947 1352 1984 ex
1377 1930 1620 1995 muliere;
1663 1939 1720 1984 ut
1740 1947 1862 1986 cum

280 2020 533 2086 audieris,
579 2022 770 2091 factum
804 2037 870 2074 ea:
913 2020 1143 2081 muliere,
1195 2020 1374 2074 statim
1419 2029 1637 2091 reputes
1667 2036 1861 2076 nomen

281 2116 536 2186 positum,
555 2114 698 2182 quod
721 2122 942 2167 naturas
964 2113 1162 2168 indicat
1183 2113 1314 2168 duas
1336 2131 1350 2180 ;
1382 2120 1436 2168 et
1461 2114 1862 2182 generationem

280 2221 348 2259 ex
381 2205 531 2258 beata
559 2203 778 2272 Virgine
807 2203 925 2257 Filii
951 2219 1131 2259 voces.
1179 2204 1371 2258 Filimn
1401 2205 1542 2259 enim
1567 2205 1662 2259 Dei
1692 2221 1859 2274 pepe-

1014 2313 1138 2350 nam
1166 2297 1419 2366 quoniam
1441 2297 1606 2352 Filius
1644 2297 1739 2352 Dei
1768 2298 1862 2352 du-

279 2385 404 2456 plex
433 2394 514 2438 est
553 2386 607 2439 in
639 2386 860 2450 naturis,
894 2386 1101 2456 peperit
1125 2387 1338 2454 quidem
1369 2385 1560 2440 Filium
1590 2387 1703 2454 Dei,
1735 2388 1861 2456 quia

277 2476 492 2547 peperit
519 2477 790 2531 hominem
811 2518 825 2542 ,
851 2478 939 2547 qui
961 2485 1044 2533 est
1065 2477 1230 2532 Filius
1251 2477 1374 2544 Dei,
1400 2487 1626 2551 propter
1645 2479 1865 2550 conjun-

279 2296 353 2350 rit
384 2296 543 2364 Virgo
587 2297 922 2371 Xprarorbxo;
957 2315 968 2349 :

278 2574 427 2621 ctum
457 2567 505 2620 ei
538 2565 728 2621 Filium
759 2566 872 2620 Dei.

352 2660 503 2726 Quod
534 2661 585 2714 in
619 2662 896 2717 nativitate
920 2677 985 2716 ex
1011 2659 1208 2719 Christi
1239 2665 1499 2733 genitrice
1537 2663 1755 2734 Virgine
1782 2665 1863 2720 di-

277 2751 406 2804 vina
461 2749 736 2820 Scriptura
782 2759 949 2821 ponat
1001 2752 1120 2808 Filii
1174 2769 1390 2820 nomen,
1449 2755 1856 2810 declaravimus.

275 2837 417 2892 Audi
440 2838 550 2908 jam
579 2848 635 2894 et
657 2841 710 2894 iu
731 2851 924 2905 morte,
954 2851 1010 2897 et
1034 2843 1157 2898 vide
1182 2844 1351 2899 sicubi
1394 2845 1610 2900 tandem
1641 2845 1732 2901 Dei
1757 2863 1854 2901 no—

272 2943 403 2983 men
441 2936 526 2984 est
568 2932 823 3000 positum,
871 2940 932 2988 ut
957 2933 1262 3003 passibilem
1307 2934 1474 2989 Deum
1524 2935 1856 2993 inducamus.

1964 1844 2121 1914 hujus
2149 1846 2387 1916 mysterii
2408 1845 2710 1905 utilitatem,
2732 1850 2786 1897 et
2805 1841 2958 1909 cujus
2979 1840 3546 1894 eonnnemorationem

1962 1937 2269 1992 hominibus
2297 1935 2486 1992 afferat
2510 1953 2524 2002 ;
2555 1944 2716 2004 atque
2739 1933 2862 1987 audi
2887 1948 2990 1986 non
3020 1947 3105 1985 me
3135 1932 3238 1985 hoc
3258 1931 3542 1994 dicentem,

1961 2027 2055 2082 sed
2101 2028 2317 2082 beatum
2363 2026 2587 2081 Paulum
2635 2045 2647 2078 :
2701 2023 3123 2096 Quotiescumque
3170 2023 3546 2077 manducabitis

1961 2135 2144 2189 panem
2175 2121 2341 2183 hunc;
2383 2135 2490 2172 non
2520 2117 2671 2181 dixit,
2695 2117 3138 2185 quotiescumque
3160 2115 3546 2169 manducabitis

1961 2208 2301 2263 Divinitatcm
2357 2209 2515 2273 hanc,
2565 2207 2661 2262 sed
2713 2208 3120 2277 quotiescumque
3170 2205 3543 2258 mamlucabitis

1962 2317 2148 2371 panem
2175 2300 2328 2354 hunc.
2372 2299 2506 2354 Vide
2534 2298 2601 2353 de
2628 2299 2856 2368 corpore
2883 2297 3162 2350 Dominico
3192 2296 3263 2349 illi
3296 2295 3542 2365 proposi-

1959 2400 2075 2445 tum
2096 2405 2216 2446 esse
2248 2408 2262 2443 :
2296 2388 2719 2461 Quotiescumque
2742 2385 3120 2441 manducabitis
3158 2403 3344 2456 panem
3383 2385 3538 2450 hunc,

1960 2477 2110 2548 cujus
2147 2486 2230 2534 est
2274 2478 2447 2549 ipsum
2492 2493 2688 2547 corpus
2715 2477 3034 2547 antitypum.
3079 2475 3366 2529 Videamus
3412 2487 3542 2541 ergo

1959 2568 2111 2639 cujus
2136 2584 2300 2623 mors.
2334 2565 2755 2639 Quotiescumque
2773 2566 3148 2620 manducabitis
3171 2581 3354 2635 panem
3378 2564 3535 2628 hunc,

1957 2669 2007 2713 et
2027 2660 2236 2714 calicem
2264 2658 2398 2711 hunc
2427 2657 2624 2723 bibetis,
2653 2666 2869 2711 mortem
2898 2655 3110 2710 Domini
3139 2653 3536 2709 annuntiabitis.

1959 2750 2094 2805 Audi
2118 2751 2170 2804 in
2191 2751 2538 2819 sequentibus
2554 2747 2810 2819 apertius,
2835 2749 2995 2802 donec
3015 2748 3202 2800 veniat.
3219 2745 3347 2812 Quis
3361 2756 3540 2799 autem

1957 2842 2173 2896 veniet?
2201 2840 2459 2894 Videbunt
2481 2838 2679 2893 Filium
2700 2839 2920 2894 hominis
2949 2839 3229 2891 uenientem
3247 2838 3301 2890 in
3324 2835 3540 2890 nubibus

1957 2931 2068 2987 cali
2090 2948 2206 2986 cum
2233 2930 2400 3003 gloria
2420 2930 2584 2984 multa
2606 2928 2823 2998 (Matth.
2845 2944 2986 2993 nlv,
3011 2927 3122 2996 30).
3147 2925 3234 2988 Et,
3263 2925 3407 2995 quod
3428 2941 3542 2980 ma-

272 3017 405 3073 Cum
441 3021 638 3074 inimici
683 3038 924 3088 essemus,
957 3007 1147 3091 inquit,
1197 3025 1513 3078 reconciliati
1545 3041 1719 3079 sumus
1753 3025 1859 3081 Deo
1952 3021 2043 3091 jus
2071 3029 2172 3085 est,
2205 3028 2331 3075 ante
2358 3019 2633 3090 apostolos
2660 3019 2920 3090 propheta
2949 3017 3282 3072 manifestius
3314 3017 3539 3072 venien-

270 3125 366 3178 per
392 3118 605 3165 mortem
651 3109 778 3166 Filii
817 3113 928 3183 ejus
951 3111 1130 3184 (Rom.
1178 3130 1227 3180 v,
1257 3111 1379 3185 10);
1416 3129 1523 3169 non
1567 3113 1714 3182 dicit,
1766 3133 1858 3188 per
1881 3113 1927 3176 C
1960 3117 2068 3165 tem
2095 3109 2349 3171 ostendit,
2400 3116 2455 3164 et
2473 3109 2669 3163 clamat
2695 3107 2761 3162 de
2798 3107 2995 3162 Judazis
3022 3106 3205 3161 dicens
3234 3123 3246 3158 :
3287 3104 3542 3159 Videbunt

272 3210 493 3254 mortem
515 3200 612 3255 Dei
640 3201 814 3256 Verbi.

345 3288 476 3343 Erat
501 3290 715 3358 quidem
745 3291 888 3346 Deus
919 3291 1148 3347 Verbum
1171 3301 1297 3348 ante
1325 3293 1770 3360 incarnationem,
1803 3303 1860 3351 et

267 3377 460 3442 Filius,
503 3388 557 3434 et
584 3379 723 3434 Deus
751 3396 870 3436 cum
901 3380 1090 3448 Patre;
1121 3383 1348 3452 sumpsit
1373 3399 1504 3439 vero
1554 3384 1858 3440 novissimis

266 3470 607 3538 temporibus
637 3472 776 3526 servi
819 3471 1045 3527 formam
1079 3491 1091 3526 :
1124 3473 1217 3529 sed
1247 3489 1367 3529 cum
1397 3475 1467 3530 sit
1494 3484 1550 3531 et
1581 3485 1738 3531 antea
1765 3475 1856 3532 Fi-

265 3560 392 3625 lius,
437 3569 492 3616 et
539 3562 612 3616 ita
644 3570 864 3618 vocetur
903 3573 1022 3633 post
1054 3567 1496 3635 assumptionem,
1528 3584 1636 3622 non
1677 3576 1858 3637 potest

265 3651 452 3704 vocari
481 3650 680 3705 divisus
726 3651 910 3718 Filius,
958 3669 1028 3708 ne
1073 3654 1209 3709 duos
1254 3655 1392 3711 lilios
1434 3657 1855 3724 constituamus;

263 3739 365 3794 sed
393 3740 516 3809 quia
547 3741 619 3795 illi
650 3742 966 3812 conjunctus
994 3752 1095 3812 est,
1137 3745 1229 3814 qui
1258 3755 1376 3801 erat
1418 3762 1450 3802 a
1477 3747 1743 3817 principio
1769 3748 1858 3803 Fi-

262 3829 393 3894 lius,
426 3847 531 3885 non
562 3839 742 3902 potest
787 3834 1078 3890 secundum
1107 3835 1422 3904 dignitatem
1469 3837 1743 3894 liliationis
1780 3839 1857 3894 di-

261 3921 527 3976 visionem
556 3923 850 3992 suscipere.
881 3924 1070 3991 Quoad
1097 3926 1412 3994 dignitatem
1447 3926 1739 3995 filiationis,
1771 3922 1853 3984 in;

260 4025 447 4080 quam,
474 4028 577 4067 non
600 4014 777 4082 quoad
807 4023 1054 4084 naturas;
1079 4025 1366 4086 propterea
1387 4027 1441 4073 et
1461 4018 1599 4073 Deus
1617 4017 1851 4074 Verbum

260 4103 572 4156 nominatur
600 4102 864 4170 Christus,
895 4107 1020 4174 quia
1060 4107 1223 4162 habet
1251 4107 1686 4177 conjunctionem
1727 4125 1850 4164 cum

258 4187 479 4247 Christo
506 4202 861 4263 perpetuam;
890 4211 1062 4264 neque
1084 4198 1348 4266 contingit
1369 4207 1426 4252 ut
1447 4199 1588 4254 Deus
1612 4197 1849 4254 Verbum

257 4280 380 4335 sine
409 4281 742 4339 humanitate
769 4284 931 4340 faciat
959 4286 1156 4354 aliquid
1181 4304 1195 4353 ;
1227 4289 1481 4357 perducta
1510 4299 1592 4344 est
1616 4292 1758 4345 enim
1782 4290 1848 4345 ad

1955 3201 2011 3255 in
2039 3217 2186 3272 quem
2214 3207 2620 3271 compunxerunt
2647 3197 2832 3266 (Zach.
2857 3215 2950 3262 xu,
2979 3195 3088 3267 10).
3131 3196 3268 3263 Quid
3296 3197 3456 3264 igitur
3474 3197 3541 3250 il-

1956 3291 2045 3346 lud
2069 3300 2449 3362 compunctum
2475 3291 2590 3346 est?
2619 3289 2801 3346 Latus.
2831 3289 2994 3345 Latus
3022 3305 3150 3345 vero
3176 3305 3283 3344 non
3311 3295 3394 3344 est
3420 3286 3538 3355 Dei,

1956 3383 2049 3438 sed
2073 3384 2326 3439 hominis.

2027 3474 2361 3530 lnconl‘usam
2391 3474 2550 3543 igitur
2570 3488 2842 3528 servemus
2872 3480 3182 3529 naturarum
3211 3469 3543 3540 conjunctio-

1961 3582 2115 3632 nem;
2147 3567 2503 3622 conﬁteamur
2530 3567 2583 3620 in
2621 3567 2840 3620 homine
2867 3566 3061 3629 Deum;
3093 3565 3332 3619 colamus
3361 3564 3538 3618 divina

1958 3657 2187 3725 quadam
2213 3657 2592 3724 conjunctione
2621 3673 2741 3711 cum
2770 3657 2880 3711 Deo
2909 3658 3281 3726 onniipotcnte
3302 3656 3539 3711 adorans

1957 3745 2082 3800 dum
2107 3747 2400 3800 hominem.

2028 3836 2123 3891 Dic
2138 3835 2204 3890 de
2218 3845 2530 3890 assumente
2542 3835 2685 3904 quod
2707 3837 2848 3893 Deus
2867 3836 2964 3900 sit;
2989 3835 3158 3903 adjice
3173 3835 3238 3890 de
3259 3845 3536 3906 assumpto

1957 3926 2100 3995 quod
2127 3926 2267 3980 servi
2294 3926 2494 3991 l‘orma;
2528 3924 2663 3979 infer
2683 3933 2869 3996 postea
2899 3925 3534 3994 conjunctionisdignita-

1957 4022 2086 4082 tem,
2111 4015 2253 4084 quod
2281 4016 2578 4070 communis
2607 4017 2674 4071 sit
2694 4016 2919 4070 duorum
2942 4017 3251 4080 auctoritas,
3275 4018 3416 4086 quod
3441 4033 3529 4072 ca-

1956 4107 2076 4162 dem
2099 4108 2168 4163 sit
2187 4106 2410 4163 duorum
2433 4107 2689 4180 dignitas;
2708 4110 3152 4178 manentibusquc
3171 4111 3392 4176 naturis,
3410 4127 3544 4165 con.

1955 4195 2108 4252 fuere
2139 4199 2421 4253 unitatem.

2521 4296 2546 4324 ι
2576 4285 2805 4340 SER-MO
2831 4287 2917 4340 111.

261 4384 524 4429 summam
540 4373 990 4444 conjunctionem,
1010 4393 1116 4432 non
1140 4384 1320 4449 tamen
1343 4379 1412 4436 ad
1429 4380 1840 4450 deiﬁcationem,
1872 4376 1920 4435 D
1951 4384 2169 4440 Habitus
2209 4401 2241 4438 a
2281 4382 2524 4439 Nestorio
2562 4382 2590 4422 δ
2620 4383 2751 4439 velut
2783 4385 2836 4438 in
2864 4383 3086 4442 Arianos
3111 4394 3160 4440 et
3187 4385 3530 4443 Macedonia-

1445 4511 1985 4573 CASTIGATIONES
2022 4515 2112 4585 ET
2150 4514 2378 4572 norm.

333 4630 358 4657 ⁸
381 4620 458 4687 Id,
481 4630 541 4694 ut
560 4622 711 4676 initio
729 4621 978 4694 diximus,
1002 4629 1197 4692 praeter
1215 4622 1438 4678 Marium
1458 4623 1830 4694 Mercatorem,

258 4699 428 4745 testes
455 4693 690 4758 quinque
718 4690 1005 4745 aﬂirmant.

328 4758 558 4836 Cyrillus
576 4758 711 4836 (Lib.
730 4760 879 4836 Cant.
899 4760 1046 4836 c_._9):
1069 4760 1290 4836 Rursum
1309 4779 1526 4836 namque
1546 4767 1620 4819 sic
1639 4765 1832 4836 scribit,

254 4847 373 4884 cum
400 4831 642 4885 adversus
661 4831 881 4884 Arianos
902 4831 1297 4900 disputationem
1325 4831 1662 4889 instituisset:
1693 4853 1711 4886 ‹
1740 4835 1837 4890 Di-

254 4900 468 4971 einitate
486 4910 636 4965 certe,
661 4917 774 4971 quae
800 4901 970 4970 major
987 4909 1080 4971 est,
1103 4901 1268 4971 ipsum
1298 4901 1392 4955 Dei
1427 4903 1642 4958 Verbum
1662 4922 1837 4958 recen-

254 4970 359 5044 tius
381 4984 490 5044 esse
509 4970 765 5044 uagantur
786 4986 804 5023 :
825 4979 880 5022 at
900 4985 1016 5022 vero
1038 4970 1090 5023 hi
1112 4970 1258 5023 beata
1281 4971 1639 5044 aria_ipsum
1661 4985 1833 5044 poste-

252 5039 366 5090 rius
393 5039 634 5108 e/ﬁciunt,
657 5048 707 5092 et
725 5048 941 5092 matrem
964 5044 1291 5112 temporalem
1317 5042 1416 5112 ipsi
1436 5039 1630 5112 Deitati
1659 5039 1836 5112 opiﬁci

253 5107 540 5180 temporum
569 5117 892 5178 praeportant.
919 5125 937 5158 ι
970 5107 1036 5161 Ει
1063 5107 1186 5180 alibi
1219 5107 1353 5177 (Lib.
1388 5126 1440 5164 ιν
1472 5127 1516 5163 c.
1558 5111 1620 5180 l)
1646 5130 1658 5161 :
1692 5107 1835 5167 Deus

229 5187 243 5207 '
262 5174 488 5230 Verbum
527 5174 720 5247 factum
747 5187 823 5231 est
851 5193 989 5240 caro,
1016 5187 1066 5230 et
1092 5174 1339 5231 habitavit
1363 5181 1417 5231 in
1457 5174 1622 5234 nobis.
1650 5181 1835 5236 Secum

249 5246 664 5317 considqejecit
686 5246 846 5317 Pater
871 5256 1184 5317 assumptum
1212 5247 1595 5315 humanitatem,
1632 5259 1734 5305 etc.
1770 5252 1836 5306 Et

249 5324 448 5387 postea
477 5315 625 5387 (Cap.
649 5317 737 5383 5):
766 5316 866 5387 llic
895 5325 1063 5387 autem
1090 5316 1250 5368 bonus
1289 5319 1364 5370 vir
1401 5317 1565 5371 Deum
1615 5320 1832 5375 Verbum

256 5383 368 5437 Deo
414 5383 1070 5450 Patri'consubstantiale,
1122 5387 1334 5450 perinde
1379 5403 1437 5440 ac
1483 5389 1528 5440 si
1572 5391 1833 5450 ignoraret

253 5455 422 5528 ipsum
444 5458 636 5528 factum
656 5456 927 5528 hominem,
951 5471 1053 5528 non
1083 5455 1370 5523 abjiciendo
1399 5458 1534 5528 quod
1566 5455 1702 5512 Deus
1734 5468 1828 5523 est,

253 5524 347 5594 sed
372 5527 540 5594 potius
568 5526 891 5585 assumenda,
914 5524 1050 5594 quod
1072 5541 1172 5576 non
1201 5535 1330 5589 erat,
1354 5524 1508 5580 audet
1534 5538 1827 5583 extenuare.

256 5590 399 5666 {Vaut
425 5604 745 5666 cumisancto
776 5590 1014 5666 Spiritui,
1042 5602 1102 5666 ut
1117 5595 1306 5648 dictum
1333 5605 1439 5666 est,
1465 5600 1826 5666 patrocinetur,

255 5661 449 5720 Filium
478 5665 633 5735 afﬁcit
659 5661 868 5736 injuria,
911 5661 994 5716 ubi
1032 5664 1273 5720 adversus
1314 5665 1423 5720 Arii
1452 5661 1723 5723 sectatores
1755 5661 1826 5722 ita

1938 4629 2103 4684 dicit:
2133 4648 2150 4681 ι
2178 4629 2435 4700 Majorem
2461 4646 2516 4685 tn
2554 4631 2720 4701 ipsum
2745 4640 2998 4687 struentes
3027 4633 3368 4756 ittjuriam,‘et
3387 4634 3516 4705 Spi.

3245 4721 3290 4756 η
3317 4719 3410 4756 um

3245 4719 3348 4757 ritu
3359 4721 3422 4766 m,

2006 4836 2036 4875 ιι
2059 4836 2638 4910 Duas_l‘ccit_Nestorius
2663 4847 2840 4910 partes
2867 4839 2948 4892 sui
2970 4848 3226 4910 tractatus
3252 4859 3264 4893 :
3289 4839 3519 4910 primam

1937 4915 2129 4963 contra
2176 4907 2608 4971 Macedonianos,
2659 4907 2881 4962 alteram
2929 4910 2983 4962 in
3032 4907 3304 4976 Arianos;
3333 4913 3426 4966 sed
3454 4929 3522 4975 ea

1938 4985 2122 5050 tamen
2159 4977 2271 5031 sive
2312 4977 2630 5050 calliditate,
2662 4978 3015 5050 sive_malitia
3056 4989 3241 5034 contra
3282 4982 3523 5050 singulos

1937 5047 2170 5119 disserit,
2189 5053 2246 5119 ut
2266 5055 2550 5116 exaggeret
2570 5048 2658 5102 ille
2679 5047 2894 5116 quidem
2914 5049 3284 5105 haereticorum
3306 5047 3522 5119 dogma-

1938 5123 2049 5169 tum
2089 5116 2450 5189 impietatem,
2479 5133 2589 5171 non
2628 5133 2694 5172 eo
2731 5127 2908 5189 tamen
2949 5134 3149 5186 usque,
3181 5122 3310 5189 quin
3352 5116 3523 5179 videri

1935 5195 2158 5308 possent
2194 5187 2577 5240 catholicorum
2616 5188 2897 5241 sententiis
2934 5187 3316 5245 tolerabiliora.
3345 5191 3524 5262 Atque

1972 5271 2049 5308 aee
2068 5270 2228 5308 causa
2253 5271 2348 5308 cur
2367 5255 2649 5308 Mercator.
2675 5265 2835 5308 atoue
2856 5259 3016 5308 etiam
3040 5257 3286 5308 Cvrillns-
3313 5277 3522 5308 serum.

1972 5271 2049 5309 aec
2068 5270 2228 5329 causa
2253 5271 2348 5310 cur
2367 5255 2649 5329 Mercator,
2675 5265 2835 5329 atque
2856 5259 3016 5329 etiam
3040 5257 3286 5329 Cyrillus,
3313 5255 3522 5318 sormea

1936 5339 2057 5395 nem
2091 5326 2328 5395 habitum
2356 5325 2497 5379 dicat
2526 5342 2632 5379 non
2662 5327 2973 5395 simpliciter
2993 5325 3246 5385 adversus
3269 5332 3519 5388 Arianos.

2010 5392 2296 5470 U_triusque
2337 5392 2980 5470 partis_fragmenta_quzc
3021 5408 3255 5470 restant,
3299 5417 3397 5470 par
3439 5410 3522 5458 est

1943 5463 2163 5532 credere
2185 5480 2295 5532 prec
2323 5473 2436 5518 toto
2465 5464 2746 5518 admodum
2778 5463 2967 5532 exigua
3009 5483 3146 5521 esse.
3179 5463 3345 5525 unica
3375 5471 3518 5524 enim

1935 5531 2446 5605 Macedonianorum
2471 5531 2955 5605 blasphemia,qua
2983 5535 3239 5605 Spiritum
3273 5553 3517 5596 sanctum
3587 5579 3592 5590 .

1931 5603 2243 5679 asserebant
2257 5602 2450 5679 Christi
2467 5602 2698 5670 servum,
2717 5602 2976 5679 refellitur
2997 5602 3238 5679 inprima
3260 5616 3438 5679 parte;
3462 5608 3516 5664 in

1931 5671 2097 5725 altera
2127 5671 2314 5728 leviter
2342 5673 2661 5730 Arianorum
2691 5690 2849 5730 causa
2880 5671 3177 5748 attingitur.
