3960 6184
327 260 433 315 763

1523 256 1682 311 l\|Pll
1721 255 2033 311 NESTORII
2075 255 2306 312 SERMO
2341 255 2427 309 Ill.
3497 262 3562 315 ’Π

326 375 546 444 quidem
577 372 850 442 proprium
882 370 1055 424 omnis
1073 351 1165 424 'cst
1207 370 1391 424 matris
1418 370 1913 424 consubstantivum
1941 375 1993 432 Α
2016 371 2126 440 ipse
2157 367 2500 440 (Nestorius)
2531 387 2584 423 se
2613 371 2909 440 interponit,
2936 390 3152 445 moxque
3180 374 3296 428 illos
3326 377 3595 445 approbat.

325 468 431 521 sibi
463 480 670 535 parere.

305 537 314 544 ’
402 557 542 624 Ergo
590 572 697 608 non
747 555 847 608 erit
896 562 1102 619 mater,
1135 567 1254 621 qua:
1281 551 1774 606 consubstantivum
1810 551 1912 605 sibi

289 641 292 644 ’
323 648 548 702 minimc
573 645 803 715 peperit.
835 643 994 711 Ergo,
1021 643 1143 712 quia
1171 652 1342 696 mater
1362 643 1430 696 ab
1454 643 1516 696 iis
1544 641 1754 707 dicitur,
1786 656 1908 696 eum

323 739 420 807 qui
468 736 758 791 secundum
807 736 1158 789 substantiam
1205 734 1395 789 similis
1423 742 1505 788 est
1533 733 1732 802 genuit.
1780 733 1909 799 Quis

321 839 504 884 autem
526 827 816 882 secundum
841 826 1192 880 substantiam
1215 824 1331 892 ejus
1353 826 1453 879 erit
1474 825 1692 880 similis?
1721 824 1770 879 ls
1791 826 1909 881 sine

320 919 487 973 dubio
513 919 605 986 qui
625 917 856 988 Spiritus
883 917 1053 970 sancti
1082 914 1295 984 opiticio
1326 916 1526 968 exstitit
1551 933 1562 967 :
1597 912 1747 978 Quod
1771 917 1908 968 enim

320 1013 376 1062 in
407 1027 467 1063 ea
493 1019 672 1062 natum
699 1019 793 1070 est,
823 1008 886 1060 de
924 1006 1124 1076 Spiritu
1149 1015 1331 1059 sancto
1358 1016 1434 1058 est
1464 1004 1653 1075 (Matt.
1685 1022 1721 1068 ι,
1764 1005 1903 1077 ‘20);

318 1119 444 1156 cum
465 1117 573 1170 quo
595 1101 955 1155 indesinenter
977 1107 1093 1152 erat
1114 1098 1345 1152 Verbum
1373 1099 1530 1152 Deus.

393 1190 627 1246 Verbum
657 1203 786 1257 ergo
826 1190 966 1243 Deus
993 1204 1099 1242 non
1129 1196 1210 1242 est
1249 1197 1404 1241 natus
1426 1203 1490 1240 ex
1523 1186 1706 1252 Maria,
1731 1187 1825 1241 sed
1851 1187 1904 1242 in

319 1283 432 1344 illo,
463 1281 556 1349 qui
580 1295 646 1334 ex
676 1295 738 1333 ea
761 1288 915 1332 natus
944 1285 1044 1340 est,
1071 1277 1288 1331 mansit.
1319 1276 1436 1329 Non
1463 1292 1530 1330 ex
1552 1276 1769 1345 Virgine
1799 1277 1904 1330 ini-

319 1375 451 1425 tium
480 1370 683 1430 habuit.
710 1369 802 1422 sed
832 1369 904 1421 illi
927 1368 1017 1436 qui
1047 1365 1338 1421 crescendo
1361 1382 1457 1436 per
1480 1383 1692 1421 menses
1712 1367 1900 1436 paula-

316 1467 411 1516 tim
435 1463 764 1531 compositus
795 1461 846 1514 in
887 1469 1041 1513 utero
1073 1459 1303 1526 Virginis
1341 1467 1440 1524 est,
1473 1459 1903 1528 inseparabiliter

313 1555 461 1607 omni
487 1562 728 1622 tempore
751 1551 986 1605 sociatus
1007 1559 1108 1604 est.
1142 1549 1298 1603 Aliud
1328 1558 1408 1604 est
1453 1561 1628 1602 autem
1675 1547 1852 1602 dicere
1883 1567 1896 1601 :

311 1647 446 1698 tium
477 1645 568 1698 illo
596 1644 686 1712 qui
729 1652 885 1697 natus
923 1652 1024 1707 est,
1068 1650 1280 1708 manet;
1327 1651 1381 1696 et
1422 1641 1595 1705 aliud,
1629 1641 1776 1694 illum
1806 1641 1897 1709 qui

2012 477 2136 531 quos
2157 478 2252 513 sua
2281 461 2510 514 docendo
2531 462 2825 530 perdiderat
2847 481 2864 515 :
2887 475 3123 518 carterum
3152 467 3204 518 in
3226 483 3340 519 eum
3369 466 3598 538 linguam

2009 552 2213 604 exacuit
2233 552 2316 621 qui
2332 553 2489 619 ipsius
2513 551 2754 620 dogmata
2776 570 2878 606 non
2901 557 3231 620 sustinuerat,
3249 559 3368 610 etin
3392 569 3595 611 sanctu-

2009 641 2194 693 Patres
2221 642 2303 712 qui
2333 642 2472 712 piam
2501 641 2620 711 ﬁdei
2649 642 3000 712 deﬁnitionem
3023 645 3168 699 nobis
3203 649 3591 710 constitueram,

2011 740 2164 800 atque
2193 732 2265 782 ait
2289 747 2307 784 :

2081 819 2302 873 Gaudeo
2345 830 2578 874 vestrum
2628 822 2891 890 aspiciens
2934 823 3141 877 zelum:
3171 826 3404 880 indidem
3450 828 3590 881 enim

2008 911 2292 978 perspicue
2331 912 2542 978 coargui
2576 919 2833 980 possunt,
2874 928 2992 980 qua:
3033 915 3098 967 ab
3142 915 3336 970 infelici
3378 917 3540 971 homii
3565 933 3596 970 e

2005 1010 2131 1056 sunt
2160 1002 2420 1068 flagitiose
2447 1002 2608 1055 dicta.
2651 999 2780 1055 Nam
2808 1017 3034 1071 quorum
3062 1003 3179 1056 dine
3208 1014 3331 1057 sunt
3369 1020 3594 1074 genera-

2007 1093 2199 1156 tiones,
2232 1107 2416 1146 eorum
2465 1092 2571 1145 duo
2615 1092 2722 1146 sint
2768 1093 2859 1145 lilii
2909 1109 3157 1157 necesse;
3209 1094 3301 1147 sed
3351 1094 3590 1149 Ecclesia

2006 1199 2168 1237 unum
2199 1184 2439 1251 agnoscit
2461 1182 2650 1236 Filium
2687 1184 2857 1252 ipsum
2882 1184 3163 1238 Dominum
3187 1182 3479 1238 Christmu.

2073 1272 2181 1326 Nos
2211 1281 2388 1325 autem
2432 1280 2647 1341 oportet
2687 1289 2842 1326 nosse
2885 1274 2937 1326 id
2979 1279 3118 1341 quod
3162 1274 3319 1327 modo
3362 1277 3507 1328 venit
3536 1275 3587 1328 in

2002 1363 2427 1417 recordationem
2457 1363 2484 1400 δ
2525 1364 2737 1418 concilii
2761 1364 2978 1426 Nicaeni,
3020 1365 3162 1433 quod
3195 1381 3453 1434 nusquam
3491 1383 3589 1420 au-

2010 1469 2127 1507 sum
2157 1461 2238 1506 est
2266 1452 2444 1507 dicere
2473 1455 2595 1522 quia
2624 1453 2855 1508 Verbum
2886 1455 3025 1507 Dens
3057 1463 3239 1508 natum
3268 1464 3350 1509 est
3378 1473 3445 1510 ex
3485 1457 3591 1509 vir-

2001 1544 2124 1611 gine
2163 1543 2356 1607 Maria;
2401 1543 2476 1595 ait
2522 1544 2661 1597 enim
2703 1561 2714 1595 :
2762 1543 3025 1597 Credimus
3065 1546 3119 1596 in
3166 1563 3322 1599 unum
3371 1545 3584 1600 Patrem

2000 1635 2416 1704 omnipotentem,
2448 1644 2496 1687 et
2525 1635 2576 1686 in
2600 1651 2757 1687 unum
2783 1634 3060 1688 Dominum
3088 1635 3264 1688 Jesum
3302 1635 3579 1690 Christum.

310 1753 432 1791 cum
458 1748 585 1790 nam
606 1745 806 1799 manet,
825 1737 964 1789 hunc
985 1751 1101 1790 esse
1123 1735 1209 1789 cui
1226 1744 1283 1788 ιιι
1305 1743 1613 1788 nasceretur
1631 1733 1896 1789 mensium
1930 1736 1974 1793 Β
2003 1724 2292 1787 Attendite,
2311 1725 2432 1792 quia
2457 1725 2602 1794 prius
2623 1741 2742 1778 cum
2766 1724 2951 1780 Patres
2968 1727 3272 1795 posuissent
3292 1727 3582 1792 Christum,

307 1843 448 1897 opus
476 1827 662 1880 fuisset
690 1825 974 1880 curriculo.

379 1917 509 1970 Cum
539 1915 809 1970 Nestorius
851 1918 903 1968 in
940 1916 1109 1969 media
1139 1915 1371 1968 Ecclesia
1403 1916 1640 1985 profanis
1667 1922 1896 1967 uteretur

312 2025 492 2060 iocum
540 2007 844 2060 novitatibus
876 2005 1082 2077 (quibus
1130 2014 1178 2058 et
1219 2007 1498 2070 Θεοτόκον,
1549 2015 1598 2058 et
1638 2006 1894 2076 geminam

311 2098 503 2150 Christi
545 2099 861 2150 nativitatem
902 2095 1301 2167 insectabatur),
1337 2106 1361 2132 η
1397 2097 1473 2149 vir
1510 2096 1718 2168 quidam
1771 2112 1895 2149 sane

306 2188 517 2257 probus,
549 2189 633 2258 qui
664 2186 828 2239 adhuc
851 2188 982 2239 inter
1009 2186 1169 2240 laicos
1197 2196 1328 2252 erat,
1353 2187 1444 2240 sed
1474 2196 1641 2239 tamen
1665 2185 1895 2240 admira-

306 2280 458 2331 bilem
486 2278 582 2331 sibi
611 2277 882 2348 collegerat
921 2277 1290 2342 eruditionem,
1327 2280 1540 2349 ferventi
1569 2287 1617 2330 et
1655 2278 1893 2348 religioso

305 2369 416 2422 zelo
445 2377 722 2438 permotus,
765 2379 814 2421 et
852 2370 1154 2422 contentiori
1185 2386 1302 2422 voce
1340 2371 1626 2424 inclamans
1652 2387 1668 2423 :
1691 2370 1888 2441 Ipsum,

301 2463 491 2532 inquit.
523 2468 646 2515 ante
676 2461 868 2514 sarcula
897 2460 1129 2513 Verbum
1155 2461 1315 2513 etiam
1345 2461 1635 2516 secundam
1665 2463 1889 2517 subiisse

300 2553 706 2621 generationem
725 2593 738 2616 ,
772 2553 824 2605 id
852 2563 927 2605 est
945 2588 966 2615 ,-
989 2553 1135 2606 illam
1168 2553 1446 2606 secundum
1485 2571 1718 2618 carnem,
1749 2564 1798 2607 et
1825 2571 1890 2608 ea:

300 2647 532 2700 muliere.
570 2645 1010 2698 Tumultuanlibus
1040 2645 1109 2696 ad
1135 2645 1234 2697 ista
1275 2645 1494 2714 populis.
1532 2655 1580 2698 et
1601 2646 1789 2716 majori
1830 2662 1891 2698 ac

299 2737 502 2791 saniori
525 2746 670 2806 parte
685 2737 921 2789 maximis
941 2737 1086 2788 illum
1108 2735 1343 2788 laudibus
1365 2735 1648 2797 attollente,
1672 2745 1729 2788 ut
1748 2737 1888 2805 pium

298 2840 354 2883 et
380 2831 661 2899 sapientem
689 2829 743 2880 in
783 2829 993 2898 primis,
1032 2836 1082 2880 et
1122 2837 1372 2880 rectorum
1413 2826 1707 2897 dogmatum
1748 2826 1888 2878 haud

293 2930 594 2990 expertem,
639 2920 756 2973 aliis
795 2918 1128 2973 nihilominus
1167 2917 1410 2972 adversus
1450 2917 1594 2972 illum
1635 2919 1883 2986 eﬂ'eratis,

1997 1815 2141 1884 quod
2170 1815 2393 1868 duarum
2422 1824 2728 1868 naturarum
2765 1815 3196 1883 conjunctionezn
3227 1817 3582 1883 demonstrat,

1999 1922 2105 1962 non
2135 1906 2416 1972 dixerunt,
2461 1923 2616 1958 unum
2655 1906 2819 1960 Deum
2858 1907 3113 1970 Verbum;
3143 1909 3235 1963 sed
3266 1918 3587 1978 acceperunt

1997 2016 2195 2054 nomen
2242 1999 2386 2068 quod
2430 2000 2752 2067 significaret
2797 2009 3109 2070 utrumque,
3163 2009 3218 2055 ut
3263 2003 3586 2056 subdescen-

1996 2093 2192 2158 dendo,
2215 2109 2336 2146 cum
2366 2091 2518 2145 audis
2548 2100 2791 2156 mortem,
2820 2094 2960 2146 nulla
2993 2094 3229 2147 novitate
3252 2095 3499 2157 turberis,
3534 2104 3588 2149 et

2000 2202 2122 2240 cum
2153 2184 2464 2240 crucifixum
2495 2193 2548 2237 et
2577 2184 2860 2254 sepultum,
2888 2193 3155 2253 tamquam
3197 2186 3484 2241 Divinitate
3511 2187 3584 2241 ita

2000 2275 2260 2346 patiente,
2294 2286 2315 2313 ο
2350 2291 2455 2328 non
2486 2274 2781 2327 vulnereris
2807 2274 3007 2328 auditu.

2068 2374 2269 2428 Deinde
2299 2373 2573 2428 videamus
2605 2373 2732 2442 quid
2766 2373 2838 2426 illi
2869 2373 3210 2442 subiungunt.
3245 2373 3508 2428 Credimus
3530 2386 3581 2428 et

1994 2465 2049 2518 in
2077 2481 2235 2517 unum
2265 2463 2541 2517 Dominum
2569 2463 2745 2517 Jcsum
2767 2461 3042 2527 Christum,
3065 2465 3383 2534 unigenitum
3406 2464 3579 2528 Patri,

1993 2557 2077 2627 qui
2107 2564 2313 2625 propter
2338 2571 2431 2607 nos
2464 2553 2744 2619 descendit,
2774 2563 2822 2606 et
2849 2554 3151 2607 incarnatus
3180 2563 3256 2607 est
3284 2554 3347 2606 de
3381 2554 3579 2624 Spiritu

1991 2656 2190 2700 sancto.
2216 2646 2333 2700 Non
2355 2645 2604 2699 dixerunt
2626 2645 2749 2713 quia
2773 2652 2924 2698 natus
2947 2645 3115 2699 estde
3137 2645 3339 2715 Spiritu
3368 2654 3575 2700 sancto.

1992 2736 2126 2792 Vide
2153 2735 2601 2805 quemadmodum
2635 2736 3053 2804 interpretentur
3078 2735 3572 2799 subdcscendendo,

1990 2828 2116 2897 quia
2139 2827 2388 2882 dixerunt
2407 2827 2674 2880 hominem
2699 2824 2913 2881 factum.
2940 2827 3123 2892 Deum,
3149 2827 3409 2895 inquiunt,
3433 2826 3571 2881 dici-

1989 2935 2107 2973 mus
2137 2919 2488 2982 incarnatum,
2515 2932 2620 2972 non
2645 2917 3054 2972 mutabilitatem
3077 2918 3129 2972 in
3155 2932 3371 2973 carnem
3400 2917 3575 2972 susci-

1466 3053 2017 3112 C\STlGAT|ONES
2060 3057 2146 3110 ET
2183 3055 2408 3111 NOTAE.

376 3178 401 3206 ι
433 3167 525 3221 Vir
545 3168 655 3247 ille,
675 3182 765 3247 qui
787 3165 1214 3247 probusdicitur,
1239 3165 1329 3234 qui
1355 3165 1738 3247 admirabiliter
1763 3181 1887 3247 eru-
1918 3168 1964 3228 C
1994 3165 2340 3247 habitantibus
2365 3165 2435 3247 ad
2471 3167 2751 3247 eludentem
2785 3167 3011 3247 hieretici
3041 3167 3285 3247 Nestor-ii,
3309 3178 3574 3247 confusio-

295 3238 474 3301 ditus,
505 3239 596 3304 qui
627 3237 744 3290 tidei
777 3237 952 3290 studio
984 3237 1260 3297 incensus,
1290 3236 1382 3302 qui
1413 3243 1537 3291 tunc
1564 3236 1701 3289 inter
1722 3236 1888 3291 laicos

294 3309 476 3361 adhuc
505 3317 639 3367 erat,
663 3323 783 3361 cum
815 3306 1059 3360 Nestorio
1081 3305 1492 3368 contradiceret,
1515 3309 1712 3374 quique
1733 3315 1883 3375 post-

294 3378 540 3440 modum,
573 3376 714 3447 quod
745 3393 848 3431 vox
874 3377 992 3440 ista,
1018 3376 1518 3447 adhuc,_s_igniticat,
1555 3377 1607 3428 in
1637 3377 1883 3447 altiorem

294 3447 524 3516 gradum
546 3445 768 3501 erectus
785 3455 884 3511 est,
903 3447 1036 3500 alius
1049 3445 1398 3516 proculdubio
1419 3461 1527 3499 non
1548 3454 1628 3499 est
1644 3447 1709 3499 ab
1726 3445 1885 3499 Eusc-

295 3514 392 3572 ἱ)ἰο
417 3517 757 3585 postmodum
783 3516 1008 3587 Dorylrei
1030 3514 1306 3587 episcopo.
1334 3514 1451 3587 Quo
1472 3516 1612 3587 enim
1637 3524 1879 3587 tempore

297 3584 506 3657 primus
535 3588 772 3657 omnium
803 3584 1033 3640 Nestorii
1063 3584 1307 3657 heresim
1351 3584 1754 3657 deprehendit,
1774 3601 1880 3657 non

297 3647 508 3711 tantum
553 3655 777 3710 florebat
804 3657 1016 3710 virtutis
1062 3654 1215 3709 laude
1256 3647 1503 3722 famaque
1544 3656 1880 3718 eruditionis,

294 3737 356 3782 et
384 3728 560 3780 studio
589 3725 728 3791 fidei,
759 3727 852 3781 sed
875 3727 1036 3781 etiam
1065 3726 1205 3780 inter
1229 3724 1520 3779 advocatos
1549 3725 1695 3778 urbis
1725 3726 1884 3793 regia:

299 3798 645 3852 censebatur.

375 3867 547 3934 Atque
576 3881 641 3920 ex
669 3865 755 3920 his
794 3874 978 3935 aperte
1008 3865 1320 3934 intelligitur
1357 3880 1516 3933 quam
1560 3864 1629 3918 ob
1668 3879 1883 3918 causam

298 3936 566 3990 Eusebius
595 3935 851 3989 famosam
881 3936 1024 3988 illam
1047 3951 1196 3989 suam
1226 3935 1639 3988 obtestationem
1675 3935 1885 4003 publice

296 4006 766 4074 Constantinopoli
796 4005 1166 4074 proposuerit,
1208 4019 1314 4073 qua
1359 4004 1506 4058 Pauli
1547 4004 1884 4074 Samosatcni

296 4077 643 4144 Nestoriique
664 4073 1090 4129 consenSionem
1120 4076 1531 4130 demonstraret.
1565 4073 1696 4129 Cum
1739 4076 1882 4129 enim

297 4147 479 4216 palam
521 4145 772 4198 hzeretico
812 4146 1126 4216 restitisset,
1173 4145 1240 4198 ab
1276 4160 1450 4216 eoque
1485 4145 1630 4216 male
1673 4145 1885 4198 habitus

297 4215 447 4270 esset
495 4223 762 4282 tamquam
815 4215 977 4284 impie
1022 4215 1265 4284 loeutus,
1310 4215 1574 4284 sentiebat
1621 4215 1884 4269 interesse

299 4302 414 4340 suac
442 4284 622 4348 famze,
647 4285 809 4338 immo
835 4283 1184 4339 etcatholicze
1213 4283 1350 4348 tidei,
1380 4283 1683 4353 patefacere
1712 4285 1885 4338 omni-

297 4357 420 4416 bus,
453 4355 546 4408 sed
575 4355 867 4422 praesertim
905 4355 1129 4420 clericis,
1161 4369 1322 4422 quam
1347 4354 1538 4407 merito
1569 4353 1618 4407 id
1649 4353 1880 4408 fecisset.

372 4425 689 4492 lntelligitur
713 4425 875 4478 etiam
918 4432 1126 4494 tempus
1162 4423 1444 4494 publicata:
1478 4423 1878 4494 obtestationis;

295 4504 485 4550 secuta
514 4503 593 4548 est
614 4495 753 4548 enim
776 4493 1076 4548 sermonem
1102 4493 1332 4548 Nestorii
1355 4493 1607 4547 adversus
1634 4493 1879 4557 Arianos,

296 4565 591 4619 antecessit
619 4566 919 4618 orationem
951 4563 1144 4624 Procli.
1177 4574 1338 4632 atque
1367 4565 1438 4617 ita
1468 4563 1650 4618 incidit
1679 4564 1730 4616 in
1764 4581 1881 4619 me-

294 4636 447 4689 dium
474 4635 686 4688 circiter
721 4632 1050 4687 Januarinm.
1084 4633 1173 4688 Sic
1200 4635 1341 4688 enim
1385 4649 1566 4687 verum
1596 4642 1704 4697 est,
1737 4635 1882 4702 quod

293 4705 515 4773 scripsit
543 4703 815 4764 Leontius,
842 4705 908 4757 ab
937 4703 1169 4758 Eusebio
1205 4705 1433 4772 primum
1469 4704 1876 4772 deprehensam,

294 4778 466 4830 immo
490 4783 543 4827 et
570 4774 779 4843 publice
802 4775 1182 4842 reprehensam
1211 4773 1441 4828 Nestorii
1470 4773 1713 4826 hmrcsim
1743 4793 1754 4826 :
1787 4791 1881 4828 ne-

291 4861 391 4898 mo
413 4845 553 4898 cuim
593 4845 739 4912 prius
767 4844 1077 4912 episcopum
1105 4844 1264 4910 regia:
1292 4844 1455 4907 urbis,
1489 4851 1544 4896 et
1571 4843 1878 4912 imperatori

290 4916 540 4976 charum,
565 4929 724 4966 ausus
747 4924 827 4967 est
857 4914 1030 4981 palam
1056 4928 1298 4981 arguere.
1464 4934 1471 4940 ·

372 4983 583 5051 Qtnnrat
612 4999 738 5037 vero
761 4984 951 5051 aliquis
979 4999 1074 5037 cur
1101 4982 1513 5037 obtestationem
1541 4997 1661 5050 qua:
1684 4981 1733 5034 iu
1761 4982 1877 5036 vul-

287 5056 438 5123 gatis
485 5053 737 5122 Ephesini
787 5053 997 5107 concilii
1046 5053 1318 5123 codicibus
1367 5052 1618 5123 tribuitur
1669 5052 1878 5107 clericis

286 5121 924 5190 ConstantinOpolitanis,
968 5139 1068 5176 nos
1108 5121 1340 5176 Eusebio
1378 5129 1487 5176 tam
1527 5121 1874 5188 aflirmaater,

289 5194 714 5262 repugnantibus
755 5194 877 5246 licet
899 5194 1146 5246 omnibus
1184 5193 1530 5247 conciliorum
1561 5192 1872 5255 editoribus,

290 5262 679 5330 adjudicemus.
708 5262 1028 5331 Respondeo
1054 5263 1102 5314 id
1123 5278 1151 5315 a
1172 5264 1327 5317 nobis
1349 5262 1462 5315 fieri
1491 5263 1698 5315 ratione
1719 5263 1875 5317 simul

290 5344 352 5386 et
380 5335 697 5386 auctoritate
725 5341 986 5387 veterum.
1015 5332 1144 5385 Nam
1170 5333 1401 5402 primum
1429 5333 1520 5400 qui
1550 5333 1870 5402 obtestatio-

290 5420 419 5456 nem
450 5403 731 5472 proponit,
765 5418 901 5456 unus
939 5402 1153 5471 quidam
1173 5399 1363 5457 _homo
1393 5399 1490 5455 est.
1539 5399 1870 5473 Quicumque,

289 5483 387 5534 at,
408 5473 648 5527 schedam
673 5474 806 5525 hanc.
841 5474 1095 5542 accepturi
1117 5483 1253 5538 sunt,
1278 5492 1362 5524 eus
1384 5490 1473 5541 per
1491 5486 1875 5526 sacrosanctam

291 5543 600 5596 Trinitatem
630 5544 836 5612 adjnro,
881 5541 1215 5613 obtestorque,
1260 5553 1364 5596 etc.
1399 5542 1596 5613 Deinde
1625 5544 1873 5613 postulat

289 5613 380 5667 ille
401 5614 640 5693 chartam
665 5611 1044 5666 communicari
1066 5611 1336 5693 episcopis,
1357 5611 1880 5693 prqsbgteris,_diaco_-

291 5699 391 5746 ius,
416 5682 706 5746 lectoribus,
734 5699 928 5735 necnon
954 5694 1000 5736 et
1032 5681 1180 5736 laicis
1213 5699 1408 5753 quoque
1428 5681 1872 5752 Constantinopoli

1993 3253 2126 3309 item.
2152 3235 2277 3309 Haec
2299 3243 2477 3309 autem
2499 3236 2627 3301 duo,
2651 3245 2710 3290 ut
2731 3239 3019 3293 convenire
3048 3242 3250 3309 possint
3275 3244 3325 3298 in
3349 3235 3574 3301 ClérlCtts

1991 3305 2636 3378 Constantinopolitanos,
2660 3316 2783 3377 apte
2802 3309 3021 3363 omnino
3042 3305 3342 3378 congruunt
3372 3318 3460 3370 uni
3485 3318 3574 3370 ali-

1990 3377 2073 3430 cui
2103 3377 2337 3450 homini,
2369 3377 2683 3450 qui_neque
2732 3378 2871 3431 inter
2912 3377 3195 3450 episcOpos
3242 3395 3568 3448 censeretur,

1990 3461 2177 3520 neque_
2187 3448 2325 3500 inter
2347 3446 2707 3520 presbyteros,
2733 3456 2824 3520 aut
2852 3446 3009 3502 etiam
3033 3446 3307 3520 diaconos,
3333 3464 3386 3509 et
3406 3446 3573 3510 lecto;

1989 3531 2078 3596 res
2139 3516 2606 3596 Constantinopoli
2653 3519 3004 3596 _babi_tantes;
3053 3516 3570 3596 Accedit'apertum

1988 3585 2195 3666 Leontii
2242 3585 2522 3666 Scolastici
2543 3588 2907 3666 testimonium
2929 3608 2940 3642 :
2960 3589 3238 3666 Proppsita
3259 3585 3568 3666 esu-inquit,

1986 3658 2247 3728 utriusque
2262 3658 2571 3728 confatalia,
2597 3655 2750 3710 Pauli
2779 3660 2973 3712 scilicet
2993 3670 3043 3712 et
3069 3655 3118 3712 Ν
3123 3667 3316 3728 estorii,
3339 3655 3406 3719 ea:
3431 3655 3572 3720 testi;

1987 3724 2681 3806 monia.publicepropqsito,
2706 3737 2761 3778 ut
2786 3731 2947 3789 aiunt,
2981 3729 3044 3782 ab
3078 3724 3313 3798 Eusebio,
3342 3739 3568 3806 quitum:

1986 3792 2205 3875 [lo-reb?)
2224 3797 2278 3875 tu
2295 3792 2567 3875 iud-incendi
2590 3805 2841 3875 potestate
2863 3815 2878 3850 :
2903 3810 3080 3875 postea
3101 3812 3269 3875 autem
3291 3792 3566 3875 privfectus

1988 3866 2088 3934 fuit
2117 3864 2363 3939 celesia!
2385 3864 2813 3939 Dorylwensium,
2839 3864 3128 3939 quidicino
3153 3864 3360 3934 zelofut
3382 3864 3571 3928 tes'an-

1989 3935 2377 4010 tur,_ince_nsus,
2405 3937 2600 4010 primus
2621 3935 2861 4010 hteresini
2889 3936 3120 4010 Nestorii
3143 3951 3191 3993 et
3213 3941 3457 4010 Eutgrhis
3481 3946 3568 3996 de-

1988 4005 2274 4079 prehendit,
2299 4001 2604 4079 etconvicit,
2630 4007 2850 4079 inﬁnitis
2883 4009 3120 4073 periculis
3143 4028 3235 4079 pro
3260 4001 3447 4078 piétate
3476 4015 3568 4066 ob-

1978 4075 2165 4145 jectus.
2192 4074 2325 4128 Audi
2347 4076 2502 4145 igitur
2531 4093 2641 4129 cum
2662 4077 2840 4147 quibus
2860 4088 2910 4130 et
2936 4074 3219 4199 agitsmodi
3240 4074 3569 4152 blasphemiis

1986 4162 2051 4197 ea:
2094 4144 2260 4199 Paulo
2302 4144 2655 4199 Samosatensi
2695 4147 2918 4199 collectis
2959 4175 2976 4199 ι
3014 4152 3187 4199 estorii
3228 4149 3569 4199 blatta/temtas

1986 4162 2051 4197 ea:
2094 4144 2260 4220 Paulo
2302 4144 2918 4220 Semosatensi‘collectis
2959 4144 3187 4203 Nestorii
3228 4144 3570 4220 blasphemias

1987 4215 2273 4288 conjunxit,
2291 4225 2340 4288 et
2361 4232 2518 4269 unam
2537 4218 2799 4288 utriusque
2819 4228 3032 4288 mentem
3048 4215 3448 4275 atnentissimam
3463 4240 3572 4278 esse

1987 4285 2371 4364 demonstravit,
2398 4286 2546 4364 etc.(
2565 4284 2680 4364 Lib.
2709 4284 2760 4339 in
2787 4297 2922 4364 con_t.
2951 4286 3294 4364 estorianos
3329 4302 3378 4345 et
3405 4291 3571 4364 Euty-

1987 4355 2217 4427 chianos,
2253 4364 2371 4427 tam.
2400 4354 2463 4406 IV
2492 4354 2834 4427 Antiquarum
2863 4355 3213 4427 Lectionum).

2059 4423 2096 4502 δν
2116 4423 2268 4502 ᾼρυό
2295 4423 2921 4502 ConstatttinOpolitanos
2950 4443 3054 4480 non
3098 4423 3240 4483 aliud
3261 4433 3567 4502 symbolum

1988 4501 2106 4546 erat
2135 4494 2185 4547 in
2215 4510 2333 4554 usu,
2363 4508 2522 4561 quam
2551 4493 2841 4560 Nicienum,
2873 4513 2993 4550 cmn
3018 4505 3195 4552 tamen
3224 4493 3329 4555 alio
3358 4509 3569 4558 uteren-

1991 4572 2076 4616 tur
2096 4565 2432 4640 ἲᾼηιὶοειιρξιί,
2457 4579 2755 4640 θοςμιςῐιοη
2781 4582 2968 4640 parum
2987 4567 3232 4640 diverso.
3269 4571 3566 4640 Nestorius,

1989 4641 2045 4685 ut
2090 4633 2555 4708 (__l_on_stantinopolj
2595 4633 2900 4708 disputabat
2938 4637 3193 4708 adversus
3238 4633 3564 4708 catholicos,

1987 4705 2164 4756 attulit
2192 4705 2492 4769 Niemnum;
2516 4703 2804 4760 Cassianus
2831 4714 3017 4761 contra
3047 4707 3350 4764 Nestorium
3379 4703 3567 4767 Antio;

1986 4774 2214 4850 ebenum
2236 4775 2487 4850 adhibuit
2509 4773 2657 4844 (Lib.
2689 4792 2738 4850 γι
2768 4786 2871 4830 toto
2889 4776 2930 4847 ).
2971 4775 3041 4831 Ut
3079 4786 3256 4832 autem
3287 4782 3566 4850 utriusque

1985 4842 2282 4918 ditior-entia
2314 4842 2630 4918 innotescat,
2656 4846 2828 4900 visum
2861 4842 2943 4900 est
2971 4862 3146 4916 opem:
3176 4851 3403 4918 pretium
3433 4842 3567 4906 alte-

1985 4930 2101 4967 rum
2115 4915 2283 4990 alteri
2303 4915 2646 4990 ampullatur;
2675 4931 2966 4990 opponere.

2060 4995 2092 5058 ξ
2115 4983 2280 5058 illinc
2303 4983 2476 5058 locum
2520 4983 2978 5058 acriteriexagitat
3016 4984 3304 5042 Cassianus
3345 4989 3482 5058 (Lib.
3510 5008 3564 5046 vr

1986 5071 2030 5129 ea.
2065 5052 2225 5129 9,“),
2261 5055 2344 5117 Η,
2379 5054 2487 5129 12).
2518 5053 2653 5118 Quid
2687 5055 2814 5109 dicis
2837 5057 2860 5129 _(
2878 5055 3178 5110 Nestorium
3211 5052 3564 5129 alloquitur)?

1987 5121 2124 5186 Quid
2151 5135 2226 5177 est
2253 5141 2350 5200 cur
2372 5126 2476 5200 qui
2488 5121 2914 5200 _e.c_Xpt_arorri$gqi
2943 5136 3095 5200 natus
3113 5138 3228 5200 _est,
3251 5121 3420 5184 Filius
3464 5121 3562 5185 Dei

1983 5210 2085 5266 non
2105 5195 2352 5266 putetur?
2383 5193 2399 5244 ἆ
2439 5193 2498 5248 Si.
2522 5193 2823 5266 dixerimus,
2851 5193 3017 5266 inquis
3049 5215 3065 5250 :
3098 5197 3261 5252 Credo
3289 5200 3342 5252 in
3375 5199 3558 5265 Deum,

1994 5263 2213 5336 Verbum
2267 5263 2460 5336 ilium
2508 5263 2616 5336 Dei
2653 5263 2991 5336 unigenitum,
3035 5285 3098 5321 ea:
3151 5267 3309 5321 Patre
3356 5263 3557 5335 mtum,

1983 5332 2246 5403 ὁμοούσιον
2275 5333 2444 5396 Patri,
2476 5337 2562 5406 qui
2585 5332 2842 5389 descendit
2864 5347 2913 5389 et
2940 5339 3165 5405 sepultus
3188 5349 3294 5402 est;
3327 5356 3427 5393 nou
3451 5332 3562 5392 sta-'-

1983 5406 2073 5456 tim
2103 5406 2307 5457 auditus
2339 5407 2449 5474 ipse
2475 5407 2662 5472 accipit
2692 5409 2919 5479 plagam.
2954 5427 2979 5479 Δι
3017 5406 3201 5460 Fidem
3230 5425 3349 5479 ergo
3378 5428 3402 5462 s
3440 5412 3559 5462 latis

1979 5485 2188 5539 nostra),
2229 5485 2605 5528 sacramentum
2645 5478 2753 5544 spei
2784 5477 3143 5530 ecclesiastica:
3173 5488 3224 5530 tu
3250 5477 3452 5533 auditus
3488 5481 3559 5530 mi

1980 5554 2129 5618 atque
2151 5545 2352 5598 aurium
2373 5546 2580 5614 plagam
2604 5555 2770 5614 putas.
2798 5545 3138 5618 (quomodo
3161 5549 3417 5618 quondam
3447 5565 3558 5600 cum

1979 5617 2046 5666 ad
2075 5615 2382 5684 baptismum
2411 5631 2658 5677 curreres,
2690 5617 2834 5669 sanis
2860 5615 2969 5669 huic
2997 5615 3320 5670 sacramenta
3350 5620 3557 5670 auribus

1979 5683 2258 5739 audiebas?
2281 5683 2546 5749 Quomodo
2575 5701 2687 5739 cum
2711 5695 2757 5739 te
2776 5688 3009 5756 magistri
3042 5686 3387 5741 Ecclesiarum
3409 5687 3559 5740 doce-
