3958 6178
417 323 515 377 771

416 434 598 502 piente
617 431 794 485 divina
816 437 1022 492 natura,
1041 424 1136 479 sed
1164 421 1624 483 inliabitationem,
1651 433 1812 486 quam
1842 416 2008 484 gessit
2040 426 2079 474 Α

407 527 477 580 .in
508 525 742 587 homine,
769 523 1215 575 demonstrantes.

488 617 557 670 Et
588 625 702 686 post
739 614 1002 682 atiquanta
1026 625 1042 662 :
1068 607 1181 661 Hoc
1220 605 1467 667 retinete,
1499 601 1753 670 quoniam
1779 610 2001 669 praeter-

417 685 690 759 mittentes
723 702 900 755 dicere
927 717 938 750 :
967 697 1230 751 Credimus
1260 697 1313 747 in
1355 693 1518 746 Deum
1556 690 1777 743 Verbum
1807 685 2002 742 Filium

420 814 526 868 qus
555 795 902 866 unigenitum,
941 791 1226 844 dixerunt:
1253 785 1518 840 Credimus
1548 785 1600 836 in
1630 799 1786 834 unum
1816 780 2000 834 Domi-

414 907 536 943 num
575 887 752 940 Iesum
795 885 1082 946 Christum,
1127 878 1592 934 consubstantivum
1621 873 1805 936 Patri,
1841 873 2003 925 Deum

413 997 584 1034 verum
614 985 676 1031 de
700 977 807 1030 Deo
828 991 964 1037 vero,
991 990 1081 1042 per
1109 987 1254 1042 quem
1275 969 1449 1021 omnia
1479 968 1647 1037 facta,
1679 964 1763 1034 qui
1796 972 2005 1032 propter

413 1087 506 1124 nos
529 1070 753 1122 homines
784 1076 832 1118 et
854 1074 1082 1118 nostram
1103 1062 1317 1115 salutem
1339 1055 1621 1117 descendit,
1658 1062 1807 1124 atque
1827 1053 2004 1105 incar-

407 1169 571 1213 natus
601 1168 675 1210 est
698 1157 760 1209 de
789 1155 988 1225 Spiritu
1020 1159 1218 1215 sancto,
1243 1165 1306 1201 ea:
1339 1146 1512 1200 Maria
1533 1145 1745 1214 virgine,
1776 1151 1825 1195 et
1852 1141 2003 1194 homo

415 1256 588 1324 jactus
619 1259 711 1303 est.
746 1248 1017 1314 Nusquam
1058 1244 1335 1302 dixerunt,
1366 1247 1522 1292 natus
1563 1244 1664 1289 est.
1695 1233 1823 1297 Cur,
1848 1240 2006 1302 puta-

411 1323 577 1400 »mus?
611 1344 677 1399 Ut
706 1360 813 1397 non
842 1343 974 1397 duas
1013 1339 1319 1394 nativitates
1361 1333 1766 1389 introducerent
1805 1323 2005 1379 Divini-

413 1439 568 1492 italis.

487 1528 558 1580 Et
596 1535 710 1597 post
737 1525 1002 1594 aliquanta
1025 1538 1042 1574 :
1065 1521 1142 1574 sic
1173 1519 1315 1573 enim
1357 1515 1632 1583 Scriptura
1661 1509 1790 1564 dicit
1816 1525 1828 1559 :
1860 1504 2006 1558 Misit

409 1618 557 1671 Deus
589 1596 782 1669 Filium
810 1630 957 1666 suum
988 1613 1180 1683 factum
1209 1625 1273 1662 ea:
1299 1608 1527 1668 muliere,
1562 1604 1754 1674 factum
1774 1597 1864 1652 sub
1896 1596 2005 1666 lege

417 1706 572 1777 (Gal.
618 1722 687 1769 tv,
730 1703 818 1773 4).
852 1703 948 1756 llic
985 1701 1200 1770 quidem
1228 1699 1360 1752 duas
1389 1696 1720 1750 demonstrat
1763 1698 1999 1743 naturas.

405 1773 571 1862 ‘Quod
593 1806 770 1848 autem
788 1801 1010 1846 tantum
1030 1792 1172 1845 circa
1195 1788 1468 1842 hominem
1495 1781 1774 1850 contingit,
1799 1784 1998 1832 narrat.
2034 1773 2078 1834 Β
2107 1785 2302 1848 Deum,
2354 1782 2569 1836 Pan-em
2616 1781 2867 1850 οιῃιιίρο..

412 1889 584 1958 Exige
623 1893 771 1941 certe
800 1901 831 1938 a
859 1883 1198 1938 contentioso
1238 1879 1358 1948 quis
1398 1877 1496 1932 sub
1536 1875 1654 1942 lege
1692 1873 1762 1926 sit
1806 1869 1995 1924 factus.

425 1979 656 2032 Verbum
686 1975 860 2029 Deus?
891 1986 1247 2042 nequaquam.

490 2065 628 2132 Quid
651 2065 810 2133 igitur
838 2062 1179 2118 dicebamus?
1209 2057 1293 2111 Ne
1317 2059 1494 2111 timeas
1523 2055 1751 2124 accipere
1774 2049 1828 2104 Μ
1834 2050 2002 2102 ariam

419 2158 686 2226 conjugem
731 2165 902 2218 tuam;
932 2152 1066 2224 quod
1108 2152 1243 2204 enim
1281 2158 1459 2202 natum
1497 2154 1574 2199 est
1611 2145 1758 2217 (sive
1795 2150 2000 2203 natum,

417 2252 530 2306 sive
560 2249 756 2302 factum
777 2247 1090 2310 dixerimus,
1122 2242 1303 2297 sensui
1333 2239 1464 2294 nihil
1489 2235 1693 2308 nocet),
1716 2234 1850 2306 quod
1870 2233 2004 2287 enim

418 2343 472 2392 in
495 2357 554 2392 ea
576 2349 754 2391 natum
776 2345 870 2401 est,
894 2353 958 2390 ex
981 2335 1180 2405 Spiritu
1208 2341 1386 2386 sancto
1413 2338 1489 2384 est
1515 2327 1693 2400 (Matt.
1728 2337 1779 2390 ι,
1808 2323 1922 2396 20).
1945 2321 2004 2377 Si

416 2432 740 2495 dixerimus,
773 2427 916 2497 quod
957 2427 1097 2480 Deus
1128 2424 1362 2480 Verbum
1406 2430 1590 2474 natum
1629 2426 1714 2473 est
1755 2417 1811 2471 in
1852 2423 2006 2470 utero

421 2527 526 2595 (est
547 2523 687 2577 enim
711 2519 856 2574 aliud
875 2519 1035 2574 simul
1055 2533 1174 2572 esse
1195 2533 1316 2571 cum
1341 2519 1612 2576 nascente,
1642 2507 1784 2564 aliud
1811 2506 2003 2575 nasci),

405 2616 553 2689 quod
573 2616 728 2680 enim,
762 2613 950 2681 inquit,
976 2611 1029 2664 in
1068 2627 1130 2663 ea
1159 2619 1337 2662 natum
1357 2617 1453 2669 est,
1495 2622 1559 2659 ea:
1599 2602 1799 2674 Spiritu
1826 2609 2007 2654 sancto

405 2718 512 2771 .cst,
538 2707 639 2760 hoc
668 2712 769 2766 est,
793 2701 1023 2772 Spiritus
1043 2709 1260 2753 sanctus
1281 2695 1485 2752 creavit
1505 2693 1558 2748 id
1577 2690 1723 2761 quod
1741 2697 1826 2745 est
1845 2689 1899 2742 in
1920 2702 2002 2742 ea.

417 2799 679 2851 Viderunt
727 2795 887 2862 igitur
932 2791 1151 2854 Patres,
1202 2797 1392 2859 utpote
1434 2786 1668 2842 scientes
1706 2788 2008 2839 sanctarum

411 2889 843 2957 TScripturarum,
875 2883 1019 2953 quod
1039 2883 1084 2936 si
1105 2897 1227 2936 eum
1252 2881 1346 2950 qui
1376 2881 1684 2934 incarnatus
1711 2883 1795 2930 cst
1824 2881 2008 2928 natum

422 2980 736 3041 dixerimus,
780 2976 1084 3031 invenietur
1124 2974 1267 3029 Deus
1307 2971 1544 3028 Verbum
1571 2969 1739 3024 Filius
1779 2966 2011 3038 Spiritus

417 3070 608 3136 sancti,
642 3076 736 3124 aut
761 3069 897 3123 duos
919 3066 1112 3123 Patres
1130 3067 1356 3121 habens.
1388 3063 1446 3119 Si
1472 3078 1602 3119 vero
1630 3061 1831 3118 factum
1859 3059 2010 3114 dixe-

945 315 1133 371 MARII
1175 309 1609 367 lllEllCATURiS
1647 304 2005 360 ΤΒΛΝΞΙΑΤ

2114 301 2210 356 iES
2253 283 2602 354 vanionuu
2645 293 3176 354 oruscuwnun.

3588 293 3694 346 ’ἷῖέ

2185 413 2252 466 Et
2273 422 2387 483 post
2413 412 2679 483 aliquanta
2705 427 2721 463 :
2744 409 3010 475 Quoniam
3028 423 3158 463 vero
3179 407 3223 462 si
3243 407 3504 462 dixissent
3527 425 3540 460 :
3565 405 3695 461 Cre-

2107 505 2273 557 dimus
2302 505 2356 556 in
2379 519 2533 555 unum
2564 501 2727 554 Deum
2767 500 3005 563 Verbum,
3038 498 3275 552 futuzum
3300 505 3417 552 erat
3455 506 3515 551 ut
3548 514 3698 554 mors

2105 595 2298 649 divinae
2347 601 2548 646 natum
2608 592 2960 655 tribueretur;
3011 590 3133 645 ideo
3181 604 3374 644 nomen
3422 589 3702 660 accipiunt

2105 700 2409 750 commune,
2429 699 2622 754 nempe
2641 683 2791 737 Iesus
2815 682 3066 748 Christus,
3086 690 3142 736 ut
3163 690 3218 736 et
3247 688 3518 744 mortuum
3539 682 3693 736 illum

2103 777 2486 846 signiﬁcarent,
2518 783 2572 830 et
2599 775 2746 828 illum
2776 790 2885 828 non
2913 782 3200 828 mortuum.
3243 772 3430 841 Itaque
3469 773 3697 841 perinde

2110 883 2173 921 ac
2195 867 2240 922 si
2269 866 2394 935 quis”
2408 865 2568 930 dicat,
2602 865 2691 919 ille
2720 865 2882 919 homo
2903 873 2987 918 est
3013 872 3274 928 mortuus,
3305 863 3550 931 quamvis
3578 863 3695 916 ani-

2104 973 2189 1012 ma
2211 958 2280 1011 sit
2300 956 2647 1022 immortalis;
2671 963 2848 1009 tamen
2863 955 2987 1024 quia
3004 969 3198 1008 nomen
3219 953 3354 1006 dixit
3375 953 3519 1022 quod
3539 953 3696 1020 signi-

2107 1045 2232 1103 ﬁcat
2260 1047 2394 1102 duas
2421 1055 2641 1100 naturas
2661 1086 2675 1111 ,
2707 1053 2761 1100 et
2787 1060 2986 1115 corpus
3013 1043 3158 1114 quod
3185 1044 3429 1108 moritur,
3473 1051 3528 1098 et
3566 1044 3695 1097 ani-

2103 1155 2249 1192 mam
2277 1139 2654 1203 immortalem,
2682 1136 2803 1191 ideo
2832 1137 2962 1190 nihil
2991 1142 3074 1190 est
3095 1135 3317 1205 periculi
3345 1135 3400 1187 in
3425 1149 3490 1188 ea
3522 1149 3689 1199 voce;

2104 1238 2387 1296 utrumque
2416 1227 2558 1281 enim
2581 1233 2807 1281 vocatur
2834 1226 3014 1289 homo,
3056 1231 3112 1278 et
3149 1238 3364 1292 corpus,
3407 1231 3463 1276 et
3489 1223 3694 1277 anima.

2103 1321 2180 1376 Ita
2210 1321 2370 1390 igitur
2403 1321 2562 1375 etiam
2592 1333 2817 1388 magnus
2845 1318 2934 1373 ille
2966 1317 3164 1372 chorus
3197 1316 3264 1371 de
3297 1313 3510 1370 Christo
3537 1315 3695 1370 dixit.

2107 1450 2865 1538 SymbolumNicwnum,quod
2938 1455 3238 1528 Symbolum
3296 1455 3695 1510 Antiochenam.

2175 1541 2225 1585 et
2328 1529 2863 1600 Constantinopolita-

2176 1617 2317 1654 num.

2175 1693 2454 1749 Credimus
2552 1691 2606 1746 in
2699 1704 2865 1745 unum
3007 1683 3184 1741 Credo
3205 1688 3259 1739 in
3275 1703 3438 1740 unum
3453 1687 3700 1744 etsolum

2938 1793 3124 1832 verum
3147 1778 3332 1844 Deum,
3351 1777 3565 1832 Patrem
3587 1794 3701 1832 etu-

2940 1869 3269 1938 nipotentem
3293 1911 3308 1933 ,
3392 1877 3699 1924 creatorem

2552 1691 2606 1746 in
2699 1704 2865 1745 unum

2107 1883 2342 1938 tentem,
2394 1873 2634 1927 omnium
2679 1870 2865 1924 visibi-

2106 1965 2236 2018 lium
2264 1973 2319 2018 et
2341 1962 2682 2017 invisibilium
2709 1975 2864 2016 crea-

2105 2063 2300 2111 torem.

2177 2146 2243 2200 Et
2283 2147 2336 2200 in
2378 2161 2540 2200 unum
2579 2142 2864 2198 Dominum

2105 2237 2284 2294 Jesum
2331 2237 2623 2303 Christum,
2668 2235 2865 2289 Filium

2109 2329 2202 2384 Dei
2226 2329 2575 2398 unigenitum,
2594 2335 2776 2380 natum
2797 2341 2865 2380 ex

2109 2419 2286 2485 Patre,
2322 2421 2427 2475 hoc
2451 2426 2552 2482 est,
2586 2433 2653 2473 ex
2694 2415 2865 2470 Patris

2109 2510 2427 2575 substantia,
2454 2509 2621 2564 Deum
2642 2508 2709 2561 de
2729 2507 2862 2568 Deo,

2109 2601 2289 2655 lumen
2327 2599 2394 2654 de
2434 2599 2665 2662 lumine,
2700 2597 2868 2650 Demn

2109 2705 2294 2745 verum
2317 2689 2383 2744 de
2405 2689 2516 2744 Deo
2539 2704 2667 2744 vero
2685 2729 2700 2754 ,
2728 2685 2871 2754 geni-

2110 2790 2223 2837 tum
2251 2797 2360 2836 non
2388 2780 2607 2845 factum,
2640 2779 2871 2834 consub-

2109 2876 2410 2932 stantialem
2425 2873 2588 2928 Patri:
2607 2888 2700 2942 per
2711 2886 2868 2940 quem

2112 2967 2290 3022 omnia
2314 2967 2450 3021 facta
2470 2973 2629 3027 sunt,
2661 2973 2722 3018 et
2753 2978 2871 3032 qum

2113 3058 2166 3112 in
2197 3059 2335 3114 caelo
2353 3099 2368 3124 ,
2391 3064 2446 3111 et
2471 3057 2595 3124 qua:
2621 3056 2672 3108 in
2701 3061 2864 3108 terra.

411 3164 605 3225 rimus,
656 3163 958 3217 invenietur
1005 3161 1148 3216 Deus
1194 3160 1430 3215 Verbum
1483 3165 1731 3212 creatura
1776 3153 2007 3224 Spiritus
2034 3142 2080 3204 C
2180 3148 2280 3216 Qui
2310 3156 2530 3218 propter
2570 3160 2670 3200 nos
2697 3144 2870 3198 homi-

417 3257 610 3311 sancti.
635 3255 924 3322 Fugientes
945 3253 1106 3322 igitur
1126 3250 1490 3320 generationis
1516 3249 1826 3311 dictionem,
1858 3245 2008 3300 dixe-

409 3353 543 3399 runt
572 3345 644 3397 ita
671 3362 683 3396 :
715 3341 814 3407 Qui
844 3343 1107 3396 descendit
1127 3348 1334 3411 propter
1362 3348 1590 3392 nostram
1617 3336 1834 3391 salutem
1854 3343 1902 3388 et
1926 3336 2009 3387 in-

418 3446 662 3489 carnatus
690 3444 783 3488 est.
827 3433 966 3500 Quid
995 3441 1107 3497 est,
1138 3430 1480 3487 incarnatus?
1509 3445 1617 3484 non
1658 3442 1949 3484 conversus
1977 3441 2009 3481 a

415 3527 711 3582 .Divinitate
738 3526 790 3579 in
818 3540 1058 3581 carnem.
1890 3585 1896 3594 ί

490 3619 546 3672 1η
575 3634 640 3672 eo
669 3615 814 3685 quod
841 3615 1110 3680 dixerunt,
1144 3614 1453 3668 incarnatus
1479 3627 1543 3665 ex
1576 3609 1778 3694 Spiritu
1800 3615 2007 3673 sancto,

422 3709 594 3764 secuti
622 3715 745 3762 sunt
774 3705 1157 3774 evangelistam
1185 3721 1197 3758 :
1232 3718 1354 3757 nam
1396 3718 1520 3758 eum
1548 3700 1887 3770 evangelista
1917 3713 2010 3752 ve-

431 3804 599 3858 nisset
627 3802 692 3856 ad
721 3803 1114 3876 ὶνανθρώπησιν,
1149 3798 1282 3867 fugit
1308 3797 1710 3865 generationem
1739 3795 1807 3850 de
1832 3793 2011 3848 Verbo

425 3893 626 3957 dicere,
653 3901 708 3946 et
727 3891 862 3944 dixit
883 3888 1326 3942 incarnationem.
1352 3885 1489 3940 Audi
1514 3903 1526 3937 :
1552 3884 1622 3938 Et
1651 3884 1870 3938 Verbum
1890 3898 2012 3936 caro

419 3988 612 4056 factum
636 3992 710 4036 est
735 3981 916 4052 (Joan.
942 3997 986 4044 ι,
1016 3979 1139 4050 14);
1173 3994 1280 4031 non
1309 3977 1443 4030 dixit
1467 3993 1480 4029 :
1521 3975 1742 4029 Verbum
1775 3991 1865 4044 per
1892 3989 2011 4026 car-

414 4094 534 4130 nem
563 4079 777 4147 factum.
814 4072 915 4127 Ubi
955 4072 1102 4126 enim
1145 4079 1235 4124 aut
1276 4069 1507 4138 apostoli
1547 4074 1637 4121 aut
1675 4065 2014 4133 evangelista:

413 4169 534 4221 Filii
583 4168 783 4222 faciunt
812 4164 1167 4225 mentionem,
1219 4161 1406 4214 dicunt
1450 4169 1629 4212 natum
1670 4173 1735 4209 ex
1780 4157 2009 4209 muliere.

419 4259 672 4323 Advertc,
704 4273 910 4325 quaeso,
945 4254 1034 4309 ubi
1065 4253 1252 4308 dicunt
1281 4265 1476 4306 nomen
1505 4248 1643 4313 Filii,
1678 4247 1729 4300 id
1750 4245 1895 4314 quod
1916 4260 2012 4297 na-

421 4360 532 4402 tum
574 4357 678 4411 est,
722 4364 790 4401 ex
818 4347 1042 4400 muliere
1075 4352 1259 4399 natum
1289 4342 1492 4397 dicunt.
1540 4338 1641 4394 Ubi
1682 4354 1809 4392 vero
1851 4335 2013 4391 Verbi

422 4439 626 4492 faciunt
653 4437 1002 4502 mentionem,
1030 4451 1188 4490 nemo
1219 4435 1380 4489 audet
1405 4434 1586 4505 dicere
1607 4430 2012 4499 generationem

2109 3256 2234 3305 nes,
2262 3249 2319 3294 et
2363 3247 2583 3308 propter
2629 3243 2867 3291 nostram

2109 3329 2336 3384 salutem
2365 3325 2672 3390 descendit,
2703 3332 2757 3379 et
2783 3325 2867 3378 in-

2109 3427 2360 3472 carnatus
2419 3425 2535 3482 est,
2593 3425 2648 3470 et
2702 3415 2866 3469 homo

2110 3507 2284 3561 factus
2311 3515 2392 3560 est
2409 3547 2423 3570 ,
2463 3514 2518 3560 et
2546 3521 2736 3576 passus
2763 3513 2865 3571 est,

2111 3604 2168 3652 et
2213 3597 2370 3650 tertia
2415 3596 2502 3650 die
2538 3595 2866 3659 resurrexit;

2113 3686 2350 3742 ascendit
2397 3686 2465 3740 ad
2508 3686 2706 3751 ctelos,
2736 3701 2869 3739 ven-

2115 3785 2268 3832 turus
2315 3776 2557 3846 judicare
2615 3776 2764 3831 vivos
2817 3782 2873 3830 et

2115 3876 2381 3924 mortuos.

2185 3959 2254 4013 Et
2267 3961 2320 4013 in
2335 3958 2592 4028 Spiritum
2607 3965 2870 4013 sanctum.

2186 4049 2288 4132 Qui
2309 4058 2486 4104 autem
2511 4049 2695 4104 dicunt
2716 4068 2728 4102 :
2749 4049 2876 4104 Erat

2117 4141 2405 4212 aliquando
2426 4158 2548 4196 cum
2575 4158 2681 4196 non
2710 4150 2872 4207 esset,

2118 4242 2174 4289 ct
2202 4236 2512 4304 priusquam
2543 4243 2872 4296 nasceretur,

2119 4343 2225 4381 non
2274 4335 2392 4381 erat
2429 4345 2442 4379 :
2483 4328 2569 4381 vel
2614 4308 2758 4395 quod
2809 4343 2875 4381 ex

2120 4434 2229 4473 non
2265 4419 2650 4482 existentibus,
2683 4426 2774 4472 aut
2805 4435 2872 4472 ex

421 4546 520 4602 per
561 4529 970 4583 immanitatem.
1017 4528 1150 4581 Audi
1179 4530 1395 4582 beatum
1435 4525 1699 4580 Joannem
1739 4522 2012 4590 evangeli—
2041 4511 2092 4570 Ι)
2120 4508 2223 4562 alia
2246 4509 2563 4570 substantia.
2587 4509 2670 4562 vel
2700 4524 2875 4561 essen-

419 4631 577 4689 stam,
609 4637 732 4676 cum
762 4620 996 4675 venisset
1024 4618 1091 4673 ad
1123 4617 1356 4672 Verbum
1387 4627 1436 4670 et
1463 4620 1842 4692 ἑνανθρὼπησιν
1873 4615 2008 4684 ejus.

420 4713 556 4766 Audi
584 4711 712 4782 quid
739 4711 886 4766 dicat
927 4728 939 4762 :
985 4707 1209 4764 Verbum
1252 4725 1373 4762 caro
1415 4711 1609 4778 factum
1640 4716 1744 4773 est;
1777 4709 1880 4763 hoc
1908 4713 2009 4772 est,

417 4804 705 4874 assumpsit
751 4817 997 4867 carnem;
1048 4810 1097 4854 et
1143 4799 1391 4852 habitavit
1428 4801 1482 4852 in
1524 4799 1702 4862 nobis;
1745 4801 1848 4853 hoc
1895 4807 2007 4862 est,

417 4903 656 4947 nostram
701 4893 869 4947 induit
910 4899 1176 4944 naturam.
1224 4887 1291 4941 Ει
1333 4889 1548 4942 vidimus
1587 4891 1808 4960 gloriam
1848 4894 2010 4961 ipsius

420 4983 576 5049 Filii;
607 5002 716 5040 non
744 4984 880 5039 dixit
904 5002 915 5013 ·
949 4982 1182 5037 Vidimus
1204 4983 1584 5051 generationem
1624 4982 1793 5035 Verbi.

2107 4599 2192 4674 tia
2214 4600 2283 4654 sit
2307 4618 2319 4651 :
2345 4606 2437 4653 aut
2457 4600 2546 4667 qui
2570 4597 2758 4652 Filium
2784 4599 2873 4652 Dei

2118 4689 2422 4754 mutationi,
2448 4698 2540 4744 aut
2568 4690 2873 4743 alterationi

2117 4781 2410 4836 obnoxium
2454 4789 2729 4845 asserunt;
2777 4782 2876 4833 hos

2116 4870 2384 4925 catholica
2455 4880 2510 4923 et
2581 4871 2874 4939 apostolica

2116 4962 2530 5017 anathematizat
2555 4962 2810 5016 Ecclesia.

1587 5094 2128 5155 CASTIGATIONES
2169 5097 2256 5151 ET
2298 5094 2523 5150 NOTE.

417 5201 553 5252 rent,
585 5206 732 5244 aures
775 5199 875 5241 tua:
914 5205 1013 5240 non
1046 5188 1327 5240 vulnerata:
1374 5190 1530 5241 sunt?
1569 5187 1700 5240 Sine
1737 5190 1846 5242 ulla
1887 5199 2006 5242 tunc

416 5271 554 5314 certe
581 5261 753 5330 plaga,
778 5259 970 5330 duplici
1009 5260 1294 5330 orisatque
1324 5261 1525 5312 aurium
1562 5260 1860 5330 [ungebaris
1891 5263 2003 5329 offi—

421 5333 521 5394 cio,
554 5328 682 5382 cum
697 5340 744 5381 et
769 5329 947 5381 audita
977 5329 1040 5380 ab
1070 5328 1188 5380 aliis
1222 5328 1435 5392 diceres,
1465 5341 1513 5381 ct
1542 5331 1651 5394 ipsi.»
1680 5339 1726 5380 te
1756 5329 2005 5382 dicentem

421 5403 587 5453 dictur
614 5399 838 5452 audires.
877 5397 974 5451 Ubi
995 5408 1142 5450 erant
1175 5409 1291 5450 tunc
1313 5399 1421 5450 ha'c
1442 5400 1643 5450 aurium
1669 5408 1871 5451 tuarum
1898 5400 2005 5452 rul-

419 5471 583 5523 nera?
612 5471 695 5523 ubi.
726 5470 832 5522 hch
855 5469 1060 5522 auditus
1090 5469 1160 5520 tui
1186 5469 1486 5539 plaga?.....
1521 5467 1688 5539 Plaga
1709 5486 1829 5539 ergo
1852 5472 2002 5522 audi-

423 5554 502 5593 tus
534 5541 623 5599 tui,
655 5550 704 5592 et
743 5539 921 5592 vulnus
960 5540 1162 5591 aurium
1187 5537 1403 5591 tuarum
1439 5550 1514 5591 est
1560 5537 1699 5590 Deus
1745 5537 1916 5596 natus.
1958 5551 2005 5592 et

422 5610 561 5663 Deus
602 5627 801 5678 passas.
832 5607 897 5660 Et
935 5609 1017 5662 ubi
1054 5608 1199 5678 illud,
1228 5618 1364 5662 tuum
1403 5618 1495 5672 est,
1527 5606 1686 5660 Paule
1713 5609 1955 5678 Apostole
1983 5627 1999 5660 :

424 5679 538 5740 Nos
580 5677 746 5732 autem
786 5679 1124 5748 prwdicamus
1163 5677 1421 5732 Christum
1447 5677 1773 5746 crucifixum,
1797 5679 1998 5732 Juda'is

421 5752 624 5820 quidem
660 5749 984 5814 scandalum,
1026 5750 1258 5821 gentibus
1298 5764 1464 5805 autem
1501 5749 1773 5801 stultitiam
1811 5768 1830 5802 .·
1869 5753 1996 5820 ἔμιξε

2937 1962 3176 2016 omnium
3207 1961 3493 2016 visibilium
3520 1970 3574 2016 et
3611 1961 3701 2014 in-

2937 2051 3226 2106 visibilium
3247 2058 3637 2105 creaturarum.

3005 2141 3073 2194 Et
3089 2141 3141 2195 in
3156 2141 3436 2194 Dominum
3453 2148 3703 2195 nostrum

2934 2229 3116 2285 Jesum
3163 2229 3454 2292 Christum,
3503 2230 3702 2284 Filium

2937 2322 3051 2391 ejus
3085 2323 3452 2390 unigenitum,
3493 2329 3548 2375 et
3586 2323 3706 2391 pri-

2935 2414 3268 2482 mogenitum
3290 2413 3457 2466 totius
3484 2420 3705 2466 creatu-

2937 2522 3049 2571 τω,
3110 2521 3176 2560 ex
3227 2520 3293 2560 eo
3339 2512 3526 2559 natum
3572 2511 3706 2560 ante

2934 2597 3122 2650 omnia
3149 2595 3361 2660 sarcula,
3393 2606 3449 2650 et
3485 2611 3590 2650 non
3620 2596 3708 2649 fa-

2941 2694 3106 2749 ctum,
3121 2687 3287 2740 Deum
3303 2703 3482 2741 rerum
3500 2702 3564 2740 ex
3584 2686 3702 2741 Deo

2942 2791 3092 2840 vero,
3117 2777 3380 2847 ὁμοσύσιον
3409 2775 3573 2840 Patri,
3597 2790 3708 2844 per

2942 2882 3102 2936 quem
3131 2875 3186 2921 et
3213 2867 3404 2921 sascula
3433 2866 3706 2935 compagi-

2941 2967 3066 3011 nata
3087 2968 3229 3023 sunt,
3252 2965 3311 3012 et
3334 2958 3514 3012 omnia
3527 2956 3701 3012 facta.

3011 3139 3114 3206 Qui
3149 3148 3368 3210 propter
3401 3155 3501 3194 nos
3529 3139 3701 3202 venit,

2938 3239 2996 3286 et
3023 3240 3182 3286 natus
3206 3238 3376 3286 estex
3397 3229 3562 3283 Maria
3593 3230 3708 3282 vir-

2939 3322 3100 3390 gine,
3153 3330 3207 3374 et
3263 3320 3548 3374 cruciﬁxus
3596 3319 3706 3372 sub

2942 3411 3136 3467 Pontio
3161 3410 3352 3474 Pilato,
3370 3419 3424 3464 et
3439 3410 3703 3480 sepultus,

2915 3511 2995 3556 'et
3045 3502 3208 3557 tertia
3272 3501 3358 3556 die
3405 3500 3708 3558 resurrexit

2942 3593 3235 3650 secundum
3273 3591 3598 3662 Scripturas,
3639 3600 3705 3644 et

2941 3686 2995 3739 in
3065 3685 3233 3740 caelos
3295 3683 3571 3746 ascendit,
3645 3690 3707 3735 et

2942 3777 3136 3831 iterum
3163 3777 3342 3831 vestiet
3365 3775 3605 3844 judicare
3625 3773 3706 3826 vi-

2943 3884 3041 3924 vos
3068 3875 3124 3923 et.
3149 3876 3412 3921 mortuos.

2112 5202 2280 5244 autem
2301 5190 2501 5244 Juda'is
2525 5191 2712 5242 vocatis
2735 5198 2783 5241 et
2806 5185 2996 5242 Crwcis
3023 5189 3277 5242 Christum
3311 5187 3406 5240 Dei
3436 5189 3694 5246 virtutem,

2112 5272 2160 5313 et
2191 5261 2285 5313 Dei
2317 5263 2623 5330 sapientiam
2657 5259 2696 5327 (Ι
2728 5257 2846 5311 Cor.
2881 5260 2954 5326 t)?
3129 5257 3697 5330 Wilnerabanturergo

2112 5331 2315 5384 illorum
2344 5326 2491 5382 aures
2523 5330 2592 5381 ad
2619 5330 3036 5399 praedicationem
3065 5345 3126 5381 ac
3156 5330 3444 5399 passionem
3477 5326 3601 5399 Dei,
3620 5329 3694 5378 si-

2111 5411 2194 5453 cut
2233 5416 2366 5452 nunc
2413 5397 2742 5453 vulnerantur
2782 5410 2898 5452 tuan
2946 5397 3166 5468 Plagam
3205 5415 3313 5452 esse
3351 5398 3446 5450 hoc.
3475 5397 3693 5468 auditus

2110 5488 2191 5523 sui
2221 5470 2490 5539 putabant,
2513 5471 2642 5520 sicut
2675 5470 2744 5539 tui.
2773 5479 2940 5539 putas.
2971 5469 3034 5520 Et
3052 5467 3179 5521 hinc
3206 5478 3317 5521 erat
3347 5467 3483 5539 quod
3503 5467 3572 5539 ad
3596 5482 3692 5516 uo-

2111 5537 2227 5593 men
2249 5539 2342 5592 Dei
2373 5557 2432 5591 ac
2462 5537 2673 5592 Domini
2698 5538 2820 5590 Jcsn
2853 5538 3061 5600 Christi,
3089 5539 3404 5607 pra’dicanle
3433 5537 3691 5589 Christum

2113 5610 2272 5663 Deum
2304 5610 2569 5678 Apos.‘olo,
2602 5608 2909 5663 claudebant
2940 5611 3015 5662 illi
3044 5611 3227 5680 capitis
3257 5610 3335 5662 sui
3360 5627 3526 5672 aures,
3557 5611 3690 5662 sicut

2106 5691 2154 5733 .‘u
2186 5681 2384 5734 claudis
2423 5682 2603 5734 animi.
