3958 6178
230 277 336 332 773

1430 278 1588 335 llll’ll
1627 280 1943 337 NESTORII
1983 282 2213 337 SElifth
2254 282 2334 337 Ill.

3391 295 3492 352 7t”

244 387 609 466 Epigr-01’”;
637 398 676 466 ,κ
726 387 944 466 manu
994 388 1463 466 MERCATCRIS
1512 389 1590 466 ρο
1635 391 1816 466 disgri-
1849 398 1893 456 Α
1920 391 2122 460 inquit,
2153 408 2309 444 unum
2340 390 2594 445 Chrisfum
2637 393 2855 462 deﬁnio,
2894 399 2979 466 qui
3017 415 3047 450 a
3080 399 3353 453 chrismate
3392 419 3488 455 un-

301 461 440 513 mine
467 462 600 513 inter
628 459 861 513 heresim
895 457 1140 523 Nestorii,
1174 469 1222 511 et
1249 459 1490 523 dogmata
1520 460 1675 514 Pauli
1707 460 1810 516 Sa-

302 532 573 594 mosateni,
599 529 832 594 Ebionis,
855 528 1069 582 Pltotini
1099 539 1249 600 atque
1275 528 1328 580 Μ
1335 530 1532 585 arcellt.

233 651 431 704 Marius
452 640 736 712 Mercator,
761 648 788 688 δ
817 665 1001 772 scrvqs
1028 649 1244 715 Christi,
1279 649 1462 703 lectori
1498 661 1519 688 ε
1552 665 1814 704 conservo

897 735 955 772 sa
981 729 1142 772 utem.

897 729 1142 772 salutem.

309 851 404 904 1.ἀ
428 853 764 905 Samosateui
788 850 933 905 Pauli
958 861 1116 920 atque
1139 851 1367 904 Nestor-ii
1386 860 1470 904 est
1481 851 1582 904 ista
1599 865 1704 904 non
1718 849 1816 903 mi-

234 962 338 998 nus
381 939 538 1012 impia
570 959 729 1011 quam
761 959 894 996 vana
932 942 1193 997 doctrina.

307 1034 582 1088 Nestorius
627 1033 768 1087 circa
798 1033 1001 1104 [Baluz.
1027 1031 1264 1102 quidem]
1307 1031 1538 1086 Verbum
1563 1031 1676 1096 Dei,
1711 1047 1820 1086 non

229 1125 449 1193 quidem
481 1131 537 1176 ut
565 1121 762 1176 Paulus
790 1122 977 1186 sentit,
1006 1123 1095 1190 qui
1129 1137 1233 1174 non
1275 1123 1695 1186 substantivum,
1727 1121 1819 1175 sed

234 1217 564 1288 prolatitium
587 1214 839 1284 potentire
861 1214 952 1267 Dei
984 1213 1174 1268 eﬂicax
1195 1213 1428 1266 Verbum
1458 1227 1576 1267 esse
1596 1213 1779 1268 delinit
1804 1231 1816 1266 :

238 1320 264 1345 *
293 1326 400 1363 non
429 1307 716 1363 coolitetur
743 1308 917 1360 tamen
943 1305 1080 1360 idem
1109 1305 1382 1359 Nestorius
1405 1305 1472 1360 de
1492 1305 1668 1360 Verbo
1697 1306 1824 1359 sub-

234 1399 494 1454 stantivo.
527 1397 698 1466 ipsum
735 1395 922 1449 Filium
953 1395 1045 1449 Dei
1077 1395 1390 1448 naturaliter
1426 1409 1574 1459 esse;
1614 1394 1708 1449 sed
1743 1395 1823 1449 di-

235 1490 340 1552 cit,
370 1488 389 1526 ῐ
424 1496 612 1555 argute
651 1486 865 1556 quidem
885 1524 898 1548 ,
931 1485 1051 1553 quia
1075 1497 1182 1538 non
1201 1499 1482 1553 expresse,
1519 1484 1586 1538 ab
1611 1483 1824 1556 {eterni-

239 1589 351 1635 tate
379 1579 568 1632 Filium
605 1593 711 1632 non
740 1592 885 1641 esse,
918 1574 1013 1629 sed
1041 1574 1272 1628 Verbum
1313 1582 1546 1637 tantum,
1587 1575 1729 1644 quod
1771 1575 1822 1628 in

236 1669 536 1725 substantia
559 1666 732 1721 Patris
759 1681 999 1727 manens,
1030 1664 1168 1718 Deus
1188 1665 1257 1719 sit
1281 1674 1304 1711 Β
1336 1664 1819 1727 consubstantialis,

1915 491 2024 535 ctus
2053 484 2120 534 sit
2147 481 2422 546 dicendus;
2452 499 2608 536 unum
2637 484 2772 537 hunc
2807 487 2975 556 ipsum
3005 505 3114 541 esse
3143 488 3338 544 Filium
3369 491 3486 554 Dei,

1915 572 2036 640 quia
2063 570 2265 642 [Baluz.
2302 571 2429 642 qui],
2463 580 2520 626 ut
2549 576 2792 642 superius
2829 575 3026 632 dictum
3057 587 3156 643 est,
3192 582 3491 636 indirisibiti

1916 661 2158 714 societate
2212 661 2323 716 Deo
2380 663 2544 717 Verbo
2592 667 2891 734 conjunctus
2946 678 3051 732 est;
3109 687 3487 743 nonnumquam

1917 752 2121 824 [Baluz.
2154 753 2273 807 add.
2309 752 2456 825 sane]
2494 767 2702 826 propter
2731 758 2864 810 lianc
2902 760 3064 828 ipsum
3101 761 3497 831 inseparabilem

1918 845 2347 913 conjunctionem,
2378 846 2455 898 vel
2491 849 2875 912 connexionem,
2908 852 3062 902 etiam
3104 852 3324 906 Verbum
3362 855 3492 909 illud

1915 933 2097 986 iisdem
2138 935 2523 1004 cognominibus
2565 939 2970 1006 connuncupari,
3002 955 3114 1009 quo:
3150 939 3213 991 ab
3250 941 3359 1010 ejus
3392 959 3492 994 na-

1921 1033 2034 1077 tura
2053 1035 2171 1077 sunt
2190 1027 2389 1095 penitus
2417 1026 2617 1092 aliena;
2647 1043 2712 1080 ex
2731 1029 2911 1081 merito
2935 1030 3138 1082 tandem
3161 1031 3292 1083 l.anc
3317 1031 3494 1085 Iesum

1921 1114 2178 1169 Christum
2206 1115 2486 1185 singularis
2515 1118 2817 1182 nativitatis,
2848 1128 2896 1170 et
2922 1120 3340 1188 incomparabilis
3362 1124 3494 1187 ritar,

1922 1204 2131 1275 dignum
2153 1207 2310 1276 fuisse
2325 1204 2570 1271 habitum,
2595 1217 2850 1279 tantquam
2875 1210 3132 1278 templum,
3161 1221 3262 1262 tota
3285 1212 3499 1281 plenitu-

1922 1297 2042 1350 dine
2054 1297 2106 1350 di
2113 1299 2356 1363 rinitatis,
2372 1308 2520 1369 atque
2534 1298 2596 1351 ab
2610 1300 2704 1353 hoc
2718 1299 2826 1354 Deo
2841 1311 2888 1354 et
2901 1300 2998 1354 Dei
3021 1301 3182 1356 Verbo
3197 1304 3496 1359 inhabitari.

1991 1387 2043 1442 4.
2074 1389 2132 1442 ιιι
2160 1405 2226 1443 eo
2256 1390 2415 1457 igitur
2453 1389 2618 1446 Paulo
2659 1392 3013 1448 Samosateno
3043 1395 3400 1462 conjungitur,
3444 1396 3495 1449 in

1921 1491 2028 1548 quo
2058 1479 2411 1534 habitatorem
2439 1488 2493 1534 et
2521 1482 2880 1537 habitaculum
2904 1499 3002 1553 pro
3032 1485 3235 1539 meritis
3263 1496 3495 1555 separat,

1924 1569 2162 1624 dividens
2185 1571 2326 1640 quod
2356 1572 2639 1641 unicuique
2669 1589 2853 1628 eorum
2883 1576 2953 1629 sit
2991 1578 3284 1646 proprimu,
3318 1593 3384 1632 ex
3419 1579 3498 1632 di-

1925 1663 2174 1716 versitate
2213 1673 2447 1728 natunc;
2499 1663 2639 1731 quod
2679 1665 2894 1733 quidem
2931 1666 3036 1720 illis
3081 1668 3340 1722 ambobus
3375 1685 3496 1724 cum

241 1774 401 1827 quem
432 1757 602 1812 Graeci
635 1757 897 1828 ὁμοούσιον
922 1754 1134 1821 dicunt;
1168 1753 1358 1808 Filium
1381 1769 1510 1809 vero
1531 1754 1676 1808 illum
1708 1769 1825 1809 esse
1860 1766 1900 1822 Β
1927 1750 2150 1816 Ebione,
2175 1762 2228 1805 et
2251 1751 2507 1816 Plautino,
2535 1761 2589 1807 et
2609 1752 2795 1808 Galata
2819 1754 3068 1810 Marcello
3090 1772 3373 1812 commune
3397 1767 3496 1812 est.

240 1858 297 1903 et
324 1848 425 1903 dici
449 1847 642 1902 debere
670 1846 878 1910 asserit,
909 1844 1002 1914 qui
1029 1860 1094 1899 ex
1124 1843 1290 1898 Maria
1311 1845 1380 1898 sit
1399 1852 1573 1899 natus.

307 1939 363 1991 2.
400 1939 571 2007 Atque
598 1937 671 1991 ita
699 1937 886 1990 dividit
913 1944 1172 1990 mternum
1194 1951 1224 1988 a
1257 1935 1572 2005 temporali;
1605 1934 1678 1988 illi
1701 1934 1820 2002 qui-

238 2028 363 2083 dem
386 2029 495 2082 Deo
523 2035 578 2082 et
597 2027 691 2082 Dei
709 2027 886 2082 Verbo
913 2041 1031 2096 qua:
1051 2024 1347 2091 majestatis
1367 2032 1506 2090 sunt,
1542 2024 1665 2079 huic
1694 2039 1821 2078 vero

240 2119 399 2173 alteri
424 2134 542 2187 qua:
571 2119 817 2172 humanm
845 2116 1168 2172 inﬁrmitatis
1195 2124 1337 2182 sunt,
1362 2116 1623 2186 deputans
1655 2134 1667 2168 :
1697 2131 1823 2185 pro-

239 2210 699 2282 pterindividuam
723 2219 900 2264 autem
921 2219 1082 2278 atque
1097 2208 1507 2278 inseparabilem
1530 2208 1823 2262 connexio-

243 2317 369 2357 nem
398 2301 611 2370 dignum
649 2301 813 2356 fuisse
853 2301 1095 2354 habitum
1124 2301 1522 2370 nuncupatione
1557 2298 1674 2353 Filii
1705 2299 1818 2364 Dei,

240 2393 442 2463 quippe
470 2392 674 2466 [Baluz.
708 2409 812 2446 om.
835 2389 1054 2461 quippe]
1084 2391 1173 2460 qui
1209 2392 1313 2445 hoc
1336 2391 1509 2460 ipsum
1533 2388 1559 2426 ι’
1585 2403 1682 2459 pro
1709 2405 1824 2444 me-

240 2485 382 2549 ritis,
413 2493 469 2538 et
496 2498 564 2537 ex
595 2482 884 2552 adoptione
921 2482 1132 2545 habeat,
1161 2497 1266 2534 non
1296 2496 1359 2534 ex
1387 2492 1599 2534 natura.

316 2573 371 2626 3.
412 2571 608 2626 Verum
648 2586 770 2626 cum
814 2571 863 2625 ei
902 2586 930 2623 a
970 2570 1250 2624 catholicis
1287 2569 1555 2638 objicitur,
1596 2585 1694 2624 cur
1728 2585 1825 2640 per

245 2662 390 2717 hunc
437 2676 651 2716 sensum
688 2660 823 2715 duos
858 2658 1067 2734 [Βαιιιι.
1099 2659 1222 2713 add.
1264 2658 1438 2730 .lesus]
1475 2658 1717 2714 Christos
1766 2670 1822 2715 et

241 2753 386 2809 duos
411 2752 576 2807 Filios
601 2751 816 2816 sentiat,
842 2767 939 2821 pro
968 2767 1026 2805 se
1066 2751 1180 2819 ipse
1208 2748 1279 2804 ita
1309 2749 1600 2820 respondet
1633 2767 1646 2803 :
1678 2748 1812 2821 Ego,

1996 1849 2047 1902 5.
2081 1847 2137 1900 In
2169 1862 2234 1901 eo
2268 1862 2415 1912 vero,
2449 1847 2590 1915 quod
2620 1846 2824 1919 [Baluz.
2857 1846 2913 1900 In
2938 1847 2990 1900 id
3021 1847 3162 1916 quod
3195 1849 3345 1921 vero]
3375 1851 3501 1903 sub-

1923 1938 2172 1991 stantiale
2201 1937 2433 1991 Verbum
2463 1938 2556 1991 Dei
2595 1936 2898 2005 conﬁtetur,
2936 1948 2990 1994 et
3033 1956 3150 1994 esse
3191 1942 3258 1994 ab
3296 1950 3500 1995 mterno

1924 2043 2044 2081 cum
2074 2026 2232 2081 Patre
2263 2027 2430 2081 Deum
2460 2029 2668 2091 asserit,
2701 2044 2730 2081 a
2761 2030 3072 2085 memoratis
3102 2040 3248 2086 recte
3288 2031 3502 2087 dissen-

1925 2115 2006 2181 tit,
2043 2125 2097 2170 et
2128 2115 2247 2170 lidei
2279 2126 2437 2171 rectae
2468 2117 2823 2185 conjuugitur.

1994 2207 2047 2260 6.
2070 2207 2174 2261 Sed
2199 2207 2341 2275 quod
2370 2209 2562 2261 iterum
2604 2209 2744 2262 idem
2781 2209 3009 2263 Verbum
3043 2211 3206 2264 Deum
3237 2214 3496 2267 naturali-

1923 2306 2004 2352 ter
2041 2298 2134 2351 Dei
2176 2296 2352 2352 Patris
2391 2314 2495 2352 non
2538 2313 2656 2354 esse
2706 2300 2896 2354 Filium
2937 2301 3082 2365 dicit,
3133 2301 3227 2355 sed
3266 2303 3497 2358 Verbum

1924 2395 2151 2451 tantum,
2193 2397 2251 2440 ut
2290 2388 2536 2458 superius
2565 2391 2928 2458 exposuimus,
2961 2399 3016 2443 et
3053 2391 3104 2445 in
3137 2390 3354 2448 Christo
3397 2394 3502 2448 Do-

1924 2477 2068 2531 mino
2097 2476 2298 2549 (Eatur.
2333 2477 2698 2550 nihilominus]
2729 2479 2916 2533 dividit
2946 2481 3135 2534 merita
3165 2483 3503 2552 uniuscujus-

1923 2582 2029 2637 que
2055 2568 2384 2635 substantiac,
2421 2569 2710 2638 impietatis
2742 2584 2988 2638 magnum
3015 2572 3214 2627 crimen
3254 2573 3501 2640 incurrit,

1923 2668 1978 2714 et
2005 2659 2130 2714 hinc
2168 2667 2438 2729 tamquam
2460 2660 2666 2715 alienus
2694 2669 2748 2716 et
2775 2662 3006 2716 extorris
3042 2663 3110 2717 ab
3137 2663 3503 2720 ecclesiastica

1925 2751 2028 2805 tide
2053 2751 2173 2820 jure
2209 2751 2220 2789 ί
2259 2751 2542 2807 damnatus
2570 2762 2670 2806 est.

1407 2836 1950 2895 (IASTIGATIONES
1990 2841 2076 2894 ΕΤ
2117 2840 2342 2895 ΝΟΤΛΕ.

316 2940 345 2968 ι
371 2928 485 2996 Qua
524 2928 805 2983 occasione
845 2927 1042 2997 scripta
1080 2926 1166 2990 sit,
1198 2941 1411 2994 quoque
1448 2934 1709 2996 tempore,
1742 2928 1822 2982 di-

241 3012 393 3056 ctum
436 3009 518 3053 est
558 3000 608 3051 in
645 2998 957 3068 prail'atioue
1003 2997 1286 3068 historica;
1328 3012 1524 3068 nempe
1551 3013 1692 3052 anno
1732 3013 1821 3052 se-

239 3071 423 3124 cundo
445 3065 690 3130 Nestorii,
714 3081 897 3120 mense
916 3065 1188 3129 Januario,
1203 3067 1302 3119 sub
1323 3067 1547 3130 initium,
1571 3075 1696 3135 post
1715 3076 1826 3123 tres

243 3141 462 3209 priores
487 3152 762 3209 sermones
789 3136 856 3209 de
877 3150 981 3209 sua
1003 3137 1108 3205 imp
1132 3145 1273 3189 etate
1299 3151 1328 3188 a
1360 3135 1605 3209 Nestorio
1639 3137 1692 3190 in
1719 3135 1822 3192 Ec—

243 3205 412 3264 clesia
436 3208 662 3271 habitos,
689 3215 765 3270 ut,
791 3206 1068 3259 silentibus
1090 3221 1197 3273 pne
1220 3215 1362 3258 metu
1385 3205 1614 3267 clericis,
1634 3219 1826 3274 argue-

243 3287 400 3333 retur
427 3275 652 3331 ncl'anda
683 3275 900 3330 haeresis
927 3275 995 3327 ab
1025 3275 1124 3328 isto
1155 3275 1314 3327 etiam
1354 3275 1489 3327 laico
1522 3292 1534 3326 :
1563 3289 1731 3342 quare
1765 3284 1827 3330 ut

245 3348 464 3416 gemina
504 3353 586 3400 est
619 3360 741 3400 cum
783 3344 1141 3416 obtestatione
1183 3343 1414 3416 liuscbii,
1447 3344 1518 3396 ita
1550 3345 1678 3416 visa:
1706 3355 1828 3416 sunt

245 3412 440 3482 ambae,
465 3431 583 3470 cum
604 3417 770 3468 altera
794 3414 948 3475 alteri
973 3413 1144 3467 lucem
1173 3412 1379 3476 atTerat,
1401 3429 1508 3466 non
1530 3415 1825 3469 dissocian-

245 3488 350 3551 d-.c,
382 3486 477 3541 sed
513 3485 801 3540 obtestatio
841 3486 998 3546 notis,
1029 3497 1254 3550 quarum
1296 3482 1463 3535 instar
1505 3484 1699 3538 merito
1735 3486 1824 3551 sit,

244 3555 600 3623 subjicienda.
635 3555 749 3608 Non
783 3562 959 3607 tamen
997 3567 1064 3606 ex
1103 3551 1402 3623 recentiore
1432 3553 1680 3607 versione
1715 3554 1829 3609 sive

245 3622 492 3688 Peltana,
511 3626 621 3678 sive
645 3624 882 3677 Romana
901 3663 917 3686 ,
940 3637 1128 3691 verum
1147 3636 1210 3675 ex
1235 3622 1452 3689 antiqua
1477 3641 1486 3687 ι
1510 3625 1669 3685 otius,
1687 3637 1824 3691 quae,

248 3705 308 3749 ut
355 3695 640 3748 Latinitate
685 3693 840 3748 cedat
882 3691 1056 3754 alteri,
1105 3689 1360 3760 ﬁdelitate
1397 3699 1543 3744 certe
1585 3689 1822 3760 praestat,

253 3767 421 3818 immo
467 3764 673 3818 videtur
712 3778 829 3817 esse
869 3762 1145 3831 ipsiusmet
1186 3759 1516 3831 Mercatoris,
1558 3759 1679 3814 cum
1721 3777 1828 3815 non

248 3836 541 3889 abhorreat
573 3851 602 3887 a
635 3833 842 3886 ratione
877 3829 1280 3900 interpretandi,
1315 3845 1476 3898 quam
1511 3844 1569 3900 se
1602 3832 1834 3885 consilio

246 3905 402 3972 sequi
434 3903 628 3957 Marius
647 3903 918 3972 professus
938 3898 1038 3962 est}
1067 3901 1118 3953 in
1140 3899 1450 3972 praefatione
1471 3898 1538 3952 ad
1555 3914 1830 3972 sermones

247 3970 481 4028 Nestorii
507 3970 690 4027 contra
722 3970 1064 4038 Pelagianos,
1099 3978 1154 4024 et
1181 3970 1336 4038 plena
1356 3970 1428 4022 sit
1454 3970 1674 4024 vocibus
1696 3986 1830 4039 quas

246 4045 450 4097 Marius
478 4058 613 4111 pene
633 4043 876 4105 allectat;
901 4049 955 4111 et
978 4041 1138 4094 verba
1161 4039 1392 4111 Nestorii
1418 4040 1826 4111 complectatur,

245 4129 371 4182 qua:
393 4109 509 4166 aliis
538 4113 589 4165 in
619 4112 868 4182 operibus
897 4109 1161 4182 Mercator
1180 4109 1402 4182 perinde
1420 4110 1825 4182 interpretatur.

327 4184 354 4220 δ
384 4182 463 4235 Eo
508 4197 568 4236 se
607 4179 822 4236 nomine
860 4179 1118 4241 inscribit,
1156 4194 1263 4246 quo
1303 4180 1549 4232 solebant
1589 4181 1728 4240 laici,
1773 4189 1830 4234 ut

247 4252 377 4306 inde
404 4259 613 4306 constet
639 4265 760 4305 eum
791 4259 918 4303 tunc
953 4249 1206 4318 temporis
1235 4265 1342 4301 non
1374 4248 1534 4303 fuisse
1559 4251 1825 4303 constitu-

246 4333 365 4388 turp
397 4322 448 4374 in
483 4321 590 4374 ullo
617 4321 747 4374 clcri
775 4319 974 4388 gradu;
1002 4319 1088 4372 illa
1118 4319 1258 4372 enim
1288 4325 1448 4372 anate
1482 4335 1640 4373 nemo
1671 4319 1829 4374 cleri-

246 4408 346 4446 cus
371 4393 453 4444 sui
481 4390 675 4459 gradus
705 4405 900 4443 nomen
923 4405 1028 4443 non
1059 4388 1323 4459 gaudebat
1346 4388 1612 4457 prml'erre.

323 4471 348 4498 ε
382 4460 450 4513 Ut
471 4458 587 4513 erat
618 4460 844 4529 epistola
875 4459 1168 4528 spargenda
1204 4458 1254 4510 in
1285 4459 1488 4529 vulgus,
1511 4466 1566 4529 et
1593 4471 1689 4526 per
1716 4472 1831 4511 ma-

243 4547 350 4584 nus
383 4527 826 4583 tradenda'obvio
854 4529 1066 4595 cuique,
1099 4530 1169 4581 ita
1199 4528 1327 4581 nulli
1361 4527 1613 4593 singulari
1642 4541 1827 4596 perso-

246 4617 332 4654 nzc
367 4600 619 4668 inscripta
653 4608 766 4663 est;
796 4599 890 4668 sed
918 4598 1239 4668 generaliter
1267 4612 1534 4668 conservo,
1557 4596 1694 4668 ejus,
1731 4597 1823 4665 qui

243 4687 304 4724 se
333 4666 774 4723 diceret—servum
801 4667 1019 4731 Christi,
1053 4666 1202 4736 cujus
1229 4667 1396 4733 gloria
1427 4666 1830 4736 periclitabatur

244 4743 315 4794 ab
339 4739 610 4793 htcretico.
636 4737 838 4807 Opinor
867 4745 1046 4791 autem
1081 4735 1263 4807 Grmce
1291 4738 1518 4806 primum
1549 4738 1824 4805 scriptam,

246 4821 360 4863 tum
389 4809 594 4871 Latine,
621 4806 710 4861 aut
733 4817 954 4874 utraque
977 4807 1154 4873 lingua
1178 4806 1333 4859 simul
1357 4823 1385 4858 a
1417 4807 1734 4867 Mercatore,
1769 4815 1828 4858 u-t

245 4880 446 4933 nullius
485 4878 660 4946 gentis
700 4877 942 4931 homines
983 4875 1300 4946 prseteriret.
1343 4875 1528 4930 Simile
1575 4875 1828 4944 quiddam

245 4949 450 5002 Marius
473 4949 525 5001 in
546 4946 971 5000 Commonitorio
992 4946 1262 5014 prmstitit.

318 5019 344 5054 ά
377 5018 551 5087 Super
585 5017 686 5070 hac
722 5013 1267 5087 collationépNestorii
1300 5029 1420 5068 cum
1444 5013 1825 5087 (Samosatcno,

241 5103 427 5156 operae
456 5084 693 5156 pretium
731 5093 813 5139 est
845 5085 1144 5151 consulere,
1165 5093 1369 5156 printer
1404 5084 1818 5156 obtestationem

243 5152 486 5219 Eusebii,
519 5156 820 5210 Nestorium
860 5156 1034 5223 ipsum
1062 5163 1118 5209 et
1163 5153 1544 5218 Mercatorem;
1576 5161 1632 5206 et
1671 5152 1819 5206 illum

241 5227 462 5295 quidem
497 5225 783 5294 postremis
809 5224 1018 5279 duobus
1045 5225 1398 5295 sermonibus,
1425 5223 1475 5275 in
1505 5223 1697 5295 quibus
1726 5238 1820 5276 co-

243 5291 409 5349 natur
429 5291 636 5349 amoliri
660 5310 689 5348 a
711 5309 768 5348 se
797 5295 997 5348 crimen
1025 5293 1395 5349 consensionis
1422 5307 1542 5345 cum
1572 5291 1823 5345 Samosa-

243 5377 374 5420 teno
405 5375 460 5419 ct
484 5364 741 5423 Photino;
772 5365 896 5417 hinc
917 5379 1046 5418 vero
1065 5362 1488 5418 contradictione
1515 5361 1580 5414 ad
1600 5363 1822 5415 anathe-

241 5438 555 5489 matismum
589 5434 655 5486 l9.
688 5433 944 5496 Nestorii,
978 5435 1076 5489 sub
1107 5433 1282 5486 linem.
1317 5432 1392 5485 De
1434 5432 1546 5499 ipsa
1583 5430 1821 5486 dicemus

243 5509 455 5574 prolixe
471 5509 522 5558 in
537 5505 790 5572 singulari
814 5504 1186 5574 dissertatione
1199 5503 1266 5555 de
1278 5501 1460 5574 haeresi
1484 5500 1818 5574 Nestor-iano.

318 5588 340 5612 ε
375 5576 556 5628 Βίιιιη.
588 5594 598 5625 τ
626 5569 909 5642 Con/iretur
939 5585 1105 5627 tamen
1130 5573 1262 5642 idem
1287 5569 1556 5625 Nestorius
1577 5572 1629 5624 in
1656 5570 1819 5624 Verbo

250 5648 560 5698 subst/nitito
598 5647 762 5714 ipsum
803 5643 846 5695 Γ
852 5645 994 5697 ilium
1023 5652 1159 5707 raro,
1184 5641 1304 5695 licet
1327 5651 1526 5711 argute,
1567 5642 1686 5710 quia
1715 5657 1818 5694 non

1852 3145 1896 3207 (ζ,
1927 3141 2055 3194 bum
2093 3149 2217 3194 ante
2256 3141 2676 3194 incarnationem
2719 3148 2773 3193 ct

1927 2948 2163 3014 expresse
2183 2931 2246 2984 ab
2266 2931 2769 3014 teOternitateFiliam
2795 2932 2920 3014 dicit
2947 2931 3315 3014 Verbunresse.
3347 2933 3503 3014 Eutr.

2005 3001 2022 3039 τ
2052 3001 2358 3055 Admonitio
2389 3003 2500 3056 hzec
2531 3003 2864 3057 observanda
2889 3010 2990 3067 est,
3016 3019 3082 3057 ne
3102 3003 3346 3058 videatur
3369 3006 3509 3060 Mer—

1929 3080 2082 3125 cator
2124 3073 2400 3140 imponere
2439 3071 2686 3126 Nestorio
2714 3073 2766 3125 in
2796 3073 3028 3140 speciem
3064 3072 3348 3128 aliinnanti
3372 3075 3507 3130 Ver-

2863 3141 3008 3194 ilium
3049 3152 3103 3195 et
3132 3142 3296 3196 Deum
3340 3144 3509 3200 fuisse

1931 3209 2123 3280 (Serm.
2149 3209 2203 3278 ὅ)
2224 3224 2454 3280 ;vermn
2481 3224 2602 3264 cum
2632 3209 2828 3278 ubique
2856 3210 3220 3280 passimdicat
3248 3211 3364 3266 Fifii
3401 3231 3504 3269 no-

1931 3227 2123 3280 (oerm.
2149 3227 2236 3278 ομ
2270 3227 2454 3263 verum
2481 3227 2602 3264 cum
2632 3227 2828 3278 umque
2871 3227 3051 3264 iassim
3081 3227 3220 3265 ineat
3248 3227 3364 3266 run
3401 3231 3504 3269 no-

1928 3280 2072 3350 mine
2099 3279 2386 3350 signilicari
2415 3279 2548 3333 duas
2572 3287 2797 3350 naturas
2827 3227 3022 3349 (gem.
3044 3279 3121 3350 2),
3155 3289 3300 3335 recte
3339 3283 3510 3338 infert

1928 3349 1995 3402 ab
2028 3365 2095 3404 eo
2125 3348 2390 3403 Mercator
2417 3349 2582 3404 asseri
2612 3348 2844 3403 Verbum
2875 3351 2941 3404 ab
2969 3348 3270 3405 {eternitate
3311 3351 3504 3408 Filiqu

1931 3433 2035 3472 non
2059 3434 2194 3481 esse,
2226 3418 2319 3474 sed
2347 3417 2578 3473 Verbum
2612 3425 2818 3472 tantum
2844 3437 2856 3472 :
2882 3434 3204 3488 quamquam
3229 3428 3375 3476 totus
3413 3424 3506 3478 hic

1929 3488 2077 3543 locus
2099 3489 2232 3560 adeo
2259 3489 2682 3560 implicatus_est,
2712 3505 2779 3543 ne
2808 3489 2981 3560 dicam
3011 3500 3393 3560 corruptus,ut
3417 3495 3505 3548 vix

1929 3572 2116 3612 sensus
2138 3559 2322 3629 attingi
2337 3557 2534 3626 queat.
2568 3557 2623 3611 In
2654 3559 2804 3629 novis
2832 3559 2969 3614 forte
2998 3557 3186 3622 rebus,
3209 3557 3382 3629 neque
3402 3562 3507 3617 Ne-

1930 3629 2147 3693 storius,
2170 3636 2228 3681 ut
2250 3626 2335 3698 lit,
2357 3629 2569 3696 aperuit
2587 3628 2716 3681 satis
2743 3637 3007 3693 mentem;
3041 3645 3214 3698 neque
3237 3626 3509 3686 mercator

1931 3698 2061 3750 satis
2097 3713 2165 3750 ex
2192 3697 2370 3751 verbis
2398 3698 2656 3764 ambiguis
2691 3697 2953 3751 intellexit
2982 3697 3303 3753 sententiam
3335 3701 3504 3756 homi-

1931 3766 2015 3820 nis
2043 3782 2158 3834 eam
2189 3775 2372 3833 tegere
2399 3767 2706 3834 quaerentis.

2005 3846 2030 3882 ε
2060 3833 2347 3890 Garnerius
2376 3833 2428 3888 in
2469 3849 2639 3903 marg.
2678 3836 3138 3890 consubstantirus.
3172 3836 3325 3890 Εωτ.

2004 3903 2029 3942 ι
2062 3905 2136 3959 Ne
2179 3905 2367 3958 merita
2402 3905 2605 3970 cogites
2645 3907 2859 3973 proprie
2895 3905 3056 3967 dicta,
3100 3907 3210 3958 sive
3251 3922 3502 3973 cperunt;

1931 3976 2022 4032 sed
2046 3978 2202 4040 ἀξίαν,
2236 3975 2285 4028 id
2309 3981 2408 4039 est,
2440 3947 2820 4040 dignatignein,
2853 3947 3079 4043 eamque
3111 3954 3210 4028 "Dei
3241 3947 3506 4043 idetanl

1930 4049 2030 4112 tis;
2064 4060 2236 4114 neque
2264 4045 2406 4114 enirn
2428 4045 2676 4114 opinatus
2705 4051 2786 4098 est
2816 4059 3067 4114 umquam
3097 4044 3389 4114 Nestorius,
3415 4059 3506 4097 re-

1931 4061 2030 4112 us;
2064 4061 2236 4114 neque
2264 4061 2406 4098 enim
2428 4061 2459 4098 ο
2501 4061 2676 4098 inanis
2705 4061 2786 4098 est
2816 4061 3067 4112 umquam
3097 4061 3389 4108 tVeSIOI‘lllS,
3415 4061 3506 4097 re-

1931 4125 2017 4173 cte
2059 4115 2213 4170 factis
2251 4113 2412 4168 ﬁlium
2454 4061 2684 4181 Virginis
2722 4113 3151 4182 conjunctionem
3182 4129 3302 4167 eum
3330 4113 3512 4167 Verbo

1933 4187 2249 4249 obtinuisse,
2273 4201 2393 4239 cum
2424 4183 2642 4237 infinitis
2669 4184 2725 4236 in
2753 4184 2884 4236 locis
2911 4183 3102 4236 doceat
3122 4183 3174 4235 in
3198 4184 3314 4250 ipso
3339 4182 3508 4250 Virgi-

1932 4258 2015 4311 nis
2077 4265 2230 4309 utero
2287 4262 2504 4308 naturas
2568 4253 2729 4307 fuisse
2792 4251 3122 4319 eonjunctas.
3185 4251 3508 4320 Popularcm

1932 4341 2094 4374 enim
2121 4341 2182 4374 ea
2212 4340 2271 4374 re
2294 4323 2598 4374 opinionem
2628 4323 2993 4374 convellemus
3021 4322 3072 4374 in
3100 4321 3312 4374 dissert.
3349 4321 3399 4374 1.

1931 4341 2094 4377 ςιιηει·
2121 4341 2182 4377 ea
2212 4340 2271 4377 re
2294 4339 2598 4377 ommonem
2628 4339 2993 4376 convertemus
3021 4339 3072 4374 111
3100 4339 3312 4376 ωδεεη.
3349 4339 3399 4374 1.

1932 4341 2094 4394 super
2121 4341 2182 4378 ea
2212 4340 2271 4378 re
2294 4329 2598 4392 opinionem
2628 4329 2993 4376 convellemus
3021 4329 3072 4374 in
3100 4329 3312 4376 dissert.
3349 4329 3399 4374 1.

2009 4396 2025 4433 ί
2062 4394 2140 4448 Ab
2164 4393 2395 4447 Eusebio
2426 4393 2607 4459 utique
2636 4392 2687 4444 in
2725 4392 3182 4455 obtestationc,ct
3213 4406 3242 4444 a
3267 4391 3512 4445 fidelibus

1933 4465 2154 4533 reliquis
2195 4465 2262 4517 ab
2287 4463 2540 4530 episcopo
2567 4460 2962 4515 discedentibus
2985 4461 3134 4530 (Vid.
3160 4467 3314 4515 δεῖ-ιη.
3341 4460 3415 4531 5).

1935 4570 2218 4624 Ubtcstatio
2259 4566 2473 4640 publice
2487 4567 2765 4640 proposita,
2783 4565 3228 4638 Constantinopoli
3267 4567 3514 4621 adversus

2351 4638 2534 4707 impios
2559 4636 2788 4692 Nestorii
2810 4655 3090 4691 sermones.

2005 4749 2021 4779 ι
2048 4729 2286 4798 Coujuro
2308 4729 2658 4799 accipientem
2687 4727 2826 4799 hanc
2846 4728 3108 4799 chartam,
3141 4741 3238 4799 per
3266 4735 3510 4799 sanctam

1929 4800 2276 4882 Trinitatem,
2297 4807 2354 4850 ut
2385 4797 2502 4882 eam
2531 4799 2705 4882 palam
2737 4797 2896 4882 faciat
2918 4797 3510 4882 episcopis,_preshytc-

1929 4871 2020 4934 ris,
2051 4869 2382 4933 diaconibus,
2427 4868 2731 4930 lectoribus,
2775 4867 2924 4920 laicis
2961 4866 3326 4918 habitantibus
3364 4866 3506 4920 Con-

1929 4939 2356 5007 stantinOpolim.
2386 4940 2609 5006 insuper
2643 4938 2802 4989 etiam
2845 4936 3122 5007 exemplar
3162 4935 3241 5007 eis
3270 4936 3517 5007 prmbeat..

1929 5010 1996 5063 ad
2019 5005 2440 5077 increpationem
2479 5005 2727 5070 Nestorii,
2755 5007 2879 5075 quia
2909 5005 3099 5059 similia
3123 5005 3262 5074 sapit
3283 5005 3510 5058 anathe-

1929 5076 2181 5132 matizato
2203 5076 2368 5130 Paulo
2389 5080 2739 5133 Samosateno
2767 5083 2892 5129 ante
2920 5090 3090 5130 annos
3115 5083 3333 5129 centum
3361 5090 3513 5128 sexa-

1924 5150 2072 5216 ginta
2113 5149 2180 5201 ab
2220 5149 2535 5202 orthodoxis
2573 5147 2858 5216 episcopis.
2892 5145 3029 5199 Sunt
3068 5154 3246 5216 autem
3285 5147 3514 5216 quaeat)

1925 5213 2154 5286 utroque
2181 5217 2322 5271 dicta
2351 5228 2476 5271 sunt
2497 5213 2647 5271 haec:
2671 5248 2740 5257 —
2761 5213 2958 5270 Paulus
2982 5216 3116 5269 dixit
3141 5233 3154 5268 :
3176 5213 3234 5286 Μ
3241 5218 3354 5268 aria
3391 5213 3518 5286 Ver-

1926 5287 2041 5340 bam
2067 5283 2170 5341 non
2194 5288 2387 5354 genuit.
2411 5286 2689 5341 Nestorius
2709 5301 2945 5340 consone
2965 5286 3099 5338 dixit
3122 5303 3134 5354 ς
3167 5283 3219 5336 Ν
3224 5301 3290 5338 an
3317 5285 3519 5354 genuit,

1924 5360 2129 5424 optime,
2156 5353 2212 5409 Μ
2218 5358 2330 5409 aria
2359 5355 2692 5410 Divinitatem
2718 5354 2912 5424 (Serm.
2939 5354 3013 5423 1).
3031 5388 3102 5398 -
3120 5353 3471 5424 Pattlusﬁinit
3499 5373 3515 5404 :

1926 5421 2105 5499 Neque
2128 5428 2264 5480 enim
2286 5427 2383 5499 fuit
2403 5436 2523 5479 ante
2544 5421 2752 5499 amenta.
2782 5421 3058 5499 Nestorius
3087 5424 3219 5478 dixit
3245 5440 3282 5499 :_
3295 5421 3364 5499 βξ
3391 5423 3486 5499 illa

1927 5492 2051 5550 trem
2085 5492 2412 5564 temporalem
2441 5497 2615 5564 opiﬁci
2640 5503 2922 5564 temporum
2951 5497 3220 5564 assignant
3240 5492 3518 5564 Divinitati

1926 5567 2116 5636 (Serm.
2152 5562 2226 5635 5).
2257 5599 2328 5609 --
2357 5562 2554 5620 Paulus
2581 5562 2759 5636 dixit}
2793 5563 2969 5636 Maria
3005 5562 3225 5636 Verbum
3254 5562 3516 5636 suscepit,

1921 5629 1971 5690 et
2012 5653 2115 5691 non
2161 5629 2236 5690 est
2276 5640 2446 5693 senior
2492 5636 2674 5689 Verbo.
2713 5633 2988 5688 Nestorius
3025 5633 3159 5687 dixit
3192 5652 3202 5683 :
3245 5629 3518 5694 Quomodo
