3958 6178
479 271 583 324 775

479 393 503 417 ἰ
538 377 586 433 H
593 378 697 432 OM
707 378 731 431 1
741 376 855 430 LIA
880 374 906 413 δ
931 369 1220 432 PROCLI,
1252 369 1479 438 episcopi
1509 366 1702 438 Cy‘zici,
1733 375 1755 403 ε
1779 364 1954 438 habita
1973 382 2058 438 se-
2089 372 2133 427 Α

547 452 696 503 dente
726 446 966 500 Nestorio
993 443 1048 494 in
1082 435 1514 509 magna’ecclesia
1553 435 2050 505 Constantinopolis,

981 258 1177 318 MAR“
1219 253 1656 312 MERCA'I’ORIS
1692 249 2262 308 TRANSLATIONES
2302 248 2660 305 VARIORUM
2699 243 3225 305 OPUSCULORU“.
3619 252 3676 304 77

2232 363 2255 400 ἀ
2288 366 2341 418 in
2364 363 2775 434 incarnationem
2789 358 3010 434 Domini
3031 359 3195 434 nostri
3221 357 3346 412 Iesu
3369 358 3568 424 Christi,
3590 369 3710 434 quod

2231 433 2463 504 Deipara
2489 434 2557 486 sit
2581 432 2729 484 beata
2752 432 2894 501 virgo
2915 429 3112 495 Maria,
3135 439 3186 483 et
3210 444 3276 482 ex
3301 445 3362 482 ea
3391 439 3552 496 natus,
3571 429 3714 506 neque

1631 548 2179 606 CASTIGATIONES
2219 547 2307 603 ΕΤ
2345 545 2575 602 NOTAE.

477 685 596 735 ergo
618 683 669 720 se
691 666 1027 735 antiquiorem
1048 663 1240 735 peperit
1256 659 1558 735 _(Serm._l).
1580 691 1652 735 τ
1674 657 1868 735 Paulus
1886 658 2052 735 dixit:

483 728 652 789 diaria
669 728 862 805 peperit
880 728 1292 805 hominemnobis
1308 730 1573 805 azqnalem.
1597 728 1872 805 Nestorius
1891 728 2051 805 dixit:

481 807 648 859 Ilomo
669 797 762 866 est,
785 805 869 866 qui
884 813 1033 855 natus
1055 819 1118 855 ex
1136 801 1349 871 Virgine
1365 797 1574 867 (Ibid).
1591 831 1664 871 -—:
1680 797 1872 871 Paulus
1892 797 2052 850 dixit:

478 876 664 928 Melior
689 883 764 926 est
791 890 904 926 vero
936 889 1025 942 per
1051 867 1247 932 omnia,
1271 871 1513 942 quoniam
1535 885 1600 942 ea;
1628 867 1825 936 Spiritu
1852 877 2052 942 sancto,

475 956 524 997 et
544 963 607 998 ex
633 935 1096 1012 Scripturis,:et_rex
1119 935 1561 1012 promissionibus,
1584 937 1635 1012 in
1659 935 1717 989 eo
1740 937 1927 1012 g_ratia.
1949 935 2057 1012 ΔΝει-

475 1015 672 1067 storius
700 1005 830 1064 dixit
858 1029 870 1061 :
916 1009 1030 1062 Vidi
1057 1005 1210 1068 enim,
1243 1009 1432 1076 inquit,
1467 1006 1718 1076 Spiritum
1740 1005 2054 1057 descenden-

478 1094 573 1136 tem
596 1083 739 1152 quasi
765 1080 1140 1152 columbam,et
1151 1075 1620 1152 manentemsuper
1643 1091 1756 1128 eum
1781 1075 1946 1152 illum,
1971 1076 2056 1144 qui

476 1144 823 1206 ascensionem
837 1151 882 1202 ei
899 1150 1126 1201 donavit.
1145 1147 1195 1199 Μ
1202 1148 1422 1208 andans,
1446 1144 1629 1215 inquit,
1647 1144 1910 1215 apostolis,
1930 1161 2054 1215 quos

476 1223 630 1291 elegit
657 1236 745 1291 per
772 1220 1022 1288 Spiritum
1043 1226 1308 1291 senatum,
1326 1212 1708 1291 assumptusrst
1734 1214 1867 1291 (ξι-ει.
1902 1212 2052 1291 1,95);

477 1282 824 1356 (ιιιῖυἱάειὶεεί
841 1297 1037 1340 tantam
1052 1286 1258 1356 Christo
1275 1286 1481 1339 donavit
1499 1282 1732 1356 'gloriam
1751 1282 1943 1352 (Serm.
1975 1283 2050 1348 '5).

494 1353 549 1402 L—
577 1359 770 1412 Paulus
797 1357 930 1410 dixit
964 1375 975 1408 :
1021 1355 1088 1408 Ut
1138 1372 1297 1426 neque
1339 1357 1425 1426 qui
1464 1353 2051 1426 exiDariduortusest,

474 1430 675 1486 alienus
698 1430 765 1480 sit
785 1444 815 1479 α
835 1428 1091 1495 sapientia
1113 1442 1129 1486 ;
1153 1422 1312 1496 neque
1333 1422 1585 1496 sapientia
1613 1424 1668 1475 in
1691 1422 2056 1496 ulio_sic_i_nha-

478 1501 617 1554 bitet.
646 1496 850 1549 Etenim
873 1489 926 1549 in
947 1496 1205 1565 prophetis
1230 1489 1346 1546 erat
1364 1536 1377 1559 ,
1393 1489 1567 1562 magis
1591 1501 1773 1565 autem
1798 1493 1852 1565 in
1882 1489 1933 1542 Μ
1943 1507 2046 1565 ose,

477 1577 527 1620 et
555 1570 608 1620 in
638 1567 818 1638 mult:-'_s_
849 1561 1066 1638 dominis
1098 1565 1334 1638 [κυρίοις.
1370 1561 1642 1638 prmcipttis
1680 1561 1851 1638 viris];
1886 1561 2052 1638 potius

479 1646 647 1689 autem
677 1637 728 1687 in
759 1629 1274 1704 Christo,_tamqu'am
1301 1629 1701 1704 in'_templ_o;_et
1727 1629 1852 1704 alibi
1880 1629 2050 1704 dixit,

477 1707 636 1758 alium
657 1721 764 1756 esse
782 1704 958 1756 Jesum
979 1698 1254 1766 Christ-um,
1279 1713 1326 1754 et
1347 1698 1509 1754 aliud
1523 1699 1755 1752 Verbum.
1781 1698 2056 1751 Nestorius

477 1776 639 1828 dixit:
661 1772 925 1841 Numquid
939 1773 1178 1842 possibile
1197 1782 1270 1825 est
1291 1788 1422 1842 cum,
1451 1771 1534 1842 qui
1548 1780 1667 1842 ante
1680 1767 2055 1842 omniasatculn

477 1855 630 1897 natus
645 1853 737 1905 est,
763 1837 904 1895 aliud
917 1837 1072 1895 semel
1087 1841 1224 1912 [ἄλλο
1241 1840 1397 1911 ἅπαξ]
1415 1837 1557 1892 nasci
1574 1850 1624 1912 et
1636 1840 1728 1912 hoc
1743 1837 2056 1912 Divinitate?

2157 671 2294 725 que,
2335 671 2458 711 cum
2496 655 2668 710 factus
2693 663 2838 725 esset
2873 654 3061 718 lector,
3089 654 3141 709 in
3168 654 3559 711 conscribendis
3583 656 3714 714 libris

2158 724 2470 794 obsequium
2507 725 2771 795 pmstitit.
2812 724 2904 795 Ab
2921 725 3100 795 Attico
3123 725 3310 779 deinde
3327 763 3342 786 ,
3366 725 3456 792 qui
3484 731 3714 784 successit

2157 794 2540 866 Chrysostomo
2575 803 2697 864 post
2717 794 3004 866 iArsacium
3018 794 3319 866 ,_diaconus
3357 796 3713 866 presbyterque

2157 863 2434 919 ordinatus
2461 873 2559 928 est,
2576 863 2858 934 "cmpitque
2879 871 3005 934 tunc
3024 863 3218 918 docere
3242 863 3526 934 populum,
3541 863 3713 934 magna

2157 936 2371 1002 quidem
2401 931 2740 1003 eloquentius,
2765 931 2857 988 sed
2890 933 3098 1004 majore
3133 931 3346 1004 pietatis
3380 931 3534 987 fama.
3581 931 3714 992 Fecit

2158 1004 2247 1058 illa
2276 1019 2406 1059 vero
2431 1012 2489 1058 ut
2509 1005 2721 1071 quoties
2749 1005 2958 1058 vacavit
2977 1003 3150 1066 sedes,
3187 1012 3404 1058 vocatus
3431 1004 3499 1057 sit
3525 1005 3575 1057 in
3601 1021 3713 1060 con-

2156 1075 2452 1128 tentionem
2500 1067 2567 1127 de
2611 1067 2920 1142 episcopatu
2969 1088 3088 1127 cum
3137 1073 3582 1142 praestantissimis
3607 1075 3714 1131 aliis

2156 1143 2378 1212 hujusce
2419 1142 2669 1197 Ecclesia:
2697 1143 3021 1264 presbﬁteris
3047 1161 3058 1195 :
3091 1159 3215 1196 nam
3247 1153 3368 1212 post
3399 1143 3552 1197 Attici
3579 1160 3714 1198 mor-

2156 1221 2283 1264 tem.
2316 1228 2437 1264 cum
2479 1211 2713 1264 Sisinnio
2741 1218 2796 1264 et
2819 1211 2858 1262 P
2899 1212 3096 1264 ilinno:
3131 1221 3252 1264 nost
3271 1213 3472 1264 obitum
3493 1212 3712 1264 Sisinnii.

2156 1211 2283 1274 tein,
2316 1228 2437 1266 cum
2479 1211 2713 1281 Sisinnio
2741 1218 2796 1266 et
2819 1211 3096 1281 Philippo;
3131 1211 3472 1281 post’ohitum
3493 1212 3712 1280 Sisinnii,

2155 1282 2347 1336 iterum
2376 1297 2494 1335 cum
2530 1279 2793 1350 Philippo,
2846 1279 3191 1350 pertinaciter
3221 1281 3593 1336 dissidentibus
3618 1285 3716 1338 cle-

2154 1351 2311 1414 ricis;
2352 1361 2474 1420 post
2509 1351 2899 1419 depositionem
2940 1351 3205 1416 Nestorii,
3247 1367 3432 1405 rursus
3457 1368 3576 1406 cum
3603 1352 3717 1407 Phi-

2156 1420 2301 1490 lippo
2324 1429 2378 1474 et
2407 1420 2728 1474 Maximiano
2743 1420 2925 1490 ,virtus
2946 1421 3112 1489 ipsius
3131 1421 3436 1475 contendit:
3459 1421 3549 1474 sed
3570 1424 3717 1478 toties

2155 1489 2424 1560 repulsam
2447 1491 2585 1553 tulit,
2619 1505 2716 1544 nec
2736 1489 2920 1560 invita,
2949 1501 3172 1560 propter
3201 1491 3456 1556 insignem
3494 1492 3590 1544 viri
3611 1507 3716 1546 mo—

2155 1559 2378 1613 destiam
2408 1569 2463 1613 et
2490 1575 2699 1614 morum
2726 1559 3082 1614 sanctitatem.
3124 1559 3366 1629 Repulsa:
3385 1576 3541 1614 causa
3564 1560 3718 1616 fertur

2153 1631 2347 1698 partim
2393 1629 2789 1699 Chrysostomi
2820 1629 3156 1683 inimicorum
3200 1630 3410 1699 molitio
3454 1645 3520 1684 ex
3564 1631 3717 1697 aula;

2157 1697 2352 1766 partim
2383 1697 2604 1753 nimium
2630 1697 2812 1768 populi
2847 1699 3098 1762 studium,
3127 1697 3354 1768 indeque
3373 1700 3592 1754 suborta
3620 1701 3714 1754 im-

2157 1768 2412 1838 peratori,
2444 1768 2557 1822 sive
2584 1767 2834 1838 suspicio,
2867 1768 2980 1838 sive
3009 1767 3332 1834 invidentia;
3363 1769 3551 1838 partim
3580 1785 3720 1824 com-

2158 1837 2446 1906 petitorum
2465 1837 2839 1908 _gratia’apud
2880 1837 3103 1892 clericos
3131 1839 3277 1893 urbis
3310 1837 3720 1908 clericorumqiw

477 1911 617 1966 Ecce
640 1915 892 1996 pronatus
917 1920 999 1966 est
1021 1905 1202 1993 aperte
1225 1905 1810 1996 transgifssord'i‘ceus:
1839 1905 1957 1959 Non
1981 1915 2058 1988 est
2088 1937 2134 1996 Β
2160 1905 2354 1996 metus,
2374 1921 2442 1987 ne
2465 1905 2704 1969 Proclus,
2725 1905 3092 1996 C'nrysostomi
3113 1909 3376 1996 exemplo,
3401 1905 3717 1996 (liscipliitam

476 1977 710 2036 natus‘de
733 1981 924 2052 diaria,
950 1983 1033 2052 qui
1058 1977 1213 2052 notus
1235 1991 1306 2034 est
1328 1980 1389 2032 de
1411 1978 1587 2052 Patre.
1623 1977 1760 2031 Ecce
1789 1978 2057 2052 consentit

477 2053 730 2105 hmrelien
755 2051 916 2103 Paulo
936 2045 1151 2113 dicenti,
1170 2052 1328 2103 alium
1341 2066 1449 2103 esse
1470 2047 1704 2110 Verbum,
1722 2057 1771 2099 et
1790 2047 1946 2099 alium
1965 2045 2056 2098 Je-

473 2137 587 2174 sum
615 2120 890 2183 Christum,
921 2128 975 2174 et
999 2135 1102 2172 non
1125 2134 1242 2173 esse
1265 2134 1448 2180 unum,
1474 2118 1610 2170 sicut
1631 2126 1778 2170 recta
1802 2116 2056 2183 pnedicat.

477 2190 625 2243 lides.
642 2219 713 2232 -—~
727 2189 1012 2256 Propterea
1028 2189 1295 2256 designavi
1315 2189 1427 2248 tibi,
1453 2203 1485 2240 o
1510 2187 1682 2239 zelota
1698 2194 1895 2238 sanan
1911 2183 2051 2248 ﬁdei,

478 2268 686 2337 partem
717 2259 1070 2337 anathematis
1097 2256 1436 2337 [Aluimlgatis
1468 2256 1725 2337 codicibus
1743 2297 1756 2318 ,
1776 2258 2052 2337 μέροεβᾳῦ

477 2324 790 2402 paetum“
815 2327 1064 2402 Ecclesia:
1094 2324 1554 2402 Antiocher_i:e_(e_x
1581 2341 1684 2402 qua
1717 2324 1879 2402 etiarn
1899 2324 2054 2378 Chri-

477 2394 1113 2452 stianorum'vocabulum
1144 2399 1197 2450 in
1232 2399 1417 2466 primis
1445 2394 1914 2466 h'abuimus),quia
1945 2409 2053 2447 non

477 2470 625 2520 novit
637 2469 798 2521 alium
812 2476 865 2521 et
879 2469 1039 2520 alium
1060 2465 1245 2520 Filium
1261 2468 1373 2530 Dei;
1388 2465 1482 2519 sed
1497 2481 1678 2526 unum,
1697 2465 1788 2531 qui
1806 2471 1930 2516 ante
1945 2479 2055 2516 om-

481 2539 564 2590 nia
583 2538 776 2591 sa'cula
800 2546 955 2591 natus
973 2545 1078 2595 est,
1101 2537 1263 2591 Deum
1277 2553 1342 2589 ex
1369 2537 1476 2589 Deo
1499 2533 1675 2595 Patre,
1698 2533 2053 2587 consubstan-

474 2609 653 2662 tialem
681 2607 842 2669 Patri,
857 2615 911 2659 et
931 2607 1175 2660 eumdem
1199 2607 1296 2660 sub
1319 2608 1554 2672 Augusto
1570 2603 1783 2656 thsare
1802 2617 1871 2672 ex
1888 2600 2052 2656 Maria

479 2686 680 2729 natum.
703 2675 871 2729 Habet
886 2677 1028 2728 enim
1047 2690 1296 2743 expresse
1319 2696 1329 2726 :
1355 2670 1514 2726 Deum
1530 2689 1696 2725 rerum
1707 2689 1770 2724 ea:
1789 2670 1899 2724 Deo
1917 2688 2049 2737 vero,

479 2745 958 2799 consubstantialem
979 2743 1147 2806 Patri,
1172 2761 1260 2813 per
1278 2760 1423 2814 quem
1444 2753 1490 2795 et
1509 2743 1699 2796 saecula
1721 2751 1892 2794 creata
1913 2751 2048 2806 sunt,

473 2826 526 2884 et
551 2817 722 2868 omnia
745 2817 969 2884 perfecta
992 2829 1008 2864 :
1031 2815 1115 2884 qui
1138 2813 1343 2884 promer
1362 2829 1454 2866 nos
1476 2813 1626 2884 repit,
1654 2820 1874 2884 et_na_t_u_s
1897 2819 1971 2862 est
1989 2828 2054 2884 ea:

475 2883 650 2936 Maria
664 2879 846 2936 sancta
858 2879 1076 2953 virgine;
1099 2879 1148 2936 et
1163 2882 1437 2951 cruciﬁxus
1458 2882 1562 2953 sub;
1576 2880 1759 2953 Pontio
1778 2879 1972 2953 Pilatg.
1989 2879 2055 2934 Et

473 2954 678 3020 reliqua
701 2949 1340 3019 symboliI—Concordat
1358 2960 1534 3005 autem
1552 2951 1633 3004 his
1646 2960 1702 3004 et
1721 2951 1907 3004 beatus
1921 2949 2054 3003 Eus-

474 3024 690 3080 tathius.
715 3022 806 3088 qui
828 3022 923 3076 fuit
937 3023 1217 3092 episcopus
1237 3021 1550 3092 Antiochize,
1576 3036 1712 3074 unus
1731 3020 1966 3073 existens
1986 3035 2053 3073 ex

475 3093 728 3145 trecentis
747 3092 930 3146 decem
947 3091 1136 3161 etocto
1157 3091 1422 3161 episcopis
1439 3091 1490 3145 in
1514 3098 1703 3161 sancto
1719 3103 1909 3161 magno
1924 3105 2053 3143 con-

475 3161 620 3221 cilzo,
640 3162 823 3215 dicens
848 3163 918 3214 ita
947 3180 959 3214 :
991 3159 1111 3214 Non
1131 3157 1298 3216 solum
1318 3157 1486 3222 homo,
1512 3160 1602 3214 sed
1621 3161 1775 3212 etiam
1799 3157 1934 3211 Deus
1955 3169 2047 3223 est,

471 3233 605 3301 sicut
633 3242 681 3283 et
706 3230 958 3285 leremias
983 3232 1226 3301 propheta
1248 3229 1623 3301 dicit_(Baruch
1649 3245 1736 3292 ιιι,
1780 3227 1868 3297 56)
1898 3245 1910 3301 :_

471 3299 614 3353 Deus
644 3311 834 3364 noster,
865 3297 1321 3370 non‘reputabitur
1341 3299 1839 3370 alteripratlereum.
1877 3297 2045 3350 Adin-

469 3371 606 3422 oenit
625 3386 825 3439 omnem
843 3373 977 3423 viam
998 3366 1302 3439 disciplinas,
1315 3379 1365 3422 et
1385 3366 1524 3422 dedit
1544 3385 1653 3422 eam
1675 3366 1869 3420 Iacobo
1891 3384 2046 3439 puero

469 3455 584 3499 suo,
609 3449 657 3491 et
683 3438 848 3492 Israel
868 3439 1052 3492 dilecto
1072 3437 1181 3493 suo.
1207 3439 1334 3492 Post
1354 3439 1462 3506 haec
1483 3440 1535 3491 in
1557 3447 1694 3492 terra
1715 3437 1973 3506 apparuit,
1999 3446 2048 3490 et

470 3524 584 3561 cum
610 3507 898 3563 hominibus
919 3520 1240 3562 conversatus
1255 3519 1346 3561 est.
1369 3505 1586 3571 Quando
1605 3508 1759 3576 igitur
1779 3505 2048 3560 conversa-

471 3587 550 3650 tus
569 3588 645 3650 est
666 3595 778 3630 cum
803 3577 1109 3650 hominibus,
1138 3580 1239 3632 nisi
1259 3577 1464 3650 quando
1485 3587 1636 3650 natus
1656 3586 1731 3629 est
1751 3592 1863 3628 cum
1891 3577 1963 3650 eis
1983 3593 2048 3630 ea:

483 3646 708 3719 Virgine,
732 3657 917 3719 et_cum
939 3649 1016 3701 his
1048 3649 1243 3719 infans,
1271 3645 1324 3719 et
1343 3649 1620 3712 concrevit,
1650 3655 1700 3699 et
1727 3645 1966 3719 comedit,
1997 3656 2048 3700 et

468 3715 741 3770 combibit?
765 3716 828 3769 Et
843 3719 1032 3771 alia.—-
1053 3715 1242 3786 Siquis
1263 3718 1422 3784 igitur
1435 3716 1829 3786 praesumpserit
1845 3716 2042 3786 dicere,

467 3788 629 3840 alium
651 3802 768 3840 esse
799 3787 987 3841 Filium
1017 3783 1358 3842 ante—secula
1380 3783 1728 3854 unigenitum,
1751 3786 1841 3853 qui
1857 3785 1924 3839 de
1945 3783 2045 3839 Pa-

470 3865 549 3910 tre
559 3866 718 3910 natus
729 3866 828 3920 est,
844 3867 898 3910 et
913 3858 1072 3911 alium
1086 3873 1151 3912 ex
1165 3857 1328 3910 Maria
1343 3857 1546 3924 virgine
1559 3865 1759 3917 natum,
1777 3871 1883 3909 non
1896 3871 2045 3909 eum-

464 3925 585 3979 dem
611 3943 768 3980 untnu
795 3927 1069 3980 Dominum
1089 3926 1268 3981 Jesum
1291 3925 1579 3990 Christum,
1605 3925 1886 3978 anathema
1908 3929 1994 3978 sit.
2018 3943 2037 3976 ι

540 4007 566 4032 ἰ
605 3995 868 4062 Quoniam
898 3995 1118 4066 Proclus
1147 3994 1746 4066 orationeﬂpanegyrica
1789 3994 1840 4047 in
1871 3993 2043 4066 Virgi-

465 4080 588 4119 nem
617 4068 860 4121 Θεοτὸκον
890 4065 1082 4121 refellit
1114 4067 1345 4136 primum
1382 4064 1615 4136 Nestorii
1651 4077 1954 4118 sermonem
1975 4064 2043 4118 de

465 4137 706 4204 virgineo
742 4146 941 4205 partu;
995 4143 1051 4190 et
1095 4134 1354 4205 vicissim,
1379 4134 1656 4189 Nestorius
1705 4141 1900 4205 quarto
1943 4149 2042 4205 suo

463 4202 713 4261 seriuone
741 4202 1039 4260 orationem
1069 4206 1241 4262 Procli
1269 4204 1568 4272 redarguit,
1602 4202 1922 4257 conferenda
1943 4202 2043 4256 fuit

466 4275 580 4328 lucc
598 4276 771 4329 oratio
803 4277 941 4331 hunc
968 4277 1020 4330 in
1042 4277 1239 4341 locum,
1264 4291 1373 4330 non
1393 4283 1600 4327 tantum
1629 4280 1687 4326 ut
1714 4273 2044 4327 demonstra-

464 4351 615 4414 retur
641 4359 800 4414 causa
828 4361 921 4399 cur
951 4347 1287 4414 postmodum
1321 4344 1595 4400 Nestorius
1615 4343 1689 4396 nil
1709 4341 1828 4414 fere
1849 4342 2042 4414 dixerit

465 4412 608 4492 quod
639 4413 704 4492 ad
728 4411 996 4492 negotium
1027 4416 1405 4492 incarnationis
1424 4421 1712 4492 spectaret,
1742 4411 2038 4492 quin_l_'ure-

466 4490 550 4534 ret
572 4482 621 4534 in
646 4480 922 4546 Proclum;
953 4485 1046 4537 sed
1067 4487 1247 4548 etiam,
1280 4485 1364 4539 vel
1391 4480 1651 4548 maxime,
1688 4480 1814 4548 quia
1833 4482 2041 4537 videtur

465 4551 810 4620 interpretem
839 4553 1036 4606 habere
1065 4553 1434 4617 Mercatorem,
1462 4562 1521 4606 ut
1539 4568 1664 4606 mox
1685 4551 1909 4606 dicetur.

539 4624 564 4658 δ
604 4620 723 4675 Fuit
749 4623 836 4675 ille
859 4624 1075 4691 quidem
1096 4639 1193 4676 suo
1222 4631 1464 4691 tempore
1489 4621 2039 4691 Constantinopolita-

465 4703 564 4746 nus
604 4693 886 4763 episcopus
908 4733 923 4755 ,
973 4691 1520 4763 postLMAaximianumg
1551 4692 1754 4747 scilicet
1790 4693 2039 4763 Nestorio

462 4763 707 4831 deposito
735 4760 1044 4826 sull‘ectum;
1079 4761 1272 4816 dicitur
1299 4769 1474 4815 tamen
1509 4761 1563 4814 in
1591 4762 1840 4832 pnesenti
1878 4760 2040 4832 Cyzi-

461 4847 647 4896 ceuus,
677 4835 800 4900 quia
831 4849 952 4886 cum
974 4834 1194 4886 haberet
1219 4833 1547 4900 orationem,
1584 4831 1655 4884 ita
1679 4831 1837 4900 vulgo
1867 4831 2040 4886 nomi-

462 4899 707 4956 nabatur.
751 4901 943 4956 Fuerat
971 4904 1113 4956 etiim
1153 4901 1218 4955 ad
1257 4902 1436 4955 sedem
1475 4899 2034 4972 CyzicenteEcclesiaa

463 4981 679 5025 evectus
715 4988 742 5024 a
772 4973 1003 5026 Sisinnio
1041 4972 1268 5025 Nestorii
1293 4970 1646 5040 praecessore,
1683 4970 1777 5024 sed
1803 4972 2034 5039 rejeetus

463 5058 490 5093 a
504 5041 643 5112 Cyzit
661 5043 777 5095 enis
787 5043 1009 5106 clericis,
1027 5043 1190 5112 ipsius
1206 5042 1327 5096 licet
1343 5041 1588 5095 virtutem
1600 5041 2029 5112 suspicientibus,

461 5111 724 5177 siquidem
751 5113 1001 5165 volebant
1028 5111 1261 5166 retinere
1290 5113 1660 5165 auctoritatem
1692 5111 1916 5178 eligendi
1951 5111 2033 5164 sui

461 5181 696 5248 episcopi
713 5221 727 5244 ,
752 5195 908 5249 quam
936 5183 1081 5235 urbis
1101 5183 1257 5250 regia:
1286 5183 1506 5234 antistes
1525 5189 1709 5235 contra
1729 5196 1961 5250 canones
1982 5189 2037 5233 et

458 5251 896 5304 consuetudinem
914 5249 1184 5307 assumere
1197 5253 1435 5305 tentabat
1453 5270 1465 5303 :
1483 5267 1668 5320 quare,
1687 5251 1886 5315 rejecto
1904 5249 2034 5320 Pro-

457 5321 542 5373 clo
563 5333 718 5386 quem
742 5320 1004 5376 Sisinnins
1029 5322 1352 5382 ordinasset,
1387 5319 1702 5374 Dalmatium
1724 5321 1822 5374 sibi
1845 5319 2033 5389 praele-

456 5398 672 5454 ccrunt;
706 5389 924 5445 Proclus
959 5408 1086 5445 vero
1111 5391 1572 5460 Constantitmpoli
1601 5391 2029 5460 remansittepi-

457 5460 600 5532 scopi
611 5462 821 5527 quidem
835 5463 1006 5524 titulo,
1023 5463 1114 5516 sed
1128 5463 1440 5532 presbyteri,
1457 5458 1665 5514 ulerata
1674 5476 1703 5512 n
1712 5470 1814 5519 tea,
1830 5458 2024 5532 olﬁcio.

526 5531 621 5586 Diu
663 5548 823 5601 porro
864 5534 995 5587 vixit
1045 5533 1096 5586 in
1130 5530 1370 5588 Ecclesia
1409 5530 2022 5601 Constantinopolitana,

451 5600 734 5672 Antequam
757 5602 870 5672 ejus
895 5604 1076 5660 sedem
1106 5605 1374 5658 obtineret
1400 5620 1412 5654 :
1443 5601 1663 5655 adhmsit
1685 5601 1827 5652 enim
1845 5600 2024 5672 adhuc

452 5670 763 5732 adolescens
786 5670 1191 5740 'Chrysostomo
1230 5684 1498 5727 tamquam
1548 5670 1886 5724 aIII'mI'Pnsiq
1946 5670 2012 5718 ei-

2158 1976 2458 2044 religiosins
2489 1985 2712 2032 teneret.
2763 1975 2890 2030 Post
2917 1985 2998 2030 tot
3042 1975 3283 2045 repulsas
3318 1975 3720 2032 tandem'Maxi-

2158 2046 2320 2098 miani
2350 2046 2460 2100 fato
2488 2046 2652 2100 functi
2675 2045 2854 2100 sedem
2884 2046 3302 2109 ohtinuit’tAnn.
3335 2047 3478 2113 434),
3507 2049 3722 2102 sublatis

2155 2116 2394 2184 pristinis
2415 2116 2657 2170 obicibus
2681 2133 2694 2168 :
2725 2131 2848 2168 nam
2869 2123 2923 2168 et
2951 2116 3073 2169 aula
3103 2115 3334 2171 redierat
3351 2118 3498 2171 velut
3523 2118 3578 2170 in
3608 2131 3722 2185 gra-

2157 2185 2283 2258 tiam
2313 2201 2433 2258 cum
2459 2185 2843 2258 Chrysostomo
2861 2193 2958 2258 ;_e-t
2990 2187 3221 2258 probata
3245 2187 3404 2258 longo
3433 2203 3526 2240 usu
3554 2187 3725 2242 Procli

2157 2255 2325 2308 virtus
2371 2256 2709 2324 imperatoris
2746 2255 3105 2323 suspicionem
3134 2255 3187 2309 in
3218 2255 3417 2311 cultum
3445 2268 3723 2312 converte-

2159 2333 2277 2390 rat;
2309 2333 2364 2395 et
2385 2323 2658 2394 Philippus
2687 2324 2993 2395 opinionem
3021 2325 3087 2380 de
3121 2341 3180 2379 se
3205 2335 3514 2395 conceptam
3541 2341 3724 2381 corru-

2193 2403 2308 2464 erat
2334 2394 2635 2464 importuna
2672 2394 2961 2464 proborum
3001 2394 3429 2460 obtrectatione;
3471 2402 3522 2449 et
3551 2411 3723 2450 canon

2205 2463 2422 2534 iczcnus,
2453 2479 2561 2532 quo
2590 2463 2906 2534 prohibetur
2931 2464 3305 2534 episcoporum
3335 2465 3633 2528 translatio,
3661 2481 3724 2520 ex

2153 2532 2346 2588 litteris
2368 2532 2640 2588 leestini
2667 2548 2820 2602 papa:
2854 2533 2924 2604 i_ta
2957 2532 3293 2604 commodam
3320 2535 3723 2604 explicationem

2154 2613 2452 2672 receperat,
2486 2610 2544 2657 ut
2577 2601 2686 2671 jam
2729 2601 2833 2657 non
2863 2601 3083 2658 Proclns
3105 2644 3120 2667 ,
3168 2605 3213 2658 si
3241 2601 3656 2659 constitueretur
3676 2607 3725 2659 in

2154 2671 2294 2727 sede
2320 2671 2952 2741 Constantinopolitana,
2997 2673 3170 2743 videri
3218 2684 3417 2743 posset,
3466 2676 3611 2742 quod
3653 2676 3724 2728 ait

2154 2743 2438 2824 aliquando
2468 2743 2845 2824 Hieronymus,
2856 2742 3091 2824 virginis
3112 2742 3448 2824 pauperculm
3469 2745 3725 2824 societate

2153 2821 2478 2878 contempta,
2501 2812 2705 2866 ditioris
2727 2812 2979 2866 adultera:
2999 2812 3274 2882 amplexus
3301 2829 3554 2881 quaerere.
3596 2814 3726 2879 Quid

2154 2892 2330 2936 autem
2373 2884 2424 2935 in
2465 2883 2778 2951 episcopatu
2802 2883 3030 2949 gesserit
3061 2891 3202 2936 totos
3229 2883 3506 2937 duodecim
3532 2898 3722 2946 annos,

2153 2952 2345 3023 quibus
2385 2951 2630 3023 praefuit,
2683 2952 2731 3004 id
2761 2961 2878 3023 est,
2930 2952 2996 3005 ad
3037 2968 3234 3006 annum
3261 2968 3431 3021 usque
3457 2951 3593 3023 446,
3625 2969 3728 3023 quo

2153 3022 2261 3075 vita
2290 3019 2538 3091 decessit,
2566 3030 2748 3075 narrat
2777 3019 3045 3088 Socrates,
3068 3037 3230 3091 quem
3251 3031 3307 3076 tu
3327 3019 3562 3076 consule.

2227 3094 2248 3161 ἒ
2289 3090 2346 3145 Si
2375 3099 2483 3144 tam
2522 3099 2710 3145 exacte
2756 3098 2986 3160 tempus,
3028 3090 3190 3160 quam
3229 3093 3435 3161 reliqua
3480 3091 3725 3159 adjuncta

2153 3159 2386 3215 ediceret
2426 3161 2646 3222 titulus,
2692 3175 2799 3214 non
2840 3159 3026 3230 parum
3049 3159 3190 3217 lucis
3217 3159 3432 3216 aﬂ‘erret
3457 3161 3727 3226 historian;

2153 3230 2406 3284 nonnulla
2443 3237 2620 3284 tamen
2666 3238 2946 3284 auctorum
2989 3230 3161 3295 dicta,
3205 3232 3577 3298 nonnullasque
3608 3248 3731 3286 ora-

2075 3301 2120 3363 C
2153 3300 2314 3371 tionis
2341 3314 2500 3371 voces
2519 3300 2789 3354 silentium
2812 3301 2952 3371 tituli
2980 3303 3180 3371 sarcire
3208 3310 3448 3371 possunt.
3479 3300 3729 3356 liabitam

2150 3369 2425 3440 diximusl
2443 3369 2689 3440 lupae].
2721 3370 2882 3438 hist.)
2911 3386 3036 3424 ann.
3067 3370 3187 3436 4:29,
3211 3369 3310 3440 'qui
3331 3371 3599 3425 secundus
3628 3371 3730 3426 Ne-

2149 3439 2320 3502 storii,
2341 3437 2438 3514 die
2465 3437 2725 3514 2__5’Mar_t_ii
2745 3480 2759 3504 ,
2788 3437 2909 3514 cum
2937 3437 3298 3514 celebraretur
3323 3441 3688 3514 ramalia-p6:
3711 3459 3723 3493 :

2147 3523 2292 3586 nam,
2309 3509 2355 3564 si
2370 3509 2637 3564 credimus
2651 3509 2981 3586 TheOphani,
2999 3510 3173 3563 habita
3196 3521 3280 3566 est
3299 3514 3350 3565 ἐν
3370 3509 3462 3586 pie
3480 3509 3725 3586 ιινρὲᾳκῇ.

2146 3577 2222 3631 Ea
2240 3594 2366 3655 vero
2385 3587 2726 3655 est_pote_stas
2739 3577 2887 3655 vocis
2907 3587 3142 3655 Κυρωιςῂ,
3167 3589 3224 3635 ιιι
3233 3577 3456 3655 quando
3469 3577 3730 3655 abis-ninia

2147 3649 2381 3718 ponitur,
2401 3649 2777 3703 solemniorem
2806 3649 3034 3718 aliquem
3063 3650 3202 3704 diem
3226 3651 3417 3704 festum
3439 3650 3724 3719 signiﬁcet,

2145 3719 2557 3794 subintelligitur
2584 3719 2726 3772 enim
2755 3721 2904 3794 ἔορτὴ
2930 3738 2942 3772 :
2975 3721 3188 3788 quando
3219 3736 3345 3794 vero
3377 3721 3726 3794 diem__unum

2145 3788 2489 3843 hebdomada‘.
2513 3829 2528 3852 ,
2578 3803 2790 3857 semper
2807 3788 3011 3844 habeat
3032 3829 3048 3851 ,
3101 3797 3194 3843 aut
3220 3791 3383 3844 ferme
3407 3831 3422 3855 ,
3459 3789 3724 3857 adjectam

2144 3857 2284 3935 hanc
2323 3861 2716 3935 vocemriipipa.
2764 3857 2898 3912 Cum
2941 3873 3068 3926 ergo
3088 3860 3273 3935 “nulla
3297 3859 3565 3935 diceretur
3594 3861 3722 3935 olim

2143 3928 2292 4005 ερρτή
2314 3934 2535 4005 neptuni;
2563 3927 2912 4005 praeterquam
2934 3945 3052 3997 qu.e
3079 3927 3276 3983 Christi
3308 3931 3388 4005 vel
3410 3930 3581 4005 beate
3605 3929 3720 4005 νιν.

2142 3997 2281 4065 ginis
2310 3997 2479 4061 for'et;
2507 4015 2607 4053 nec
2628 3999 2728 4052 ista
2757 3999 2957 4066 tlequa
2995 4014 3172 4052 sermo
3207 4009 3290 4054 est
3311 3997 3504 4053 Christi
3535 3999 3721 4061 fuerit,

2142 4067 2238 4139 sed
2259 4067 2517 4139 Virginis;
2554 4068 2629 4121 ait
2653 4068 2794 4122 enim
2824 4065 3047 4122 Proclus
3072 4085 3084 4121 :
3140 4068 3421 4139 Virginalis
3455 4069 3611 4122 hodie
3638 4086 3722 4122 so-

2143 4136 2378 4191 lemnitas
2419 4138 2646 4208 linguam
2666 4146 2915 4208 nostram
2952 4141 3007 4191 in
3045 4136 3358 4208 praeconium
3387 4149 3561 4202 vocat,
3587 4148 3720 4203 etc.;

2140 4221 2368 4274 cumque
2406 4206 2743 4276 aADecenibri
2787 4223 2971 4261 mense
2993 4248 3007 4270 ,
3047 4206 3164 4276 quo
3211 4207 3384 4264 dictus
3415 4219 3496 4262 est
3533 4224 3722 4263 sermo

2140 4277 2362 4347 primus
2386 4291 2416 4329 a
2452 4274 2720 4347 Nestor-io,
2753 4292 2922 4345 usque
2961 4276 3028 4330 ad
3059 4274 3247 4331 festum
3277 4277 3584 4344 Paschalis,
3610 4293 3722 4347 quo

2139 4345 2395 4416 temporis
2414 4347 2586 4416 spatio
2609 4346 2804 4402 factam
2827 4355 3040 4415 oportet
3063 4348 3380 4412 orationem,
3397 4349 3536 4401 nulla
3558 4345 3727 4402 exsti-

2138 4416 2265 4470 terit
2279 4415 2539 4495 ejusmodi
2560 4417 2702 4495 έορτή
2719 4419 3276 4495 prater-segminapr
3289 4460 3302 4478 ,
3328 4419 3380 4470 in
3402 4433 3721 4495 quaomnes

2137 4487 2497 4557 conveniunt;
2529 4487 2655 4543 tunc
2693 4487 2951 4557 temporis
2989 4487 3199 4542 habitus
3226 4497 3308 4542 est
3335 4487 3721 4557 proculdubio

2139 4556 2489 4627 panegyricus
2515 4571 2692 4627 sermo
2729 4555 2795 4610 de
2831 4572 2938 4624 quo
2966 4557 3207 4624 agimus:
3245 4555 3369 4610 nam
3407 4556 3547 4627 «inod
3580 4573 3720 4612 can-

2139 4625 2248 4707 sari
2275 4625 2912 4707 pessetlaliquis‘propter
2938 4627 3190 4707 nonnulla
3219 4627 3429 4707 concilii
3461 4626 3718 4707 Toletani

2141 4705 2177 4748 x
2205 4696 2386 4759 verba,
2421 4696 2654 4763 istasque
2677 4695 2812 4749 tituli
2836 4710 2996 4751 voces
3019 4714 3031 4748 :
3071 4696 3131 4750 In
3156 4695 3572 4750 lncarnationem
3598 4696 3720 4751 Bo—

2140 4766 2267 4847 ηιὶιᾴ
2295 4765 2458 4847 nostri
2482 4763 2607 4847 J‘esu
2645 4764 2841 4847 Christi
2879 4763 2927 4847 (.l
2959 4776 3094 4836 part.
3131 4765 3286 4847 (iper.
3323 4765 3719 4847 alienati),

2140 4834 2338 4904 dixisse
2367 4834 2614 4889 Proclum
2645 4835 2698 4888 in
2718 4834 2945 4904 ecclesia
2960 4834 3071 4904 pro
3104 4834 3304 4903 virgine
3334 4837 3580 4904 Deipara,
3625 4834 3721 4890 die

2139 4903 2207 4956 l8
2241 4904 2574 4979 Decembris,
2618 4905 2707 4973 qui
2751 4903 2916 4979 festus
2957 4903 3329 4979 εὖαγγςλςσμῷ,
3375 4903 3480 4958 nOn
3528 4907 3722 4970 magni

2140 4973 2280 5044 apud
2307 4989 2393 5027 me
2427 4983 2509 5027 est
2547 4975 2825 5028 momenti.
2865 4975 2997 5028 Nam
3029 4973 3128 5029 etsi
3167 4973 3336 5029 fateor
3362 4991 3536 5044 unam
3558 4991 3720 5028 eam-

2139 5043 2366 5114 demque
2421 5044 2814 5114 solemnitatem
2879 5045 3040 5098 modo
3102 5047 3461 5114 εὐαγγελισμὸν
3510 5043 3720 5097 dictam

2138 5113 2330 5188 fuisse,
2371 5127 2474 5188 qua
2502 5113 2769 5188 Virginem
2791 5115 3094 5188 spectabat;
3125 5113 3719 5188 modosmepamn.

2138 5198 2244 5258 qua
2271 5184 2570 5258 Christum;
2603 5185 2714 5237 scio
2739 5195 2914 5258 tamen
2943 5185 3251 5258 opinionem
3279 5184 3345 5238 de
3365 5184 3720 5258 εὑαὲῃνελισμῷ

2139 5267 2170 5306 a
2197 5252 2394 5307 Graecis
2413 5253 2539 5307 olim
2559 5268 2741 5307 mense
2761 5252 3037 5309 Decembri
3060 5254 3328 5308 celebrato
3347 5295 3360 5316 ,
3385 5252 3556 5321 neque
3579 5252 3717 5306 cer.

2139 5330 2246 5375 tam
2271 5339 2418 5388 esse,
2445 5321 2588 5390 quod
2615 5338 2681 5376 eo
2709 5323 2810 5377 loci
2833 5322 3186 5386 coniecimus;
3217 5339 3415 5390 neque,
3454 5332 3511 5376 ut
3539 5335 3718 5384 esset,
3771 5346 3808 5388 χ,

2138 5392 2318 5446 valere
2365 5393 2495 5444 satis
2539 5391 2605 5444 ad
2654 5392 3019 5447 diﬂicnitatem
3069 5393 3390 5456 tollendam,
3441 5391 3715 5460 siquidem

2137 5461 2370 5533 historia:
2400 5463 2708 5533 ratio_vetat
2735 5478 2803 5516 ne
2839 5464 3187 5533 panegyricus
3215 5478 3394 5516 sermo
3433 5461 3603 5515 Procli
3656 5463 3716 5515 in

2133 5532 2276 5584 aliud
2303 5541 2510 5600 tempus
2536 5531 2827 5586 dilleratur.

2205 5597 2546 5673 ‘fNestorius
2597 5603 2649 5655 in
2689 5619 2788 5673 suo
2845 5602 3134 5673 impietatis
3189 5617 3439 5673 sermone
3498 5597 3720 5673 nefarie

2129 5671 2292 5724 multa
2319 5673 2644 5741 protulerat.
2679 5671 2769 5728 sed
2805 5670 3240 5742 hzec'prmsertim
3267 5672 3502 5741 quinque
3527 5689 3537 5723 :
3566 5670 3713 5732 bea-
