3958 6178
240 303 347 357 777

1447 295 1606 352 ΙΜΡΙΙ
1643 295 1961 353 NESTOMI
2001 296 2230 353 δεηΜο
2268 295 2353 351 lll.

3421 307 3524 362 7η

311 413 452 467 Deus
480 420 695 488 tantum,
720 431 880 488 neque
907 431 1064 488 purus
1090 415 1258 488 Itonia,
1285 411 1727 488 sed_Emmauuel,
1754 414 1836 466 in-
1864 418 1909 477 Α
1941 415 2082 467 enim
2112 428 2334 482 serpens
2365 427 2459 482 per
2482 413 2899 468 inobedientiam
2925 430 3192 471 venenum
3223 417 3428 484 eﬂudit,
3455 423 3524 480 ibi

318 487 536 556 confuse
563 494 612 536 et
630 482 1117 540 iitcominutabiliter
1150 484 1287 538 Deus
1308 493 1357 537 et
1375 484 1546 536 homo.

460 598 489 628 ⁸
515 597 814 660 luterprete,
838 606 891 648 ut
913 599 1120 657 videtur,
1147 597 1297 646 Mario
1323 597 1614 647 Mercatore.

313 686 364 740 l.
407 687 692 756 Virginalis
728 689 890 742 hodie
918 689 1234 744 solemnitas
1282 688 1521 756 linguam
1562 695 1830 754 nostram,

235 777 456 842 fratres,
491 779 543 831 in
564 780 890 848 przeconium
911 788 1086 844 vocat,
1111 787 1165 833 et
1186 793 1421 848 prmsens
1443 778 1706 832 festivitas
1727 778 1828 840 his,

234 873 330 938 qui
365 879 756 934 convenerunt,
781 873 934 940 quasi
961 872 1210 942 provisor
1236 871 1484 925 utilitatis
1505 870 1752 934 efﬁcitur,
1777 877 1834 924 et

239 963 398 1016 valde
429 970 820 1032 competenter.
851 963 1130 1019 Castitatis
1155 964 1299 1018 enim
1329 963 1493 1017 habet
1522 963 1826 1026 materiam,

235 1064 293 1108 et
327 1054 544 1108 feminei
573 1054 798 1122 gloriam
827 1071 1006 1120 sexus,
1035 1062 1259 1125 propter
1287 1067 1406 1106 eam
1450 1069 1570 1122 quae
1610 1053 1663 1106 in
1693 1062 1830 1108 tem-

238 1161 375 1216 pore
399 1154 569 1199 mater
590 1151 691 1208 est,
717 1153 772 1199 et
799 1160 1010 1215 semper
1036 1145 1206 1212 virgo.

308 1236 363 1288 9..
407 1235 546 1308 Ecce
565 1238 709 1291 enim
733 1246 789 1291 et
815 1245 957 1290 terra
986 1244 1042 1290 et
1070 1250 1218 1289 mare
1249 1250 1473 1288 munera
1498 1234 1703 1302 Virgini
1743 1231 1829 1288 of-

239 1328 613 1383 ferunt:illud
659 1329 876 1397 quidem
917 1325 1170 1381 ﬂuctibus
1217 1326 1437 1380 dorsum
1490 1341 1648 1380 suum
1679 1333 1828 1378 tran-

236 1423 407 1490 quille
436 1421 819 1486 substernens;
849 1419 966 1474 haec
992 1427 1172 1473 autem
1203 1417 1558 1486 gradientium
1588 1417 1706 1471 sine
1727 1417 1828 1469 im-

236 1513 552 1581 pedimento
580 1512 815 1579 dirigens
844 1510 1086 1577 vestigia.
1121 1506 1367 1562 Gaudeat
1396 1517 1608 1569 natura,
1641 1505 1831 1559 mulie-

237 1618 330 1655 res
359 1603 710 1666 honorantur,
744 1601 940 1655 choros
968 1599 1130 1653 ducat
1158 1599 1467 1652 humanitas
1485 1640 1500 1663 ,
1525 1596 1830 1666 gloriﬁcen-

240 1706 329 1748 tur
353 1695 585 1762 virgines
613 1713 626 1746 :
671 1693 768 1747 Ubi
802 1695 940 1747 enim
983 1690 1259 1745 abundavit
1288 1701 1578 1762 peccatum,
1611 1707 1828 1760 supera-

1945 503 2175 558 Verbum
2197 519 2293 573 per
2313 503 2672 558 obedientiam
2703 506 3008 573 ingrediens
3039 509 3294 577 templum
3316 511 3530 567 vivilice

1938 595 2241 664 plasmavit.
2267 593 2420 650 Unde
2441 597 2642 665 primus
2662 599 3178 668 peccatidiscipulus
3204 599 3338 657 Cain
3361 617 3531 657 emer-

1936 687 2022 750 sit,
2049 686 2173 740 inde
2200 687 2412 754 generis
2438 687 2608 742 nostri
2635 689 2892 743 liberator
2909 688 3156 746 Christus
3179 692 3297 746 sine
3320 695 3529 749 semine
3543 737 3548 768 ἦ

1936 777 2234 845 pullulavit.
3545 781 3551 792 '

2101 866 2219 921 Non
2249 868 2463 922 erubuit
2493 876 2704 923 amator
2740 869 3018 924 hominum
3058 874 3351 930 muliebres
3394 891 3526 946 par-
3556 859 3558 861 l

1938 966 2039 1023 tus,
2090 958 2213 1012 vitae
2254 959 2397 1013 enim
2444 955 2560 1014 erat
2591 961 2886 1027 negotiatio
2932 977 3051 1029 qua:
3095 965 3374 1031 agebatur.
3405 967 3524 1022 Non

1935 1050 2308 1118 coinquinatus
2336 1056 2418 1104 est
2446 1049 2693 1104 habitans
2716 1051 2939 1116 viscera,
2972 1067 3092 1121 quae
3122 1055 3234 1123 ipse
3255 1057 3371 1112 sine
3391 1073 3526 1112 con-

1935 1143 2153 1196 tumelia
2184 1142 2514 1197 condiderat.
2546 1143 2603 1197 Si
2635 1159 2742 1198 non
2779 1144 2934 1212 virgo
2975 1148 3172 1201 mansit
3201 1157 3391 1214 mater,
3423 1167 3524 1220 pu—
3574 1220 3577 1221 ν

1934 1251 2026 1289 rus
2062 1243 2144 1290 est
2168 1236 2333 1290 homo
2361 1235 2452 1304 qui
2480 1243 2636 1291 natus
2655 1243 2768 1301 est,
2802 1245 2857 1290 et
2891 1253 2999 1292 non
3027 1241 3232 1293 exstitit
3260 1243 3524 1298 mirabilis

1933 1335 2147 1396 partus;
2179 1326 2222 1381 si
2252 1335 2432 1380 autem
2457 1334 2513 1380 et
2538 1337 2660 1397 post
2680 1336 2893 1396 partum
2913 1329 3064 1398 virgo
3093 1335 3406 1400 permansit,
3433 1334 3524 1388 ille

1932 1417 2274 1473 inefl’abiliter
2301 1435 2370 1472 ex
2398 1435 2462 1474 ea
2494 1429 2650 1475 natus
2672 1428 2770 1487 est,
2793 1423 2886 1490 qui
2915 1423 3031 1477 sine
3057 1425 3421 1493 prohibitione
3437 1426 3525 1496 ja-

1903 1571 1906 1576 _
1933 1510 2052 1563 nuis
2081 1509 2276 1564 clausis
2305 1510 2573 1578 ingressus
2593 1520 2694 1572 est,
2719 1511 2870 1580 cujus
2898 1513 3332 1582 conjunctionem
3360 1526 3522 1572 natu-

1932 1618 2112 1656 rarum
2138 1617 2436 1672 agnoscens
2461 1603 2712 1667 Thomas,
2737 1604 3057 1659 exclamavit
3085 1605 3269 1662 dicens
3297 1627 3310 1661 :
3345 1607 3523 1664 Domi-

1932 1710 2028 1747 nus
2059 1711 2197 1748 mens
2219 1703 2268 1748 et
2288 1694 2426 1748 Deus
2456 1711 2595 1748 meus
2627 1693 2804 1766 (Joau.
2832 1711 2922 1760 xx,
2954 1693 3066 1766 28).
3535 1717 3542 1756 .-

237 1785 486 1838 bundavit
511 1786 679 1855 gratia
711 1784 885 1856 (Rom.
921 1800 970 1847 ν,
1001 1782 1114 1853 20).
1154 1781 1487 1837 Convocavit
1528 1797 1626 1836 nos
1669 1783 1828 1836 beata
1865 1801 1906 1857 Β
2003 1785 2054 1840 6.
2103 1786 2220 1841 Non
2250 1787 2570 1851 erubescas,
2627 1801 2661 1840 o
2713 1787 2906 1852 homo,
2948 1795 3182 1857 partum,
3215 1791 3330 1861 ipse
3375 1792 3520 1846 enim

241 1877 412 1930 Maria
431 1917 444 1940 ,
473 1877 869 1931 immaculatum
913 1876 1235 1943 virginitatis
1263 1891 1389 1940 vas,
1420 1876 1699 1930 rationalis
1738 1890 1827 1930 se-

239 1973 404 2026 cundi
448 1970 616 2026 Adam
655 1970 964 2040 paradisus,
994 1969 1267 2038 opificium
1307 1969 1565 2023 unitionis
1605 1976 1826 2022 natura-

240 2079 384 2128 rum,
414 2062 725 2118 solemnitas
752 2061 981 2115 salubris
1001 2061 1454 2125 commutationis,
1480 2061 1645 2114 rubus
1667 2075 1827 2128 quem

238 2155 408 2207 divini
439 2160 622 2222 partus
650 2151 787 2220 ignis
820 2167 926 2206 non
957 2153 1284 2217 combussit,
1316 2165 1445 2205 vere
1466 2151 1600 2205 levis
1629 2152 1826 2216 nubes,

238 2259 362 2312 qua:
391 2259 530 2308 eum,
561 2243 653 2311 qui
680 2258 842 2312 supra
863 2243 1140 2297 cherubim
1163 2250 1264 2307 est,
1289 2257 1414 2296 cum
1442 2257 1672 2311 corpore
1692 2258 1823 2312 por-

242 2338 392 2404 tavit.
419 2334 462 2388 0
483 2335 716 2390 ccclestis
739 2335 920 2388 imbris
937 2335 1284 2404 purissimum
1305 2333 1495 2402 vellus,
1525 2349 1592 2389 ex
1612 2349 1722 2404 quo
1736 2350 1833 2405 pa-

240 2437 360 2481 stor
383 2443 486 2482 ove
508 2427 724 2481 indutus
751 2426 865 2480 est!

301 2521 367 2572 5.
411 2519 576 2574 Maria
605 2528 778 2574 mater
804 2526 860 2573 et
888 2519 1080 2574 ancilla
1106 2562 1121 2582 ,
1153 2519 1318 2587 Virgo
1350 2525 1405 2573 et
1439 2518 1653 2582 coelum,
1686 2519 1834 2574 solus

241 2613 336 2668 Dei
371 2613 436 2665 ad
467 2612 712 2666 homines
742 2627 912 2680 pons,
962 2611 1214 2665 terribilis
1244 2611 1662 2680 dispensationis
1691 2612 1829 2677 tela,

239 2705 295 2758 in
316 2719 426 2772 qua
449 2703 732 2757 inell'abilis
761 2702 1147 2756 incarnationis
1177 2710 1322 2756 texta
1353 2710 1434 2756 est
1457 2703 1658 2766 tunica,
1681 2702 1833 2771 cujus

237 2796 424 2860 operis
469 2803 808 2864 supertextor
836 2793 1065 2864 Spiritus
1094 2803 1312 2849 sanctus
1353 2802 1466 2860 est;
1516 2795 1733 2857 textrix,
1765 2809 1832 2849 ex

236 2886 516 2940 altissimis
536 2883 864 2944 obumbrans
897 2886 1089 2950 virtus;
1125 2886 1286 2938 vestis
1314 2892 1514 2948 autem,
1553 2885 1832 2953 antiquum

240 2980 416 3034 Adam
460 2977 858 3042 indumentum;
902 2977 1084 3038 llocci,
1130 2992 1195 3030 ex
1233 2975 1450 3044 Virgine
1492 2977 1832 3030 immaculata

233 3083 407 3130 caro;
441 3069 636 3132 radius,
671 3067 1121 3122 immensurabilis
1148 3066 1423 3122 induentis
1447 3068 1648 3136 gratia;
1695 3069 1830 3121 arti-

1933 1877 2090 1931 nobis
2135 1878 2304 1932 factus
2343 1885 2425 1932 est
2462 1877 2678 1933 occasio
2699 1878 2904 1933 salutis.
2935 1879 2993 1934 Si
3020 1897 3126 1936 non
3180 1897 3248 1936 ex
3294 1885 3522 1940 muliere

1933 1977 2265 2032 nasceretur,
2299 1985 2640 2039 nequaquam
2679 1979 3010 2036 moreretur;
3036 1973 3080 2028 si
3123 1991 3232 2028 non
3280 1991 3520 2031 morere-

1933 2067 2039 2123 tur,
2070 2075 2410 2129 nequaquam
2438 2076 2536 2130 per
2562 2071 2790 2116 mortem
2819 2062 3121 2119 destrueret
3153 2082 3267 2121 eum
3295 2070 3381 2140 qui
3423 2069 3521 2122 ha-

1933 2149 2013 2204 bet
2033 2152 2212 2205 mortis
2235 2152 2504 2221 imperium
2527 2153 2545 2221 (
2565 2149 2725 2205 Hebr.
2757 2167 2812 2217 ιι,
2848 2151 2967 2221 14),
3000 2155 3049 2207 id
3090 2165 3190 2220 est,
3223 2157 3514 2213 diabolum.

1932 2243 2049 2297 Non
2079 2250 2161 2298 est
2204 2243 2398 2312 injuria
2443 2243 2738 2297 architecto
2785 2258 3006 2298 manere
3047 2246 3100 2299 in
3130 2247 3215 2301 his
3255 2263 3373 2317 qua:
3402 2249 3518 2320 ipse

1929 2336 2247 2401 :edilicavit;
2279 2350 2390 2389 non
2428 2334 2740 2403 coinquinat
2771 2331 2987 2402 ﬁgulum
3027 2335 3196 2390 lutum
3247 2355 3518 2394 renovan-

1933 2435 2062 2489 tem,
2091 2427 2236 2496 quod
2267 2427 2624 2495 plasmaverat
2657 2427 2772 2481 :sie
2815 2442 2924 2480 non
2974 2427 3291 2496 coinquinat
3328 2431 3520 2486 incon-

1934 2518 2298 2572 taminabilem
2350 2532 2416 2571 ex
2464 2516 2695 2585 Virginis
2739 2523 2931 2571 ventre
2973 2517 3269 2586 procedere
3288 2521 3316 2585 ;'
3357 2535 3519 2590 quam

1933 2612 2076 2667 enim
2103 2610 2228 2664 dum
2253 2610 2562 2680 plasmaret,
2595 2625 2703 2663 non
2733 2608 3110 2677 coinquinatus
3138 2617 3220 2665 est
3237 2649 3253 2675 ,
3278 2627 3375 2681 per
3393 2628 3515 2668 eam

1935 2703 2203 2756 transiens
2232 2715 2340 2754 non
2371 2700 2606 2769 pollutus
2635 2705 2738 2753 est.

2005 2795 2054 2847 '7.
2095 2792 2140 2847 Ο
2161 2803 2330 2859 utere,
2358 2793 2411 2846 in
2432 2807 2539 2862 quo
2560 2793 2859 2849 communis
2884 2793 3148 2850 libertatis
3168 2796 3348 2851 cautio
3369 2813 3519 2853 com-

1931 2886 2106 2954 posita
2136 2885 2248 2940 est!
2275 2884 2318 2938 Ο
2345 2884 2638 2950 venter,_in
2661 2899 2768 2952 quo
2789 2893 2974 2939 contra
3005 2894 3236 2941 mortem
3258 2887 3519 2944 fabricata

1930 2983 2055 3029 sunt
2084 2991 2233 3028 arma
2257 2975 2270 3027 ι
2303 2973 2348 3028 Ο
2368 2990 2512 3041 area,
2548 2975 2603 3028 in
2631 2990 2736 3043 qua
2764 2984 2971 3029 naturae
2991 2977 3224 3045 agricola
3248 2977 3514 3044 Christus,

1933 3065 2070 3120 sicut
2097 3066 2274 3135 spica,
2307 3065 2425 3120 sine
2453 3065 2658 3120 semine
2693 3065 3004 3133 pullulavit!
3038 3065 3083 3119 Ο
3111 3069 3367 3139 templum
3392 3111 3407 3135 ,
3464 3073 3519 3126 in

235 3159 349 3220 fex,
382 3158 526 3226 quod
566 3173 663 3228 per
689 3158 1050 3212 obedientiam
1082 3157 1282 3210 insiluit
1310 3156 1560 3211 Verbum.
1594 3157 1724 3224 Quis
1747 3158 1830 3214 vi-
1856 3161 1900 3220 ιι
1933 3173 2040 3226 quo
2070 3158 2210 3211 Deus
2233 3156 2404 3211 factus
2426 3164 2508 3210 est
2535 3155 2803 3218 sacerdos,
2842 3171 2951 3209 non
2982 3164 3230 3211 naturam
3272 3159 3518 3215 commu~

233 3249 339 3314 dit,
371 3249 493 3317 quis
518 3248 894 3317 audivit,_quia
927 3249 1139 3301 vulvam
1167 3248 1308 3302 Deus
1337 3248 1832 3320 incircumscriptus

237 3341 532 3405 habitavit,
561 3347 616 3393 et
643 3354 802 3408 quem
831 3341 1027 3394 emtum
1061 3355 1173 3394 non
1203 3348 1454 3410 caperet,
1485 3349 1674 3396 venter
1703 3342 1826 3397 Vir-

236 3431 382 3499 ginis
408 3433 570 3501 cepit.

310 3520 367 3573 4.
409 3521 574 3575 Natus
592 3529 676 3577 est
715 3536 783 3575 ex
808 3521 1031 3576 muliere
1056 3522 1225 3586 Deus,
1259 3523 1354 3578 sed
1386 3540 1495 3578 non
1537 3525 1741 3590 nudus;
1773 3531 1829 3580 et

236 3620 402 3667 natus
428 3621 512 3667 est
539 3613 719 3677 homo,
743 3611 836 3665 sed
865 3627 975 3666 non
1007 3627 1204 3680 purus;
1237 3622 1292 3668 et
1319 3615 1410 3681 qui
1438 3623 1596 3668 natus
1623 3625 1705 3670 est
1732 3631 1826 3670 ve-

238 3702 376 3755 teris
415 3700 619 3770 peccati
660 3708 903 3770 portam,
947 3707 1160 3770 portam
1200 3703 1387 3757 salutis
1425 3703 1698 3757 ostendit:
1733 3705 1824 3758 ubi

1936 3257 2075 3314 tans,
2105 3247 2198 3303 sed
2239 3262 2382 3311 cum,
2415 3246 2505 3315 qui
2537 3244 2831 3300 secundum
2860 3245 3104 3300 ordinem
3127 3256 3211 3301 est
3238 3247 3520 3306 Melchise-

1932 3341 2087 3406 dech,
2115 3347 2338 3408 propter
2365 3337 2767 3391 miserationem
2798 3336 3016 3392 indutus
3043 3341 3156 3392 est!

2003 3431 2057 3485 8.
2106 3429 2328 3484 Verbum
2351 3445 2472 3482 caro
2494 3431 2689 3500 factum
2709 3437 2785 3483 est
2808 3428 2986 3498 (Joan.
3017 3447 3051 3494 ι,
3089 3430 3196 3503 Μ),
3224 3434 3324 3489 etsi
3348 3433 3518 3492 Judmi

1933 3537 2040 3576 non
2071 3519 2297 3575 credunt
2320 3526 2550 3588 partum.
2584 3517 2725 3572 Deus
2771 3518 3004 3573 hominis
3033 3520 3260 3577 formam
3301 3525 3520 3582 indutus

1931 3621 2046 3673 est,
2077 3611 2176 3664 etsi
2223 3609 2420 3678 pagani
2464 3607 2755 3662 detrahunt
2793 3609 3052 3664 miraculo
3088 3629 3099 3662 :
3147 3623 3370 3683 propter
3409 3617 3514 3673 hoc

1929 3704 2070 3757 enim
2100 3710 2150 3754 et
2175 3699 2373 3751 Judwis
2394 3697 2716 3762 scandalum,
2747 3707 2794 3750 et
2823 3699 3056 3768 gentibus
3079 3703 3298 3756 stultitia
3323 3704 3364 3776 (l
3390 3705 3512 3762 Cor.

1407 3791 1942 3848 CASTlGATlONES
1980 3792 2068 3844 ET
2106 3788 2333 3843 ΝΟΤᾸΞ.

233 3876 351 3919 tam
378 3863 650 3931 Virginem
678 3879 786 3916 non
814 3878 932 3918 esse
959 3865 1228 3928 Θεοτόκον,
1282 3865 1334 3918 id
1361 3872 1470 3926 est,
1513 3864 1677 3918 Deum
1709 3880 1818 3917 non

232 3935 549 4006 peperisse;
595 3949 785 4001 purum
824 3933 986 4006 fuisse
1011 3935 1313 4006 hominem,
1346 3948 1503 4001 quem
1539 3932 1696 4006 Virgo
1726 3951 1821 4006 pe-

231 4004 399 4075 perit,
428 4019 527 4057 nec
567 4018 596 4055 a
637 4011 881 4057 creatura
920 4004 1062 4072 gigni
1102 4018 1260 4073 posse
1297 4013 1620 4075 creatorem;
1653 4005 1821 4073 Spiri-

234 4073 354 4129 tum
383 4084 624 4127 sanctum
644 4088 855 4128 creasse
878 4075 1153 4144 templum,
1183 4073 1326 4142 quod
1350 4073 1578 4127 Verbum
1608 4076 1820 4128 inhabi-

233 4153 408 4207 taret;
436 4145 600 4197 Deum
617 4159 722 4197 non
744 4159 902 4213 posse
923 4159 1048 4198 vere
1069 4143 1172 4198 dici
1187 4159 1402 4213 passum
1424 4151 1516 4196 aut
1532 4155 1818 4209 mortuum;

230 4216 484 4272 Θιοτόκου
518 4213 827 4267 defensores
866 4215 1178 4283 mysterium
1215 4213 1408 4266 divinrc
1437 4215 1822 4268 incarnationis

231 4285 521 4340 ridendum
542 4284 827 4354 gentilibus
849 4283 1148 4349 traducere,
1175 4283 1493 4351 Arianisque
1515 4299 1662 4337 arma
1689 4302 1814 4354 sup-

232 4356 483 4425 peditare
506 4353 760 4425 adversus
788 4354 1103 4425 catholicos.
1144 4424 1152 4425 ί
1303 4373 1314 4382 ο

307 4424 434 4479 Hmc
457 4423 636 4478 omnia
664 4424 974 4492 perstringit
1001 4422 1253 4489 Proclus,
1286 4423 1493 4490 triaque
1520 4423 1572 4476 in
1601 4433 1818 4478 contra-

233 4496 379 4550 rium
410 4494 658 4560 dogmata
691 4493 1061 4547 demonstrat:
1095 4509 1288 4564 nempe
1317 4494 1411 4564 Qui
1435 4494 1646 4560 genitus
1674 4504 1756 4548 est
1790 4512 1820 4549 a

238 4566 460 4634 Virgine
485 4579 677 4632 purum
703 4578 809 4616 non
838 4578 956 4618 esse
991 4564 1292 4628 hominem,
1323 4563 1416 4616 sed
1458 4578 1592 4634 vere
1620 4564 1819 4628 Deum;

235 4632 410 4690 Deum
441 4647 568 4687 vere
611 4648 825 4700 passum
863 4648 928 4686 ac
968 4643 1267 4691 mortuum:
1299 4634 1513 4687 beatam
1555 4632 1823 4701 Virginem

1926 3865 2112 3918 dicitur
2159 3860 2322 3930 oratio
2349 3857 2533 3930 Procli
2564 3859 2626 3912 de
2654 3858 2892 3913 laudibus
2941 3859 3189 3930 Virginis.
3248 3864 3400 3920 Facit
3419 3868 3518 3923 ἀρα

1927 3934 2050 3987 inde
2074 3929 2218 4000 quod
2249 3927 2498 3982 Richardi
2524 3930 2657 4006 ratio
2687 3931 2918 4006 exstylo
2948 3927 3146 4006 petita,
3181 3932 3307 3987 illud
3338 3937 3512 4006 ipsum

1928 3999 2149 4076 evertat
2179 4007 2400 4068 propter
2443 3999 2589 4076 quod
2633 3999 3006 4076 stabiliendum
3039 4002 3295 4076 all'ertur:
3342 3999 3515 4076 neque

1930 4075 2072 4128 enim
2102 4070 2243 4125 idem
2270 4079 2352 4124 est
2374 4111 2388 4134 ,
2440 4069 2585 4137 quod
2622 4070 2801 4123 aiebat
2825 4071 3080 4141 ,ﬂveteris
3113 4069 3513 4141 interpretis'ac

1899 4173 1906 4182 ι
1933 4143 2171 4222 Dionysii
2187 4141 2374 4222 stylus,
2391 4141 2514 4194 licet
2529 4141 2803 4222 utriusque
2818 4140 2992 4222 dictio
3008 4142 3120 4222 sive
3138 4143 3372 4210 humilis,
3397 4149 3510 4202 sive

1934 4210 2175 4282 neglecta
2215 4210 2315 4276 sit;
2358 4218 2537 4282 potest
2576 4212 2716 4264 enim
2749 4211 2914 4263 videri
2945 4210 2995 4263 id
3024 4211 3302 4268 all'ectasse
3346 4218 3511 4272 inter-

1926 4300 2069 4353 pres,
2102 4291 2160 4336 ut
2182 4289 2330 4354 tanto
2367 4282 2630 4354 sincerius
2653 4282 2892 4354 auctoris
2921 4296 3136 4354 sensum
3163 4287 3506 4354 exprimeret,

1925 4348 2128 4422 quanto
2170 4353 2346 4405 minus
2374 4366 2404 4422 a
2426 4351 2615 4422 phrasi
2645 4348 2826 4422 Graeca
2857 4350 3166 4422 recederet,
3199 4348 3341 4421 quod
3372 4348 3510 4413 Mer;

1927 4418 2079 4494 calor
2108 4423 2161 4475 in
2192 4437 2250 4475 re
2278 4421 2442 4494 simig
2467 4419 2534 4494 de
2561 4436 2620 4494 se
2648 4418 2928 4494 proﬁtetur
2951 4419 3040 4494 (lu
3061 4418 3231 4494 prrch
3246 4425 3314 4477 ad
3343 4431 3510 4482 varios

1930 4491 2142 4547 Nestor.
2175 4491 2376 4559 serm.).
2404 4489 2552 4544 Facit
2581 4489 2838 4557 denique,
2869 4489 3013 4558 quad
3043 4489 3246 4546 eum'iu
3278 4497 3510 4559 antiquis

1930 4513 1973 4546 Π
1987 4513 2142 4547 eswr.
2175 4513 2376 4559 sema}.
2404 4513 2552 4544 ratu.
2581 4513 2838 4557 uemque,
2869 4513 3013 4558 quou
3043 4513 3164 4545 eum
3196 4513 3246 4546 Ill
3278 4513 3386 4550 anu
3431 4515 3510 4552 lus

1929 4563 2204 4634 codicibus
2228 4561 2790 4634 manuscriptis,_ct_in
2823 4559 3080 4634 Vaticano
3111 4565 3342 4619 maxime
3373 4513 3510 4634 (Ἰνα-

1932 4635 2017 4686 tic.
2055 4633 2167 4686 cod.
2201 4632 2549 4702 manuscripto
2576 4629 2758 4702 2836),
2790 4631 2932 4702 unde
2961 4634 3243 4702 exscripsit
3283 4629 3507 4690 Richar-
3544 4632 3550 4666 ί

233 4705 459 4776 proprie
512 4694 755 4776 Θεᾳὶ-ὀκον
799 4703 1202 4776 appellandam.
1253 4704 1524 4776 Quartum
1571 4694 1824 4771 quiddam
1851 4694 2059 4776 Ddus,
2088 4704 2306 4776 ignotus
2335 4694 2559 4776 dicatur.
2609 4694 2927 4776 relinquitur
2973 4694 3502 4776 locus'conjectunc.

234 4772 416 4830 obiter
445 4774 639 4838 attigit,
672 4772 814 4840 quod
846 4783 1025 4827 tamen
1055 4773 1303 4829 Nestorio
1330 4774 1491 4826 bilem
1527 4775 1819 4827 vehemen-

232 4857 317 4901 ter
345 4841 616 4904 aeeendit,
670 4851 728 4895 ut
776 4843 828 4896 id
867 4845 1209 4912 postmodum
1249 4859 1352 4911 qua
1382 4843 1505 4896 data
1537 4843 1822 4898 occasione

230 4917 436 4970 acriter
464 4924 839 4983 oppugnaret,
869 4910 1190 4983 pontiﬁcem
1239 4910 1484 4967 nostrum
1532 4929 1656 4966 vere
1704 4928 1822 4968 esse

231 4987 430 5041 Deum.

305 5067 334 5094 ι
373 5054 486 5109 Cur
509 5055 582 5108 ita
610 5052 871 5119 videatur,
895 5063 1081 5108 contra
1110 5054 1415 5124 opinionem
1448 5053 1823 5124 nonnullorum

227 5127 543 5182 versionem
589 5125 846 5178 orati0uis
894 5119 1236 5192 tribuentium
1299 5122 1551 5192 Dionysio
1597 5119 1818 5188 Ex‘gun,

231 5198 364 5252 facit
387 5195 562 5265 primo
600 5194 743 5265 quod
775 5211 894 5265 cum
919 5210 1082 5265 nemo
1121 5194 1320 5265 veteris
1359 5194 1513 5261 hujus
1562 5193 1821 5265 versionis

228 5261 512 5322 aucto-rem
543 5261 829 5318 crediderit
869 5264 1175 5333 Dionysium
1216 5263 1498 5330 Exiguum,
1541 5269 1665 5315 ante
1696 5261 1822 5314 Vin-

228 5339 475 5391 centium
507 5333 847 5396 Ricbardum,
870 5334 962 5402 qui
985 5350 1151 5404 nuper
1172 5334 1335 5388 edidit
1359 5335 1408 5387 in
1441 5334 1613 5404 lucem
1642 5333 1820 5404 omnia

229 5406 414 5463 Procli
461 5405 633 5473 Opera
657 5444 676 5468 ,
713 5411 769 5458 et
804 5401 1072 5458 eruditum
1100 5404 1399 5468 Labbeum,
1437 5403 1528 5470 qui
1555 5401 1822 5473 Richardo

228 5470 541 5540 consensit;
591 5484 816 5542 uterque
847 5483 1025 5529 tamen
1056 5491 1162 5528 non
1192 5474 1536 5528 vehementer
1569 5473 1621 5526 id
1676 5470 1822 5524 amr-

231 5556 375 5612 met,
409 5546 505 5600 sed
546 5544 666 5606 ille,
700 5541 923 5598 fertasse
951 5545 1024 5599 ita
1056 5559 1170 5597 rem
1198 5559 1257 5598 se
1285 5543 1484 5597 habere
1515 5542 1688 5607 dicat;
1722 5543 1822 5596 iste

233 5616 502 5674 Vincentii
523 5615 724 5667 dictum
749 5623 1002 5682 prmstare
1032 5613 1284 5672 noluerit.
1309 5613 1377 5667 de
1407 5613 1661 5682 Dionysio
1681 5626 1822 5682 con,—

225 5693 414 5749 tentus
439 5682 678 5740 scribere
704 5679 760 5736 in
785 5685 898 5738 haec
923 5685 1084 5739 verba
1115 5683 1205 5750 (In
1237 5683 1324 5736 lib.
1364 5684 1426 5736 de
1455 5679 1646 5751 Scr'ipt.
1675 5679 1815 5751 Eccl.

231 5755 376 5809 verba
406 5752 705 5821 ῡιοκῑειυε)
735 5771 746 5804 :
780 5752 854 5804 Ab
886 5755 1060 5808 eodem
1095 5763 1303 5808 auctore
1332 5769 1395 5807 ex
1419 5750 1595 5807 (inero
1620 5750 1820 5805 reddita

519 5848 788 5910 Parant.
844 5849 1119 5909 XLVIII.

1925 4774 2189 4838 Quoniam
2221 4773 2380 4838 igitur
2409 4771 2588 4824 isthmc
2615 4771 2792 4825 versio
2822 4786 2928 4824 non
2952 4772 3206 4825 abhorret
3233 4789 3264 4826 a
3297 4777 3508 4831 ratione

1925 4841 2307 4912 interpretandi
2339 4856 2498 4909 quam
2530 4840 2792 4912 Mercator
2819 4848 3035 4912 secutus
3051 4849 3137 4912 est
3160 4842 3211 4912 in
3239 4849 3509 4904 vertendis

1925 4912 1992 4966 de
2023 4909 2214 4983 verbo,
2247 4920 2306 4964 ut
2333 4912 2437 4974 ait,
2481 4910 2546 4983 ad
2581 4912 2803 4983 verbum
2816 4909 3144 4983 _Nestorii__et
3170 4911 3351 4983 Cyrilli
3375 4920 3508 4972 scri-

1926 4983 2031 5050 ptis
2055 4981 2286 5056 _Gr.ecis,
2341 4997 2446 5035 non
2489 4980 2912 5056 improbabiliter
2950 4979 3093 5034 credi
3135 4979 3314 5056 potest
3346 4985 3507 5056 hujus

1928 5049 2190 5106 versionis
2235 5060 2440 5106 auctor.
2503 5049 2658 5104 Fides
2706 5051 2891 5119 augeri
2935 5049 3152 5120 potest,
3201 5054 3282 5107 vel
3320 5071 3387 5110 ex
3416 5049 3502 5113 'eo

1926 5121 2071 5188 quod
2099 5121 2182 5175 sin
2209 5122 2383 5174 minus
2409 5120 2672 5176 Mercator
2699 5120 2871 5176 Procli
2895 5121 3192 5175 orationem
3218 5121 3506 5184 Latinitate

1926 5191 2737 5266 (lauasset,pcccasset_pi'ocul
2780 5191 2954 5266 dubio
2992 5191 3366 5266 in__consilium
3396 5213 3505 5266 quo

1930 5262 2097 5338 voluit
2117 5260 2454 5338 blasphemias
2479 5258 2709 5338 Nestori}
2731 5279 2762 5314 a
2790 5261 3029 5338 fidelibus
3050 5263 3243 5338 lingua:
3260 5282 3368 5320 sua:
3394 5258 3507 5338 frn-

1931 5330 2090 5385 tribus
2111 5331 2436 5400 cognosciret
2475 5332 2641 5384 vitari.
2681 5331 2910 5399 Intelligi
2946 5333 3087 5385 enim
3119 5330 3206 5387 vix
3234 5351 3299 5391 ac
3326 5330 3508 5395 nc'vix

1924 5402 2137 5469 quidem
2167 5399 2439 5469 potuerint
2466 5415 2582 5468 qua:
2609 5409 2802 5469 quarto
2826 5401 3078 5470 quintove
3109 5419 3358 5462 sermone
3383 5424 3510 5463 con-

1926 5471 2181 5544 tinentur,
2215 5471 2378 5544 immo
2408 5472 2873 5544 et__s_cquentibus;
2911 5486 3135 5544 qumque
3163 5474 3213 5527 iu
3241 5476 3369 5544 ipsis
3396 5479 3507 5544 Cy-

1923 5541 2028 5612 rilli
2057 5541 2330 5610 epistolis,
2363 5548 2417 5594 et
2438 5539 2556 5594 aliis
2583 5543 2635 5595 in
2667 5542 2833 5606 libris,
2871 5541 2972 5595 nisi
3002 5539 3280 5612 perspecta
3305 5539 3504 5612 Procli,

1926 5611 1978 5666 in
2005 5626 2165 5682 quem
2194 5625 2360 5682 unum
2402 5612 2630 5682 maxime
2671 5612 2947 5669 Nestorius
2974 5611 3264 5682 spectabat,
3301 5611 3507 5672 oratio?

1927 5695 1992 5734 ne
2019 5699 2031 5732 :
2064 5681 2146 5734 his
2185 5681 2328 5754 enim
2367 5681 2614 5754 omnibus
2642 5683 2725 5737 vel
2756 5700 2859 5737 una
2881 5723 2893 5744 ,
2939 5683 3022 5736 vel
3055 5684 3311 5747 maxime,
3346 5703 3508 5754 argu-

1927 5760 2162 5804 mentum
2193 5751 2436 5820 puehuit.

2993 5847 3070 5904 25
