3958 6178
466 267 571 323 779

981 262 1173 320 MAR“
1208 260 1646 317 MERCATORIS
1687 258 2256 316 'l'll.\NSLATlONES
2298 260 2654 318 VARIORUM
2691 261 3217 320 OPUSCULORUM.
3636 273 3724 324 780

465 401 500 450 ι,
531 384 621 455 23)
653 393 735 439 est
764 380 1105 454 mysterium,
1133 377 1259 446 quia
1287 376 1425 430 ultra
1467 376 1728 429 rationem
1769 384 1852 428 est
1881 374 2048 427 mira-
2081 377 2125 432 Λ
2157 373 2466 440 collatione;
2485 374 2537 429 in
2556 374 2607 427 id
2629 368 3019 445 deniqueqqu
3037 379 3291 434 sacerdos
3314 388 3415 445 est,
3445 382 3496 436 id
3520 387 3656 452 quod
3671 389 3728 441 ad

464 475 666 531 culum.
709 472 767 527 Si
795 487 903 525 non
936 468 1168 523 Verbum
1199 467 1494 520 habitasset
1542 466 1594 518 in
1631 475 1813 519 utero.
1846 478 2052 532 nequa—

465 580 626 636 quam
655 577 781 619 earo
825 559 1039 615 sederet
1087 573 1249 627 super
1290 558 1562 612 thronum.
1614 556 1671 611 Si
1701 556 1813 610 Deo
1859 553 2053 623 injuria

467 658 652 711 luisset
678 654 729 708 iu
762 651 974 707 vulvam
998 649 1223 719 ingredi,
1248 657 1302 704 et
1325 649 1530 717 angelis
1558 648 1752 717 injuria
1784 656 1928 701 esset
1956 646 2056 700 ho-

465 748 699 802 minibus
728 733 1051 799 ministrare.

535 839 587 893 9.
628 837 731 905 Qui
760 844 842 892 est
872 835 1165 891 secundum
1189 843 1455 896 naturam,
1492 842 1677 902 utpote
1718 832 1885 896 Deus,
1912 834 2053 887 ἁπα-

460 931 571 995 ese,
605 935 828 999 propter
850 924 1273 981 misericordiam
1296 924 1465 979 lactus
1493 935 1574 978 est
1596 926 1913 985 πολυπαθής.
1937 923 2054 977 Non

461 1036 531 1077 ex
569 1028 829 1093 provectu
859 1018 1030 1074 factus
1058 1026 1140 1072 est
1169 1017 1309 1071 Deus
1337 1016 1600 1081 Christus,
1634 1018 1790 1082 absit,
1816 1015 1909 1070 sed
1931 1031 2055 1085 pro-

463 1125 586 1188 pter
613 1113 1014 1170 miserationem
1034 1151 1049 1176 ,
1081 1111 1527 1181 quemadmodum
1557 1113 1851 1172 credimus,
1887 1110 2055 1164 factus

463 1216 548 1263 est
568 1208 754 1262 homo.
784 1204 905 1263 Non
934 1204 1205 1259 hominem
1228 1202 1534 1258 deiﬁcatum
1566 1202 1935 1272 prmdicaxxuns,
1961 1200 2054 1256 sed

467 1298 639 1353 Deum
686 1297 1021 1352 incarnatum
1080 1291 1418 1349 conﬁtemur.
1472 1293 1750 1363 Propriam
1808 1293 2055 1347 ancillam

464 1390 789 1460 conscripsit
828 1395 1074 1442 matrem.
1108 1386 1210 1452 Qui
1258 1385 1551 1440 secundum
1606 1385 1892 1440 essentiam
1939 1385 2056 1438 sine

467 1489 642 1538 matre
661 1490 763 1545 est,
797 1489 881 1535 est
899 1478 1192 1535 secundum
1221 1478 1679 1548 dispensationem
1711 1477 1824 1531 sine
1852 1484 2005 1547 patre
2037 1494 2048 1528 :

469 1590 594 1631 nam
621 1572 892 1644 quomodo
922 1572 1055 1643 ipse,
1086 1570 1381 1626 secundum
1410 1569 1665 1634 Paulum,
1708 1570 1820 1621 sine
1841 1576 1986 1638 patre
2005 1578 2055 1620 et

466 1669 579 1721 sine
607 1677 771 1721 matre
790 1675 867 1719 est
894 1663 1079 1736 (llebr.
1098 1681 1189 1729 vn,
1214 1664 1310 1735 5)?
1337 1662 1392 1717 Si
1425 1678 1588 1732 purus
1610 1661 1771 1716 homo
1802 1668 1911 1724 est,
1947 1675 2053 1713 non

2159 466 2694 533 reprtcsentationem
2718 476 2835 521 erat
2855 468 3107 522 idoneum
3131 469 3365 525 ollcrens
3385 490 3397 524 :
3416 489 3642 542 quorum
3658 480 3729 532 ni-

2159 555 2231 608 hil
2245 556 2417 610 simile
2431 557 2665 611 invenlet
2678 558 2915 626 quis,aut
2929 560 3159 614 vicinum
3175 562 3466 631 aliquando
3480 565 3530 618 in
3545 568 3727 636 aliquo.

2231 644 2317 700 14.
2359 647 2591 703 Attende
2620 649 2763 704 enim
2796 649 2911 719 ejus
2941 636 3007 704 in
3050 651 3301 708 homines
3342 670 3605 711 amorem.
3644 658 3731 713 Vo-

2158 738 2388 793 luntarie
2414 738 2749 808 adjudieatus
2772 743 2953 805 morti,
2984 758 3123 808 eam,
3156 759 3276 814 qua:
3305 756 3498 801 contra
3529 751 3729 805 cruciﬁ-

2156 838 2345 897 gentes
2370 840 2504 897 erat,
2537 832 2781 886 dissolvit
2814 842 3064 899 mortem,
3104 847 3157 890 et
3179 841 3445 894 convertit
3475 844 3729 911 perimen-

2159 921 2290 974 timn
2320 936 2379 975 se
2408 922 2743 991 iniquitatem
2768 925 2821 978 in
2844 926 3149 995 iniquorum
3173 930 3421 985 salutem.

2230 1011 2315 1067 15.
2344 1014 2588 1071 llominis
2635 1018 2797 1085 igitur
2840 1021 2958 1089 puri
2999 1022 3208 1078 salvare
3239 1040 3344 1079 non
3374 1036 3523 1093 erat,
3551 1031 3731 1087 etenim

2156 1107 2271 1175 ipse
2322 1108 2484 1162 etiam
2532 1110 2806 1178 indigebat
2849 1113 3149 1181 salvatore,
3183 1118 3477 1174 secundum
3525 1123 3733 1181 Paulum

2156 1196 2421 1252 dicentem
2455 1217 2468 1253 :
2516 1198 2707 1255 Omnes
2734 1204 2869 1257 enim
2914 1220 3269 1274 peccaverunt,
3310 1221 3361 1264 et
3386 1224 3540 1283 egent
3582 1219 3735 1286 gloria

2154 1288 2254 1343 Dei
2278 1289 2454 1361 (Rom.
2480 1309 2553 1358 ιιι,
2577 1292 2690 1363 98).
2724 1292 2857 1360 Quia
2883 1311 3013 1352 vero
3042 1312 3322 1366 peccatum
3352 1303 3574 1359 diabolo
3601 1325 3736 1362 reum

2157 1382 2400 1438 tradebat
2423 1386 2712 1453 hominem,
2731 1388 2979 1449 diabolus
2998 1392 3251 1448 traditum
3282 1395 3333 1449 in
3366 1408 3600 1453 mortem
3626 1417 3738 1469 age-

2154 1474 2249 1528 bat
2280 1493 2292 1528 :
2327 1475 2378 1529 in
2410 1492 2604 1545 magno
2631 1480 2869 1548 periculo
2892 1496 2953 1535 ea
2982 1496 3101 1550 qua:
3121 1484 3262 1540 circa
3281 1502 3378 1541 nos
3404 1499 3551 1554 sunt,
3575 1504 3734 1559 erant,

2158 1565 2613 1637 impossibilisque
2642 1578 2758 1623 erat
2786 1572 2985 1626 solutio
3014 1575 3221 1629 mortis.

2227 1657 2314 1712 l6.
2340 1658 2441 1724 Qui
2464 1659 2612 1713 missi
2645 1670 2769 1715 sunt
2789 1663 3000 1730 medici,
3020 1667 3372 1732 accusabant;
3397 1670 3526 1738 quid
3558 1652 3740 1740 igitur?

464 1767 550 1813 est
578 1758 695 1813 sine
717 1764 915 1821 matre;
940 1757 985 1810 si
1008 1755 1183 1810 nudus
1207 1754 1345 1809 Deus
1374 1761 1476 1819 est,
1502 1768 1607 1808 non
1628 1761 1711 1807 est
1731 1752 1847 1805 sine
1870 1758 2019 1820 patre
2045 1768 2057 1802 :
2094 1744 2139 1804 Β
2165 1748 2300 1804 Cum
2330 1750 2571 1805 viderent
2593 1754 2871 1823 propheta:
2891 1757 3029 1811 ultra
3052 1758 3340 1837 humanam
3362 1771 3535 1817 artem
3563 1766 3742 1821 vulnus

468 1866 611 1906 nunc
637 1857 818 1904 autem
847 1848 987 1903 idem
1018 1848 1132 1917 ipse
1160 1855 1261 1912 est,
1288 1846 1405 1901 sine
1432 1852 1603 1899 matre
1630 1843 1846 1913 quidem
1869 1851 1927 1896 ut
1946 1841 2060 1911 pla-

470 1953 704 2009 smator;
734 1944 851 1997 sine
870 1950 1025 2013 patre
1055 1950 1265 2005 autem,
1297 1946 1357 1993 ut
1386 1938 1699 2008 plasmatus.

543 2035 630 2087 10.
672 2032 944 2087 Erubesce
968 2031 1052 2086 vel
1075 2030 1486 2101 appellationem
1517 2025 1843 2095 archangeli,
1887 2041 1920 2079 ο
1962 2025 2059 2077 ho-

470 2141 591 2189 mo;
623 2124 714 2192 qui
743 2122 962 2176 Mariam
993 2120 1397 2188 evangelizavit,
1423 2116 1641 2173 Gabriel
1670 2117 1885 2171 dicitur.
1919 2113 2061 2180 Quid

468 2227 647 2271 autem
674 2217 1057 2285 interpretatur
1080 2211 1333 2267 Gabriel?
1362 2212 1504 2266 Deus
1533 2218 1587 2264 et
1614 2210 1796 2264 homo.
1822 2207 2059 2263 Praeces-

469 2312 540 2364 sit
569 2308 878 2380 appellatio,
912 2315 971 2362 ut
999 2305 1311 2362 crederetur
1340 2304 1689 2374 dispensatio.

544 2401 630 2454 ll.
672 2400 827 2455 Disce
856 2414 1072 2454 causam
1104 2396 1423 2468 praesentiae,
1455 2405 1511 2451 et
1528 2394 1769 2464 gloriﬁca
1798 2392 2060 2447 incarnati

466 2497 743 2551 virtutem.
777 2494 999 2548 Multum
1028 2491 1262 2547 debebat
1287 2505 1458 2559 genus
1486 2489 1778 2543 humanum
1798 2529 1811 2554 ,
1845 2494 1899 2541 et
1927 2484 2059 2540 deﬁ-

470 2586 649 2640 ciebat
677 2584 744 2639 ad
773 2583 1032 2638 debitum.
1075 2580 1181 2637 Per
1212 2580 1382 2635 Adam
1416 2594 1575 2636 omne
1613 2585 1892 2649 peccatum
1932 2592 2063 2632 con-

469 2680 799 2750 scripsimus,
825 2686 879 2734 et
909 2693 1095 2732 servos
1116 2692 1215 2731 nos
1244 2675 1511 2731 retinebat
1542 2674 1791 2729 diabolus
1816 2691 1828 2725 :
1863 2671 2064 2727 instru-

471 2782 652 2829 menta
685 2782 871 2829 nostra
897 2772 1224 2842 proferebat,
1256 2786 1356 2841 pro
1384 2770 1587 2825 chartis
1607 2776 1765 2823 utens
1785 2767 1948 2822 multa
1970 2782 2064 2836 pa—

476 2866 644 2919 tiente
688 2878 963 2935 corpore:
1008 2864 1185 2917 stabat
1238 2862 1411 2918 malus
1458 2862 1769 2932 passionum
1821 2858 2065 2913 falsarius

473 2952 789 3008 concutiens
826 2959 1016 3007 contra
1045 2967 1144 3007 nos
1172 2951 1413 3006 debitum
1435 2992 1448 3014 ,
1496 2957 1555 3005 et
1600 2951 1882 3022 postulans
1917 2948 2062 3018 judi-

473 3044 634 3097 cium.
668 3042 797 3096 Erat
825 3043 986 3111 igitur
1012 3042 1376 3096 necessarium
1397 3041 1623 3096 alterum
1646 3056 1677 3095 e
1703 3040 1945 3103 duobus,
1971 3044 2064 3092 aut

2163 1858 2302 1909 esse,
2335 1843 2403 1897 ad
2449 1846 2725 1900 cmlestem
2754 1848 3021 1903 medicum
3050 1851 3356 1907 clamabant
3388 1873 3400 1907 :
3434 1866 3488 1910 et
3520 1858 3605 1912 hic
3628 1862 3742 1927 qui-

2162 1937 2284 1991 dem
2312 1936 2526 1993 dicebat
2549 1957 2561 1991 :
2594 1937 2834 2007 Domine,
2862 1942 3056 1997 inclina
3077 1946 3227 1999 caelos
3268 1957 3398 2014 tuos,
3428 1959 3478 2002 et
3502 1950 3742 2006 descende

2164 2028 2279 2100 (Ps.
2314 2046 2490 2096 cxun,
2520 2028 2592 2099 5).
2630 2031 2779 2087 Alius
2811 2052 2823 2086 :
2855 2034 3002 2089 Sana
3027 2053 3126 2101 me,
3170 2037 3422 2102 Domine,
3455 2052 3504 2094 et
3526 2043 3743 2097 saviabor

2166 2121 2315 2193 (Jer.
2346 2138 2470 2187 xvn,
2520 2121 2643 2194 14).
2695 2124 2844 2179 Alius
2889 2127 3157 2183 clamabat
3190 2147 3204 2181 :
3236 2128 3425 2185 Excitet
3467 2136 3742 2203 potentiam

2165 2223 2325 2279 luant,
2350 2223 2399 2267 et
2427 2214 2559 2281 veni,
2600 2224 2655 2268 ut
2674 2214 2854 2271 liberes
2882 2233 2975 2271 nos
3008 2216 3135 2289 (Ps.
3168 2236 3348 2287 Lxxn,
3379 2223 3457 2294 5).
3489 2222 3637 2279 Alius
3662 2227 3744 2279 di-

2164 2306 2321 2359 Cebat
2342 2322 2360 2359 :
2392 2305 2509 2358 Heu
2536 2308 2652 2361 me!
2673 2308 2849 2363 anima
2896 2326 3029 2373 mea,
3061 2313 3182 2381 quia
3204 2315 3357 2383 periit
3397 2316 3684 2370 misericors
3714 2336 3744 2371 α

2166 2406 2322 2449 terra.
2355 2396 2505 2451 Alius
2533 2397 2747 2452 dicebat
2777 2417 2790 2451 :
2824 2400 2885 2455 Si
2913 2417 3027 2454 vere
3064 2400 3204 2456 Deus
3233 2403 3483 2458 habitavit
3512 2409 3624 2459 eum
3652 2409 3747 2459 lto-

2164 2487 2405 2543 minibus.
2457 2489 2654 2543 Alter:
2698 2490 2812 2546 Cito
2848 2493 3205 2563 apprehendat
3251 2511 3345 2549 nos
3393 2498 3747 2553 misericordia

2168 2589 2274 2644 tua,
2305 2578 2546 2635 Domine.
2578 2580 2710 2636 Item
2740 2582 2877 2636 alter
2909 2601 2920 2634 :
2953 2581 3113 2649 Deus,
3142 2585 3197 2637 in
3230 2586 3546 2657 adjutorium
3585 2607 3747 2643 meum

2164 2674 2393 2739 intende,
2416 2672 2655 2741 Domine,
2686 2676 2756 2728 ad
2782 2676 3132 2746 adiuvandum
3162 2695 3243 2732 me
3263 2679 3583 2752 festina(Ps.
3606 2699 3745 2747 thx,

2164 2764 2242 2835 Ξ).
2295 2765 2446 2820 Alter
2480 2784 2493 2819 :
2529 2765 2629 2831 Qui
2668 2778 2907 2824 venturus
2942 2779 3019 2822 est
3058 2772 3251 2836 veniet,
3299 2781 3482 2827 etnon
3530 2775 3752 2829 tardabit

2134 2854 2142 2862 ’
2168 2855 2397 2927 (Habac.
2430 2873 2485 2922 ll,
2516 2856 2592 2927 '5).
2625 2856 2775 2913 Alius
2807 2878 2819 2911 :
2853 2859 3040 2914 Erravi
3064 2863 3195 2915 sicut
3224 2864 3330 2917 ovis
3361 2882 3473 2935 qua:
3494 2869 3749 2937 perierat;

2166 2948 2367 3019 require
2391 2965 2589 3003 servum
2620 2959 2758 3006 tuum
2789 2950 2906 3020 (Ps.
2936 2968 3113 3019 cxvm,
3142 2953 3287 3025 176).

2239 3038 2327 3093 l7.
2350 3037 2469 3093 Non
2489 3039 2735 3109 despexit
2763 3040 2924 3108 igitur
2944 3042 3189 3097 humanae
3219 3052 3424 3098 natum
3443 3047 3751 3115 oppressio-

476 3135 756 3205 importari
786 3151 853 3189 ex
891 3134 1092 3203 judicio
1120 3140 1379 3198 mortem,
1409 3132 1536 3200 quia
1575 3146 1764 3186 omnes
1801 3143 2060 3199 peccave-
2086 3119 2130 3181 C
2166 3143 2309 3194 nem,
2352 3129 2444 3197 qui
2473 3137 2661 3182 natura
2712 3135 2885 3185 exstat
2933 3146 3030 3185 rex
3069 3140 3123 3186 et
3160 3133 3332 3199 Deus;
3364 3134 3461 3189 sed
3492 3137 3635 3190 venit
3661 3139 3753 3205 qui

474 3234 631 3289 runt;
670 3234 763 3280 aut
804 3226 962 3279 talem
988 3225 1103 3279 dari
1134 3224 1188 3277 in
1217 3221 1747 3292 compensationem,
1778 3221 1869 3288 qui
1898 3219 2063 3273 totius

476 3315 817 3384 repetitionis
856 3312 1169 3382 justiﬁeatio
1200 3313 1476 3367 existeret.
1531 3310 1599 3364 Et
1637 3311 1802 3364 homo
1846 3308 2065 3378 quidem

476 3405 687 3459 salvare
708 3420 814 3458 non
839 3412 1072 3473 poterat,
1104 3402 1417 3469 subiacebat
1435 3402 1577 3456 enim
1598 3401 1781 3456 debito
1808 3398 2067 3468 zangelus

479 3497 745 3550 redimere
773 3512 881 3549 non
912 3495 1145 3561 valebat,
1178 3494 1464 3549 deﬁciebat
1486 3494 1629 3548 enim
1659 3495 1711 3547 in
1742 3494 1918 3563 pretio
1942 3493 2069 3547 libe‘

480 3590 738 3653 rationis;
772 3606 892 3644 eum
922 3590 1012 3657 qui
1035 3590 1151 3642 sine
1175 3594 1398 3657 peccato
1423 3597 1541 3642 erat
1568 3604 1667 3657 pro
1691 3587 2067 3656 peccatoribus

486 3683 623 3735 muri
654 3682 939 3751 oportebat
972 3700 983 3733 :
1018 3681 1130 3750 ipsa
1177 3680 1321 3734 enim
1362 3680 1476 3734 lucc
1521 3687 1575 3733 et
1611 3679 1724 3734 sola
1760 3679 1947 3733 relicta
1987 3686 2069 3733 est

483 3777 609 3831 mali
640 3776 856 3830 solutio.

558 3866 641 3920 l2.
686 3865 823 3933 Quid
853 3866 1020 3935 ergo?
1050 3864 1171 3935 lpse
1200 3864 1292 3935 qui
1321 3879 1388 3919 ex
1418 3864 1585 3919 nihilo
1620 3864 1926 3918 universam
1973 3878 2068 3917 na-

483 3967 657 4012 turam
689 3966 746 4011 ut
767 3966 909 4012 esset
929 3955 1244 4021 adduxerat,
1268 3956 1359 4024 qui
1382 3956 1435 4010 in
1467 3956 1612 4010 nullo
1635 3955 1895 4011 bonitatis
1926 3955 2070 4010 dono

483 4048 789 4113 deﬁciebat,
822 4047 1115 4111 adinvenit,
1144 4055 1199 4100 et
1220 4046 1539 4114 adjudieatis
1569 4045 1729 4100 morti
1756 4046 1921 4099 vitam
1949 4061 2069 4101 cer-

481 4142 768 4205 tissimam,
811 4149 866 4194 et
909 4139 1069 4193 morti
1108 4138 1433 4191 solutionem
1476 4138 1906 4193 decentissimam
1956 4154 1969 4189 :
2012 4136 2073 4190 tit

483 4235 628 4289 enim
651 4234 845 4311 homo,
860 4233 999 4287 sicut
1020 4231 1170 4285 novit
1200 4230 1313 4300 ipse
1345 4230 1543 4301 (sermo
1565 4228 1709 4283 enim
1730 4228 2071 4297 interpretari

486 4323 802 4377 miraculum
848 4338 957 4375 non
1006 4323 1231 4391 potest),
1262 4328 1411 4374 eteo
1447 4320 1693 4381 moritur,
1734 4319 1879 4388 quod
1907 4319 2073 4374 homo

483 4415 654 4468 factus
687 4423 802 4477 est;
842 4422 899 4466 et
925 4429 991 4467 eo
1029 4414 1251 4477 liberat,
1283 4411 1427 4481 quod
1456 4411 1605 4481 prius
1630 4412 1942 4476 exstiterat,
1985 4427 2072 4465 se-

2166 3234 2379 3289 semper
2405 3219 2609 3285 aderat,
2644 3229 2698 3275 et
2742 3223 2973 3278 exsolvit
3022 3224 3447 3295 redemptionem
3477 3230 3751 3297 preprium

2165 3310 2508 3378 sanguinem,
2540 3318 2597 3367 et
2637 3310 2785 3367 dedit
2810 3328 2909 3382 pro
2937 3326 3135 3382 genere
3160 3315 3395 3372 humano
3434 3332 3753 3388 compensa-

2167 3404 2369 3457 tionem
2415 3404 2610 3469 morti,
2642 3403 2785 3472 quod
2814 3420 2881 3459 ex
2910 3404 3129 3474 Virgine
3158 3406 3374 3463 indutus
3414 3418 3497 3463 est
3523 3425 3752 3479 corpus,

2167 3503 2223 3550 et
2251 3494 2480 3551 redemit
2506 3496 2764 3552 mundum
2792 3514 2861 3552 ex
2888 3498 3172 3555 maledicto
3201 3500 3361 3568 legis;
3387 3501 3531 3557 unde
3558 3503 3756 3556 clamat

2168 3585 2366 3642 Paulus
2390 3606 2403 3641 :
2436 3586 2667 3642 Christus
2689 3605 2783 3643 nos
2812 3588 3026 3644 redemit
3053 3590 3117 3645 de
3143 3592 3419 3648 maledicto
3450 3594 3581 3665 legis
3611 3593 3753 3667 (Cal.

2168 3692 2244 3743 tu,
2273 3678 2395 3751 15).

2240 3768 2327 3823 18.
2372 3769 2475 3836 Qui
2515 3770 2675 3838 igitur
2701 3771 2930 3827 redemit
2974 3789 3103 3838 nos,
3132 3790 3240 3829 non
3288 3791 3455 3845 purus
3483 3777 3684 3839 homo,
3730 3794 3763 3832 ο

2169 3862 2350 3919 Judtee
2387 3882 2399 3917 :
2431 3864 2709 3919 hominum
2763 3865 2906 3919 enim
2951 3875 3140 3921 natura
3186 3876 3411 3936 peccato
3455 3870 3762 3934 servit-bat;

2171 3955 2267 4011 sed
2295 3971 2394 4011 nec
2426 3957 2563 4011 Deus
2606 3956 2797 4022 nudus,
2825 3971 3018 4027 corpus
3064 3960 3207 4013 enim
3234 3960 3484 4027 habebat,
3515 3976 3548 4015 ο
3590 3962 3766 4015 Mani-

2172 4048 2335 4111 chtce,
2361 4047 2462 4101 nisi
2485 4048 2626 4101 enim
2657 4062 2744 4103 me
2783 4048 3000 4104 indutus
3027 4058 3188 4116 esset,
3213 4066 3300 4105 me
3329 4068 3436 4106 non
3466 4053 3766 4113 salvasset;

2170 4138 2264 4192 sed
2292 4138 2384 4206 qui
2413 4138 2466 4191 in
2492 4146 2646 4193 utero
2691 4138 2925 4207 Virginis
2951 4142 3272 4195 sententiam
3303 4142 3518 4208 tulerat,
3549 4144 3772 4196 indutus

2173 4237 2255 4285 est
2280 4245 2449 4296 reum,
2471 4238 2525 4284 et
2548 4231 2619 4285 ibi
2649 4231 2901 4287 terribilis
2929 4230 3065 4286 facta
3096 4240 3175 4287 est
3202 4235 3554 4287 commutatio
3586 4252 3601 4289 :
3633 4234 3773 4288 dans

2174 4322 2315 4377 enim
2347 4321 2603 4392 Spiritum
2633 4310 2841 4391 accepit
2862 4339 3113 4389 carnem,
3158 4323 3299 4377 idem
3329 4324 3446 4393 ipse
3491 4341 3620 4379 cum
3649 4325 3776 4378 Vir-

2176 4413 2299 4481 gine
2328 4420 2381 4467 et
2408 4428 2474 4467 ex
2522 4413 2772 4481 Virgine;
2802 4422 2856 4469 et
2883 4413 3114 4483 Spiritus
3157 4414 3375 4482 quidem
3421 4414 3778 4470 obumbravit

482 4505 716 4559 cundum
750 4501 975 4556 Paulum
1015 4502 1283 4557 dicentem
1318 4520 1330 4554 :
1366 4502 1431 4555 In
1460 4518 1557 4573 quo
1591 4501 1836 4554 habemus
1866 4501 2066 4555 redem-
2097 4486 2149 4546 Ῑ)
2175 4519 2315 4566 eam,
2350 4504 2463 4574 ipse
2491 4520 2621 4558 vero
2649 4520 2716 4558 ex
2744 4520 2806 4559 ea
2835 4520 2962 4560 caro
2996 4504 3166 4560 factus
3194 4512 3293 4559 est.

488 4600 740 4669 ptionem,
774 4612 865 4665 per
900 4595 1203 4664 sanguinem
1225 4595 1335 4663 ejus
1358 4595 1707 4647 remissionem
1746 4602 2068 4665 peccatorum

454 4760 459 4763 ς
488 4688 649 4759 (Eph.
687 4705 733 4753 ι,
760 4686 837 4754 7).

450 4851 459 4857 _
561 4780 639 4833 l5.
662 4778 706 4833 Ο
728 4775 988 4848 stupenda
1010 4776 1124 4830 res!
1143 4775 1260 4828 aliis
1271 4776 1575 4842 negotiatus
1595 4786 1676 4831 est
1693 4778 2071 4832 immortalita-

484 4882 610 4935 tem,
634 4873 747 4942 ipse
768 4873 909 4927 enim
932 4880 1047 4925 erat
1065 4870 1399 4936 immortalis;
1420 4872 1537 4926 talis
1553 4873 1696 4926 enim
1726 4874 1862 4929 alter
1883 4887 2075 4928 secun-

489 4966 615 5018 dum
635 4964 1107 5035 dispensationem,
1125 4977 1223 5016 nec
1250 4970 1384 5028 erat,
1403 4979 1504 5018 nec
1521 4964 1691 5020 lactus
1718 4972 1821 5030 est,
1850 4980 1946 5017 nec
1962 4970 2064 5027 cst,

484 5071 582 5110 nec
598 5058 718 5121 erit,
732 5057 879 5112 solus
890 5064 973 5110 est
987 5056 1077 5125 qui
1089 5071 1157 5110 ex
1167 5055 1383 5122 Virgine
1395 5064 1553 5111 natus
1566 5063 1649 5110 est
1662 5056 1799 5111 Deus
1814 5064 1869 5111 et
1882 5058 2065 5120 homo,

482 5163 591 5201 non
615 5149 808 5213 solum,
833 5163 952 5217 qua:
972 5147 1289 5217 contraponi
1311 5146 1379 5202 ad
1406 5147 1855 5217 appretiatiouem
1879 5146 2067 5217 possit,

482 5237 689 5293 habens
712 5238 1029 5306 dignitatem
1054 5238 1121 5292 ad
1143 5238 1541 5292 multitudinem
1566 5253 1804 5301 reorum,
1837 5237 1931 5293 sed
1962 5253 2074 5291 om-

2250 4594 2336 4649 19.
2362 4595 2417 4650 Si
2447 4596 2582 4649 alter
2600 4595 2842 4650 Christus
2857 4606 2911 4650 et
2932 4597 3067 4650 alter
3087 4596 3228 4651 Deus
3241 4594 3500 4663 Verbum,
3524 4613 3640 4651 non
3657 4596 3776 4665 jam

2178 4687 2405 4753 trinitas,
2436 4686 2529 4741 sed
2567 4689 2899 4756 quaternitas
2922 4688 3043 4742 erit.
3078 4687 3195 4743 Non
3221 4688 3524 4758 disrumpas
3548 4689 3779 4759 dispen-

2177 4778 2401 4832 sationis
2431 4778 2685 4843 tunicam,
2714 4793 2832 4846 quae
2860 4778 3094 4848 desuper
3131 4786 3381 4832 contexta
3405 4789 3510 4844 est,
3556 4795 3674 4833 non
3706 4778 3778 4831 sis

2178 4869 2470 4939 discipulus
2508 4868 2620 4923 Arii
2648 4887 2661 4935 ;
2693 4870 2855 4938 impie
2885 4869 2973 4923 ille
3002 4870 3289 4929 essentiam
3318 4868 3528 4936 dividit,
3556 4877 3618 4923 tu
3649 4868 3779 4923 uni-

2182 4970 2344 5015 tatem
2373 4977 2440 5015 ne
2464 4961 2734 5030 partiaris,
2763 4967 2821 5014 ut
2851 4977 2957 5014 non
2987 4946 3241 5015 dividaris
3263 4974 3292 5013 a
3322 4958 3456 5013 Deo.

2248 5054 2336 5107 20.
2390 5054 2484 5109 Dic
2504 5067 2628 5123 age,
2655 5055 2777 5123 quis
2804 5053 3054 5124 apparuit
3091 5054 3147 5106 in
3177 5050 3394 5106 tenebris
3421 5060 3474 5105 et
3501 5052 3558 5104 in
3588 5049 3786 5103 umbra

2178 5145 2356 5199 mortis
2384 5144 2675 5198 sedentibus
2727 5142 2875 5213 (Luc.
2909 5160 2946 5207 ι,
2974 5140 3100 5212 79)?
3135 5140 3346 5196 Homo?
3368 5138 3436 5193 Et
3472 5139 3784 5208 quomodo,

2177 5236 2222 5289 si
2250 5235 2301 5288 in
2345 5235 2580 5289 tenebris
2607 5234 2854 5301 degebat,
2884 5232 3175 5288 secundum
3205 5229 3427 5284 Paulum
3458 5230 3744 5285 dicentem
3772 5245 3791 5278 ι

482 5328 640 5383 nibus
654 5328 933 5383 sententiis
962 5328 1471 5398 supereminentem.
1495 5329 1552 5382 ln
1575 5330 1677 5383 hoc
1696 5328 1911 5397 quidem
1926 5328 2071 5396 quod

483 5416 648 5473 Filius
675 5430 818 5481 crat,
848 5417 899 5472 id
929 5418 1073 5487 quod
1120 5418 1572 5473 incommutabilis
1611 5426 1692 5475 est
1735 5418 1804 5472 ad
1851 5416 2079 5472 Patrem.

482 5526 840 5575 conservans;
887 5511 940 5565 in
988 5511 1090 5565 hoc
1125 5518 1304 5564 autem
1345 5509 1489 5579 quod
1535 5510 1803 5575 conditor,
1837 5510 1891 5565 id
1926 5510 2071 5579 quod

483 5604 695 5658 virtutis
723 5611 807 5658 est
840 5602 1208 5657 indelicienter
1236 5601 1471 5658 habens:
1497 5602 1551 5655 in
1580 5602 1684 5656 hoc
1708 5601 1852 5670 quod
1882 5617 2071 5656 amans

484 5698 746 5761 misereri,
773 5712 835 5751 ea
851 5712 969 5766 quae
982 5696 1370 5766 compassionis
1389 5704 1513 5749 sunt
1533 5696 1649 5751 sine
1671 5697 1776 5750 ulla
1792 5696 2069 5765 publicans

2180 5325 2280 5389 Qui
2309 5326 2496 5395 eripuit
2536 5340 2626 5377 nos
2652 5341 2717 5377 ea:
2756 5334 3006 5394 potestate
3037 5321 3361 5377 tenebrarum
3404 5320 3541 5389 (Col.
3578 5337 3614 5379 ι,
3653 5318 3792 5385 13);

2178 5425 2232 5472 et
2286 5418 2478 5471 iterum
2512 5434 2523 5469 :
2556 5414 2735 5469 Eratis
2775 5416 2912 5468 enim
2959 5412 3239 5484 aliquando
3282 5410 3507 5465 tenebra:
3549 5408 3794 5479 (Ephes.

2178 5527 2232 5575 v,
2279 5508 2369 5582 8).
2416 5508 2545 5575 Quis
2590 5522 2719 5576 ergo
2755 5506 2964 5575 illuxit?
3017 5502 3183 5559 DaVid
3213 5511 3266 5559 te
3314 5502 3508 5558 doceat
3537 5501 3796 5555 dicens:

2177 5600 2316 5654 Deus
2338 5598 2609 5663 Dominus,
2640 5608 2689 5652 et
2715 5597 2886 5651 illuxit
2910 5594 3055 5650 nobis
3079 5593 3200 5665 (Ps.
3226 5609 3388 5659 cxvu,
3414 5592 3542 5662 27);
3575 5604 3799 5647 convo-

2178 5702 2372 5749 nerunt
2402 5702 2626 5756 naturte,
2651 5699 2707 5745 et
2736 5688 3014 5744 inconfusa
3036 5687 3331 5757 permansit
3355 5686 3555 5741 unitas.
