  <div class='ocr_page' id='page_1' title='image "/cluster/home/n/w/nwhite01/storage/ocr_20150623/48/hvd.32044096580691/396.png"; bbox 0 0 3960 6184; ppageno 0'>
   <div class='ocr_carea' id='block_1_1' title="bbox 294 287 392 341">
    <p class='ocr_par' dir='ltr' id='par_1_1' title="bbox 294 287 392 341">
     <span class='ocr_line' id='line_1_1' title="bbox 294 287 392 341; baseline 0.02 -3"><span class='ocrx_word' id='word_1_1' title='bbox 294 287 392 341; x_wconf 77' lang='lat' dir='ltr'><strong>7S!</strong></span> 
     </span>
    </p>
   </div>
   <div class='ocr_carea' id='block_1_2' title="bbox 293 487 1876 561">
    <p class='ocr_par' dir='ltr' id='par_1_2' title="bbox 293 487 1876 561">
     <span class='ocr_line' id='line_1_2' title="bbox 293 487 1876 561; baseline -0.004 -14"><span class='ocrx_word' id='word_1_2' title='bbox 293 506 421 560; x_wconf 86' lang='lat' dir='ltr'><strong>ergo</strong></span> <span class='ocrx_word' id='word_1_3' title='bbox 451 498 699 561; x_wconf 89' lang='lat' dir='ltr'><strong>poterant</strong></span> <span class='ocrx_word' id='word_1_4' title='bbox 721 499 943 557; x_wconf 89' lang='lat' dir='ltr'><strong>utraque</strong></span> <span class='ocrx_word' id='word_1_5' title='bbox 966 487 1077 541; x_wconf 77' lang='lat' dir='ltr'><strong>ﬁeri</strong></span> <span class='ocrx_word' id='word_1_6' title='bbox 1100 489 1121 541; x_wconf 87' lang='lat'><strong>?</strong></span> <span class='ocrx_word' id='word_1_7' title='bbox 1152 487 1323 542; x_wconf 84' lang='lat' dir='ltr'><strong>Homo</strong></span> <span class='ocrx_word' id='word_1_8' title='bbox 1346 503 1511 558; x_wconf 91' lang='lat' dir='ltr'><strong>purus</strong></span> <span class='ocrx_word' id='word_1_9' title='bbox 1530 488 1739 543; x_wconf 88' lang='lat' dir='ltr'><strong>salvare</strong></span> <span class='ocrx_word' id='word_1_10' title='bbox 1769 504 1876 542; x_wconf 91' lang='lat' dir='ltr'><strong>non</strong></span> 
     </span>
    </p>
   </div>
   <div class='ocr_carea' id='block_1_3' title="bbox 292 578 1878 648">
    <p class='ocr_par' dir='ltr' id='par_1_3' title="bbox 292 578 1878 648">
     <span class='ocr_line' id='line_1_3' title="bbox 292 578 1878 648; baseline -0.003 -12"><span class='ocrx_word' id='word_1_11' title='bbox 292 582 524 647; x_wconf 86' lang='lat' dir='ltr'><strong>valebat,</strong></span> <span class='ocrx_word' id='word_1_12' title='bbox 554 581 693 634; x_wconf 87' lang='lat' dir='ltr'><strong>Deus</strong></span> <span class='ocrx_word' id='word_1_13' title='bbox 739 579 911 633; x_wconf 91' lang='lat' dir='ltr'><strong>nudus</strong></span> <span class='ocrx_word' id='word_1_14' title='bbox 938 578 1047 648; x_wconf 91' lang='lat' dir='ltr'><strong>pati</strong></span> <span class='ocrx_word' id='word_1_15' title='bbox 1077 594 1183 632; x_wconf 92' lang='lat' dir='ltr'><strong>non</strong></span> <span class='ocrx_word' id='word_1_16' title='bbox 1213 586 1457 648; x_wconf 78' lang='lat' dir='ltr'><strong>poterat,</strong></span> <span class='ocrx_word' id='word_1_17' title='bbox 1492 578 1605 647; x_wconf 91' lang='lat' dir='ltr'><strong>ipse</strong></span> <span class='ocrx_word' id='word_1_18' title='bbox 1642 578 1878 632; x_wconf 83' lang='lat' dir='ltr'><strong>existens</strong></span> 
     </span>
    </p>
   </div>
   <div class='ocr_carea' id='block_1_4' title="bbox 294 667 1880 737">
    <p class='ocr_par' dir='ltr' id='par_1_4' title="bbox 294 667 1880 737">
     <span class='ocr_line' id='line_1_4' title="bbox 294 667 1880 737; baseline -0.004 -10"><span class='ocrx_word' id='word_1_19' title='bbox 294 672 435 728; x_wconf 85' lang='lat' dir='ltr'><strong>Deus</strong></span> <span class='ocrx_word' id='word_1_20' title='bbox 457 680 663 737; x_wconf 88' lang='lat' dir='ltr'><strong>natura,</strong></span> <span class='ocrx_word' id='word_1_21' title='bbox 691 668 860 724; x_wconf 83' lang='lat' dir='ltr'><strong>factus</strong></span> <span class='ocrx_word' id='word_1_22' title='bbox 880 678 962 724; x_wconf 86' lang='lat' dir='ltr'><strong>est</strong></span> <span class='ocrx_word' id='word_1_23' title='bbox 983 670 1164 731; x_wconf 88' lang='lat' dir='ltr'><strong>homo,</strong></span> <span class='ocrx_word' id='word_1_24' title='bbox 1185 677 1239 722; x_wconf 92' lang='lat' dir='ltr'><strong>et</strong></span> <span class='ocrx_word' id='word_1_25' title='bbox 1262 684 1328 722; x_wconf 84' lang='lat' dir='ltr'><strong>eo</strong></span> <span class='ocrx_word' id='word_1_26' title='bbox 1356 667 1499 737; x_wconf 91' lang='lat' dir='ltr'><strong>quod</strong></span> <span class='ocrx_word' id='word_1_27' title='bbox 1520 667 1735 737; x_wconf 85' lang='lat' dir='ltr'><strong>quidem</strong></span> <span class='ocrx_word' id='word_1_28' title='bbox 1763 675 1880 722; x_wconf 88' lang='lat' dir='ltr'><strong>erat</strong></span> 
     </span>
    </p>
   </div>
   <div class='ocr_carea' id='block_1_5' title="bbox 293 759 1613 830">
    <p class='ocr_par' dir='ltr' id='par_1_5' title="bbox 293 759 1613 830">
     <span class='ocr_line' id='line_1_5' title="bbox 293 759 1613 830; baseline -0.007 -10"><span class='ocrx_word' id='word_1_29' title='bbox 293 765 551 829; x_wconf 81' lang='lat' dir='ltr'><strong>salvavit;</strong></span> <span class='ocrx_word' id='word_1_30' title='bbox 581 779 647 818; x_wconf 90' lang='lat' dir='ltr'><strong>eo</strong></span> <span class='ocrx_word' id='word_1_31' title='bbox 676 771 853 816; x_wconf 90' lang='lat' dir='ltr'><strong>autem</strong></span> <span class='ocrx_word' id='word_1_32' title='bbox 882 760 1026 830; x_wconf 87' lang='lat' dir='ltr'><strong>quod</strong></span> <span class='ocrx_word' id='word_1_33' title='bbox 1049 760 1218 814; x_wconf 84' lang='lat' dir='ltr'><strong>factus</strong></span> <span class='ocrx_word' id='word_1_34' title='bbox 1241 767 1342 822; x_wconf 86' lang='lat' dir='ltr'><strong>est,</strong></span> <span class='ocrx_word' id='word_1_35' title='bbox 1376 759 1613 829; x_wconf 91' lang='lat' dir='ltr'><strong>pertulit.</strong></span> 
     </span>
    </p>
   </div>
   <div class='ocr_carea' id='block_1_6' title="bbox 364 849 1878 925">
    <p class='ocr_par' dir='ltr' id='par_1_6' title="bbox 364 849 1878 925">
     <span class='ocr_line' id='line_1_6' title="bbox 364 849 1878 925; baseline -0.004 -17"><span class='ocrx_word' id='word_1_36' title='bbox 364 856 451 908; x_wconf 60' lang='lat' dir='ltr'><strong>Q2.</strong></span> <span class='ocrx_word' id='word_1_37' title='bbox 468 857 760 925; x_wconf 89' lang='lat' dir='ltr'><strong>Pr0pterea</strong></span> <span class='ocrx_word' id='word_1_38' title='bbox 788 852 1003 921; x_wconf 82' lang='lat' dir='ltr'><strong>quando</strong></span> <span class='ocrx_word' id='word_1_39' title='bbox 1029 850 1159 904; x_wconf 84' lang='lat' dir='ltr'><strong>vidit</strong></span> <span class='ocrx_word' id='word_1_40' title='bbox 1179 849 1417 905; x_wconf 83' lang='lat' dir='ltr'><strong>Ecclesia</strong></span> <span class='ocrx_word' id='word_1_41' title='bbox 1439 864 1727 905; x_wconf 83' lang='lat' dir='ltr'><strong>coronasse</strong></span> <span class='ocrx_word' id='word_1_42' title='bbox 1755 863 1878 903; x_wconf 90' lang='lat' dir='ltr'><strong>eum</strong></span> 
     </span>
    </p>
   </div>
   <div class='ocr_carea' id='block_1_7' title="bbox 293 941 1875 1020">
    <p class='ocr_par' dir='ltr' id='par_1_7' title="bbox 293 941 1875 1020">
     <span class='ocr_line' id='line_1_7' title="bbox 293 941 1875 1020; baseline -0.005 -16"><span class='ocrx_word' id='word_1_43' title='bbox 293 948 458 1018; x_wconf 79' lang='lat' dir='ltr'><strong>spinis</strong></span> <span class='ocrx_word' id='word_1_44' title='bbox 472 946 826 1020; x_wconf 80' lang='lat' dir='ltr'><strong>Synagogam,</strong></span> <span class='ocrx_word' id='word_1_45' title='bbox 844 943 1130 1013; x_wconf 81' lang='lat' dir='ltr'><strong>deplorans</strong></span> <span class='ocrx_word' id='word_1_46' title='bbox 1146 942 1613 1012; x_wconf 71' lang='lat' dir='ltr'><strong>prmsumptionem</strong></span> <span class='ocrx_word' id='word_1_47' title='bbox 1632 941 1843 996; x_wconf 90' lang='lat' dir='ltr'><strong>dicebat</strong></span> <span class='ocrx_word' id='word_1_48' title='bbox 1862 958 1875 996; x_wconf 88' lang='lat'><strong>:</strong></span> 
     </span>
    </p>
   </div>
   <div class='ocr_carea' id='block_1_8' title="bbox 292 1032 1879 1103">
    <p class='ocr_par' dir='ltr' id='par_1_8' title="bbox 292 1032 1879 1103">
     <span class='ocr_line' id='line_1_8' title="bbox 292 1032 1879 1103; baseline -0.003 -12"><span class='ocrx_word' id='word_1_49' title='bbox 292 1038 451 1093; x_wconf 78' lang='lat' dir='ltr'><strong>Filia:</strong></span> <span class='ocrx_word' id='word_1_50' title='bbox 474 1036 781 1102; x_wconf 79' lang='lat' dir='ltr'><strong>Jerusalem,</strong></span> <span class='ocrx_word' id='word_1_51' title='bbox 805 1036 937 1088; x_wconf 76' lang='lat' dir='ltr'><strong>exite</strong></span> <span class='ocrx_word' id='word_1_52' title='bbox 965 1044 1014 1087; x_wconf 88' lang='lat' dir='ltr'><strong>et</strong></span> <span class='ocrx_word' id='word_1_53' title='bbox 1042 1032 1202 1087; x_wconf 81' lang='lat' dir='ltr'><strong>videte</strong></span> <span class='ocrx_word' id='word_1_54' title='bbox 1234 1049 1496 1096; x_wconf 83' lang='lat' dir='ltr'><strong>coronam,</strong></span> <span class='ocrx_word' id='word_1_55' title='bbox 1530 1050 1631 1103; x_wconf 82' lang='lat' dir='ltr'><strong>qua</strong></span> <span class='ocrx_word' id='word_1_56' title='bbox 1658 1049 1879 1086; x_wconf 81' lang='lat' dir='ltr'><strong>corona-</strong></span> 
     </span>
    </p>
   </div>
   <div class='ocr_carea' id='block_1_9' title="bbox 293 1123 1879 1198">
    <p class='ocr_par' dir='ltr' id='par_1_9' title="bbox 293 1123 1879 1198">
     <span class='ocr_line' id='line_1_9' title="bbox 293 1123 1879 1198; baseline -0.004 -13"><span class='ocrx_word' id='word_1_57' title='bbox 293 1134 362 1185; x_wconf 76' lang='lat' dir='ltr'><strong>rit</strong></span> <span class='ocrx_word' id='word_1_58' title='bbox 388 1147 502 1184; x_wconf 84' lang='lat' dir='ltr'><strong>eum</strong></span> <span class='ocrx_word' id='word_1_59' title='bbox 524 1138 689 1182; x_wconf 85' lang='lat' dir='ltr'><strong>mater</strong></span> <span class='ocrx_word' id='word_1_60' title='bbox 713 1143 807 1181; x_wconf 84' lang='lat' dir='ltr'><strong>sua</strong></span> <span class='ocrx_word' id='word_1_61' title='bbox 833 1124 1006 1198; x_wconf 83' lang='lat' dir='ltr'><strong>(Cant.</strong></span> <span class='ocrx_word' id='word_1_62' title='bbox 1034 1142 1109 1191; x_wconf 84' lang='grc' dir='ltr'>ιιι,</span> <span class='ocrx_word' id='word_1_63' title='bbox 1140 1123 1261 1195; x_wconf 82' lang='lat' dir='ltr'><strong>ll);</strong></span> <span class='ocrx_word' id='word_1_64' title='bbox 1292 1125 1407 1194; x_wconf 89' lang='lat' dir='ltr'><strong>ipse</strong></span> <span class='ocrx_word' id='word_1_65' title='bbox 1435 1125 1578 1179; x_wconf 91' lang='lat' dir='ltr'><strong>enim</strong></span> <span class='ocrx_word' id='word_1_66' title='bbox 1605 1141 1673 1180; x_wconf 80' lang='lat' dir='ltr'><strong>ex</strong></span> <span class='ocrx_word' id='word_1_67' title='bbox 1710 1125 1879 1195; x_wconf 86' lang='lat' dir='ltr'><strong>spinis</strong></span> 
     </span>
    </p>
   </div>
   <div class='ocr_carea' id='block_1_10' title="bbox 294 1215 1877 1291">
    <p class='ocr_par' dir='ltr' id='par_1_10' title="bbox 294 1215 1877 1291">
     <span class='ocr_line' id='line_1_10' title="bbox 294 1215 1877 1291; baseline -0.005 -13"><span class='ocrx_word' id='word_1_68' title='bbox 294 1237 551 1278; x_wconf 86' lang='lat' dir='ltr'><strong>coronam</strong></span> <span class='ocrx_word' id='word_1_69' title='bbox 580 1219 833 1291; x_wconf 82' lang='lat' dir='ltr'><strong>portavit,</strong></span> <span class='ocrx_word' id='word_1_70' title='bbox 868 1226 925 1271; x_wconf 90' lang='lat' dir='ltr'><strong>ut</strong></span> <span class='ocrx_word' id='word_1_71' title='bbox 951 1217 1223 1287; x_wconf 86' lang='lat' dir='ltr'><strong>spinarum</strong></span> <span class='ocrx_word' id='word_1_72' title='bbox 1270 1216 1592 1271; x_wconf 88' lang='lat' dir='ltr'><strong>sententiam</strong></span> <span class='ocrx_word' id='word_1_73' title='bbox 1618 1215 1877 1270; x_wconf 86' lang='lat' dir='ltr'><strong>dissolve-</strong></span> 
     </span>
    </p>
   </div>
   <div class='ocr_carea' id='block_1_11' title="bbox 294 1307 1882 1385">
    <p class='ocr_par' dir='ltr' id='par_1_11' title="bbox 294 1307 1882 1385">
     <span class='ocr_line' id='line_1_11' title="bbox 294 1307 1882 1385; baseline -0.004 -16"><span class='ocrx_word' id='word_1_74' title='bbox 294 1324 409 1380; x_wconf 89' lang='lat' dir='ltr'><strong>ret;</strong></span> <span class='ocrx_word' id='word_1_75' title='bbox 443 1315 555 1385; x_wconf 87' lang='lat' dir='ltr'><strong>ipse</strong></span> <span class='ocrx_word' id='word_1_76' title='bbox 606 1313 659 1366; x_wconf 90' lang='lat' dir='ltr'><strong>in</strong></span> <span class='ocrx_word' id='word_1_77' title='bbox 705 1312 822 1366; x_wconf 91' lang='lat' dir='ltr'><strong>sinu</strong></span> <span class='ocrx_word' id='word_1_78' title='bbox 855 1309 1027 1364; x_wconf 87' lang='lat' dir='ltr'><strong>Patris</strong></span> <span class='ocrx_word' id='word_1_79' title='bbox 1056 1316 1109 1364; x_wconf 91' lang='lat' dir='ltr'><strong>et</strong></span> <span class='ocrx_word' id='word_1_80' title='bbox 1135 1308 1188 1362; x_wconf 89' lang='lat' dir='ltr'><strong>in</strong></span> <span class='ocrx_word' id='word_1_81' title='bbox 1226 1317 1414 1363; x_wconf 80' lang='lat' dir='ltr'><strong>ventre</strong></span> <span class='ocrx_word' id='word_1_82' title='bbox 1460 1307 1707 1376; x_wconf 76' lang='lat' dir='ltr'><strong>Virginis,</strong></span> <span class='ocrx_word' id='word_1_83' title='bbox 1743 1309 1882 1363; x_wconf 88' lang='lat' dir='ltr'><strong>inter</strong></span> 
     </span>
    </p>
   </div>
   <div class='ocr_carea' id='block_1_12' title="bbox 296 1401 1880 1475">
    <p class='ocr_par' dir='ltr' id='par_1_12' title="bbox 296 1401 1880 1475">
     <span class='ocr_line' id='line_1_12' title="bbox 296 1401 1880 1475; baseline -0.004 -12"><span class='ocrx_word' id='word_1_84' title='bbox 296 1409 449 1463; x_wconf 88' lang='lat' dir='ltr'><strong>ulnas</strong></span> <span class='ocrx_word' id='word_1_85' title='bbox 477 1407 661 1461; x_wconf 87' lang='lat' dir='ltr'><strong>matris</strong></span> <span class='ocrx_word' id='word_1_86' title='bbox 689 1414 745 1459; x_wconf 90' lang='lat' dir='ltr'><strong>et</strong></span> <span class='ocrx_word' id='word_1_87' title='bbox 773 1420 933 1475; x_wconf 90' lang='lat' dir='ltr'><strong>super</strong></span> <span class='ocrx_word' id='word_1_88' title='bbox 974 1418 1178 1473; x_wconf 87' lang='lat' dir='ltr'><strong>pennas</strong></span> <span class='ocrx_word' id='word_1_89' title='bbox 1225 1409 1502 1456; x_wconf 86' lang='lat' dir='ltr'><strong>ventorum</strong></span> <span class='ocrx_word' id='word_1_90' title='bbox 1534 1419 1546 1454; x_wconf 91' lang='lat'>:</span> <span class='ocrx_word' id='word_1_91' title='bbox 1578 1417 1785 1456; x_wconf 86' lang='lat' dir='ltr'><strong>sursum</strong></span> <span class='ocrx_word' id='word_1_92' title='bbox 1812 1401 1880 1456; x_wconf 89' lang='lat' dir='ltr'><strong>ab</strong></span> 
     </span>
    </p>
   </div>
   <div class='ocr_carea' id='block_1_13' title="bbox 295 1492 1879 1568">
    <p class='ocr_par' dir='ltr' id='par_1_13' title="bbox 295 1492 1879 1568">
     <span class='ocr_line' id='line_1_13' title="bbox 295 1492 1879 1568; baseline -0.006 -15"><span class='ocrx_word' id='word_1_93' title='bbox 295 1499 500 1568; x_wconf 77' lang='lat' dir='ltr'><strong>angelis</strong></span> <span class='ocrx_word' id='word_1_94' title='bbox 527 1497 870 1559; x_wconf 83' lang='lat' dir='ltr'><strong>adorabatur,</strong></span> <span class='ocrx_word' id='word_1_95' title='bbox 895 1504 950 1549; x_wconf 90' lang='lat' dir='ltr'><strong>et</strong></span> <span class='ocrx_word' id='word_1_96' title='bbox 970 1494 1219 1549; x_wconf 89' lang='lat' dir='ltr'><strong>deorsum</strong></span> <span class='ocrx_word' id='word_1_97' title='bbox 1236 1509 1357 1548; x_wconf 89' lang='lat' dir='ltr'><strong>cum</strong></span> <span class='ocrx_word' id='word_1_98' title='bbox 1384 1492 1651 1548; x_wconf 89' lang='lat' dir='ltr'><strong>telonibus</strong></span> <span class='ocrx_word' id='word_1_99' title='bbox 1671 1508 1879 1547; x_wconf 79' lang='lat' dir='ltr'><strong>recuru-</strong></span> 
     </span>
    </p>
   </div>
   <div class='ocr_carea' id='block_1_14' title="bbox 296 1585 1875 1659">
    <p class='ocr_par' dir='ltr' id='par_1_14' title="bbox 296 1585 1875 1659">
     <span class='ocr_line' id='line_1_14' title="bbox 296 1585 1875 1659; baseline -0.005 -12"><span class='ocrx_word' id='word_1_100' title='bbox 296 1593 493 1648; x_wconf 91' lang='lat' dir='ltr'><strong>bebat:</strong></span> <span class='ocrx_word' id='word_1_101' title='bbox 526 1590 806 1659; x_wconf 87' lang='lat' dir='ltr'><strong>Serapbim</strong></span> <span class='ocrx_word' id='word_1_102' title='bbox 836 1603 943 1642; x_wconf 91' lang='lat' dir='ltr'><strong>non</strong></span> <span class='ocrx_word' id='word_1_103' title='bbox 973 1585 1373 1658; x_wconf 87' lang='lat' dir='ltr'><strong>prospiciebant</strong></span> <span class='ocrx_word' id='word_1_104' title='bbox 1418 1600 1526 1657; x_wconf 76' lang='lat' dir='ltr'><strong>pne</strong></span> <span class='ocrx_word' id='word_1_105' title='bbox 1554 1585 1875 1650; x_wconf 82' lang='lat' dir='ltr'><strong>reverentia,</strong></span> 
     </span>
    </p>
   </div>
   <div class='ocr_carea' id='block_1_15' title="bbox 295 1678 1877 1749">
    <p class='ocr_par' dir='ltr' id='par_1_15' title="bbox 295 1678 1877 1749">
     <span class='ocr_line' id='line_1_15' title="bbox 295 1678 1877 1749; baseline -0.008 -6"><span class='ocrx_word' id='word_1_106' title='bbox 295 1695 353 1743; x_wconf 89' lang='lat' dir='ltr'><strong>et</strong></span> <span class='ocrx_word' id='word_1_107' title='bbox 376 1686 578 1740; x_wconf 88' lang='lat' dir='ltr'><strong>Pilatus</strong></span> <span class='ocrx_word' id='word_1_108' title='bbox 606 1682 971 1749; x_wconf 83' lang='lat' dir='ltr'><strong>interrogabat</strong></span> <span class='ocrx_word' id='word_1_109' title='bbox 997 1698 1009 1733; x_wconf 93' lang='lat'><strong>:</strong></span> <span class='ocrx_word' id='word_1_110' title='bbox 1042 1694 1228 1733; x_wconf 86' lang='lat' dir='ltr'><strong>servus</strong></span> <span class='ocrx_word' id='word_1_111' title='bbox 1266 1678 1617 1748; x_wconf 89' lang='lat' dir='ltr'><strong>percutiebat,</strong></span> <span class='ocrx_word' id='word_1_112' title='bbox 1643 1685 1697 1732; x_wconf 90' lang='lat' dir='ltr'><strong>et</strong></span> <span class='ocrx_word' id='word_1_113' title='bbox 1722 1692 1877 1732; x_wconf 87' lang='lat' dir='ltr'><strong>crea-</strong></span> 
     </span>
    </p>
   </div>
   <div class='ocr_carea' id='block_1_16' title="bbox 1494 278 2385 340">
    <p class='ocr_par' dir='ltr' id='par_1_16' title="bbox 1494 278 2385 340">
     <span class='ocr_line' id='line_1_16' title="bbox 1494 278 2385 340; baseline 0.003 -5"><span class='ocrx_word' id='word_1_114' title='bbox 1494 278 1653 337; x_wconf 44' lang='lat' dir='ltr'><strong>lll&#39;Pll</strong></span> <span class='ocrx_word' id='word_1_115' title='bbox 1688 281 2003 338; x_wconf 76' lang='lat' dir='ltr'><strong>NESTORH</strong></span> <span class='ocrx_word' id='word_1_116' title='bbox 2036 283 2267 339; x_wconf 73' lang='lat' dir='ltr'><strong>SERMO</strong></span> <span class='ocrx_word' id='word_1_117' title='bbox 2299 283 2385 340; x_wconf 90' lang='lat' dir='ltr'><strong>lV.</strong></span> 
     </span>
    </p>
   </div>
   <div class='ocr_carea' id='block_1_17' title="bbox 363 394 1947 466">
    <p class='ocr_par' dir='ltr' id='par_1_17' title="bbox 363 394 1947 466">
     <span class='ocr_line' id='line_1_17' title="bbox 363 394 1947 466; baseline -0.003 -13"><span class='ocrx_word' id='word_1_118' title='bbox 363 399 451 454; x_wconf 75' lang='lat'><strong>9.1.</strong></span> <span class='ocrx_word' id='word_1_119' title='bbox 487 398 641 454; x_wconf 86' lang='lat' dir='ltr'><strong>Venit</strong></span> <span class='ocrx_word' id='word_1_120' title='bbox 665 398 890 461; x_wconf 84' lang='lat' dir='ltr'><strong>salvare,</strong></span> <span class='ocrx_word' id='word_1_121' title='bbox 915 396 1006 451; x_wconf 85' lang='lat' dir='ltr'><strong>sed</strong></span> <span class='ocrx_word' id='word_1_122' title='bbox 1038 394 1321 465; x_wconf 87' lang='lat' dir='ltr'><strong>oportebat</strong></span> <span class='ocrx_word' id='word_1_123' title='bbox 1344 403 1397 449; x_wconf 90' lang='lat' dir='ltr'><strong>et</strong></span> <span class='ocrx_word' id='word_1_124' title='bbox 1422 396 1534 466; x_wconf 90' lang='lat' dir='ltr'><strong>pati</strong></span> <span class='ocrx_word' id='word_1_125' title='bbox 1560 415 1571 448; x_wconf 93' lang='lat'>:</span> <span class='ocrx_word' id='word_1_126' title='bbox 1598 396 1873 465; x_wconf 90' lang='lat' dir='ltr'><strong>quomodo</strong></span> <span class='ocrx_word' id='word_1_127' title='bbox 1900 404 1947 458; x_wconf 78' lang='grc' dir='ltr'><strong>Α</strong></span> 
     </span>
    </p>
   </div>
   <div class='ocr_carea' id='block_1_18' title="bbox 2768 296 3564 350">
    <p class='ocr_par' dir='ltr' id='par_1_18' title="bbox 2768 296 3564 350">
     <span class='ocr_line' id='line_1_18' title="bbox 2768 296 3564 350; baseline 0 -3"><span class='ocrx_word' id='word_1_128' title='bbox 2768 344 2769 347; x_wconf 45' lang='grc' dir='ltr'><strong>η</strong></span> <span class='ocrx_word' id='word_1_129' title='bbox 3459 296 3564 350; x_wconf 68' lang='lat'><strong>789</strong></span> 
     </span>
    </p>
   </div>
   <div class='ocr_carea' id='block_1_19' title="bbox 2595 397 2953 455">
    <p class='ocr_par' dir='ltr' id='par_1_19' title="bbox 2595 397 2953 455">
     <span class='ocr_line' id='line_1_19' title="bbox 2595 397 2953 455; baseline 0 -2"><span class='ocrx_word' id='word_1_130' title='bbox 2595 397 2826 453; x_wconf 74' lang='lat' dir='ltr'><strong>SERMO</strong></span> <span class='ocrx_word' id='word_1_131' title='bbox 2865 398 2953 455; x_wconf 83' lang='lat' dir='ltr'><strong>IV.</strong></span> 
     </span>
    </p>
   </div>
   <div class='ocr_carea' id='block_1_20' title="bbox 1980 486 3567 564">
    <p class='ocr_par' dir='ltr' id='par_1_20' title="bbox 1980 486 3567 564">
     <span class='ocr_line' id='line_1_20' title="bbox 1980 486 3567 564; baseline 0.009 -26"><span class='ocrx_word' id='word_1_132' title='bbox 1980 486 2059 541; x_wconf 87' lang='lat' dir='ltr'><strong>De</strong></span> <span class='ocrx_word' id='word_1_133' title='bbox 2087 489 2461 564; x_wconf 61' lang='lat' dir='ltr'><strong>incarngtione.</strong></span> <span class='ocrx_word' id='word_1_134' title='bbox 2487 486 2819 564; x_wconf 23' lang='lat' dir='ltr'><strong>Qui‘primus</strong></span> <span class='ocrx_word' id='word_1_135' title='bbox 2841 498 3001 561; x_wconf 91' lang='lat' dir='ltr'><strong>atque</strong></span> <span class='ocrx_word' id='word_1_136' title='bbox 3018 501 3046 564; x_wconf 15' lang='grc' dir='ltr'><strong>δν</strong></span> <span class='ocrx_word' id='word_1_137' title='bbox 3061 497 3444 564; x_wconf 80' lang='lat' dir='ltr'><strong>extemporalis</strong></span> <span class='ocrx_word' id='word_1_138' title='bbox 3472 498 3567 553; x_wconf 88' lang='lat' dir='ltr'><strong>ad-</strong></span> 
     </span>
    </p>
   </div>
   <div class='ocr_carea' id='block_1_21' title="bbox 2049 557 3567 683">
    <p class='ocr_par' dir='ltr' id='par_1_21' title="bbox 2049 557 3567 683">
     <span class='ocr_line' id='line_1_21' title="bbox 2049 557 3567 683; baseline 0.011 -73"><span class='ocrx_word' id='word_1_139' title='bbox 2049 573 2234 683; x_wconf 46' lang='grc' dir='ltr'><strong>ἔπειθε</strong></span> <span class='ocrx_word' id='word_1_140' title='bbox 2265 557 2440 613; x_wconf 87' lang='lat' dir='ltr'><strong>Procli</strong></span> <span class='ocrx_word' id='word_1_141' title='bbox 2470 557 2769 615; x_wconf 74' lang='lat' dir='ltr'><strong>oratiunem</strong></span> <span class='ocrx_word' id='word_1_142' title='bbox 2799 557 3173 633; x_wconf 73' lang='lat' dir='ltr'><strong>panegyricum</strong></span> <span class='ocrx_word' id='word_1_143' title='bbox 3208 557 3262 619; x_wconf 77' lang='lat' dir='ltr'><strong>iii</strong></span> <span class='ocrx_word' id='word_1_144' title='bbox 3292 566 3567 636; x_wconf 79' lang='lat' dir='ltr'><strong>Virginem</strong></span> 
     </span>
     <span class='ocr_line' id='line_1_22' title="bbox 2093 650 2307 683; baseline 0.005 -1"><span class='ocrx_word' id='word_1_145' title='bbox 2093 650 2307 683; x_wconf 82' lang='grc' dir='ltr'><strong>εοτοκον.</strong></span> 
     </span>
    </p>
   </div>
   <div class='ocr_carea' id='block_1_22' title="bbox 2093 650 2307 683">
    <p class='ocr_par' dir='ltr' id='par_1_22' title="bbox 2093 650 2307 683">
     <span class='ocr_line' id='line_1_23' title="bbox 2093 650 2307 683; baseline 0.005 -1"><span class='ocrx_word' id='word_1_146' title='bbox 2093 650 2307 683; x_wconf 83' lang='grc' dir='ltr'><strong>εοτοκον.</strong></span> 
     </span>
    </p>
   </div>
   <div class='ocr_carea' id='block_1_23' title="bbox 2050 760 3563 839">
    <p class='ocr_par' dir='ltr' id='par_1_23' title="bbox 2050 760 3563 839">
     <span class='ocr_line' id='line_1_24' title="bbox 2050 760 3563 839; baseline 0.009 -26"><span class='ocrx_word' id='word_1_147' title='bbox 2050 760 2099 813; x_wconf 83' lang='lat' dir='ltr'><strong>l.</strong></span> <span class='ocrx_word' id='word_1_148' title='bbox 2146 768 2173 808; x_wconf 77' lang='lat' dir='ltr'><strong>b</strong></span> <span class='ocrx_word' id='word_1_149' title='bbox 2194 761 2476 818; x_wconf 79' lang='lat' dir='ltr'><strong>Amatores</strong></span> <span class='ocrx_word' id='word_1_150' title='bbox 2491 760 2686 817; x_wconf 75' lang='lat' dir='ltr'><strong>Christi</strong></span> <span class='ocrx_word' id='word_1_151' title='bbox 2703 765 2930 835; x_wconf 89' lang='lat' dir='ltr'><strong>populos</strong></span> <span class='ocrx_word' id='word_1_152' title='bbox 2956 767 3174 836; x_wconf 85' lang='lat' dir='ltr'><strong>plausus</strong></span> <span class='ocrx_word' id='word_1_153' title='bbox 3192 769 3276 826; x_wconf 87' lang='lat' dir='ltr'><strong>his</strong></span> <span class='ocrx_word' id='word_1_154' title='bbox 3294 770 3563 839; x_wconf 82' lang='lat' dir='ltr'><strong>conferre,</strong></span> 
     </span>
    </p>
   </div>
   <div class='ocr_carea' id='block_1_24' title="bbox 1978 852 3566 929">
    <p class='ocr_par' dir='ltr' id='par_1_24' title="bbox 1978 852 3566 929">
     <span class='ocr_line' id='line_1_25' title="bbox 1978 852 3566 929; baseline 0.008 -24"><span class='ocrx_word' id='word_1_155' title='bbox 1978 852 2069 920; x_wconf 88' lang='lat' dir='ltr'><strong>qui</strong></span> <span class='ocrx_word' id='word_1_156' title='bbox 2092 868 2189 922; x_wconf 92' lang='lat' dir='ltr'><strong>pro</strong></span> <span class='ocrx_word' id='word_1_157' title='bbox 2203 853 2360 906; x_wconf 88' lang='lat' dir='ltr'><strong>beata</strong></span> <span class='ocrx_word' id='word_1_158' title='bbox 2376 852 2539 907; x_wconf 84' lang='lat' dir='ltr'><strong>Maria</strong></span> <span class='ocrx_word' id='word_1_159' title='bbox 2556 854 2870 925; x_wconf 89' lang='lat' dir='ltr'><strong>impendunt</strong></span> <span class='ocrx_word' id='word_1_160' title='bbox 2893 858 3155 914; x_wconf 89' lang='lat' dir='ltr'><strong>sermonis</strong></span> <span class='ocrx_word' id='word_1_161' title='bbox 3176 859 3429 929; x_wconf 82' lang='lat' dir='ltr'><strong>cilicium,</strong></span> <span class='ocrx_word' id='word_1_162' title='bbox 3458 880 3566 918; x_wconf 89' lang='lat' dir='ltr'><strong>non</strong></span> 
     </span>
    </p>
   </div>
   <div class='ocr_carea' id='block_1_25' title="bbox 1979 944 3567 1022">
    <p class='ocr_par' dir='ltr' id='par_1_25' title="bbox 1979 944 3567 1022">
     <span class='ocr_line' id='line_1_26' title="bbox 1979 944 3567 1022; baseline 0.006 -24"><span class='ocrx_word' id='word_1_163' title='bbox 1979 952 2061 998; x_wconf 86' lang='lat' dir='ltr'><strong>est</strong></span> <span class='ocrx_word' id='word_1_164' title='bbox 2094 944 2431 998; x_wconf 88' lang='lat' dir='ltr'><strong>mirandum:</strong></span> <span class='ocrx_word' id='word_1_165' title='bbox 2464 945 2567 1000; x_wconf 86' lang='lat' dir='ltr'><strong>hoc</strong></span> <span class='ocrx_word' id='word_1_166' title='bbox 2599 946 2773 1015; x_wconf 89' lang='lat' dir='ltr'><strong>ipsum</strong></span> <span class='ocrx_word' id='word_1_167' title='bbox 2802 946 2944 1000; x_wconf 89' lang='lat' dir='ltr'><strong>enim</strong></span> <span class='ocrx_word' id='word_1_168' title='bbox 2972 948 3116 1017; x_wconf 86' lang='lat' dir='ltr'><strong>quod</strong></span> <span class='ocrx_word' id='word_1_169' title='bbox 3151 961 3172 989; x_wconf 80' lang='grc' dir='ltr'><strong><em>ο</em></strong></span> <span class='ocrx_word' id='word_1_170' title='bbox 3206 953 3459 1022; x_wconf 89' lang='lat' dir='ltr'><strong>templum</strong></span> <span class='ocrx_word' id='word_1_171' title='bbox 3488 954 3567 1008; x_wconf 82' lang='lat' dir='ltr'><strong>l&#39;a-</strong></span> 
     </span>
    </p>
   </div>
   <div class='ocr_carea' id='block_1_26' title="bbox 1980 1034 3570 1109">
    <p class='ocr_par' dir='ltr' id='par_1_26' title="bbox 1980 1034 3570 1109">
     <span class='ocr_line' id='line_1_27' title="bbox 1980 1034 3570 1109; baseline 0.005 -19"><span class='ocrx_word' id='word_1_172' title='bbox 1980 1043 2066 1090; x_wconf 89' lang='lat' dir='ltr'><strong>cta</strong></span> <span class='ocrx_word' id='word_1_173' title='bbox 2097 1044 2177 1089; x_wconf 88' lang='lat' dir='ltr'><strong>est</strong></span> <span class='ocrx_word' id='word_1_174' title='bbox 2200 1034 2403 1107; x_wconf 76' lang='lat' dir='ltr'><strong>[Baluz.</strong></span> <span class='ocrx_word' id='word_1_175' title='bbox 2431 1035 2521 1091; x_wconf 87' lang='lat' dir='ltr'><strong>ad.</strong></span> <span class='ocrx_word' id='word_1_176' title='bbox 2553 1034 2717 1109; x_wconf 92' lang='lat' dir='ltr'><strong>illius]</strong></span> <span class='ocrx_word' id='word_1_177' title='bbox 2760 1037 3052 1093; x_wconf 69' lang='lat' dir='ltr'><strong>Dominiete</strong></span> <span class='ocrx_word' id='word_1_178' title='bbox 3096 1041 3275 1096; x_wconf 89' lang='lat' dir='ltr'><strong>carnis</strong></span> <span class='ocrx_word' id='word_1_179' title='bbox 3296 1082 3312 1108; x_wconf 94' lang='lat'><strong>,</strong></span> <span class='ocrx_word' id='word_1_180' title='bbox 3355 1045 3570 1098; x_wconf 75' lang='lat' dir='ltr'><strong>excedit</strong></span> 
     </span>
    </p>
   </div>
   <div class='ocr_carea' id='block_1_27' title="bbox 1981 1128 3567 1198">
    <p class='ocr_par' dir='ltr' id='par_1_27' title="bbox 1981 1128 3567 1198">
     <span class='ocr_line' id='line_1_28' title="bbox 1981 1128 3567 1198; baseline 0.006 -17"><span class='ocrx_word' id='word_1_181' title='bbox 1981 1143 2142 1182; x_wconf 90' lang='lat' dir='ltr'><strong>omne</strong></span> <span class='ocrx_word' id='word_1_182' title='bbox 2171 1128 2316 1197; x_wconf 88' lang='lat' dir='ltr'><strong>quod</strong></span> <span class='ocrx_word' id='word_1_183' title='bbox 2353 1138 2435 1184; x_wconf 91' lang='lat' dir='ltr'><strong>est</strong></span> <span class='ocrx_word' id='word_1_184' title='bbox 2464 1129 2622 1185; x_wconf 90' lang='lat' dir='ltr'><strong>laude</strong></span> <span class='ocrx_word' id='word_1_185' title='bbox 2662 1130 3051 1198; x_wconf 88' lang='lat' dir='ltr'><strong>dignissimum.</strong></span> <span class='ocrx_word' id='word_1_186' title='bbox 3095 1131 3202 1188; x_wconf 86' lang='lat' dir='ltr'><strong>Sed</strong></span> <span class='ocrx_word' id='word_1_187' title='bbox 3231 1134 3283 1188; x_wconf 89' lang='lat' dir='ltr'><strong>in</strong></span> <span class='ocrx_word' id='word_1_188' title='bbox 3315 1135 3443 1190; x_wconf 92' lang='lat' dir='ltr'><strong>illud</strong></span> <span class='ocrx_word' id='word_1_189' title='bbox 3472 1152 3567 1191; x_wconf 78' lang='lat' dir='ltr'><strong>ve-</strong></span> 
     </span>
    </p>
   </div>
   <div class='ocr_carea' id='block_1_28' title="bbox 1979 1219 3569 1297">
    <p class='ocr_par' dir='ltr' id='par_1_28' title="bbox 1979 1219 3569 1297">
     <span class='ocr_line' id='line_1_29' title="bbox 1979 1219 3569 1297; baseline 0.006 -24"><span class='ocrx_word' id='word_1_190' title='bbox 1979 1226 2088 1273; x_wconf 90' lang='lat' dir='ltr'><strong>stra</strong></span> <span class='ocrx_word' id='word_1_191' title='bbox 2119 1219 2421 1275; x_wconf 88' lang='lat' dir='ltr'><strong>amabilitas</strong></span> <span class='ocrx_word' id='word_1_192' title='bbox 2458 1220 2620 1275; x_wconf 88' lang='lat' dir='ltr'><strong>debet</strong></span> <span class='ocrx_word' id='word_1_193' title='bbox 2660 1221 2970 1286; x_wconf 87' lang='lat' dir='ltr'><strong>intendere,</strong></span> <span class='ocrx_word' id='word_1_194' title='bbox 3023 1238 3091 1279; x_wconf 91' lang='lat' dir='ltr'><strong>ne</strong></span> <span class='ocrx_word' id='word_1_195' title='bbox 3125 1240 3248 1281; x_wconf 89' lang='lat' dir='ltr'><strong>cum</strong></span> <span class='ocrx_word' id='word_1_196' title='bbox 3287 1226 3569 1297; x_wconf 85' lang='lat' dir='ltr'><strong>plusquam</strong></span> 
     </span>
    </p>
   </div>
   <div class='ocr_carea' id='block_1_29' title="bbox 1981 1311 3567 1385">
    <p class='ocr_par' dir='ltr' id='par_1_29' title="bbox 1981 1311 3567 1385">
     <span class='ocr_line' id='line_1_30' title="bbox 1981 1311 3567 1385; baseline 0.006 -20"><span class='ocrx_word' id='word_1_197' title='bbox 1981 1319 2197 1381; x_wconf 89' lang='lat' dir='ltr'><strong>oportet</strong></span> <span class='ocrx_word' id='word_1_198' title='bbox 2235 1320 2329 1366; x_wconf 90' lang='lat' dir='ltr'><strong>aut</strong></span> <span class='ocrx_word' id='word_1_199' title='bbox 2373 1312 2529 1367; x_wconf 89' lang='lat' dir='ltr'><strong>decet</strong></span> <span class='ocrx_word' id='word_1_200' title='bbox 2560 1311 2772 1385; x_wconf 77' lang='lat' dir='ltr'><strong>[Baluz.</strong></span> <span class='ocrx_word' id='word_1_201' title='bbox 2806 1311 2997 1385; x_wconf 84' lang='lat' dir='ltr'><strong>debet]</strong></span> <span class='ocrx_word' id='word_1_202' title='bbox 3041 1316 3183 1371; x_wconf 89' lang='lat' dir='ltr'><strong>circa</strong></span> <span class='ocrx_word' id='word_1_203' title='bbox 3225 1317 3366 1373; x_wconf 92' lang='lat' dir='ltr'><strong>illius</strong></span> <span class='ocrx_word' id='word_1_204' title='bbox 3393 1318 3567 1374; x_wconf 78' lang='lat' dir='ltr'><strong>beata:</strong></span> 
     </span>
    </p>
   </div>
   <div class='ocr_carea' id='block_1_30' title="bbox 1980 1404 3569 1477">
    <p class='ocr_par' dir='ltr' id='par_1_30' title="bbox 1980 1404 3569 1477">
     <span class='ocr_line' id='line_1_31' title="bbox 1980 1404 3569 1477; baseline 0.005 -19"><span class='ocrx_word' id='word_1_205' title='bbox 1980 1404 2243 1460; x_wconf 86' lang='lat' dir='ltr'><strong>honorem</strong></span> <span class='ocrx_word' id='word_1_206' title='bbox 2273 1405 2591 1475; x_wconf 88' lang='lat' dir='ltr'><strong>laudemque</strong></span> <span class='ocrx_word' id='word_1_207' title='bbox 2621 1422 2915 1474; x_wconf 75' lang='lat' dir='ltr'><strong>versamur,</strong></span> <span class='ocrx_word' id='word_1_208' title='bbox 2945 1406 3260 1477; x_wconf 89' lang='lat' dir='ltr'><strong>dignitatem</strong></span> <span class='ocrx_word' id='word_1_209' title='bbox 3289 1410 3386 1466; x_wconf 89' lang='lat' dir='ltr'><strong>Dei</strong></span> <span class='ocrx_word' id='word_1_210' title='bbox 3406 1411 3569 1466; x_wconf 84' lang='lat' dir='ltr'><strong>Verbi</strong></span> 
     </span>
    </p>
   </div>
   <div class='ocr_carea' id='block_1_31' title="bbox 1982 1496 3563 1571">
    <p class='ocr_par' dir='ltr' id='par_1_31' title="bbox 1982 1496 3563 1571">
     <span class='ocr_line' id='line_1_32' title="bbox 1982 1496 3563 1571; baseline 0.004 -21"><span class='ocrx_word' id='word_1_211' title='bbox 1982 1497 2310 1552; x_wconf 79' lang='lat' dir='ltr'><strong>confundere</strong></span> <span class='ocrx_word' id='word_1_212' title='bbox 2332 1497 2626 1563; x_wconf 89' lang='lat' dir='ltr'><strong>videamur,</strong></span> <span class='ocrx_word' id='word_1_213' title='bbox 2659 1496 2686 1534; x_wconf 74' lang='grc' dir='ltr'><strong>ά</strong></span> <span class='ocrx_word' id='word_1_214' title='bbox 2707 1499 2790 1553; x_wconf 91' lang='lat' dir='ltr'><strong>bis</strong></span> <span class='ocrx_word' id='word_1_215' title='bbox 2810 1515 2934 1554; x_wconf 91' lang='lat' dir='ltr'><strong>eum</strong></span> <span class='ocrx_word' id='word_1_216' title='bbox 2961 1498 3207 1558; x_wconf 83' lang='lat' dir='ltr'><strong>faciendo</strong></span> <span class='ocrx_word' id='word_1_217' title='bbox 3228 1514 3563 1571; x_wconf 87' lang='lat' dir='ltr'><strong>generatum.</strong></span> 
     </span>
    </p>
   </div>
   <div class='ocr_carea' id='block_1_32' title="bbox 2054 1586 3571 1660">
    <p class='ocr_par' dir='ltr' id='par_1_32' title="bbox 2054 1586 3571 1660">
     <span class='ocr_line' id='line_1_33' title="bbox 2054 1586 3571 1660; baseline 0.007 -19"><span class='ocrx_word' id='word_1_218' title='bbox 2054 1586 2119 1641; x_wconf 84' lang='lat' dir='ltr'><strong>Et</strong></span> <span class='ocrx_word' id='word_1_219' title='bbox 2147 1596 2206 1642; x_wconf 92' lang='lat' dir='ltr'><strong>ut</strong></span> <span class='ocrx_word' id='word_1_220' title='bbox 2234 1604 2348 1643; x_wconf 90' lang='lat' dir='ltr'><strong>rem</strong></span> <span class='ocrx_word' id='word_1_221' title='bbox 2378 1589 2715 1658; x_wconf 88' lang='lat' dir='ltr'><strong>intelligatis,</strong></span> <span class='ocrx_word' id='word_1_222' title='bbox 2746 1600 2769 1627; x_wconf 76' lang='grc' dir='ltr'><strong>ο</strong></span> <span class='ocrx_word' id='word_1_223' title='bbox 2792 1592 3121 1660; x_wconf 88' lang='lat' dir='ltr'><strong>simpliciore</strong></span> <span class='ocrx_word' id='word_1_224' title='bbox 3161 1609 3411 1649; x_wconf 89' lang='lat' dir='ltr'><strong>sermone</strong></span> <span class='ocrx_word' id='word_1_225' title='bbox 3449 1596 3571 1651; x_wconf 75' lang='lat' dir='ltr'><strong>furi-</strong></span> 
     </span>
    </p>
   </div>
   <div class='ocr_carea' id='block_1_33' title="bbox 1981 1682 3570 1757">
    <p class='ocr_par' dir='ltr' id='par_1_33' title="bbox 1981 1682 3570 1757">
     <span class='ocr_line' id='line_1_34' title="bbox 1981 1682 3570 1757; baseline 0.006 -24"><span class='ocrx_word' id='word_1_226' title='bbox 1981 1694 2188 1747; x_wconf 86' lang='lat' dir='ltr'><strong>gamur,</strong></span> <span class='ocrx_word' id='word_1_227' title='bbox 2221 1690 2540 1751; x_wconf 87' lang='lat' dir='ltr'><strong>utamurque</strong></span> <span class='ocrx_word' id='word_1_228' title='bbox 2578 1682 2793 1752; x_wconf 89' lang='lat' dir='ltr'><strong>eloquio</strong></span> <span class='ocrx_word' id='word_1_229' title='bbox 2840 1685 3089 1739; x_wconf 91' lang='lat' dir='ltr'><strong>omnibus</strong></span> <span class='ocrx_word' id='word_1_230' title='bbox 3136 1686 3204 1741; x_wconf 91' lang='lat' dir='ltr'><strong>ad</strong></span> <span class='ocrx_word' id='word_1_231' title='bbox 3250 1687 3570 1757; x_wconf 87' lang='lat' dir='ltr'><strong>capiemlum</strong></span> 
     </span>
    </p>
   </div>
   <div class='ocr_carea' id='block_1_34' title="bbox 300 1769 3564 1845">
    <p class='ocr_par' dir='ltr' id='par_1_34' title="bbox 300 1769 3564 1845">
     <span class='ocr_line' id='line_1_35' title="bbox 300 1769 3564 1845; baseline -0 -11"><span class='ocrx_word' id='word_1_232' title='bbox 300 1790 418 1834; x_wconf 89' lang='lat' dir='ltr'><strong>tura</strong></span> <span class='ocrx_word' id='word_1_233' title='bbox 449 1777 731 1833; x_wconf 88' lang='lat' dir='ltr'><strong>tenebatur</strong></span> <span class='ocrx_word' id='word_1_234' title='bbox 759 1793 771 1827; x_wconf 91' lang='lat'>:</span> <span class='ocrx_word' id='word_1_235' title='bbox 805 1772 857 1829; x_wconf 91' lang='lat' dir='ltr'><strong>in</strong></span> <span class='ocrx_word' id='word_1_236' title='bbox 887 1788 1047 1829; x_wconf 90' lang='lat' dir='ltr'><strong>cruce</strong></span> <span class='ocrx_word' id='word_1_237' title='bbox 1073 1770 1352 1840; x_wconf 85' lang='lat' dir='ltr'><strong>ﬁgebatur,</strong></span> <span class='ocrx_word' id='word_1_238' title='bbox 1380 1778 1434 1824; x_wconf 90' lang='lat' dir='ltr'><strong>et</strong></span> <span class='ocrx_word' id='word_1_239' title='bbox 1455 1771 1679 1824; x_wconf 86' lang='lat' dir='ltr'><strong>thronus</strong></span> <span class='ocrx_word' id='word_1_240' title='bbox 1704 1769 1887 1839; x_wconf 67' lang='lat' dir='ltr'><strong>gloriae</strong></span> <span class='ocrx_word' id='word_1_241' title='bbox 1918 1774 1965 1833; x_wconf 89' lang='lat' dir='ltr'><strong>B</strong></span> <span class='ocrx_word' id='word_1_242' title='bbox 1992 1772 2347 1839; x_wconf 80' lang='lat' dir='ltr'><strong>facillimo,ne</strong></span> <span class='ocrx_word' id='word_1_243' title='bbox 2370 1774 2673 1829; x_wconf 86' lang='lat' dir='ltr'><strong>auditorum</strong></span> <span class='ocrx_word' id='word_1_244' title='bbox 2689 1775 2832 1845; x_wconf 89' lang='lat' dir='ltr'><strong>quod</strong></span> <span class='ocrx_word' id='word_1_245' title='bbox 2853 1776 3283 1834; x_wconf 82' lang='lat' dir='ltr'><strong>diciturexcedat</strong></span> <span class='ocrx_word' id='word_1_246' title='bbox 3303 1780 3564 1835; x_wconf 89' lang='lat' dir='ltr'><strong>auditum.</strong></span> 
     </span>
    </p>
   </div>
   <div class='ocr_carea' id='block_1_35' title="bbox 296 1862 1877 1935">
    <p class='ocr_par' dir='ltr' id='par_1_35' title="bbox 296 1862 1877 1935">
     <span class='ocr_line' id='line_1_36' title="bbox 296 1862 1877 1935; baseline -0.008 -9"><span class='ocrx_word' id='word_1_247' title='bbox 296 1870 471 1925; x_wconf 86' lang='lat' dir='ltr'><strong>nudus</strong></span> <span class='ocrx_word' id='word_1_248' title='bbox 500 1885 606 1923; x_wconf 92' lang='lat' dir='ltr'><strong>non</strong></span> <span class='ocrx_word' id='word_1_249' title='bbox 637 1876 753 1922; x_wconf 88' lang='lat' dir='ltr'><strong>erat</strong></span> <span class='ocrx_word' id='word_1_250' title='bbox 786 1884 799 1919; x_wconf 89' lang='lat'><strong>:</strong></span> <span class='ocrx_word' id='word_1_251' title='bbox 829 1866 881 1919; x_wconf 89' lang='lat' dir='ltr'><strong>in</strong></span> <span class='ocrx_word' id='word_1_252' title='bbox 921 1864 1168 1935; x_wconf 90' lang='lat' dir='ltr'><strong>sepulcro</strong></span> <span class='ocrx_word' id='word_1_253' title='bbox 1189 1862 1421 1933; x_wconf 73' lang='lat' dir='ltr'><strong>iacebat,</strong></span> <span class='ocrx_word' id='word_1_254' title='bbox 1452 1870 1508 1916; x_wconf 87' lang='lat' dir='ltr'><strong>et</strong></span> <span class='ocrx_word' id='word_1_255' title='bbox 1549 1862 1743 1917; x_wconf 72' lang='lat' dir='ltr'><strong>cmlum</strong></span> <span class='ocrx_word' id='word_1_256' title='bbox 1781 1876 1877 1915; x_wconf 84' lang='lat' dir='ltr'><strong>ex-</strong></span> 
     </span>
    </p>
   </div>
   <div class='ocr_carea' id='block_1_36' title="bbox 294 1954 1877 2029">
    <p class='ocr_par' dir='ltr' id='par_1_36' title="bbox 294 1954 1877 2029">
     <span class='ocr_line' id='line_1_37' title="bbox 294 1954 1877 2029; baseline -0.009 -9"><span class='ocrx_word' id='word_1_257' title='bbox 294 1964 571 2027; x_wconf 83' lang='lat' dir='ltr'><strong>tendebat,</strong></span> <span class='ocrx_word' id='word_1_258' title='bbox 600 1962 735 2016; x_wconf 89' lang='lat' dir='ltr'><strong>sicut</strong></span> <span class='ocrx_word' id='word_1_259' title='bbox 781 1958 1006 2029; x_wconf 86' lang='lat' dir='ltr'><strong>pellem:</strong></span> <span class='ocrx_word' id='word_1_260' title='bbox 1043 1958 1183 2011; x_wconf 88' lang='lat' dir='ltr'><strong>inter</strong></span> <span class='ocrx_word' id='word_1_261' title='bbox 1226 1962 1469 2009; x_wconf 91' lang='lat' dir='ltr'><strong>mortuos</strong></span> <span class='ocrx_word' id='word_1_262' title='bbox 1509 1954 1877 2023; x_wconf 88' lang='lat' dir='ltr'><strong>reputabatur,</strong></span> 
     </span>
    </p>
   </div>
   <div class='ocr_carea' id='block_1_37' title="bbox 294 2046 1879 2122">
    <p class='ocr_par' dir='ltr' id='par_1_37' title="bbox 294 2046 1879 2122">
     <span class='ocr_line' id='line_1_38' title="bbox 294 2046 1879 2122; baseline -0.008 -11"><span class='ocrx_word' id='word_1_263' title='bbox 294 2066 355 2112; x_wconf 89' lang='lat' dir='ltr'><strong>et</strong></span> <span class='ocrx_word' id='word_1_264' title='bbox 381 2054 644 2110; x_wconf 76' lang='lat' dir='ltr'><strong>infernum</strong></span> <span class='ocrx_word' id='word_1_265' title='bbox 684 2051 948 2122; x_wconf 84' lang='lat' dir='ltr'><strong>spoliabat</strong></span> <span class='ocrx_word' id='word_1_266' title='bbox 978 2068 991 2102; x_wconf 86' lang='lat'><strong>:</strong></span> <span class='ocrx_word' id='word_1_267' title='bbox 1024 2049 1273 2103; x_wconf 87' lang='lat' dir='ltr'><strong>deorsum</strong></span> <span class='ocrx_word' id='word_1_268' title='bbox 1314 2046 1465 2115; x_wconf 90' lang='lat' dir='ltr'><strong>quasi</strong></span> <span class='ocrx_word' id='word_1_269' title='bbox 1509 2046 1762 2100; x_wconf 88' lang='lat' dir='ltr'><strong>seductor</strong></span> <span class='ocrx_word' id='word_1_270' title='bbox 1787 2060 1879 2099; x_wconf 90' lang='lat' dir='ltr'><strong>ca-</strong></span> 
     </span>
    </p>
   </div>
   <div class='ocr_carea' id='block_1_38' title="bbox 292 2135 1883 2207">
    <p class='ocr_par' dir='ltr' id='par_1_38' title="bbox 292 2135 1883 2207">
     <span class='ocr_line' id='line_1_39' title="bbox 292 2135 1883 2207; baseline -0.007 -6"><span class='ocrx_word' id='word_1_271' title='bbox 292 2146 690 2207; x_wconf 88' lang='lat' dir='ltr'><strong>lumniabatur,</strong></span> <span class='ocrx_word' id='word_1_272' title='bbox 736 2151 791 2196; x_wconf 91' lang='lat' dir='ltr'><strong>et</strong></span> <span class='ocrx_word' id='word_1_273' title='bbox 820 2156 1028 2195; x_wconf 90' lang='lat' dir='ltr'><strong>sursum</strong></span> <span class='ocrx_word' id='word_1_274' title='bbox 1061 2155 1092 2193; x_wconf 90' lang='lat' dir='ltr'><strong>a</strong></span> <span class='ocrx_word' id='word_1_275' title='bbox 1129 2139 1325 2193; x_wconf 80' lang='lat' dir='ltr'><strong>sanctis</strong></span> <span class='ocrx_word' id='word_1_276' title='bbox 1378 2137 1793 2207; x_wconf 88' lang='lat' dir='ltr'><strong>glorilicabatur.</strong></span> <span class='ocrx_word' id='word_1_277' title='bbox 1838 2135 1883 2191; x_wconf 95' lang='grc' dir='ltr'><strong>Ο</strong></span> 
     </span>
    </p>
   </div>
   <div class='ocr_carea' id='block_1_39' title="bbox 292 2234 992 2309">
    <p class='ocr_par' dir='ltr' id='par_1_39' title="bbox 292 2234 992 2309">
     <span class='ocr_line' id='line_1_40' title="bbox 292 2234 992 2309; baseline -0.01 -15"><span class='ocrx_word' id='word_1_278' title='bbox 292 2238 620 2309; x_wconf 86' lang='lat' dir='ltr'><strong>stupendum</strong></span> <span class='ocrx_word' id='word_1_279' title='bbox 647 2234 992 2307; x_wconf 80' lang='lat' dir='ltr'><strong>mysterium!</strong></span> 
     </span>
    </p>
   </div>
   <div class='ocr_carea' id='block_1_40' title="bbox 369 2322 1885 2395">
    <p class='ocr_par' dir='ltr' id='par_1_40' title="bbox 369 2322 1885 2395">
     <span class='ocr_line' id='line_1_41' title="bbox 369 2322 1885 2395; baseline -0.005 -10"><span class='ocrx_word' id='word_1_280' title='bbox 369 2331 457 2385; x_wconf 64' lang='lat'><strong>23.</strong></span> <span class='ocrx_word' id='word_1_281' title='bbox 492 2329 659 2385; x_wconf 86' lang='lat' dir='ltr'><strong>Video</strong></span> <span class='ocrx_word' id='word_1_282' title='bbox 688 2328 943 2382; x_wconf 82' lang='lat' dir='ltr'><strong>miracula</strong></span> <span class='ocrx_word' id='word_1_283' title='bbox 965 2368 979 2393; x_wconf 90' lang='lat'><strong>,</strong></span> <span class='ocrx_word' id='word_1_284' title='bbox 1006 2334 1061 2379; x_wconf 90' lang='lat' dir='ltr'><strong>et</strong></span> <span class='ocrx_word' id='word_1_285' title='bbox 1088 2325 1319 2395; x_wconf 70' lang='lat' dir='ltr'><strong>praedico</strong></span> <span class='ocrx_word' id='word_1_286' title='bbox 1349 2323 1606 2377; x_wconf 83' lang='lat' dir='ltr'><strong>deitatem</strong></span> <span class='ocrx_word' id='word_1_287' title='bbox 1640 2342 1652 2376; x_wconf 90' lang='lat'>:</span> <span class='ocrx_word' id='word_1_288' title='bbox 1685 2322 1885 2392; x_wconf 88' lang='lat' dir='ltr'><strong>aspicio</strong></span> 
     </span>
    </p>
   </div>
   <div class='ocr_carea' id='block_1_41' title="bbox 293 2412 1887 2493">
    <p class='ocr_par' dir='ltr' id='par_1_41' title="bbox 293 2412 1887 2493">
     <span class='ocr_line' id='line_1_42' title="bbox 293 2412 1887 2493; baseline -0.006 -17"><span class='ocrx_word' id='word_1_289' title='bbox 293 2422 598 2493; x_wconf 79' lang='lat' dir='ltr'><strong>passiones,</strong></span> <span class='ocrx_word' id='word_1_290' title='bbox 625 2427 678 2473; x_wconf 93' lang='lat' dir='ltr'><strong>et</strong></span> <span class='ocrx_word' id='word_1_291' title='bbox 716 2433 824 2471; x_wconf 91' lang='lat' dir='ltr'><strong>non</strong></span> <span class='ocrx_word' id='word_1_292' title='bbox 853 2417 1061 2484; x_wconf 81' lang='lat' dir='ltr'><strong>abnego</strong></span> <span class='ocrx_word' id='word_1_293' title='bbox 1108 2414 1524 2478; x_wconf 88' lang='lat' dir='ltr'><strong>humanitatem;</strong></span> <span class='ocrx_word' id='word_1_294' title='bbox 1550 2412 1643 2467; x_wconf 91' lang='lat' dir='ltr'><strong>sed</strong></span> <span class='ocrx_word' id='word_1_295' title='bbox 1672 2412 1887 2466; x_wconf 88' lang='lat' dir='ltr'><strong>Emma-</strong></span> 
     </span>
    </p>
   </div>
   <div class='ocr_carea' id='block_1_42' title="bbox 296 2504 1883 2579">
    <p class='ocr_par' dir='ltr' id='par_1_42' title="bbox 296 2504 1883 2579">
     <span class='ocr_line' id='line_1_43' title="bbox 296 2504 1883 2579; baseline -0.006 -12"><span class='ocrx_word' id='word_1_296' title='bbox 296 2514 425 2568; x_wconf 85' lang='lat' dir='ltr'><strong>nuel</strong></span> <span class='ocrx_word' id='word_1_297' title='bbox 455 2521 654 2565; x_wconf 68' lang='lat' dir='ltr'><strong>natura:</strong></span> <span class='ocrx_word' id='word_1_298' title='bbox 683 2509 897 2579; x_wconf 86' lang='lat' dir='ltr'><strong>quidem</strong></span> <span class='ocrx_word' id='word_1_299' title='bbox 928 2516 1113 2578; x_wconf 92' lang='lat' dir='ltr'><strong>portas</strong></span> <span class='ocrx_word' id='word_1_300' title='bbox 1153 2506 1383 2577; x_wconf 89' lang='lat' dir='ltr'><strong>aperuit,</strong></span> <span class='ocrx_word' id='word_1_301' title='bbox 1417 2514 1473 2559; x_wconf 92' lang='lat' dir='ltr'><strong>ut</strong></span> <span class='ocrx_word' id='word_1_302' title='bbox 1495 2506 1686 2569; x_wconf 89' lang='lat' dir='ltr'><strong>homo;</strong></span> <span class='ocrx_word' id='word_1_303' title='bbox 1720 2504 1883 2572; x_wconf 74' lang='lat' dir='ltr'><strong>virgi-</strong></span> 
     </span>
    </p>
   </div>
   <div class='ocr_carea' id='block_1_43' title="bbox 293 2596 1891 2667">
    <p class='ocr_par' dir='ltr' id='par_1_43' title="bbox 293 2596 1891 2667">
     <span class='ocr_line' id='line_1_44' title="bbox 293 2596 1891 2667; baseline -0.006 -8"><span class='ocrx_word' id='word_1_304' title='bbox 293 2606 423 2660; x_wconf 88' lang='lat' dir='ltr'><strong>nale</strong></span> <span class='ocrx_word' id='word_1_305' title='bbox 454 2611 631 2657; x_wconf 87' lang='lat' dir='ltr'><strong>autem</strong></span> <span class='ocrx_word' id='word_1_306' title='bbox 662 2602 954 2655; x_wconf 87' lang='lat' dir='ltr'><strong>claustrum</strong></span> <span class='ocrx_word' id='word_1_307' title='bbox 985 2614 1090 2653; x_wconf 92' lang='lat' dir='ltr'><strong>non</strong></span> <span class='ocrx_word' id='word_1_308' title='bbox 1117 2597 1359 2667; x_wconf 88' lang='lat' dir='ltr'><strong>disrupit,</strong></span> <span class='ocrx_word' id='word_1_309' title='bbox 1396 2605 1453 2650; x_wconf 90' lang='lat' dir='ltr'><strong>ut</strong></span> <span class='ocrx_word' id='word_1_310' title='bbox 1491 2597 1662 2662; x_wconf 89' lang='lat' dir='ltr'><strong>Deus;</strong></span> <span class='ocrx_word' id='word_1_311' title='bbox 1694 2596 1785 2650; x_wconf 90' lang='lat' dir='ltr'><strong>sed</strong></span> <span class='ocrx_word' id='word_1_312' title='bbox 1812 2596 1891 2649; x_wconf 89' lang='lat' dir='ltr'><strong>sic</strong></span> 
     </span>
    </p>
   </div>
   <div class='ocr_carea' id='block_1_44' title="bbox 294 2688 1888 2761">
    <p class='ocr_par' dir='ltr' id='par_1_44' title="bbox 294 2688 1888 2761">
     <span class='ocr_line' id='line_1_45' title="bbox 294 2688 1888 2761; baseline -0.004 -11"><span class='ocrx_word' id='word_1_313' title='bbox 294 2712 369 2751; x_wconf 76' lang='lat' dir='ltr'><strong>ex</strong></span> <span class='ocrx_word' id='word_1_314' title='bbox 400 2694 556 2748; x_wconf 85' lang='lat' dir='ltr'><strong>vulva</strong></span> <span class='ocrx_word' id='word_1_315' title='bbox 590 2708 837 2761; x_wconf 89' lang='lat' dir='ltr'><strong>egressus</strong></span> <span class='ocrx_word' id='word_1_316' title='bbox 866 2698 968 2757; x_wconf 89' lang='lat' dir='ltr'><strong>est,</strong></span> <span class='ocrx_word' id='word_1_317' title='bbox 998 2689 1269 2761; x_wconf 90' lang='lat' dir='ltr'><strong>quomodo</strong></span> <span class='ocrx_word' id='word_1_318' title='bbox 1294 2704 1391 2759; x_wconf 89' lang='lat' dir='ltr'><strong>per</strong></span> <span class='ocrx_word' id='word_1_319' title='bbox 1411 2688 1650 2742; x_wconf 90' lang='lat' dir='ltr'><strong>auditum</strong></span> <span class='ocrx_word' id='word_1_320' title='bbox 1680 2688 1888 2753; x_wconf 80' lang='lat' dir='ltr'><strong>ingres-</strong></span> 
     </span>
    </p>
   </div>
   <div class='ocr_carea' id='block_1_45' title="bbox 294 2779 1892 2852">
    <p class='ocr_par' dir='ltr' id='par_1_45' title="bbox 294 2779 1892 2852">
     <span class='ocr_line' id='line_1_46' title="bbox 294 2779 1892 2852; baseline -0.006 -10"><span class='ocrx_word' id='word_1_321' title='bbox 294 2804 391 2843; x_wconf 78' lang='lat' dir='ltr'><strong>sus</strong></span> <span class='ocrx_word' id='word_1_322' title='bbox 421 2794 521 2841; x_wconf 86' lang='lat' dir='ltr'><strong>est.</strong></span> <span class='ocrx_word' id='word_1_323' title='bbox 552 2784 641 2839; x_wconf 87' lang='lat' dir='ltr'><strong>Sic</strong></span> <span class='ocrx_word' id='word_1_324' title='bbox 663 2794 817 2839; x_wconf 86' lang='lat' dir='ltr'><strong>natus</strong></span> <span class='ocrx_word' id='word_1_325' title='bbox 837 2792 937 2849; x_wconf 90' lang='lat' dir='ltr'><strong>est,</strong></span> <span class='ocrx_word' id='word_1_326' title='bbox 969 2781 1240 2852; x_wconf 91' lang='lat' dir='ltr'><strong>quomodo</strong></span> <span class='ocrx_word' id='word_1_327' title='bbox 1267 2790 1593 2851; x_wconf 85' lang='lat' dir='ltr'><strong>conceptus;</strong></span> <span class='ocrx_word' id='word_1_328' title='bbox 1624 2779 1892 2849; x_wconf 71' lang='lat' dir='ltr'><strong>impatibi~</strong></span> 
     </span>
    </p>
   </div>
   <div class='ocr_carea' id='block_1_46' title="bbox 296 2870 1892 2945">
    <p class='ocr_par' dir='ltr' id='par_1_46' title="bbox 296 2870 1892 2945">
     <span class='ocr_line' id='line_1_47' title="bbox 296 2870 1892 2945; baseline -0.008 -10"><span class='ocrx_word' id='word_1_329' title='bbox 296 2882 426 2936; x_wconf 88' lang='lat' dir='ltr'><strong>liter</strong></span> <span class='ocrx_word' id='word_1_330' title='bbox 455 2878 677 2941; x_wconf 86' lang='lat' dir='ltr'><strong>introiit,</strong></span> <span class='ocrx_word' id='word_1_331' title='bbox 710 2874 1184 2945; x_wconf 87' lang='lat' dir='ltr'><strong>incorruptibiliter</strong></span> <span class='ocrx_word' id='word_1_332' title='bbox 1206 2887 1454 2941; x_wconf 85' lang='lat' dir='ltr'><strong>egressus</strong></span> <span class='ocrx_word' id='word_1_333' title='bbox 1491 2880 1574 2926; x_wconf 90' lang='lat' dir='ltr'><strong>est</strong></span> <span class='ocrx_word' id='word_1_334' title='bbox 1596 2870 1892 2925; x_wconf 70' lang='lat' dir='ltr'><strong>secundum</strong></span> 
     </span>
    </p>
   </div>
   <div class='ocr_carea' id='block_1_47' title="bbox 297 2962 1895 3042">
    <p class='ocr_par' dir='ltr' id='par_1_47' title="bbox 297 2962 1895 3042">
     <span class='ocr_line' id='line_1_48' title="bbox 297 2962 1895 3042; baseline -0.006 -17"><span class='ocrx_word' id='word_1_335' title='bbox 297 2971 619 3042; x_wconf 56' lang='lat' dir='ltr'><strong>proiibetam</strong></span> <span class='ocrx_word' id='word_1_336' title='bbox 642 2967 889 3022; x_wconf 77' lang='lat' dir='ltr'><strong>Ezechiel</strong></span> <span class='ocrx_word' id='word_1_337' title='bbox 916 2966 1182 3020; x_wconf 86' lang='lat' dir='ltr'><strong>dicentem</strong></span> <span class='ocrx_word' id='word_1_338' title='bbox 1218 2981 1230 3015; x_wconf 91' lang='lat'>:</span> <span class='ocrx_word' id='word_1_339' title='bbox 1263 2962 1617 3017; x_wconf 81' lang='lat' dir='ltr'><strong>Convertitme</strong></span> <span class='ocrx_word' id='word_1_340' title='bbox 1637 2962 1895 3017; x_wconf 87' lang='lat' dir='ltr'><strong>Dominus</strong></span> 
     </span>
    </p>
   </div>
   <div class='ocr_carea' id='block_1_48' title="bbox 300 3052 1895 3132">
    <p class='ocr_par' dir='ltr' id='par_1_48' title="bbox 300 3052 1895 3132">
     <span class='ocr_line' id='line_1_49' title="bbox 300 3052 1895 3132; baseline -0.007 -16"><span class='ocrx_word' id='word_1_341' title='bbox 300 3064 376 3116; x_wconf 75' lang='lat' dir='ltr'><strong>ad</strong></span> <span class='ocrx_word' id='word_1_342' title='bbox 406 3065 535 3116; x_wconf 79' lang='lat' dir='ltr'><strong>riam</strong></span> <span class='ocrx_word' id='word_1_343' title='bbox 564 3072 725 3132; x_wconf 78' lang='lat' dir='ltr'><strong>porta:</strong></span> <span class='ocrx_word' id='word_1_344' title='bbox 752 3058 1035 3113; x_wconf 79' lang='lat' dir='ltr'><strong>sanctuarii</strong></span> <span class='ocrx_word' id='word_1_345' title='bbox 1078 3057 1401 3121; x_wconf 77' lang='lat' dir='ltr'><strong>exteriorem,</strong></span> <span class='ocrx_word' id='word_1_346' title='bbox 1436 3071 1547 3125; x_wconf 80' lang='lat' dir='ltr'><strong>quw</strong></span> <span class='ocrx_word' id='word_1_347' title='bbox 1579 3054 1797 3108; x_wconf 82' lang='lat' dir='ltr'><strong>attendit</strong></span> <span class='ocrx_word' id='word_1_348' title='bbox 1825 3052 1895 3105; x_wconf 81' lang='lat' dir='ltr'><strong>ad</strong></span> 
     </span>
    </p>
   </div>
   <div class='ocr_carea' id='block_1_49' title="bbox 2052 1862 3565 1936">
    <p class='ocr_par' dir='ltr' id='par_1_49' title="bbox 2052 1862 3565 1936">
     <span class='ocr_line' id='line_1_50' title="bbox 2052 1862 3565 1936; baseline 0.007 -20"><span class='ocrx_word' id='word_1_349' title='bbox 2052 1862 2107 1917; x_wconf 72' lang='lat'><strong>‘2.</strong></span> <span class='ocrx_word' id='word_1_350' title='bbox 2149 1863 2249 1931; x_wconf 87' lang='lat' dir='ltr'><strong>Qui</strong></span> <span class='ocrx_word' id='word_1_351' title='bbox 2291 1864 2459 1920; x_wconf 91' lang='lat' dir='ltr'><strong>Deum</strong></span> <span class='ocrx_word' id='word_1_352' title='bbox 2502 1866 2815 1936; x_wconf 87' lang='lat' dir='ltr'><strong>simpliciter</strong></span> <span class='ocrx_word' id='word_1_353' title='bbox 2860 1867 2989 1923; x_wconf 90' lang='lat' dir='ltr'><strong>dicit</strong></span> <span class='ocrx_word' id='word_1_354' title='bbox 3034 1868 3101 1925; x_wconf 90' lang='lat' dir='ltr'><strong>de</strong></span> <span class='ocrx_word' id='word_1_355' title='bbox 3148 1870 3313 1925; x_wconf 84' lang='lat' dir='ltr'><strong>Maria</strong></span> <span class='ocrx_word' id='word_1_356' title='bbox 3361 1880 3565 1934; x_wconf 87' lang='lat' dir='ltr'><strong>natum.</strong></span> 
     </span>
    </p>
   </div>
   <div class='ocr_carea' id='block_1_50' title="bbox 1984 1956 3573 2031">
    <p class='ocr_par' dir='ltr' id='par_1_50' title="bbox 1984 1956 3573 2031">
     <span class='ocr_line' id='line_1_51' title="bbox 1984 1956 3573 2031; baseline 0.006 -22"><span class='ocrx_word' id='word_1_357' title='bbox 1984 1956 2161 2026; x_wconf 90' lang='lat' dir='ltr'><strong>primo</strong></span> <span class='ocrx_word' id='word_1_358' title='bbox 2189 1957 2430 2010; x_wconf 89' lang='lat' dir='ltr'><strong>omnium</strong></span> <span class='ocrx_word' id='word_1_359' title='bbox 2459 1957 2796 2013; x_wconf 86' lang='lat' dir='ltr'><strong>nobilitatem</strong></span> <span class='ocrx_word' id='word_1_360' title='bbox 2834 1960 3084 2027; x_wconf 88' lang='lat' dir='ltr'><strong>gentibus</strong></span> <span class='ocrx_word' id='word_1_361' title='bbox 3130 1962 3403 2031; x_wconf 87' lang='lat' dir='ltr'><strong>prostituit</strong></span> <span class='ocrx_word' id='word_1_362' title='bbox 3440 1964 3573 2031; x_wconf 82' lang='lat' dir='ltr'><strong>dog-</strong></span> 
     </span>
    </p>
   </div>
   <div class='ocr_carea' id='block_1_51' title="bbox 1986 2050 3574 2124">
    <p class='ocr_par' dir='ltr' id='par_1_51' title="bbox 1986 2050 3574 2124">
     <span class='ocr_line' id='line_1_52' title="bbox 1986 2050 3574 2124; baseline 0.005 -22"><span class='ocrx_word' id='word_1_363' title='bbox 1986 2050 2183 2116; x_wconf 90' lang='lat' dir='ltr'><strong>matis,</strong></span> <span class='ocrx_word' id='word_1_364' title='bbox 2227 2058 2389 2118; x_wconf 88' lang='lat' dir='ltr'><strong>atque</strong></span> <span class='ocrx_word' id='word_1_365' title='bbox 2431 2066 2708 2120; x_wconf 83' lang='lat' dir='ltr'><strong>exponens</strong></span> <span class='ocrx_word' id='word_1_366' title='bbox 2750 2050 2804 2104; x_wconf 93' lang='lat' dir='ltr'><strong>in</strong></span> <span class='ocrx_word' id='word_1_367' title='bbox 2852 2052 3119 2119; x_wconf 88' lang='lat' dir='ltr'><strong>medium,</strong></span> <span class='ocrx_word' id='word_1_368' title='bbox 3163 2054 3574 2124; x_wconf 87' lang='lat' dir='ltr'><strong>vituperandum</strong></span> 
     </span>
    </p>
   </div>
   <div class='ocr_carea' id='block_1_52' title="bbox 1986 2141 3575 2215">
    <p class='ocr_par' dir='ltr' id='par_1_52' title="bbox 1986 2141 3575 2215">
     <span class='ocr_line' id='line_1_53' title="bbox 1986 2141 3575 2215; baseline 0.004 -21"><span class='ocrx_word' id='word_1_369' title='bbox 1986 2142 2039 2196; x_wconf 89' lang='lat' dir='ltr'><strong>id</strong></span> <span class='ocrx_word' id='word_1_370' title='bbox 2064 2141 2453 2210; x_wconf 87' lang='lat' dir='ltr'><strong>ridendumque</strong></span> <span class='ocrx_word' id='word_1_371' title='bbox 2482 2142 2767 2212; x_wconf 89' lang='lat' dir='ltr'><strong>proponit;</strong></span> <span class='ocrx_word' id='word_1_372' title='bbox 2803 2144 2984 2197; x_wconf 90' lang='lat' dir='ltr'><strong>statim</strong></span> <span class='ocrx_word' id='word_1_373' title='bbox 3016 2145 3159 2198; x_wconf 89' lang='lat' dir='ltr'><strong>enim</strong></span> <span class='ocrx_word' id='word_1_374' title='bbox 3188 2160 3430 2215; x_wconf 80' lang='lat' dir='ltr'><strong>paganus</strong></span> <span class='ocrx_word' id='word_1_375' title='bbox 3453 2164 3575 2201; x_wconf 90' lang='lat' dir='ltr'><strong>cum</strong></span> 
     </span>
    </p>
   </div>
   <div class='ocr_carea' id='block_1_53' title="bbox 1987 2231 3577 2302">
    <p class='ocr_par' dir='ltr' id='par_1_53' title="bbox 1987 2231 3577 2302">
     <span class='ocr_line' id='line_1_54' title="bbox 1987 2231 3577 2302; baseline 0.001 -15"><span class='ocrx_word' id='word_1_376' title='bbox 1987 2232 2409 2302; x_wconf 88' lang='lat' dir='ltr'><strong>reprehensione</strong></span> <span class='ocrx_word' id='word_1_377' title='bbox 2435 2233 2723 2302; x_wconf 88' lang='lat' dir='ltr'><strong>accipiens,</strong></span> <span class='ocrx_word' id='word_1_378' title='bbox 2761 2231 2885 2302; x_wconf 88' lang='lat' dir='ltr'><strong>quia</strong></span> <span class='ocrx_word' id='word_1_379' title='bbox 2913 2233 2976 2287; x_wconf 85' lang='lat' dir='ltr'><strong>de</strong></span> <span class='ocrx_word' id='word_1_380' title='bbox 3005 2233 3179 2289; x_wconf 77' lang='lat' dir='ltr'><strong>Maria</strong></span> <span class='ocrx_word' id='word_1_381' title='bbox 3214 2234 3354 2289; x_wconf 80' lang='lat' dir='ltr'><strong>Deus</strong></span> <span class='ocrx_word' id='word_1_382' title='bbox 3377 2246 3451 2291; x_wconf 82' lang='lat' dir='ltr'><strong>est</strong></span> <span class='ocrx_word' id='word_1_383' title='bbox 3475 2254 3577 2290; x_wconf 83' lang='lat' dir='ltr'><strong>nn-</strong></span> 
     </span>
    </p>
   </div>
   <div class='ocr_carea' id='block_1_54' title="bbox 1989 2305 3579 2389">
    <p class='ocr_par' dir='ltr' id='par_1_54' title="bbox 1989 2305 3579 2389">
     <span class='ocr_line' id='line_1_55' title="bbox 1989 2305 3579 2389; baseline 0.004 -12"><span class='ocrx_word' id='word_1_384' title='bbox 1989 2334 2087 2389; x_wconf 84' lang='lat' dir='ltr'><strong>tus,</strong></span> <span class='ocrx_word' id='word_1_385' title='bbox 2136 2323 2328 2379; x_wconf 86' lang='lat' dir='ltr'><strong>inlcret</strong></span> <span class='ocrx_word' id='word_1_386' title='bbox 2372 2324 2628 2379; x_wconf 88' lang='lat' dir='ltr'><strong>adversus</strong></span> <span class='ocrx_word' id='word_1_387' title='bbox 2655 2324 3019 2379; x_wconf 78' lang='lat' dir='ltr'><strong>Christianum</strong></span> <span class='ocrx_word' id='word_1_388' title='bbox 3045 2305 3073 2380; x_wconf 65' lang='grc' dir='ltr'><strong>ε’</strong></span> <span class='ocrx_word' id='word_1_389' title='bbox 3094 2329 3401 2382; x_wconf 87' lang='lat' dir='ltr'><strong>necessario</strong></span> <span class='ocrx_word' id='word_1_390' title='bbox 3434 2329 3579 2383; x_wconf 80' lang='lat' dir='ltr'><strong>enim</strong></span> 
     </span>
    </p>
   </div>
   <div class='ocr_carea' id='block_1_55' title="bbox 1989 2404 3578 2490">
    <p class='ocr_par' dir='ltr' id='par_1_55' title="bbox 1989 2404 3578 2490">
     <span class='ocr_line' id='line_1_56' title="bbox 1989 2404 3578 2490; baseline 0.003 -21"><span class='ocrx_word' id='word_1_391' title='bbox 1989 2404 2080 2485; x_wconf 87' lang='lat' dir='ltr'><strong>qui</strong></span> <span class='ocrx_word' id='word_1_392' title='bbox 2109 2415 2239 2470; x_wconf 88' lang='lat' dir='ltr'><strong>dicit</strong></span> <span class='ocrx_word' id='word_1_393' title='bbox 2267 2415 2584 2486; x_wconf 88' lang='lat' dir='ltr'><strong>simpliciter</strong></span> <span class='ocrx_word' id='word_1_394' title='bbox 2625 2414 2842 2487; x_wconf 80' lang='lat' dir='ltr'><strong>[Baluz.</strong></span> <span class='ocrx_word' id='word_1_395' title='bbox 2876 2415 3153 2490; x_wconf 87' lang='lat' dir='ltr'><strong>similiter]</strong></span> <span class='ocrx_word' id='word_1_396' title='bbox 3192 2419 3258 2473; x_wconf 89' lang='lat' dir='ltr'><strong>de</strong></span> <span class='ocrx_word' id='word_1_397' title='bbox 3287 2418 3450 2473; x_wconf 77' lang='lat' dir='ltr'><strong>Maria</strong></span> <span class='ocrx_word' id='word_1_398' title='bbox 3480 2438 3578 2475; x_wconf 87' lang='lat' dir='ltr'><strong>na-</strong></span> 
     </span>
    </p>
   </div>
   <div class='ocr_carea' id='block_1_56' title="bbox 1991 2508 3578 2585">
    <p class='ocr_par' dir='ltr' id='par_1_56' title="bbox 1991 2508 3578 2585">
     <span class='ocr_line' id='line_1_57' title="bbox 1991 2508 3578 2585; baseline 0.006 -25"><span class='ocrx_word' id='word_1_399' title='bbox 1991 2516 2103 2563; x_wconf 88' lang='lat' dir='ltr'><strong>tum</strong></span> <span class='ocrx_word' id='word_1_400' title='bbox 2133 2508 2321 2573; x_wconf 88' lang='lat' dir='ltr'><strong>Deum,</strong></span> <span class='ocrx_word' id='word_1_401' title='bbox 2373 2520 2429 2564; x_wconf 92' lang='lat' dir='ltr'><strong>et</strong></span> <span class='ocrx_word' id='word_1_402' title='bbox 2466 2525 2575 2564; x_wconf 93' lang='lat' dir='ltr'><strong>non</strong></span> <span class='ocrx_word' id='word_1_403' title='bbox 2605 2510 2753 2564; x_wconf 91' lang='lat' dir='ltr'><strong>illum</strong></span> <span class='ocrx_word' id='word_1_404' title='bbox 2781 2511 2874 2580; x_wconf 90' lang='lat' dir='ltr'><strong>qui</strong></span> <span class='ocrx_word' id='word_1_405' title='bbox 2917 2521 3073 2567; x_wconf 92' lang='lat' dir='ltr'><strong>natus</strong></span> <span class='ocrx_word' id='word_1_406' title='bbox 3111 2521 3195 2567; x_wconf 90' lang='lat' dir='ltr'><strong>est</strong></span> <span class='ocrx_word' id='word_1_407' title='bbox 3235 2512 3440 2585; x_wconf 41' lang='lat' dir='ltr'><strong>[Balnzt</strong></span> <span class='ocrx_word' id='word_1_408' title='bbox 3473 2531 3578 2569; x_wconf 89' lang='lat' dir='ltr'><strong>om.</strong></span> 
     </span>
    </p>
   </div>
   <div class='ocr_carea' id='block_1_57' title="bbox 1972 2597 3581 2672">
    <p class='ocr_par' dir='ltr' id='par_1_57' title="bbox 1972 2597 3581 2672">
     <span class='ocr_line' id='line_1_58' title="bbox 1972 2597 3581 2672; baseline 0.005 -20"><span class='ocrx_word' id='word_1_409' title='bbox 1972 2600 2081 2668; x_wconf 87' lang='lat' dir='ltr'><strong>qui</strong></span> <span class='ocrx_word' id='word_1_410' title='bbox 2105 2608 2259 2654; x_wconf 85' lang='lat' dir='ltr'><strong>natus</strong></span> <span class='ocrx_word' id='word_1_411' title='bbox 2279 2597 2415 2672; x_wconf 81' lang='lat' dir='ltr'><strong>est],</strong></span> <span class='ocrx_word' id='word_1_412' title='bbox 2447 2599 2827 2669; x_wconf 86' lang='lat' dir='ltr'><strong>conjunctione</strong></span> <span class='ocrx_word' id='word_1_413' title='bbox 2864 2601 3091 2657; x_wconf 88' lang='lat' dir='ltr'><strong>duarum</strong></span> <span class='ocrx_word' id='word_1_414' title='bbox 3131 2611 3462 2671; x_wconf 84' lang='lat' dir='ltr'><strong>naturarum,</strong></span> <span class='ocrx_word' id='word_1_415' title='bbox 3497 2606 3581 2660; x_wconf 93' lang='lat' dir='ltr'><strong>di-</strong></span> 
     </span>
    </p>
   </div>
   <div class='ocr_carea' id='block_1_58' title="bbox 1992 2691 3581 2767">
    <p class='ocr_par' dir='ltr' id='par_1_58' title="bbox 1992 2691 3581 2767">
     <span class='ocr_line' id='line_1_59' title="bbox 1992 2691 3581 2767; baseline 0.003 -23"><span class='ocrx_word' id='word_1_416' title='bbox 1992 2691 2129 2744; x_wconf 68' lang='lat' dir='ltr'><strong>vina:</strong></span> <span class='ocrx_word' id='word_1_417' title='bbox 2168 2691 2373 2745; x_wconf 87' lang='lat' dir='ltr'><strong>scilicet</strong></span> <span class='ocrx_word' id='word_1_418' title='bbox 2410 2700 2465 2745; x_wconf 92' lang='lat' dir='ltr'><strong>et</strong></span> <span class='ocrx_word' id='word_1_419' title='bbox 2506 2692 2781 2758; x_wconf 58' lang='lat' dir='ltr'><strong>humanas,</strong></span> <span class='ocrx_word' id='word_1_420' title='bbox 2825 2692 2991 2746; x_wconf 91' lang='lat' dir='ltr'><strong>Deum</strong></span> <span class='ocrx_word' id='word_1_421' title='bbox 3022 2692 3228 2766; x_wconf 77' lang='lat' dir='ltr'><strong>[Baluz.</strong></span> <span class='ocrx_word' id='word_1_422' title='bbox 3261 2712 3362 2749; x_wconf 89' lang='lat' dir='ltr'><strong>om.</strong></span> <span class='ocrx_word' id='word_1_423' title='bbox 3390 2696 3581 2767; x_wconf 83' lang='lat' dir='ltr'><strong>Deum]</strong></span> 
     </span>
    </p>
   </div>
   <div class='ocr_carea' id='block_1_59' title="bbox 1972 2770 3583 2854">
    <p class='ocr_par' dir='ltr' id='par_1_59' title="bbox 1972 2770 3583 2854">
     <span class='ocr_line' id='line_1_60' title="bbox 1972 2770 3583 2854; baseline 0.003 -18"><span class='ocrx_word' id='word_1_424' title='bbox 1972 2770 2114 2837; x_wconf 72' lang='lat' dir='ltr'><strong>esse</strong></span> <span class='ocrx_word' id='word_1_425' title='bbox 2161 2783 2489 2853; x_wconf 88' lang='lat' dir='ltr'><strong>reputaverit</strong></span> <span class='ocrx_word' id='word_1_426' title='bbox 2512 2823 2527 2848; x_wconf 93' lang='lat'><strong>,</strong></span> <span class='ocrx_word' id='word_1_427' title='bbox 2571 2782 2752 2837; x_wconf 86' lang='lat' dir='ltr'><strong>audiet</strong></span> <span class='ocrx_word' id='word_1_428' title='bbox 2791 2801 2804 2837; x_wconf 85' lang='lat'><strong>:</strong></span> <span class='ocrx_word' id='word_1_429' title='bbox 2842 2782 2955 2854; x_wconf 83' lang='lat' dir='ltr'><strong>Ego</strong></span> <span class='ocrx_word' id='word_1_430' title='bbox 2995 2793 3178 2839; x_wconf 87' lang='lat' dir='ltr'><strong>natum</strong></span> <span class='ocrx_word' id='word_1_431' title='bbox 3217 2793 3273 2841; x_wconf 86' lang='lat' dir='ltr'><strong>et</strong></span> <span class='ocrx_word' id='word_1_432' title='bbox 3312 2797 3583 2841; x_wconf 85' lang='lat' dir='ltr'><strong>mortuum</strong></span> 
     </span>
    </p>
   </div>
   <div class='ocr_carea' id='block_1_60' title="bbox 1996 2874 3586 2945">
    <p class='ocr_par' dir='ltr' id='par_1_60' title="bbox 1996 2874 3586 2945">
     <span class='ocr_line' id='line_1_61' title="bbox 1996 2874 3586 2945; baseline 0.003 -16"><span class='ocrx_word' id='word_1_433' title='bbox 1996 2874 2165 2939; x_wconf 88' lang='lat' dir='ltr'><strong>Deum</strong></span> <span class='ocrx_word' id='word_1_434' title='bbox 2194 2882 2249 2930; x_wconf 92' lang='lat' dir='ltr'><strong>et</strong></span> <span class='ocrx_word' id='word_1_435' title='bbox 2276 2875 2544 2945; x_wconf 89' lang='lat' dir='ltr'><strong>sepultum</strong></span> <span class='ocrx_word' id='word_1_436' title='bbox 2573 2874 2798 2930; x_wconf 88' lang='lat' dir='ltr'><strong>adorare</strong></span> <span class='ocrx_word' id='word_1_437' title='bbox 2820 2891 2927 2930; x_wconf 90' lang='lat' dir='ltr'><strong>non</strong></span> <span class='ocrx_word' id='word_1_438' title='bbox 2952 2890 3114 2945; x_wconf 90' lang='lat' dir='ltr'><strong>queo.</strong></span> <span class='ocrx_word' id='word_1_439' title='bbox 3149 2875 3372 2945; x_wconf 88' lang='lat' dir='ltr'><strong>Liquida</strong></span> <span class='ocrx_word' id='word_1_440' title='bbox 3402 2886 3586 2933; x_wconf 88' lang='lat' dir='ltr'><strong>autem</strong></span> 
     </span>
    </p>
   </div>
   <div class='ocr_carea' id='block_1_61' title="bbox 1997 2964 3584 3039">
    <p class='ocr_par' dir='ltr' id='par_1_61' title="bbox 1997 2964 3584 3039">
     <span class='ocr_line' id='line_1_62' title="bbox 1997 2964 3584 3039; baseline 0.004 -21"><span class='ocrx_word' id='word_1_441' title='bbox 1997 2965 2189 3019; x_wconf 86' lang='lat' dir='ltr'><strong>divisio</strong></span> <span class='ocrx_word' id='word_1_442' title='bbox 2216 2964 2481 3033; x_wconf 83' lang='lat' dir='ltr'><strong>dogmatis</strong></span> <span class='ocrx_word' id='word_1_443' title='bbox 2505 2965 2607 3019; x_wconf 86' lang='lat' dir='ltr'><strong>ista</strong></span> <span class='ocrx_word' id='word_1_444' title='bbox 2636 2973 2719 3020; x_wconf 91' lang='lat' dir='ltr'><strong>est</strong></span> <span class='ocrx_word' id='word_1_445' title='bbox 2744 2983 2757 3017; x_wconf 89' lang='lat'><strong>:</strong></span> <span class='ocrx_word' id='word_1_446' title='bbox 2789 2965 2891 3032; x_wconf 85' lang='lat' dir='ltr'><strong>Qui</strong></span> <span class='ocrx_word' id='word_1_447' title='bbox 2921 2975 3077 3021; x_wconf 89' lang='lat' dir='ltr'><strong>natus</strong></span> <span class='ocrx_word' id='word_1_448' title='bbox 3098 2974 3209 3032; x_wconf 87' lang='lat' dir='ltr'><strong>est,</strong></span> <span class='ocrx_word' id='word_1_449' title='bbox 3242 2976 3298 3023; x_wconf 92' lang='lat' dir='ltr'><strong>et</strong></span> <span class='ocrx_word' id='word_1_450' title='bbox 3332 2985 3429 3039; x_wconf 86' lang='lat' dir='ltr'><strong>per</strong></span> <span class='ocrx_word' id='word_1_451' title='bbox 3457 2986 3584 3039; x_wconf 87' lang='lat' dir='ltr'><strong>par-</strong></span> 
     </span>
    </p>
   </div>
   <div class='ocr_carea' id='block_1_62' title="bbox 2002 3057 3586 3127">
    <p class='ocr_par' dir='ltr' id='par_1_62' title="bbox 2002 3057 3586 3127">
     <span class='ocr_line' id='line_1_63' title="bbox 2002 3057 3586 3127; baseline 0.004 -18"><span class='ocrx_word' id='word_1_452' title='bbox 2002 3066 2083 3112; x_wconf 91' lang='lat' dir='ltr'><strong>tes</strong></span> <span class='ocrx_word' id='word_1_453' title='bbox 2130 3057 2585 3111; x_wconf 88' lang='lat' dir='ltr'><strong>incrementorum</strong></span> <span class='ocrx_word' id='word_1_454' title='bbox 2635 3057 2963 3127; x_wconf 82' lang='lat' dir='ltr'><strong>temporibus</strong></span> <span class='ocrx_word' id='word_1_455' title='bbox 3002 3059 3185 3126; x_wconf 82' lang='lat' dir='ltr'><strong>eguit,</strong></span> <span class='ocrx_word' id='word_1_456' title='bbox 3227 3067 3282 3114; x_wconf 81' lang='lat' dir='ltr'><strong>et</strong></span> <span class='ocrx_word' id='word_1_457' title='bbox 3312 3061 3586 3117; x_wconf 80' lang='lat' dir='ltr'><strong>mensibus</strong></span> 
     </span>
    </p>
   </div>
   <div class='ocr_carea' id='block_1_63' title="bbox 303 3144 3587 3219">
    <p class='ocr_par' dir='ltr' id='par_1_63' title="bbox 303 3144 3587 3219">
     <span class='ocr_line' id='line_1_64' title="bbox 303 3144 3587 3219; baseline -0.001 -10"><span class='ocrx_word' id='word_1_458' title='bbox 303 3156 589 3219; x_wconf 68' lang='lat' dir='ltr'><strong>Orientem,</strong></span> <span class='ocrx_word' id='word_1_459' title='bbox 615 3164 663 3207; x_wconf 87' lang='lat' dir='ltr'><strong>et</strong></span> <span class='ocrx_word' id='word_1_460' title='bbox 688 3153 795 3207; x_wconf 77' lang='lat' dir='ltr'><strong>hwc</strong></span> <span class='ocrx_word' id='word_1_461' title='bbox 823 3152 999 3206; x_wconf 81' lang='lat' dir='ltr'><strong>clausa</strong></span> <span class='ocrx_word' id='word_1_462' title='bbox 1019 3160 1149 3204; x_wconf 86' lang='lat' dir='ltr'><strong>erat.</strong></span> <span class='ocrx_word' id='word_1_463' title='bbox 1169 3144 1237 3201; x_wconf 84' lang='lat' dir='ltr'><strong>Et</strong></span> <span class='ocrx_word' id='word_1_464' title='bbox 1264 3150 1396 3202; x_wconf 75' lang='lat' dir='ltr'><strong>dixit</strong></span> <span class='ocrx_word' id='word_1_465' title='bbox 1417 3147 1669 3202; x_wconf 79' lang='lat' dir='ltr'><strong>Dominus</strong></span> <span class='ocrx_word' id='word_1_466' title='bbox 1693 3148 1762 3200; x_wconf 86' lang='lat' dir='ltr'><strong>ad</strong></span> <span class='ocrx_word' id='word_1_467' title='bbox 1782 3163 1890 3200; x_wconf 89' lang='lat' dir='ltr'><strong>me:</strong></span> <span class='ocrx_word' id='word_1_468' title='bbox 1921 3155 1967 3216; x_wconf 67' lang='grc' dir='ltr'><strong><em>ε</em></strong></span> <span class='ocrx_word' id='word_1_469' title='bbox 1999 3150 2249 3219; x_wconf 84' lang='lat' dir='ltr'><strong>legitimis</strong></span> <span class='ocrx_word' id='word_1_470' title='bbox 2276 3158 2522 3219; x_wconf 88' lang='lat' dir='ltr'><strong>portatus</strong></span> <span class='ocrx_word' id='word_1_471' title='bbox 2551 3150 2604 3203; x_wconf 93' lang='lat' dir='ltr'><strong>iu</strong></span> <span class='ocrx_word' id='word_1_472' title='bbox 2636 3157 2824 3203; x_wconf 90' lang='lat' dir='ltr'><strong>ventre</strong></span> <span class='ocrx_word' id='word_1_473' title='bbox 2852 3157 2952 3215; x_wconf 91' lang='lat' dir='ltr'><strong>est,</strong></span> <span class='ocrx_word' id='word_1_474' title='bbox 2986 3150 3072 3205; x_wconf 91' lang='lat' dir='ltr'><strong>hic</strong></span> <span class='ocrx_word' id='word_1_475' title='bbox 3102 3150 3390 3206; x_wconf 90' lang='lat' dir='ltr'><strong>humanam</strong></span> <span class='ocrx_word' id='word_1_476' title='bbox 3420 3152 3587 3207; x_wconf 90' lang='lat' dir='ltr'><strong>habet</strong></span> 
     </span>
    </p>
   </div>
   <div class='ocr_carea' id='block_1_64' title="bbox 298 3241 1890 3314">
    <p class='ocr_par' dir='ltr' id='par_1_64' title="bbox 298 3241 1890 3314">
     <span class='ocr_line' id='line_1_65' title="bbox 298 3241 1890 3314; baseline -0.006 -13"><span class='ocrx_word' id='word_1_477' title='bbox 298 3248 413 3302; x_wconf 76' lang='lat' dir='ltr'><strong>Fili</strong></span> <span class='ocrx_word' id='word_1_478' title='bbox 444 3246 683 3311; x_wconf 79' lang='lat' dir='ltr'><strong>hominis,</strong></span> <span class='ocrx_word' id='word_1_479' title='bbox 717 3252 865 3314; x_wconf 88' lang='lat' dir='ltr'><strong>porta</strong></span> <span class='ocrx_word' id='word_1_480' title='bbox 894 3243 996 3296; x_wconf 83' lang='lat' dir='ltr'><strong>ista</strong></span> <span class='ocrx_word' id='word_1_481' title='bbox 1024 3241 1202 3295; x_wconf 82' lang='lat' dir='ltr'><strong>clausa</strong></span> <span class='ocrx_word' id='word_1_482' title='bbox 1230 3242 1358 3304; x_wconf 87' lang='lat' dir='ltr'><strong>erit,</strong></span> <span class='ocrx_word' id='word_1_483' title='bbox 1396 3250 1444 3293; x_wconf 87' lang='lat' dir='ltr'><strong>et</strong></span> <span class='ocrx_word' id='word_1_484' title='bbox 1473 3256 1576 3295; x_wconf 85' lang='lat' dir='ltr'><strong>non</strong></span> <span class='ocrx_word' id='word_1_485' title='bbox 1599 3241 1890 3310; x_wconf 76' lang='lat' dir='ltr'><strong>aperietur:</strong></span> 
     </span>
    </p>
   </div>
   <div class='ocr_carea' id='block_1_65' title="bbox 300 3329 1893 3406">
    <p class='ocr_par' dir='ltr' id='par_1_65' title="bbox 300 3329 1893 3406">
     <span class='ocr_line' id='line_1_66' title="bbox 300 3329 1893 3406; baseline -0.004 -15"><span class='ocrx_word' id='word_1_486' title='bbox 300 3338 478 3391; x_wconf 82' lang='lat' dir='ltr'><strong>nullus</strong></span> <span class='ocrx_word' id='word_1_487' title='bbox 505 3336 741 3391; x_wconf 84' lang='lat' dir='ltr'><strong>transibit</strong></span> <span class='ocrx_word' id='word_1_488' title='bbox 760 3352 851 3406; x_wconf 78' lang='lat' dir='ltr'><strong>per</strong></span> <span class='ocrx_word' id='word_1_489' title='bbox 885 3350 1029 3399; x_wconf 86' lang='lat' dir='ltr'><strong>eam,</strong></span> <span class='ocrx_word' id='word_1_490' title='bbox 1052 3331 1145 3387; x_wconf 84' lang='lat' dir='ltr'><strong>sed</strong></span> <span class='ocrx_word' id='word_1_491' title='bbox 1169 3331 1309 3386; x_wconf 80' lang='lat' dir='ltr'><strong>solus</strong></span> <span class='ocrx_word' id='word_1_492' title='bbox 1343 3329 1597 3385; x_wconf 82' lang='lat' dir='ltr'><strong>Dominus</strong></span> <span class='ocrx_word' id='word_1_493' title='bbox 1628 3329 1768 3384; x_wconf 83' lang='lat' dir='ltr'><strong>Deus</strong></span> <span class='ocrx_word' id='word_1_494' title='bbox 1807 3332 1893 3384; x_wconf 83' lang='lat' dir='ltr'><strong>in—</strong></span> 
     </span>
    </p>
   </div>
   <div class='ocr_carea' id='block_1_66' title="bbox 298 3422 1496 3502">
    <p class='ocr_par' dir='ltr' id='par_1_66' title="bbox 298 3422 1496 3502">
     <span class='ocr_line' id='line_1_67' title="bbox 298 3422 1496 3502; baseline -0.007 -20"><span class='ocrx_word' id='word_1_495' title='bbox 298 3428 581 3502; x_wconf 77' lang='lat' dir='ltr'><strong>gredietur,</strong></span> <span class='ocrx_word' id='word_1_496' title='bbox 599 3438 648 3481; x_wconf 87' lang='lat' dir='ltr'><strong>et</strong></span> <span class='ocrx_word' id='word_1_497' title='bbox 674 3428 770 3481; x_wconf 87' lang='lat' dir='ltr'><strong>erit</strong></span> <span class='ocrx_word' id='word_1_498' title='bbox 795 3428 973 3480; x_wconf 85' lang='lat' dir='ltr'><strong>clausa</strong></span> <span class='ocrx_word' id='word_1_499' title='bbox 1005 3423 1218 3495; x_wconf 75' lang='lat' dir='ltr'><strong>(Ezech.</strong></span> <span class='ocrx_word' id='word_1_500' title='bbox 1247 3439 1388 3487; x_wconf 80' lang='lat' dir='ltr'><strong>xuv,</strong></span> <span class='ocrx_word' id='word_1_501' title='bbox 1422 3422 1496 3493; x_wconf 77' lang='lat' dir='ltr'><strong>l).</strong></span> 
     </span>
    </p>
   </div>
   <div class='ocr_carea' id='block_1_67' title="bbox 374 3513 1895 3589">
    <p class='ocr_par' dir='ltr' id='par_1_67' title="bbox 374 3513 1895 3589">
     <span class='ocr_line' id='line_1_68' title="bbox 374 3513 1895 3589; baseline -0.004 -16"><span class='ocrx_word' id='word_1_502' title='bbox 374 3521 463 3573; x_wconf 55' lang='grc' dir='ltr'><strong>ἐπὶ.</strong></span> <span class='ocrx_word' id='word_1_503' title='bbox 507 3519 645 3575; x_wconf 86' lang='lat' dir='ltr'><strong>Ecce</strong></span> <span class='ocrx_word' id='word_1_504' title='bbox 683 3518 999 3589; x_wconf 89' lang='lat' dir='ltr'><strong>approbatio</strong></span> <span class='ocrx_word' id='word_1_505' title='bbox 1045 3513 1327 3569; x_wconf 79' lang='lat' dir='ltr'><strong>manifesta</strong></span> <span class='ocrx_word' id='word_1_506' title='bbox 1378 3522 1576 3569; x_wconf 71' lang='lat' dir='ltr'><strong>sancta:</strong></span> <span class='ocrx_word' id='word_1_507' title='bbox 1620 3513 1895 3582; x_wconf 81' lang='lat' dir='ltr'><strong>genitricis</strong></span> 
     </span>
    </p>
   </div>
   <div class='ocr_carea' id='block_1_68' title="bbox 306 3604 1890 3676">
    <p class='ocr_par' dir='ltr' id='par_1_68' title="bbox 306 3604 1890 3676">
     <span class='ocr_line' id='line_1_69' title="bbox 306 3604 1890 3676; baseline -0.006 -10"><span class='ocrx_word' id='word_1_508' title='bbox 306 3613 404 3667; x_wconf 85' lang='lat' dir='ltr'><strong>Dei</strong></span> <span class='ocrx_word' id='word_1_509' title='bbox 439 3611 649 3676; x_wconf 58' lang='lat' dir='ltr'><strong>Marias,</strong></span> <span class='ocrx_word' id='word_1_510' title='bbox 687 3608 1009 3664; x_wconf 85' lang='lat' dir='ltr'><strong>dissolvatur</strong></span> <span class='ocrx_word' id='word_1_511' title='bbox 1034 3607 1290 3675; x_wconf 90' lang='lat' dir='ltr'><strong>deinceps</strong></span> <span class='ocrx_word' id='word_1_512' title='bbox 1318 3604 1493 3659; x_wconf 91' lang='lat' dir='ltr'><strong>omnis</strong></span> <span class='ocrx_word' id='word_1_513' title='bbox 1515 3604 1890 3667; x_wconf 83' lang='lat' dir='ltr'><strong>contradictio,</strong></span> 
     </span>
    </p>
   </div>
   <div class='ocr_carea' id='block_1_69' title="bbox 302 3694 1896 3771">
    <p class='ocr_par' dir='ltr' id='par_1_69' title="bbox 302 3694 1896 3771">
     <span class='ocr_line' id='line_1_70' title="bbox 302 3694 1896 3771; baseline -0.004 -16"><span class='ocrx_word' id='word_1_514' title='bbox 302 3712 359 3755; x_wconf 87' lang='lat' dir='ltr'><strong>et</strong></span> <span class='ocrx_word' id='word_1_515' title='bbox 390 3711 695 3756; x_wconf 79' lang='lat' dir='ltr'><strong>sanctarum</strong></span> <span class='ocrx_word' id='word_1_516' title='bbox 721 3700 1117 3771; x_wconf 89' lang='lat' dir='ltr'><strong>Scripturarum</strong></span> <span class='ocrx_word' id='word_1_517' title='bbox 1145 3696 1506 3751; x_wconf 89' lang='lat' dir='ltr'><strong>illuminemur</strong></span> <span class='ocrx_word' id='word_1_518' title='bbox 1538 3694 1803 3758; x_wconf 87' lang='lat' dir='ltr'><strong>doctrina,</strong></span> <span class='ocrx_word' id='word_1_519' title='bbox 1838 3702 1896 3749; x_wconf 88' lang='lat' dir='ltr'><strong>ut</strong></span> 
     </span>
    </p>
   </div>
   <div class='ocr_carea' id='block_1_70' title="bbox 304 3784 1893 3862">
    <p class='ocr_par' dir='ltr' id='par_1_70' title="bbox 304 3784 1893 3862">
     <span class='ocr_line' id='line_1_71' title="bbox 304 3784 1893 3862; baseline -0.006 -13"><span class='ocrx_word' id='word_1_520' title='bbox 304 3794 568 3849; x_wconf 69' lang='lat' dir='ltr'><strong>cielorum</strong></span> <span class='ocrx_word' id='word_1_521' title='bbox 596 3807 818 3862; x_wconf 81' lang='lat' dir='ltr'><strong>regnum</strong></span> <span class='ocrx_word' id='word_1_522' title='bbox 842 3792 1177 3847; x_wconf 87' lang='lat' dir='ltr'><strong>obtineamus</strong></span> <span class='ocrx_word' id='word_1_523' title='bbox 1206 3788 1259 3842; x_wconf 91' lang='lat' dir='ltr'><strong>in</strong></span> <span class='ocrx_word' id='word_1_524' title='bbox 1283 3784 1497 3841; x_wconf 86' lang='lat' dir='ltr'><strong>Christo</strong></span> <span class='ocrx_word' id='word_1_525' title='bbox 1516 3784 1644 3841; x_wconf 73' lang='lat' dir='ltr'><strong>Iesu</strong></span> <span class='ocrx_word' id='word_1_526' title='bbox 1666 3786 1893 3841; x_wconf 90' lang='lat' dir='ltr'><strong>Domino</strong></span> 
     </span>
    </p>
   </div>
   <div class='ocr_carea' id='block_1_71' title="bbox 302 3878 1711 3955">
    <p class='ocr_par' dir='ltr' id='par_1_71' title="bbox 302 3878 1711 3955">
     <span class='ocr_line' id='line_1_72' title="bbox 302 3878 1711 3955; baseline -0.003 -17"><span class='ocrx_word' id='word_1_527' title='bbox 302 3894 515 3949; x_wconf 84' lang='lat' dir='ltr'><strong>nostro,</strong></span> <span class='ocrx_word' id='word_1_528' title='bbox 546 3885 646 3955; x_wconf 86' lang='lat' dir='ltr'><strong>ipsi</strong></span> <span class='ocrx_word' id='word_1_529' title='bbox 665 3883 835 3953; x_wconf 85' lang='lat' dir='ltr'><strong>gloria</strong></span> <span class='ocrx_word' id='word_1_530' title='bbox 863 3885 915 3938; x_wconf 93' lang='lat' dir='ltr'><strong>in</strong></span> <span class='ocrx_word' id='word_1_531' title='bbox 938 3881 1131 3937; x_wconf 58' lang='lat' dir='ltr'><strong>saecula</strong></span> <span class='ocrx_word' id='word_1_532' title='bbox 1150 3878 1489 3935; x_wconf 71' lang='lat' dir='ltr'><strong>smculorum.</strong></span> <span class='ocrx_word' id='word_1_533' title='bbox 1520 3879 1711 3934; x_wconf 81' lang='lat' dir='ltr'><strong>Amen.</strong></span> 
     </span>
    </p>
   </div>
   <div class='ocr_carea' id='block_1_72' title="bbox 1999 3240 3068 3310">
    <p class='ocr_par' dir='ltr' id='par_1_72' title="bbox 1999 3240 3068 3310">
     <span class='ocr_line' id='line_1_73' title="bbox 1999 3240 3068 3310; baseline -0.003 -13"><span class='ocrx_word' id='word_1_534' title='bbox 1999 3250 2266 3305; x_wconf 88' lang='lat' dir='ltr'><strong>naturam,</strong></span> <span class='ocrx_word' id='word_1_535' title='bbox 2299 3240 2393 3295; x_wconf 89' lang='lat' dir='ltr'><strong>sed</strong></span> <span class='ocrx_word' id='word_1_536' title='bbox 2422 3240 2534 3296; x_wconf 88' lang='lat' dir='ltr'><strong>Deo</strong></span> <span class='ocrx_word' id='word_1_537' title='bbox 2555 3256 2686 3295; x_wconf 89' lang='lat' dir='ltr'><strong>sane</strong></span> <span class='ocrx_word' id='word_1_538' title='bbox 2706 3241 3068 3310; x_wconf 87' lang='lat' dir='ltr'><strong>conjunctam.</strong></span> 
     </span>
    </p>
   </div>
   <div class='ocr_carea' id='block_1_73' title="bbox 2068 3328 3588 3402">
    <p class='ocr_par' dir='ltr' id='par_1_73' title="bbox 2068 3328 3588 3402">
     <span class='ocr_line' id='line_1_74' title="bbox 2068 3328 3588 3402; baseline 0.002 -16"><span class='ocrx_word' id='word_1_539' title='bbox 2068 3334 2119 3387; x_wconf 82' lang='lat'><strong>5.</strong></span> <span class='ocrx_word' id='word_1_540' title='bbox 2162 3332 2321 3388; x_wconf 81' lang='lat' dir='ltr'><strong>Aliud</strong></span> <span class='ocrx_word' id='word_1_541' title='bbox 2349 3340 2432 3388; x_wconf 89' lang='lat' dir='ltr'><strong>est</strong></span> <span class='ocrx_word' id='word_1_542' title='bbox 2452 3328 2633 3387; x_wconf 89' lang='lat' dir='ltr'><strong>autem</strong></span> <span class='ocrx_word' id='word_1_543' title='bbox 2662 3333 2844 3388; x_wconf 91' lang='lat' dir='ltr'><strong>dicere</strong></span> <span class='ocrx_word' id='word_1_544' title='bbox 2870 3333 2998 3402; x_wconf 88' lang='lat' dir='ltr'><strong>quia</strong></span> <span class='ocrx_word' id='word_1_545' title='bbox 3018 3341 3146 3389; x_wconf 89' lang='lat' dir='ltr'><strong>nato</strong></span> <span class='ocrx_word' id='word_1_546' title='bbox 3170 3333 3239 3390; x_wconf 89' lang='lat' dir='ltr'><strong>de</strong></span> <span class='ocrx_word' id='word_1_547' title='bbox 3267 3333 3434 3389; x_wconf 80' lang='lat' dir='ltr'><strong>Maria</strong></span> <span class='ocrx_word' id='word_1_548' title='bbox 3454 3350 3588 3391; x_wconf 88' lang='lat' dir='ltr'><strong>con-</strong></span> 
     </span>
    </p>
   </div>
   <div class='ocr_carea' id='block_1_74' title="bbox 1993 3423 3589 3493">
    <p class='ocr_par' dir='ltr' id='par_1_74' title="bbox 1993 3423 3589 3493">
     <span class='ocr_line' id='line_1_75' title="bbox 1993 3423 3589 3493; baseline 0.001 -14"><span class='ocrx_word' id='word_1_549' title='bbox 1993 3424 2213 3493; x_wconf 87' lang='lat' dir='ltr'><strong>junctus</strong></span> <span class='ocrx_word' id='word_1_550' title='bbox 2233 3431 2348 3478; x_wconf 87' lang='lat' dir='ltr'><strong>erat</strong></span> <span class='ocrx_word' id='word_1_551' title='bbox 2374 3423 2512 3477; x_wconf 91' lang='lat' dir='ltr'><strong>Deus</strong></span> <span class='ocrx_word' id='word_1_552' title='bbox 2541 3424 2629 3477; x_wconf 91' lang='lat' dir='ltr'><strong>ille</strong></span> <span class='ocrx_word' id='word_1_553' title='bbox 2652 3423 2745 3492; x_wconf 90' lang='lat' dir='ltr'><strong>qui</strong></span> <span class='ocrx_word' id='word_1_554' title='bbox 2768 3433 2850 3478; x_wconf 88' lang='lat' dir='ltr'><strong>est</strong></span> <span class='ocrx_word' id='word_1_555' title='bbox 2875 3423 3104 3479; x_wconf 87' lang='lat' dir='ltr'><strong>Verbum</strong></span> <span class='ocrx_word' id='word_1_556' title='bbox 3129 3423 3321 3489; x_wconf 86' lang='lat' dir='ltr'><strong>Patris,</strong></span> <span class='ocrx_word' id='word_1_557' title='bbox 3340 3425 3589 3493; x_wconf 89' lang='lat' dir='ltr'><strong>quodest</strong></span> 
     </span>
    </p>
   </div>
   <div class='ocr_carea' id='block_1_75' title="bbox 1998 3510 3589 3586">
    <p class='ocr_par' dir='ltr' id='par_1_75' title="bbox 1998 3510 3589 3586">
     <span class='ocr_line' id='line_1_76' title="bbox 1998 3510 3589 3586; baseline 0.002 -19"><span class='ocrx_word' id='word_1_558' title='bbox 1998 3512 2407 3582; x_wconf 88' lang='lat' dir='ltr'><strong>liquidissimum</strong></span> <span class='ocrx_word' id='word_1_559' title='bbox 2425 3528 2488 3567; x_wconf 89' lang='lat' dir='ltr'><strong>ac</strong></span> <span class='ocrx_word' id='word_1_560' title='bbox 2515 3510 2724 3567; x_wconf 81' lang='lat' dir='ltr'><strong>ﬁrmum</strong></span> <span class='ocrx_word' id='word_1_561' title='bbox 2747 3520 2908 3583; x_wconf 86' lang='lat' dir='ltr'><strong>atque</strong></span> <span class='ocrx_word' id='word_1_562' title='bbox 2930 3514 3401 3584; x_wconf 82' lang='lat' dir='ltr'><strong>irreprehcnsibile</strong></span> <span class='ocrx_word' id='word_1_563' title='bbox 3421 3519 3589 3586; x_wconf 88' lang='lat' dir='ltr'><strong>genti-</strong></span> 
     </span>
    </p>
   </div>
   <div class='ocr_carea' id='block_1_76' title="bbox 1996 3601 3592 3675">
    <p class='ocr_par' dir='ltr' id='par_1_76' title="bbox 1996 3601 3592 3675">
     <span class='ocr_line' id='line_1_77' title="bbox 1996 3601 3592 3675; baseline 0.003 -17"><span class='ocrx_word' id='word_1_564' title='bbox 1996 3604 2167 3669; x_wconf 88' lang='lat' dir='ltr'><strong>libus;</strong></span> <span class='ocrx_word' id='word_1_565' title='bbox 2198 3611 2254 3657; x_wconf 91' lang='lat' dir='ltr'><strong>et</strong></span> <span class='ocrx_word' id='word_1_566' title='bbox 2283 3601 2448 3667; x_wconf 83' lang='lat' dir='ltr'><strong>aliud,</strong></span> <span class='ocrx_word' id='word_1_567' title='bbox 2480 3603 2604 3671; x_wconf 89' lang='lat' dir='ltr'><strong>quia</strong></span> <span class='ocrx_word' id='word_1_568' title='bbox 2637 3602 2748 3672; x_wconf 91' lang='lat' dir='ltr'><strong>ipsa</strong></span> <span class='ocrx_word' id='word_1_569' title='bbox 2780 3603 3040 3660; x_wconf 66' lang='grc' dir='ltr'><strong>Βὶτίιιίιίιε</strong></span> <span class='ocrx_word' id='word_1_570' title='bbox 3069 3605 3294 3675; x_wconf 86' lang='lat' dir='ltr'><strong>indiguit</strong></span> <span class='ocrx_word' id='word_1_571' title='bbox 3315 3609 3592 3663; x_wconf 86' lang='lat' dir='ltr'><strong>nativitale</strong></span> 
     </span>
    </p>
   </div>
   <div class='ocr_carea' id='block_1_77' title="bbox 1999 3693 3591 3769">
    <p class='ocr_par' dir='ltr' id='par_1_77' title="bbox 1999 3693 3591 3769">
     <span class='ocr_line' id='line_1_78' title="bbox 1999 3693 3591 3769; baseline 0.003 -19"><span class='ocrx_word' id='word_1_572' title='bbox 1999 3696 2053 3750; x_wconf 90' lang='lat' dir='ltr'><strong>in</strong></span> <span class='ocrx_word' id='word_1_573' title='bbox 2086 3695 2359 3749; x_wconf 86' lang='lat' dir='ltr'><strong>mensibus</strong></span> <span class='ocrx_word' id='word_1_574' title='bbox 2387 3693 2743 3749; x_wconf 84' lang='lat' dir='ltr'><strong>decurrente:</strong></span> <span class='ocrx_word' id='word_1_575' title='bbox 2774 3694 3003 3749; x_wconf 87' lang='lat' dir='ltr'><strong>Verbum</strong></span> <span class='ocrx_word' id='word_1_576' title='bbox 3028 3696 3170 3751; x_wconf 89' lang='lat' dir='ltr'><strong>enim</strong></span> <span class='ocrx_word' id='word_1_577' title='bbox 3201 3697 3343 3753; x_wconf 91' lang='lat' dir='ltr'><strong>Deus</strong></span> <span class='ocrx_word' id='word_1_578' title='bbox 3378 3708 3591 3769; x_wconf 89' lang='lat' dir='ltr'><strong>tempo-</strong></span> 
     </span>
    </p>
   </div>
   <div class='ocr_carea' id='block_1_78' title="bbox 1990 3784 3337 3855">
    <p class='ocr_par' dir='ltr' id='par_1_78' title="bbox 1990 3784 3337 3855">
     <span class='ocr_line' id='line_1_79' title="bbox 1990 3784 3337 3855; baseline 0.001 -14"><span class='ocrx_word' id='word_1_579' title='bbox 1990 3798 2115 3841; x_wconf 81' lang='lat' dir='ltr'><strong>‘rum</strong></span> <span class='ocrx_word' id='word_1_580' title='bbox 2142 3794 2224 3840; x_wconf 91' lang='lat' dir='ltr'><strong>est</strong></span> <span class='ocrx_word' id='word_1_581' title='bbox 2262 3784 2473 3854; x_wconf 78' lang='lat' dir='ltr'><strong>opifex,</strong></span> <span class='ocrx_word' id='word_1_582' title='bbox 2526 3800 2633 3837; x_wconf 90' lang='lat' dir='ltr'><strong>non</strong></span> <span class='ocrx_word' id='word_1_583' title='bbox 2674 3784 2727 3838; x_wconf 85' lang='lat' dir='ltr'><strong>in</strong></span> <span class='ocrx_word' id='word_1_584' title='bbox 2759 3792 3001 3855; x_wconf 90' lang='lat' dir='ltr'><strong>tempore</strong></span> <span class='ocrx_word' id='word_1_585' title='bbox 3031 3786 3337 3843; x_wconf 82' lang='lat' dir='ltr'><strong>fabricatus.</strong></span> 
     </span>
    </p>
   </div>
   <div class='ocr_carea' id='block_1_79' title="bbox 2067 3874 3591 3947">
    <p class='ocr_par' dir='ltr' id='par_1_79' title="bbox 2067 3874 3591 3947">
     <span class='ocr_line' id='line_1_80' title="bbox 2067 3874 3591 3947; baseline 0.001 -16"><span class='ocrx_word' id='word_1_586' title='bbox 2067 3878 2117 3931; x_wconf 69' lang='grc'><strong>4.</strong></span> <span class='ocrx_word' id='word_1_587' title='bbox 2162 3876 2485 3931; x_wconf 73' lang='lat' dir='ltr'><strong>Divisioicm</strong></span> <span class='ocrx_word' id='word_1_588' title='bbox 2521 3876 2683 3944; x_wconf 89' lang='lat' dir='ltr'><strong>igitur</strong></span> <span class='ocrx_word' id='word_1_589' title='bbox 2711 3890 2873 3945; x_wconf 85' lang='lat' dir='ltr'><strong>super</strong></span> <span class='ocrx_word' id='word_1_590' title='bbox 2906 3876 3010 3931; x_wconf 92' lang='lat' dir='ltr'><strong>hoc</strong></span> <span class='ocrx_word' id='word_1_591' title='bbox 3042 3874 3060 3914; x_wconf 72' lang='grc' dir='ltr'><em>τ</em></span> <span class='ocrx_word' id='word_1_592' title='bbox 3097 3878 3448 3947; x_wconf 64' lang='lat' dir='ltr'><strong>pmcedentis</strong></span> <span class='ocrx_word' id='word_1_593' title='bbox 3474 3894 3591 3933; x_wconf 86' lang='lat' dir='ltr'><strong>ma-</strong></span> 
     </span>
    </p>
   </div>
   <div class='ocr_carea' id='block_1_80' title="bbox 1482 3989 2417 4049">
    <p class='ocr_par' dir='ltr' id='par_1_80' title="bbox 1482 3989 2417 4049">
     <span class='ocr_line' id='line_1_81' title="bbox 1482 3989 2417 4049; baseline -0.007 -1"><span class='ocrx_word' id='word_1_594' title='bbox 1482 3990 2027 4049; x_wconf 71' lang='lat' dir='ltr'><strong>CASTIGATIONES</strong></span> <span class='ocrx_word' id='word_1_595' title='bbox 2065 3992 2154 4047; x_wconf 86' lang='lat' dir='ltr'><strong>ET</strong></span> <span class='ocrx_word' id='word_1_596' title='bbox 2194 3989 2417 4046; x_wconf 67' lang='grc' dir='ltr'><strong>ΝΟΤΑΞ.</strong></span> 
     </span>
    </p>
   </div>
   <div class='ocr_carea' id='block_1_81' title="bbox 378 4109 1894 4183">
    <p class='ocr_par' dir='ltr' id='par_1_81' title="bbox 378 4109 1894 4183">
     <span class='ocr_line' id='line_1_82' title="bbox 378 4109 1894 4183; baseline -0.005 -13"><span class='ocrx_word' id='word_1_597' title='bbox 378 4127 408 4155; x_wconf 76' lang='grc' dir='ltr'><strong><em>ι</em></strong></span> <span class='ocrx_word' id='word_1_598' title='bbox 439 4115 714 4169; x_wconf 83' lang='lat' dir='ltr'><strong>Facultate</strong></span> <span class='ocrx_word' id='word_1_599' title='bbox 732 4113 944 4168; x_wconf 86' lang='lat' dir='ltr'><strong>dicendi</strong></span> <span class='ocrx_word' id='word_1_600' title='bbox 964 4128 1029 4167; x_wconf 84' lang='lat' dir='ltr'><strong>ex</strong></span> <span class='ocrx_word' id='word_1_601' title='bbox 1054 4120 1295 4183; x_wconf 90' lang='lat' dir='ltr'><strong>tempore</strong></span> <span class='ocrx_word' id='word_1_602' title='bbox 1321 4112 1551 4166; x_wconf 89' lang='lat' dir='ltr'><strong>valuisse</strong></span> <span class='ocrx_word' id='word_1_603' title='bbox 1569 4109 1894 4175; x_wconf 84' lang='lat' dir='ltr'><strong>Nestorium,</strong></span> 
     </span>
    </p>
   </div>
   <div class='ocr_carea' id='block_1_82' title="bbox 305 4184 1898 4250">
    <p class='ocr_par' dir='ltr' id='par_1_82' title="bbox 305 4184 1898 4250">
     <span class='ocr_line' id='line_1_83' title="bbox 305 4184 1898 4250; baseline -0.004 -8"><span class='ocrx_word' id='word_1_604' title='bbox 305 4196 538 4242; x_wconf 87' lang='lat' dir='ltr'><strong>testatur</strong></span> <span class='ocrx_word' id='word_1_605' title='bbox 582 4184 862 4249; x_wconf 87' lang='lat' dir='ltr'><strong>Socrates;</strong></span> <span class='ocrx_word' id='word_1_606' title='bbox 901 4198 1130 4250; x_wconf 88' lang='lat' dir='ltr'><strong>eamque</strong></span> <span class='ocrx_word' id='word_1_607' title='bbox 1170 4191 1489 4246; x_wconf 88' lang='lat' dir='ltr'><strong>ostentasse,</strong></span> <span class='ocrx_word' id='word_1_608' title='bbox 1531 4196 1598 4235; x_wconf 73' lang='lat' dir='ltr'><strong>ex</strong></span> <span class='ocrx_word' id='word_1_609' title='bbox 1647 4196 1898 4235; x_wconf 85' lang='lat' dir='ltr'><strong>sermone</strong></span> 
     </span>
    </p>
   </div>
   <div class='ocr_carea' id='block_1_83' title="bbox 301 4251 1898 4327">
    <p class='ocr_par' dir='ltr' id='par_1_83' title="bbox 301 4251 1898 4327">
     <span class='ocr_line' id='line_1_84' title="bbox 301 4251 1898 4327; baseline -0.004 -17"><span class='ocrx_word' id='word_1_610' title='bbox 301 4266 501 4327; x_wconf 88' lang='lat' dir='ltr'><strong>quarto</strong></span> <span class='ocrx_word' id='word_1_611' title='bbox 550 4256 599 4309; x_wconf 92' lang='lat' dir='ltr'><strong>in</strong></span> <span class='ocrx_word' id='word_1_612' title='bbox 648 4253 964 4327; x_wconf 82' lang='lat' dir='ltr'><strong>Pelagianos</strong></span> <span class='ocrx_word' id='word_1_613' title='bbox 989 4261 1227 4317; x_wconf 84' lang='lat' dir='ltr'><strong>constat;</strong></span> <span class='ocrx_word' id='word_1_614' title='bbox 1254 4253 1454 4327; x_wconf 61' lang='lat' dir='ltr'><strong>diaisse</strong></span> <span class='ocrx_word' id='word_1_615' title='bbox 1500 4266 1627 4327; x_wconf 79' lang='lat' dir='ltr'><strong>vero</strong></span> <span class='ocrx_word' id='word_1_616' title='bbox 1665 4251 1717 4304; x_wconf 89' lang='lat' dir='ltr'><strong>in</strong></span> <span class='ocrx_word' id='word_1_617' title='bbox 1756 4266 1898 4327; x_wconf 59' lang='lat' dir='ltr'><strong>pne-</strong></span> 
     </span>
    </p>
   </div>
   <div class='ocr_carea' id='block_1_84' title="bbox 301 4322 1893 4388">
    <p class='ocr_par' dir='ltr' id='par_1_84' title="bbox 301 4322 1893 4388">
     <span class='ocr_line' id='line_1_85' title="bbox 301 4322 1893 4388; baseline -0.006 -6"><span class='ocrx_word' id='word_1_618' title='bbox 301 4322 467 4388; x_wconf 70' lang='lat' dir='ltr'><strong>senti,</strong></span> <span class='ocrx_word' id='word_1_619' title='bbox 500 4340 678 4379; x_wconf 85' lang='lat' dir='ltr'><strong>sermo</strong></span> <span class='ocrx_word' id='word_1_620' title='bbox 700 4322 844 4379; x_wconf 87' lang='lat' dir='ltr'><strong>totus</strong></span> <span class='ocrx_word' id='word_1_621' title='bbox 860 4324 1212 4387; x_wconf 87' lang='lat' dir='ltr'><strong>demonstrat,</strong></span> <span class='ocrx_word' id='word_1_622' title='bbox 1231 4331 1286 4376; x_wconf 91' lang='lat' dir='ltr'><strong>et</strong></span> <span class='ocrx_word' id='word_1_623' title='bbox 1314 4324 1427 4377; x_wconf 64' lang='lat' dir='ltr'><strong>haec</strong></span> <span class='ocrx_word' id='word_1_624' title='bbox 1455 4322 1686 4375; x_wconf 81' lang='lat' dir='ltr'><strong>maxime</strong></span> <span class='ocrx_word' id='word_1_625' title='bbox 1709 4322 1893 4375; x_wconf 85' lang='lat' dir='ltr'><strong>verba:</strong></span> 
     </span>
    </p>
   </div>
   <div class='ocr_carea' id='block_1_85' title="bbox 303 4392 1897 4465">
    <p class='ocr_par' dir='ltr' id='par_1_85' title="bbox 303 4392 1897 4465">
     <span class='ocr_line' id='line_1_86' title="bbox 303 4392 1897 4465; baseline -0.004 -14"><span class='ocrx_word' id='word_1_626' title='bbox 303 4398 629 4451; x_wconf 81' lang='lat' dir='ltr'><strong>Divisionem</strong></span> <span class='ocrx_word' id='word_1_627' title='bbox 666 4411 819 4465; x_wconf 75' lang='lat' dir='ltr'><strong>super</strong></span> <span class='ocrx_word' id='word_1_628' title='bbox 833 4395 955 4465; x_wconf 78' lang='lat' dir='ltr'><strong>_Itoc</strong></span> <span class='ocrx_word' id='word_1_629' title='bbox 994 4394 1325 4465; x_wconf 57' lang='lat' dir='ltr'><strong>praecedentis</strong></span> <span class='ocrx_word' id='word_1_630' title='bbox 1355 4393 1588 4465; x_wconf 76' lang='lat' dir='ltr'><strong>magistri</strong></span> <span class='ocrx_word' id='word_1_631' title='bbox 1617 4392 1765 4465; x_wconf 67' lang='lat' dir='ltr'><strong>ualde</strong></span> <span class='ocrx_word' id='word_1_632' title='bbox 1784 4408 1897 4445; x_wconf 86' lang='lat' dir='ltr'><strong>sum</strong></span> 
     </span>
    </p>
   </div>
   <div class='ocr_carea' id='block_1_86' title="bbox 300 4462 1899 4537">
    <p class='ocr_par' dir='ltr' id='par_1_86' title="bbox 300 4462 1899 4537">
     <span class='ocr_line' id='line_1_87' title="bbox 300 4462 1899 4537; baseline -0.004 -16"><span class='ocrx_word' id='word_1_633' title='bbox 300 4469 615 4533; x_wconf 73' lang='lat' dir='ltr'><strong>admiratus,</strong></span> <span class='ocrx_word' id='word_1_634' title='bbox 642 4462 744 4519; x_wconf 72' lang='lat' dir='ltr'><strong>etc.</strong></span> <span class='ocrx_word' id='word_1_635' title='bbox 771 4462 1058 4537; x_wconf 51' lang='lat' dir='ltr'><strong>(Name).</strong></span> <span class='ocrx_word' id='word_1_636' title='bbox 1086 4464 1195 4537; x_wconf 80' lang='lat' dir='ltr'><strong>Hac</strong></span> <span class='ocrx_word' id='word_1_637' title='bbox 1224 4464 1367 4537; x_wconf 85' lang='lat' dir='ltr'><strong>enim</strong></span> <span class='ocrx_word' id='word_1_638' title='bbox 1393 4462 1751 4537; x_wconf 79' lang='lat' dir='ltr'><strong>appellatione</strong></span> <span class='ocrx_word' id='word_1_639' title='bbox 1772 4479 1899 4531; x_wconf 80' lang='lat' dir='ltr'><strong>pra:-</strong></span> 
     </span>
    </p>
   </div>
   <div class='ocr_carea' id='block_1_87' title="bbox 2006 4108 3592 4190">
    <p class='ocr_par' dir='ltr' id='par_1_87' title="bbox 2006 4108 3592 4190">
     <span class='ocr_line' id='line_1_88' title="bbox 2006 4108 3592 4190; baseline 0.003 -27"><span class='ocrx_word' id='word_1_640' title='bbox 2006 4108 2337 4190; x_wconf 76' lang='lat' dir='ltr'><strong>Dominicam</strong></span> <span class='ocrx_word' id='word_1_641' title='bbox 2367 4122 2603 4171; x_wconf 89' lang='lat' dir='ltr'><strong>carnem,</strong></span> <span class='ocrx_word' id='word_1_642' title='bbox 2633 4121 2737 4174; x_wconf 84' lang='lat' dir='ltr'><strong>qua</strong></span> <span class='ocrx_word' id='word_1_643' title='bbox 2758 4108 2887 4162; x_wconf 86' lang='lat' dir='ltr'><strong>nihil</strong></span> <span class='ocrx_word' id='word_1_644' title='bbox 2910 4117 3146 4163; x_wconf 89' lang='lat' dir='ltr'><strong>creatum</strong></span> <span class='ocrx_word' id='word_1_645' title='bbox 3169 4110 3426 4173; x_wconf 87' lang='lat' dir='ltr'><strong>sanctius,</strong></span> <span class='ocrx_word' id='word_1_646' title='bbox 3459 4128 3592 4167; x_wconf 86' lang='lat' dir='ltr'><strong>con-</strong></span> 
     </span>
    </p>
   </div>
   <div class='ocr_carea' id='block_1_88' title="bbox 2006 4188 2180 4233">
    <p class='ocr_par' dir='ltr' id='par_1_88' title="bbox 2006 4188 2180 4233">
     <span class='ocr_line' id='line_1_89' title="bbox 2006 4188 2180 4233; baseline 0 0"><span class='ocrx_word' id='word_1_647' title='bbox 2006 4188 2180 4233; x_wconf 81' lang='lat' dir='ltr'><strong>tinuit.</strong></span> 
     </span>
    </p>
   </div>
   <div class='ocr_carea' id='block_1_89' title="bbox 2076 4247 3595 4315">
    <p class='ocr_par' dir='ltr' id='par_1_89' title="bbox 2076 4247 3595 4315">
     <span class='ocr_line' id='line_1_90' title="bbox 2076 4247 3595 4315; baseline 0.006 -13"><span class='ocrx_word' id='word_1_648' title='bbox 2076 4249 2102 4287; x_wconf 78' lang='grc' dir='ltr'><em>ά</em></span> <span class='ocrx_word' id='word_1_649' title='bbox 2144 4249 2336 4302; x_wconf 77' lang='lat' dir='ltr'><strong>Mirum</strong></span> <span class='ocrx_word' id='word_1_650' title='bbox 2375 4256 2635 4315; x_wconf 89' lang='lat' dir='ltr'><strong>quantum</strong></span> <span class='ocrx_word' id='word_1_651' title='bbox 2678 4247 2921 4302; x_wconf 84' lang='lat' dir='ltr'><strong>invectus</strong></span> <span class='ocrx_word' id='word_1_652' title='bbox 2954 4257 3037 4302; x_wconf 89' lang='lat' dir='ltr'><strong>est</strong></span> <span class='ocrx_word' id='word_1_653' title='bbox 3077 4249 3357 4305; x_wconf 83' lang='lat' dir='ltr'><strong>Nestorius</strong></span> <span class='ocrx_word' id='word_1_654' title='bbox 3385 4253 3595 4311; x_wconf 87' lang='lat' dir='ltr'><strong>iuduos</strong></span> 
     </span>
    </p>
   </div>
   <div class='ocr_carea' id='block_1_90' title="bbox 2002 4316 3591 4390">
    <p class='ocr_par' dir='ltr' id='par_1_90' title="bbox 2002 4316 3591 4390">
     <span class='ocr_line' id='line_1_91' title="bbox 2002 4316 3591 4390; baseline 0.004 -17"><span class='ocrx_word' id='word_1_655' title='bbox 2002 4320 2202 4375; x_wconf 88' lang='lat' dir='ltr'><strong>Christi</strong></span> <span class='ocrx_word' id='word_1_656' title='bbox 2218 4327 2368 4372; x_wconf 91' lang='lat' dir='ltr'><strong>ortus</strong></span> <span class='ocrx_word' id='word_1_657' title='bbox 2393 4336 2405 4370; x_wconf 92' lang='lat'><strong>:</strong></span> <span class='ocrx_word' id='word_1_658' title='bbox 2437 4326 2696 4390; x_wconf 69' lang='lat' dir='ltr'><strong>mternutn</strong></span> <span class='ocrx_word' id='word_1_659' title='bbox 2722 4333 2883 4370; x_wconf 88' lang='lat' dir='ltr'><strong>unum</strong></span> <span class='ocrx_word' id='word_1_660' title='bbox 2914 4332 2981 4372; x_wconf 80' lang='lat' dir='ltr'><strong>ex</strong></span> <span class='ocrx_word' id='word_1_661' title='bbox 3011 4316 3189 4385; x_wconf 87' lang='lat' dir='ltr'><strong>Patre,</strong></span> <span class='ocrx_word' id='word_1_662' title='bbox 3222 4337 3326 4390; x_wconf 86' lang='lat' dir='ltr'><strong>qua</strong></span> <span class='ocrx_word' id='word_1_663' title='bbox 3356 4324 3591 4379; x_wconf 89' lang='lat' dir='ltr'><strong>Verbum</strong></span> 
     </span>
    </p>
   </div>
   <div class='ocr_carea' id='block_1_91' title="bbox 2001 4386 3597 4457">
    <p class='ocr_par' dir='ltr' id='par_1_91' title="bbox 2001 4386 3597 4457">
     <span class='ocr_line' id='line_1_92' title="bbox 2001 4386 3597 4457; baseline 0.008 -18"><span class='ocrx_word' id='word_1_664' title='bbox 2001 4398 2114 4456; x_wconf 86' lang='lat' dir='ltr'><strong>est;</strong></span> <span class='ocrx_word' id='word_1_665' title='bbox 2147 4390 2372 4443; x_wconf 88' lang='lat' dir='ltr'><strong>alterum</strong></span> <span class='ocrx_word' id='word_1_666' title='bbox 2397 4386 2745 4457; x_wconf 82' lang='lat' dir='ltr'><strong>temporalem</strong></span> <span class='ocrx_word' id='word_1_667' title='bbox 2774 4402 2843 4441; x_wconf 79' lang='lat' dir='ltr'><strong>ex</strong></span> <span class='ocrx_word' id='word_1_668' title='bbox 2868 4396 3059 4451; x_wconf 88' lang='lat' dir='ltr'><strong>matre,</strong></span> <span class='ocrx_word' id='word_1_669' title='bbox 3092 4404 3195 4457; x_wconf 86' lang='lat' dir='ltr'><strong>qua</strong></span> <span class='ocrx_word' id='word_1_670' title='bbox 3228 4386 3408 4447; x_wconf 81' lang='lat' dir='ltr'><strong>homo.</strong></span> <span class='ocrx_word' id='word_1_671' title='bbox 3444 4393 3597 4451; x_wconf 86' lang='lat' dir='ltr'><strong>Unde</strong></span> 
     </span>
    </p>
   </div>
   <div class='ocr_carea' id='block_1_92' title="bbox 2003 4456 3591 4530">
    <p class='ocr_par' dir='ltr' id='par_1_92' title="bbox 2003 4456 3591 4530">
     <span class='ocr_line' id='line_1_93' title="bbox 2003 4456 3591 4530; baseline 0.002 -14"><span class='ocrx_word' id='word_1_672' title='bbox 2003 4460 2208 4516; x_wconf 84' lang='lat' dir='ltr'><strong>exarsit</strong></span> <span class='ocrx_word' id='word_1_673' title='bbox 2228 4459 2576 4530; x_wconf 83' lang='lat' dir='ltr'><strong>vehementer</strong></span> <span class='ocrx_word' id='word_1_674' title='bbox 2596 4458 2648 4511; x_wconf 91' lang='lat' dir='ltr'><strong>in</strong></span> <span class='ocrx_word' id='word_1_675' title='bbox 2673 4456 2959 4512; x_wconf 85' lang='lat' dir='ltr'><strong>Eusebium</strong></span> <span class='ocrx_word' id='word_1_676' title='bbox 2987 4456 3199 4527; x_wconf 86' lang='lat' dir='ltr'><strong>publice</strong></span> <span class='ocrx_word' id='word_1_677' title='bbox 3228 4464 3591 4530; x_wconf 68' lang='lat' dir='ltr'><strong>obiicientem,</strong></span> 
     </span>
    </p>
   </div>
   <div class='ocr_carea' id='block_1_93' title="bbox 302 4521 3591 4605">
    <p class='ocr_par' dir='ltr' id='par_1_93' title="bbox 302 4521 3591 4605">
     <span class='ocr_line' id='line_1_94' title="bbox 302 4521 3591 4605; baseline -0 -14"><span class='ocrx_word' id='word_1_678' title='bbox 302 4524 532 4591; x_wconf 78' lang='lat' dir='ltr'><strong>cedentis</strong></span> <span class='ocrx_word' id='word_1_679' title='bbox 553 4521 814 4605; x_wconf 74' lang='lat' dir='ltr'><strong>magistri,</strong></span> <span class='ocrx_word' id='word_1_680' title='bbox 846 4521 1132 4605; x_wconf 79' lang='lat' dir='ltr'><strong>signiﬁcari</strong></span> <span class='ocrx_word' id='word_1_681' title='bbox 1178 4534 1387 4605; x_wconf 88' lang='lat' dir='ltr'><strong>solebat</strong></span> <span class='ocrx_word' id='word_1_682' title='bbox 1422 4521 1673 4605; x_wconf 51' lang='lat' dir='ltr'><strong>is&#39;,_cujus</strong></span> <span class='ocrx_word' id='word_1_683' title='bbox 1693 4521 1897 4605; x_wconf 75' lang='lat' dir='ltr'><strong>sermo-</strong></span> <span class='ocrx_word' id='word_1_684' title='bbox 1925 4521 1974 4580; x_wconf 79' lang='grc' dir='ltr'>Ι)</span> <span class='ocrx_word' id='word_1_685' title='bbox 2002 4533 2279 4605; x_wconf 75' lang='lat' dir='ltr'><strong>utriusque</strong></span> <span class='ocrx_word' id='word_1_686' title='bbox 2306 4528 2649 4605; x_wconf 80' lang='lat' dir='ltr'><strong>distinctione</strong></span> <span class='ocrx_word' id='word_1_687' title='bbox 2688 4543 2875 4583; x_wconf 89' lang='lat' dir='ltr'><strong>omnes</strong></span> <span class='ocrx_word' id='word_1_688' title='bbox 2922 4521 3038 4596; x_wconf 77' lang='lat' dir='ltr'><strong>ejus</strong></span> <span class='ocrx_word' id='word_1_689' title='bbox 3077 4521 3313 4600; x_wconf 69' lang='lat' dir='ltr'><strong>argutias</strong></span> <span class='ocrx_word' id='word_1_690' title='bbox 3350 4521 3591 4590; x_wconf 56' lang='lat' dir='ltr'><strong>dissolvi:</strong></span> 
     </span>
    </p>
   </div>
   <div class='ocr_carea' id='block_1_94' title="bbox 302 4602 1901 4676">
    <p class='ocr_par' dir='ltr' id='par_1_94' title="bbox 302 4602 1901 4676">
     <span class='ocr_line' id='line_1_95' title="bbox 302 4602 1901 4676; baseline -0.003 -15"><span class='ocrx_word' id='word_1_691' title='bbox 302 4622 433 4662; x_wconf 90' lang='lat' dir='ltr'><strong>nem</strong></span> <span class='ocrx_word' id='word_1_692' title='bbox 469 4602 779 4676; x_wconf 82' lang='lat' dir='ltr'><strong>exciperent</strong></span> <span class='ocrx_word' id='word_1_693' title='bbox 806 4604 1155 4676; x_wconf 74' lang='lat' dir='ltr'><strong>prmsidentes</strong></span> <span class='ocrx_word' id='word_1_694' title='bbox 1196 4604 1454 4676; x_wconf 84' lang='lat' dir='ltr'><strong>episcopi.</strong></span> <span class='ocrx_word' id='word_1_695' title='bbox 1496 4602 1587 4676; x_wconf 82' lang='lat' dir='ltr'><strong>Ita</strong></span> <span class='ocrx_word' id='word_1_696' title='bbox 1621 4602 1901 4676; x_wconf 78' lang='lat' dir='ltr'><strong>Nestorius</strong></span> 
     </span>
    </p>
   </div>
   <div class='ocr_carea' id='block_1_95' title="bbox 299 4673 1902 4745">
    <p class='ocr_par' dir='ltr' id='par_1_95' title="bbox 299 4673 1902 4745">
     <span class='ocr_line' id='line_1_96' title="bbox 299 4673 1902 4745; baseline -0.004 -13"><span class='ocrx_word' id='word_1_697' title='bbox 299 4691 559 4732; x_wconf 83' lang='lat' dir='ltr'><strong>sermone</strong></span> <span class='ocrx_word' id='word_1_698' title='bbox 592 4673 892 4745; x_wconf 81' lang='lat' dir='ltr'><strong>penultiino</strong></span> <span class='ocrx_word' id='word_1_699' title='bbox 926 4693 937 4727; x_wconf 91' lang='lat'>:</span> <span class='ocrx_word' id='word_1_700' title='bbox 971 4674 1183 4728; x_wconf 86' lang='lat' dir='ltr'><strong>Dulcem</strong></span> <span class='ocrx_word' id='word_1_701' title='bbox 1212 4674 1374 4745; x_wconf 50' lang='lat' dir='ltr'><strong>nobis</strong></span> <span class='ocrx_word' id='word_1_702' title='bbox 1387 4673 1677 4743; x_wconf 74' lang='lat' dir='ltr'><strong>prwcedens</strong></span> <span class='ocrx_word' id='word_1_703' title='bbox 1722 4673 1902 4726; x_wconf 82' lang='lat' dir='ltr'><strong>doctor</strong></span> 
     </span>
    </p>
   </div>
   <div class='ocr_carea' id='block_1_96' title="bbox 300 4743 1899 4816">
    <p class='ocr_par' dir='ltr' id='par_1_96' title="bbox 300 4743 1899 4816">
     <span class='ocr_line' id='line_1_97' title="bbox 300 4743 1899 4816; baseline -0.004 -15"><span class='ocrx_word' id='word_1_704' title='bbox 300 4743 853 4816; x_wconf 27' lang='lat' dir='ltr'><strong>eharitatisjmensam</strong></span> <span class='ocrx_word' id='word_1_705' title='bbox 892 4747 1150 4816; x_wconf 80' lang='lat' dir='ltr'><strong>apposuit,</strong></span> <span class='ocrx_word' id='word_1_706' title='bbox 1195 4752 1297 4799; x_wconf 91' lang='lat' dir='ltr'><strong>etc.</strong></span> <span class='ocrx_word' id='word_1_707' title='bbox 1336 4743 1404 4797; x_wconf 87' lang='lat' dir='ltr'><strong>Et</strong></span> <span class='ocrx_word' id='word_1_708' title='bbox 1431 4758 1679 4816; x_wconf 80' lang='lat' dir='ltr'><strong>sermone</strong></span> <span class='ocrx_word' id='word_1_709' title='bbox 1706 4751 1899 4811; x_wconf 87' lang='lat' dir='ltr'><strong>quarto</strong></span> 
     </span>
    </p>
   </div>
   <div class='ocr_carea' id='block_1_97' title="bbox 298 4814 1899 4884">
    <p class='ocr_par' dir='ltr' id='par_1_97' title="bbox 298 4814 1899 4884">
     <span class='ocr_line' id='line_1_98' title="bbox 298 4814 1899 4884; baseline -0.004 -12"><span class='ocrx_word' id='word_1_710' title='bbox 298 4818 567 4872; x_wconf 85' lang='lat' dir='ltr'><strong>adversus</strong></span> <span class='ocrx_word' id='word_1_711' title='bbox 589 4815 903 4884; x_wconf 85' lang='lat' dir='ltr'><strong>Pelagianos</strong></span> <span class='ocrx_word' id='word_1_712' title='bbox 928 4814 968 4867; x_wconf 31' lang='grc' dir='ltr'><strong>ἐί</strong></span> <span class='ocrx_word' id='word_1_713' title='bbox 988 4814 1055 4869; x_wconf 86' lang='grc' dir='ltr'><strong>1η</strong></span> <span class='ocrx_word' id='word_1_714' title='bbox 1083 4816 1243 4868; x_wconf 84' lang='lat' dir='ltr'><strong>alium</strong></span> <span class='ocrx_word' id='word_1_715' title='bbox 1263 4830 1546 4868; x_wconf 80' lang='lat' dir='ltr'><strong>sermonem</strong></span> <span class='ocrx_word' id='word_1_716' title='bbox 1575 4814 1753 4882; x_wconf 82' lang='lat' dir='ltr'><strong>lingua</strong></span> <span class='ocrx_word' id='word_1_717' title='bbox 1781 4830 1899 4884; x_wconf 77' lang='lat' dir='ltr'><strong>per-</strong></span> 
     </span>
    </p>
   </div>
   <div class='ocr_carea' id='block_1_98' title="bbox 299 4885 1899 4957">
    <p class='ocr_par' dir='ltr' id='par_1_98' title="bbox 299 4885 1899 4957">
     <span class='ocr_line' id='line_1_99' title="bbox 299 4885 1899 4957; baseline -0.003 -16"><span class='ocrx_word' id='word_1_718' title='bbox 299 4896 539 4957; x_wconf 84' lang='lat' dir='ltr'><strong>urgente,</strong></span> <span class='ocrx_word' id='word_1_719' title='bbox 582 4889 1033 4957; x_wconf 82' lang='lat' dir='ltr'><strong>repromissionum</strong></span> <span class='ocrx_word' id='word_1_720' title='bbox 1053 4885 1629 4957; x_wconf 74' lang='lat' dir='ltr'><strong>_mea_rum_prwcedens</strong></span> <span class='ocrx_word' id='word_1_721' title='bbox 1653 4885 1899 4957; x_wconf 76' lang='lat' dir='ltr'><strong>magister</strong></span> 
     </span>
    </p>
   </div>
   <div class='ocr_carea' id='block_1_99' title="bbox 299 4954 1896 5037">
    <p class='ocr_par' dir='ltr' id='par_1_99' title="bbox 299 4954 1896 5037">
     <span class='ocr_line' id='line_1_100' title="bbox 299 4954 1896 5037; baseline -0.003 -26"><span class='ocrx_word' id='word_1_722' title='bbox 299 4954 861 5037; x_wconf 40' lang='lat' dir='ltr'><strong>manornsubmonuit...</strong></span> <span class='ocrx_word' id='word_1_723' title='bbox 898 4964 1002 5037; x_wconf 77' lang='lat' dir='ltr'><strong>etc.</strong></span> <span class='ocrx_word' id='word_1_724' title='bbox 1052 4954 1128 5009; x_wconf 92' lang='lat' dir='ltr'><strong>lta</strong></span> <span class='ocrx_word' id='word_1_725' title='bbox 1169 4954 1397 5037; x_wconf 75' lang='lat' dir='ltr'><strong>Cyrillus</strong></span> <span class='ocrx_word' id='word_1_726' title='bbox 1437 4962 1560 5023; x_wconf 82' lang='lat' dir='ltr'><strong>post</strong></span> <span class='ocrx_word' id='word_1_727' title='bbox 1596 4954 1896 5037; x_wconf 75' lang='lat' dir='ltr'><strong>orationem</strong></span> 
     </span>
    </p>
   </div>
   <div class='ocr_carea' id='block_1_100' title="bbox 300 5025 1896 5095">
    <p class='ocr_par' dir='ltr' id='par_1_100' title="bbox 300 5025 1896 5095">
     <span class='ocr_line' id='line_1_101' title="bbox 300 5025 1896 5095; baseline -0.003 -14"><span class='ocrx_word' id='word_1_728' title='bbox 300 5027 463 5081; x_wconf 82' lang='lat' dir='ltr'><strong>Pauli</strong></span> <span class='ocrx_word' id='word_1_729' title='bbox 494 5026 742 5081; x_wconf 89' lang='lat' dir='ltr'><strong>Emeseni</strong></span> <span class='ocrx_word' id='word_1_730' title='bbox 767 5046 780 5080; x_wconf 89' lang='lat'>:</span> <span class='ocrx_word' id='word_1_731' title='bbox 814 5025 1095 5080; x_wconf 78' lang='lat' dir='ltr'><strong>Hausimus</strong></span> <span class='ocrx_word' id='word_1_732' title='bbox 1115 5025 1253 5079; x_wconf 77' lang='lat' dir='ltr'><strong>vobis</strong></span> <span class='ocrx_word' id='word_1_733' title='bbox 1278 5042 1462 5095; x_wconf 76' lang='lat' dir='ltr'><strong>aquam</strong></span> <span class='ocrx_word' id='word_1_734' title='bbox 1484 5041 1549 5078; x_wconf 70' lang='lat' dir='ltr'><strong>ex</strong></span> <span class='ocrx_word' id='word_1_735' title='bbox 1567 5040 1715 5095; x_wconf 72' lang='lat' dir='ltr'><strong>sacro</strong></span> <span class='ocrx_word' id='word_1_736' title='bbox 1739 5027 1896 5092; x_wconf 68' lang='lat' dir='ltr'><strong>fonte,</strong></span> 
     </span>
    </p>
   </div>
   <div class='ocr_carea' id='block_1_101' title="bbox 296 5093 1896 5219">
    <p class='ocr_par' dir='ltr' id='par_1_101' title="bbox 296 5093 1896 5219">
     <span class='ocr_line' id='line_1_102' title="bbox 296 5093 1896 5169; baseline -0.003 -18"><span class='ocrx_word' id='word_1_737' title='bbox 296 5099 555 5161; x_wconf 79' lang='lat' dir='ltr'><strong>doctoris,</strong></span> <span class='ocrx_word' id='word_1_738' title='bbox 598 5100 826 5169; x_wconf 84' lang='lat' dir='ltr'><strong>inquam,</strong></span> <span class='ocrx_word' id='word_1_739' title='bbox 858 5098 943 5168; x_wconf 88' lang='lat' dir='ltr'><strong>qui</strong></span> <span class='ocrx_word' id='word_1_740' title='bbox 979 5106 1099 5150; x_wconf 83' lang='lat' dir='ltr'><strong>ante</strong></span> <span class='ocrx_word' id='word_1_741' title='bbox 1113 5112 1212 5149; x_wconf 83' lang='lat' dir='ltr'><strong>nos</strong></span> <span class='ocrx_word' id='word_1_742' title='bbox 1253 5093 1513 5160; x_wconf 74' lang='lat' dir='ltr'><strong>disseruit,</strong></span> <span class='ocrx_word' id='word_1_743' title='bbox 1546 5102 1650 5149; x_wconf 89' lang='lat' dir='ltr'><strong>etc.</strong></span> <span class='ocrx_word' id='word_1_744' title='bbox 1678 5093 1755 5148; x_wconf 87' lang='lat' dir='ltr'><strong>Ita</strong></span> <span class='ocrx_word' id='word_1_745' title='bbox 1785 5094 1896 5159; x_wconf 84' lang='lat' dir='ltr'><strong>alii,</strong></span> 
     </span>
     <span class='ocr_line' id='line_1_103' title="bbox 296 5165 1056 5219; baseline 0 0"><span class='ocrx_word' id='word_1_746' title='bbox 296 5183 446 5219; x_wconf 79' lang='lat' dir='ltr'><strong>auos</strong></span> <span class='ocrx_word' id='word_1_747' title='bbox 467 5165 794 5219; x_wconf 86' lang='lat' dir='ltr'><strong>sunerlluum</strong></span> <span class='ocrx_word' id='word_1_748' title='bbox 817 5182 1056 5219; x_wconf 87' lang='lat' dir='ltr'><strong>censere.</strong></span> 
     </span>
    </p>
   </div>
   <div class='ocr_carea' id='block_1_102' title="bbox 295 5182 1901 5317">
    <p class='ocr_par' dir='ltr' id='par_1_102' title="bbox 295 5182 1901 5317">
     <span class='ocr_line' id='line_1_104' title="bbox 295 5182 1056 5239; baseline -0.004 -17"><span class='ocrx_word' id='word_1_749' title='bbox 295 5183 446 5239; x_wconf 89' lang='lat' dir='ltr'><strong>quos</strong></span> <span class='ocrx_word' id='word_1_750' title='bbox 467 5182 794 5237; x_wconf 90' lang='lat' dir='ltr'><strong>supernuum</strong></span> <span class='ocrx_word' id='word_1_751' title='bbox 817 5182 1056 5223; x_wconf 86' lang='lat' dir='ltr'><strong>censere.</strong></span> 
     </span>
     <span class='ocr_line' id='line_1_105' title="bbox 376 5235 1901 5317; baseline -0.001 -27"><span class='ocrx_word' id='word_1_752' title='bbox 376 5238 405 5317; x_wconf 63' lang='grc' dir='ltr'><strong>ξ’</strong></span> <span class='ocrx_word' id='word_1_753' title='bbox 437 5237 857 5317; x_wconf 49' lang='grc' dir='ltr'><strong>Αηιθμηιαιονεε</strong></span> <span class='ocrx_word' id='word_1_754' title='bbox 901 5237 1046 5317; x_wconf 77' lang='lat' dir='ltr'><strong>apud</strong></span> <span class='ocrx_word' id='word_1_755' title='bbox 1082 5237 1355 5317; x_wconf 82' lang='lat' dir='ltr'><strong>Baluzium</strong></span> <span class='ocrx_word' id='word_1_756' title='bbox 1376 5235 1623 5317; x_wconf 77' lang='lat' dir='ltr'><strong>habetur</strong></span> <span class='ocrx_word' id='word_1_757' title='bbox 1650 5235 1901 5317; x_wconf 63' lang='lat' dir='ltr'><strong>plausus;</strong></span> 
     </span>
    </p>
   </div>
   <div class='ocr_carea' id='block_1_103' title="bbox 296 5306 1896 5432">
    <p class='ocr_par' dir='ltr' id='par_1_103' title="bbox 296 5306 1896 5432">
     <span class='ocr_line' id='line_1_106' title="bbox 296 5306 1896 5432; baseline -0.001 -71"><span class='ocrx_word' id='word_1_758' title='bbox 296 5307 460 5432; x_wconf 56' lang='lat' dir='ltr'><strong>Eujus</strong></span> <span class='ocrx_word' id='word_1_759' title='bbox 489 5308 659 5375; x_wconf 88' lang='lat' dir='ltr'><strong>verbi,</strong></span> <span class='ocrx_word' id='word_1_760' title='bbox 708 5324 831 5363; x_wconf 89' lang='lat' dir='ltr'><strong>cum</strong></span> <span class='ocrx_word' id='word_1_761' title='bbox 878 5323 1006 5361; x_wconf 78' lang='lat' dir='ltr'><strong>mox</strong></span> <span class='ocrx_word' id='word_1_762' title='bbox 1034 5308 1274 5373; x_wconf 88' lang='lat' dir='ltr'><strong>iteretur,</strong></span> <span class='ocrx_word' id='word_1_763' title='bbox 1307 5316 1391 5360; x_wconf 86' lang='lat' dir='ltr'><strong>sat</strong></span> <span class='ocrx_word' id='word_1_764' title='bbox 1420 5306 1599 5377; x_wconf 88' lang='lat' dir='ltr'><strong>placet</strong></span> <span class='ocrx_word' id='word_1_765' title='bbox 1628 5306 1896 5375; x_wconf 90' lang='lat' dir='ltr'><strong>repetitio.</strong></span> 
     </span>
     <span class='ocr_line' id='line_1_107' title="bbox 350 5394 464 5432; baseline -0.009 0"><span class='ocrx_word' id='word_1_766' title='bbox 350 5394 464 5432; x_wconf 82' lang='lat' dir='ltr'><strong>Dl&#39;l&#39;.</strong></span> 
     </span>
    </p>
   </div>
   <div class='ocr_carea' id='block_1_104' title="bbox 350 5394 464 5433">
    <p class='ocr_par' dir='ltr' id='par_1_104' title="bbox 350 5394 464 5433">
     <span class='ocr_line' id='line_1_108' title="bbox 350 5394 464 5433; baseline -0.009 -1"><span class='ocrx_word' id='word_1_767' title='bbox 350 5394 464 5433; x_wconf 82' lang='lat' dir='ltr'><strong>Dl&#39;l&#39;.</strong></span> 
     </span>
    </p>
   </div>
   <div class='ocr_carea' id='block_1_105' title="bbox 382 5446 1893 5514">
    <p class='ocr_par' dir='ltr' id='par_1_105' title="bbox 382 5446 1893 5514">
     <span class='ocr_line' id='line_1_109' title="bbox 382 5446 1893 5514; baseline -0.003 -12"><span class='ocrx_word' id='word_1_768' title='bbox 382 5460 405 5488; x_wconf 72' lang='grc' dir='ltr'><strong>ε</strong></span> <span class='ocrx_word' id='word_1_769' title='bbox 446 5447 679 5503; x_wconf 89' lang='lat' dir='ltr'><strong>lntendit</strong></span> <span class='ocrx_word' id='word_1_770' title='bbox 700 5448 753 5502; x_wconf 90' lang='lat' dir='ltr'><strong>in</strong></span> <span class='ocrx_word' id='word_1_771' title='bbox 780 5448 1097 5502; x_wconf 90' lang='lat' dir='ltr'><strong>sententiam</strong></span> <span class='ocrx_word' id='word_1_772' title='bbox 1139 5446 1335 5509; x_wconf 87' lang='lat' dir='ltr'><strong>Procli,</strong></span> <span class='ocrx_word' id='word_1_773' title='bbox 1368 5462 1488 5500; x_wconf 89' lang='lat' dir='ltr'><strong>cum</strong></span> <span class='ocrx_word' id='word_1_774' title='bbox 1521 5446 1792 5514; x_wconf 81' lang='lat' dir='ltr'><strong>Virginem</strong></span> <span class='ocrx_word' id='word_1_775' title='bbox 1812 5446 1893 5500; x_wconf 90' lang='lat' dir='ltr'><strong>al-</strong></span> 
     </span>
    </p>
   </div>
   <div class='ocr_carea' id='block_1_106' title="bbox 300 5517 1894 5589">
    <p class='ocr_par' dir='ltr' id='par_1_106' title="bbox 300 5517 1894 5589">
     <span class='ocr_line' id='line_1_110' title="bbox 300 5517 1894 5589; baseline -0.002 -17"><span class='ocrx_word' id='word_1_776' title='bbox 300 5520 637 5588; x_wconf 88' lang='lat' dir='ltr'><strong>loqueretur,</strong></span> <span class='ocrx_word' id='word_1_777' title='bbox 687 5519 1035 5573; x_wconf 78' lang='lat' dir='ltr'><strong>exelamantis</strong></span> <span class='ocrx_word' id='word_1_778' title='bbox 1067 5536 1079 5570; x_wconf 92' lang='lat'><strong>:</strong></span> <span class='ocrx_word' id='word_1_779' title='bbox 1120 5517 1164 5570; x_wconf 86' lang='grc'>0</span> <span class='ocrx_word' id='word_1_780' title='bbox 1214 5517 1472 5589; x_wconf 81' lang='lat' dir='ltr'><strong>templum,</strong></span> <span class='ocrx_word' id='word_1_781' title='bbox 1504 5518 1562 5589; x_wconf 80' lang='lat' dir='ltr'><strong>in</strong></span> <span class='ocrx_word' id='word_1_782' title='bbox 1586 5532 1694 5589; x_wconf 86' lang='lat' dir='ltr'><strong>quo</strong></span> <span class='ocrx_word' id='word_1_783' title='bbox 1729 5518 1894 5589; x_wconf 72' lang='lat' dir='ltr'><strong>factus</strong></span> 
     </span>
    </p>
   </div>
   <div class='ocr_carea' id='block_1_107' title="bbox 303 5586 1895 5658">
    <p class='ocr_par' dir='ltr' id='par_1_107' title="bbox 303 5586 1895 5658">
     <span class='ocr_line' id='line_1_111' title="bbox 303 5586 1895 5658; baseline 0 -17"><span class='ocrx_word' id='word_1_784' title='bbox 303 5586 395 5642; x_wconf 76' lang='lat' dir='ltr'><strong>est</strong></span> <span class='ocrx_word' id='word_1_785' title='bbox 421 5589 700 5643; x_wconf 80' lang='lat' dir='ltr'><strong>sacerdos!</strong></span> <span class='ocrx_word' id='word_1_786' title='bbox 730 5604 959 5658; x_wconf 91' lang='lat' dir='ltr'><strong>eamque</strong></span> <span class='ocrx_word' id='word_1_787' title='bbox 986 5590 1257 5656; x_wconf 84' lang='lat' dir='ltr'><strong>corrigere</strong></span> <span class='ocrx_word' id='word_1_788' title='bbox 1302 5586 1507 5649; x_wconf 86' lang='lat' dir='ltr'><strong>nititur,</strong></span> <span class='ocrx_word' id='word_1_789' title='bbox 1551 5586 1786 5643; x_wconf 81' lang='lat' dir='ltr'><strong>breviter</strong></span> <span class='ocrx_word' id='word_1_790' title='bbox 1815 5587 1895 5641; x_wconf 89' lang='lat' dir='ltr'><strong>in-</strong></span> 
     </span>
    </p>
   </div>
   <div class='ocr_carea' id='block_1_108' title="bbox 306 5658 1895 5727">
    <p class='ocr_par' dir='ltr' id='par_1_108' title="bbox 306 5658 1895 5727">
     <span class='ocr_line' id='line_1_112' title="bbox 306 5658 1895 5727; baseline -0.003 -14"><span class='ocrx_word' id='word_1_791' title='bbox 306 5674 481 5714; x_wconf 85' lang='lat' dir='ltr'><strong>nuens</strong></span> <span class='ocrx_word' id='word_1_792' title='bbox 507 5660 722 5714; x_wconf 84' lang='lat' dir='ltr'><strong>beatam</strong></span> <span class='ocrx_word' id='word_1_793' title='bbox 744 5659 1014 5727; x_wconf 84' lang='lat' dir='ltr'><strong>Virginem</strong></span> <span class='ocrx_word' id='word_1_794' title='bbox 1063 5674 1128 5713; x_wconf 90' lang='lat' dir='ltr'><strong>ea</strong></span> <span class='ocrx_word' id='word_1_795' title='bbox 1162 5666 1369 5713; x_wconf 85' lang='lat' dir='ltr'><strong>tantum</strong></span> <span class='ocrx_word' id='word_1_796' title='bbox 1399 5658 1607 5712; x_wconf 89' lang='lat' dir='ltr'><strong>ratione</strong></span> <span class='ocrx_word' id='word_1_797' title='bbox 1639 5658 1895 5727; x_wconf 90' lang='lat' dir='ltr'><strong>templum</strong></span> 
     </span>
    </p>
   </div>
   <div class='ocr_carea' id='block_1_109' title="bbox 309 5730 1897 5801">
    <p class='ocr_par' dir='ltr' id='par_1_109' title="bbox 309 5730 1897 5801">
     <span class='ocr_line' id='line_1_113' title="bbox 309 5730 1897 5801; baseline -0.003 -15"><span class='ocrx_word' id='word_1_798' title='bbox 309 5742 447 5799; x_wconf 78' lang='lat' dir='ltr'><strong>esse,</strong></span> <span class='ocrx_word' id='word_1_799' title='bbox 478 5737 533 5785; x_wconf 87' lang='lat' dir='ltr'><strong>et</strong></span> <span class='ocrx_word' id='word_1_800' title='bbox 576 5730 705 5787; x_wconf 90' lang='lat' dir='ltr'><strong>illud</strong></span> <span class='ocrx_word' id='word_1_801' title='bbox 732 5730 946 5801; x_wconf 86' lang='lat' dir='ltr'><strong>quidem</strong></span> <span class='ocrx_word' id='word_1_802' title='bbox 975 5730 1314 5799; x_wconf 82' lang='lat' dir='ltr'><strong>singulariter</strong></span> <span class='ocrx_word' id='word_1_803' title='bbox 1358 5744 1567 5783; x_wconf 88' lang='lat' dir='ltr'><strong>sacrum</strong></span> <span class='ocrx_word' id='word_1_804' title='bbox 1587 5769 1600 5795; x_wconf 98' lang='lat'><strong>,</strong></span> <span class='ocrx_word' id='word_1_805' title='bbox 1632 5736 1897 5797; x_wconf 84' lang='lat' dir='ltr'><strong>quatenus</strong></span> 
     </span>
    </p>
   </div>
   <div class='ocr_carea' id='block_1_110' title="bbox 2011 4598 3084 4656">
    <p class='ocr_par' dir='ltr' id='par_1_110' title="bbox 2011 4598 3084 4656">
     <span class='ocr_line' id='line_1_114' title="bbox 2011 4598 3084 4656; baseline -0.003 0"><span class='ocrx_word' id='word_1_806' title='bbox 2011 4601 2144 4656; x_wconf 88' lang='lat' dir='ltr'><strong>Vide</strong></span> <span class='ocrx_word' id='word_1_807' title='bbox 2168 4607 2326 4653; x_wconf 89' lang='lat' dir='ltr'><strong>notas</strong></span> <span class='ocrx_word' id='word_1_808' title='bbox 2346 4599 2415 4653; x_wconf 90' lang='lat' dir='ltr'><strong>ad</strong></span> <span class='ocrx_word' id='word_1_809' title='bbox 2437 4598 2731 4653; x_wconf 88' lang='lat' dir='ltr'><strong>secundum</strong></span> <span class='ocrx_word' id='word_1_810' title='bbox 2759 4613 3084 4654; x_wconf 89' lang='lat' dir='ltr'><strong>sermonem.</strong></span> 
     </span>
    </p>
   </div>
   <div class='ocr_carea' id='block_1_111' title="bbox 2081 4669 3595 4738">
    <p class='ocr_par' dir='ltr' id='par_1_111' title="bbox 2081 4669 3595 4738">
     <span class='ocr_line' id='line_1_115' title="bbox 2081 4669 3595 4738; baseline 0.001 -13"><span class='ocrx_word' id='word_1_811' title='bbox 2081 4681 2105 4709; x_wconf 77' lang='grc' dir='ltr'><strong>θ</strong></span> <span class='ocrx_word' id='word_1_812' title='bbox 2144 4669 2405 4738; x_wconf 84' lang='lat' dir='ltr'><strong>Suggillat</strong></span> <span class='ocrx_word' id='word_1_813' title='bbox 2432 4669 2817 4724; x_wconf 90' lang='lat' dir='ltr'><strong>obscuritatem</strong></span> <span class='ocrx_word' id='word_1_814' title='bbox 2843 4671 3104 4724; x_wconf 82' lang='lat' dir='ltr'><strong>orationis</strong></span> <span class='ocrx_word' id='word_1_815' title='bbox 3136 4686 3165 4724; x_wconf 91' lang='lat' dir='ltr'><strong>a</strong></span> <span class='ocrx_word' id='word_1_816' title='bbox 3194 4670 3385 4726; x_wconf 91' lang='lat' dir='ltr'><strong>Proclo</strong></span> <span class='ocrx_word' id='word_1_817' title='bbox 3414 4673 3595 4736; x_wconf 70' lang='lat' dir='ltr'><strong>dictae,</strong></span> 
     </span>
    </p>
   </div>
   <div class='ocr_carea' id='block_1_112' title="bbox 2006 4739 3596 4809">
    <p class='ocr_par' dir='ltr' id='par_1_112' title="bbox 2006 4739 3596 4809">
     <span class='ocr_line' id='line_1_116' title="bbox 2006 4739 3596 4809; baseline 0.002 -14"><span class='ocrx_word' id='word_1_818' title='bbox 2006 4756 2125 4809; x_wconf 81' lang='lat' dir='ltr'><strong>qum</strong></span> <span class='ocrx_word' id='word_1_819' title='bbox 2152 4743 2242 4795; x_wconf 79' lang='lat' dir='ltr'><strong>vix</strong></span> <span class='ocrx_word' id='word_1_820' title='bbox 2266 4755 2331 4794; x_wconf 90' lang='lat' dir='ltr'><strong>ac</strong></span> <span class='ocrx_word' id='word_1_821' title='bbox 2351 4756 2419 4794; x_wconf 92' lang='lat' dir='ltr'><strong>ne</strong></span> <span class='ocrx_word' id='word_1_822' title='bbox 2457 4740 2549 4794; x_wconf 79' lang='lat' dir='ltr'><strong>vix</strong></span> <span class='ocrx_word' id='word_1_823' title='bbox 2576 4739 2790 4807; x_wconf 87' lang='lat' dir='ltr'><strong>quidem</strong></span> <span class='ocrx_word' id='word_1_824' title='bbox 2828 4740 3004 4809; x_wconf 87' lang='lat' dir='ltr'><strong>potuit</strong></span> <span class='ocrx_word' id='word_1_825' title='bbox 3036 4741 3103 4795; x_wconf 89' lang='lat' dir='ltr'><strong>ab</strong></span> <span class='ocrx_word' id='word_1_826' title='bbox 3132 4742 3464 4797; x_wconf 88' lang='lat' dir='ltr'><strong>auditoribus</strong></span> <span class='ocrx_word' id='word_1_827' title='bbox 3494 4746 3596 4799; x_wconf 73' lang='lat' dir='ltr'><strong>nisi</strong></span> 
     </span>
    </p>
   </div>
   <div class='ocr_carea' id='block_1_113' title="bbox 2005 4809 3600 4883">
    <p class='ocr_par' dir='ltr' id='par_1_113' title="bbox 2005 4809 3600 4883">
     <span class='ocr_line' id='line_1_117' title="bbox 2005 4809 3600 4883; baseline 0.003 -18"><span class='ocrx_word' id='word_1_828' title='bbox 2005 4812 2208 4881; x_wconf 86' lang='lat' dir='ltr'><strong>paucis,</strong></span> <span class='ocrx_word' id='word_1_829' title='bbox 2238 4811 2409 4883; x_wconf 78' lang='lat' dir='ltr'><strong>iisque</strong></span> <span class='ocrx_word' id='word_1_830' title='bbox 2425 4809 2756 4865; x_wconf 88' lang='lat' dir='ltr'><strong>doctioribus</strong></span> <span class='ocrx_word' id='word_1_831' title='bbox 2776 4811 2915 4883; x_wconf 87' lang='lat' dir='ltr'><strong>capi,</strong></span> <span class='ocrx_word' id='word_1_832' title='bbox 2944 4818 3163 4879; x_wconf 89' lang='lat' dir='ltr'><strong>propter</strong></span> <span class='ocrx_word' id='word_1_833' title='bbox 3176 4812 3600 4883; x_wconf 87' lang='lat' dir='ltr'><strong>grandiloquen-</strong></span> 
     </span>
    </p>
   </div>
   <div class='ocr_carea' id='block_1_114' title="bbox 2007 4881 3598 4950">
    <p class='ocr_par' dir='ltr' id='par_1_114' title="bbox 2007 4881 3598 4950">
     <span class='ocr_line' id='line_1_118' title="bbox 2007 4881 3598 4950; baseline 0.003 -15"><span class='ocrx_word' id='word_1_834' title='bbox 2007 4883 2155 4946; x_wconf 90' lang='lat' dir='ltr'><strong>tiam,</strong></span> <span class='ocrx_word' id='word_1_835' title='bbox 2187 4888 2247 4936; x_wconf 89' lang='lat' dir='ltr'><strong>ut</strong></span> <span class='ocrx_word' id='word_1_836' title='bbox 2279 4882 2352 4935; x_wconf 89' lang='lat' dir='ltr'><strong>ita</strong></span> <span class='ocrx_word' id='word_1_837' title='bbox 2382 4881 2589 4948; x_wconf 84' lang='lat' dir='ltr'><strong>loquar,</strong></span> <span class='ocrx_word' id='word_1_838' title='bbox 2631 4882 3128 4948; x_wconf 88' lang='lat' dir='ltr'><strong>sententiarumque</strong></span> <span class='ocrx_word' id='word_1_839' title='bbox 3172 4881 3508 4950; x_wconf 83' lang='lat' dir='ltr'><strong>brevitatem,</strong></span> <span class='ocrx_word' id='word_1_840' title='bbox 3541 4896 3598 4939; x_wconf 90' lang='lat' dir='ltr'><strong>et</strong></span> 
     </span>
    </p>
   </div>
   <div class='ocr_carea' id='block_1_115' title="bbox 2005 4950 3599 5020">
    <p class='ocr_par' dir='ltr' id='par_1_115' title="bbox 2005 4950 3599 5020">
     <span class='ocr_line' id='line_1_119' title="bbox 2005 4950 3599 5020; baseline 0.001 -14"><span class='ocrx_word' id='word_1_841' title='bbox 2005 4952 2349 5007; x_wconf 88' lang='lat' dir='ltr'><strong>admirabiles</strong></span> <span class='ocrx_word' id='word_1_842' title='bbox 2366 4953 2561 5020; x_wconf 89' lang='lat' dir='ltr'><strong>quibus</strong></span> <span class='ocrx_word' id='word_1_843' title='bbox 2573 4950 2810 5005; x_wconf 84' lang='lat' dir='ltr'><strong>abundat</strong></span> <span class='ocrx_word' id='word_1_844' title='bbox 2828 4951 3189 5019; x_wconf 86' lang='lat' dir='ltr'><strong>metaphoras,</strong></span> <span class='ocrx_word' id='word_1_845' title='bbox 3216 4967 3280 5007; x_wconf 91' lang='lat' dir='ltr'><strong>ac</strong></span> <span class='ocrx_word' id='word_1_846' title='bbox 3299 4953 3429 5010; x_wconf 87' lang='lat' dir='ltr'><strong>alias</strong></span> <span class='ocrx_word' id='word_1_847' title='bbox 3450 4956 3599 5009; x_wconf 85' lang='lat' dir='ltr'><strong>simi-</strong></span> 
     </span>
    </p>
   </div>
   <div class='ocr_carea' id='block_1_116' title="bbox 2002 5022 3597 5092">
    <p class='ocr_par' dir='ltr' id='par_1_116' title="bbox 2002 5022 3597 5092">
     <span class='ocr_line' id='line_1_120' title="bbox 2002 5022 3597 5092; baseline 0.003 -15"><span class='ocrx_word' id='word_1_848' title='bbox 2002 5023 2082 5077; x_wconf 87' lang='lat' dir='ltr'><strong>les</strong></span> <span class='ocrx_word' id='word_1_849' title='bbox 2110 5022 2304 5092; x_wconf 84' lang='lat' dir='ltr'><strong>liguras</strong></span> <span class='ocrx_word' id='word_1_850' title='bbox 2341 5022 2625 5086; x_wconf 89' lang='lat' dir='ltr'><strong>dictionis,</strong></span> <span class='ocrx_word' id='word_1_851' title='bbox 2655 5035 2774 5090; x_wconf 81' lang='lat' dir='ltr'><strong>quae</strong></span> <span class='ocrx_word' id='word_1_852' title='bbox 2802 5029 3003 5092; x_wconf 88' lang='lat' dir='ltr'><strong>quanto</strong></span> <span class='ocrx_word' id='word_1_853' title='bbox 3033 5023 3393 5092; x_wconf 85' lang='lat' dir='ltr'><strong>perstringere</strong></span> <span class='ocrx_word' id='word_1_854' title='bbox 3417 5028 3597 5082; x_wconf 89' lang='lat' dir='ltr'><strong>solent</strong></span> 
     </span>
    </p>
   </div>
   <div class='ocr_carea' id='block_1_117' title="bbox 2002 5091 3594 5165">
    <p class='ocr_par' dir='ltr' id='par_1_117' title="bbox 2002 5091 3594 5165">
     <span class='ocr_line' id='line_1_121' title="bbox 2002 5091 3594 5165; baseline 0.003 -18"><span class='ocrx_word' id='word_1_855' title='bbox 2002 5091 2373 5165; x_wconf 25' lang='lat' dir='ltr'><strong>delec’tabilius</strong></span> <span class='ocrx_word' id='word_1_856' title='bbox 2420 5091 2646 5165; x_wconf 83' lang='lat' dir='ltr'><strong>animos,</strong></span> <span class='ocrx_word' id='word_1_857' title='bbox 2690 5106 2813 5145; x_wconf 90' lang='lat' dir='ltr'><strong>cum</strong></span> <span class='ocrx_word' id='word_1_858' title='bbox 2859 5091 3148 5165; x_wconf 77' lang='lat' dir='ltr'><strong>dicuntur,</strong></span> <span class='ocrx_word' id='word_1_859' title='bbox 3190 5091 3287 5148; x_wconf 14' lang='lat' dir='ltr'><strong>vel,</strong></span> <span class='ocrx_word' id='word_1_860' title='bbox 3328 5095 3594 5165; x_wconf 83' lang='lat' dir='ltr'><strong>leguntur,</strong></span> 
     </span>
    </p>
   </div>
   <div class='ocr_carea' id='block_1_118' title="bbox 2003 5162 3600 5230">
    <p class='ocr_par' dir='ltr' id='par_1_118' title="bbox 2003 5162 3600 5230">
     <span class='ocr_line' id='line_1_122' title="bbox 2003 5162 3600 5230; baseline 0.004 -14"><span class='ocrx_word' id='word_1_861' title='bbox 2003 5172 2156 5219; x_wconf 87' lang='lat' dir='ltr'><strong>tanto</strong></span> <span class='ocrx_word' id='word_1_862' title='bbox 2185 5162 2392 5217; x_wconf 80' lang='lat' dir='ltr'><strong>facilius</strong></span> <span class='ocrx_word' id='word_1_863' title='bbox 2422 5162 2619 5216; x_wconf 86' lang='lat' dir='ltr'><strong>mentis</strong></span> <span class='ocrx_word' id='word_1_864' title='bbox 2656 5176 2947 5230; x_wconf 62' lang='lat' dir='ltr'><strong>suspensa},</strong></span> <span class='ocrx_word' id='word_1_865' title='bbox 2981 5177 3046 5217; x_wconf 92' lang='lat' dir='ltr'><strong>ac</strong></span> <span class='ocrx_word' id='word_1_866' title='bbox 3067 5163 3214 5217; x_wconf 90' lang='lat' dir='ltr'><strong>velut</strong></span> <span class='ocrx_word' id='word_1_867' title='bbox 3242 5162 3484 5222; x_wconf 73' lang='lat' dir='ltr'><strong>attonita:</strong></span> <span class='ocrx_word' id='word_1_868' title='bbox 3518 5162 3600 5222; x_wconf 86' lang='lat' dir='ltr'><strong>iu-</strong></span> 
     </span>
    </p>
   </div>
   <div class='ocr_carea' id='block_1_119' title="bbox 2003 5231 3599 5307">
    <p class='ocr_par' dir='ltr' id='par_1_119' title="bbox 2003 5231 3599 5307">
     <span class='ocr_line' id='line_1_123' title="bbox 2003 5231 3599 5307; baseline 0.001 -18"><span class='ocrx_word' id='word_1_869' title='bbox 2003 5233 2352 5301; x_wconf 88' lang='lat' dir='ltr'><strong>telligentiam</strong></span> <span class='ocrx_word' id='word_1_870' title='bbox 2401 5231 2627 5300; x_wconf 81' lang='lat' dir='ltr'><strong>fugiunt.</strong></span> <span class='ocrx_word' id='word_1_871' title='bbox 2659 5261 2728 5272; x_wconf 89' lang='lat'><strong><em>—</em></strong></span> <span class='ocrx_word' id='word_1_872' title='bbox 2756 5232 2939 5307; x_wconf 69' lang='lat' dir='ltr'><strong>Baluz.</strong></span> <span class='ocrx_word' id='word_1_873' title='bbox 2989 5250 3002 5283; x_wconf 94' lang='lat'>:</span> <span class='ocrx_word' id='word_1_874' title='bbox 3059 5232 3130 5286; x_wconf 83' lang='lat' dir='ltr'><strong>Et</strong></span> <span class='ocrx_word' id='word_1_875' title='bbox 3181 5244 3238 5307; x_wconf 77' lang='lat' dir='ltr'><strong>ut</strong></span> <span class='ocrx_word' id='word_1_876' title='bbox 3282 5238 3599 5307; x_wconf 82' lang='lat' dir='ltr'><strong>simpliciore</strong></span> 
     </span>
    </p>
   </div>
   <div class='ocr_carea' id='block_1_120' title="bbox 2004 5302 3597 5374">
    <p class='ocr_par' dir='ltr' id='par_1_120' title="bbox 2004 5302 3597 5374">
     <span class='ocr_line' id='line_1_124' title="bbox 2004 5302 3597 5374; baseline 0.002 -16"><span class='ocrx_word' id='word_1_877' title='bbox 2004 5322 2238 5360; x_wconf 84' lang='lat' dir='ltr'><strong>sermone</strong></span> <span class='ocrx_word' id='word_1_878' title='bbox 2282 5306 2577 5374; x_wconf 75' lang='lat' dir='ltr'><strong>fungamur,</strong></span> <span class='ocrx_word' id='word_1_879' title='bbox 2630 5319 2695 5374; x_wconf 85' lang='lat' dir='ltr'><strong>ne</strong></span> <span class='ocrx_word' id='word_1_880' title='bbox 2751 5302 3046 5357; x_wconf 84' lang='lat' dir='ltr'><strong>auditorum</strong></span> <span class='ocrx_word' id='word_1_881' title='bbox 3084 5306 3220 5374; x_wconf 82' lang='lat' dir='ltr'><strong>quod</strong></span> <span class='ocrx_word' id='word_1_882' title='bbox 3269 5302 3458 5361; x_wconf 79' lang='lat' dir='ltr'><strong>dicilur</strong></span> <span class='ocrx_word' id='word_1_883' title='bbox 3504 5326 3597 5361; x_wconf 75' lang='lat' dir='ltr'><strong>er-</strong></span> 
     </span>
    </p>
   </div>
   <div class='ocr_carea' id='block_1_121' title="bbox 2003 5373 3592 5447">
    <p class='ocr_par' dir='ltr' id='par_1_121' title="bbox 2003 5373 3592 5447">
     <span class='ocr_line' id='line_1_125' title="bbox 2003 5373 3592 5447; baseline 0.002 -18"><span class='ocrx_word' id='word_1_884' title='bbox 2003 5377 2153 5429; x_wconf 82' lang='lat' dir='ltr'><strong>cedat</strong></span> <span class='ocrx_word' id='word_1_885' title='bbox 2181 5373 2440 5447; x_wconf 76' lang='lat' dir='ltr'><strong>aitdit_um,</strong></span> <span class='ocrx_word' id='word_1_886' title='bbox 2464 5383 2581 5426; x_wconf 84' lang='lat' dir='ltr'><strong>utar</strong></span> <span class='ocrx_word' id='word_1_887' title='bbox 2617 5373 2816 5444; x_wconf 85' lang='lat' dir='ltr'><strong>eloquio</strong></span> <span class='ocrx_word' id='word_1_888' title='bbox 2846 5373 3104 5427; x_wconf 73' lang='lat' dir='ltr'><strong>omnibus</strong></span> <span class='ocrx_word' id='word_1_889' title='bbox 3126 5375 3195 5429; x_wconf 86' lang='lat' dir='ltr'><strong>ad</strong></span> <span class='ocrx_word' id='word_1_890' title='bbox 3223 5378 3592 5447; x_wconf 82' lang='lat' dir='ltr'><strong>capessendum</strong></span> 
     </span>
    </p>
   </div>
   <div class='ocr_carea' id='block_1_122' title="bbox 2007 5443 2467 5518">
    <p class='ocr_par' dir='ltr' id='par_1_122' title="bbox 2007 5443 2467 5518">
     <span class='ocr_line' id='line_1_126' title="bbox 2007 5443 2467 5518; baseline -0.002 -20"><span class='ocrx_word' id='word_1_891' title='bbox 2007 5443 2467 5518; x_wconf 65' lang='lat' dir='ltr'><strong>facillinto._Entr.</strong></span> 
     </span>
    </p>
   </div>
   <div class='ocr_carea' id='block_1_123' title="bbox 2080 5514 3594 5587">
    <p class='ocr_par' dir='ltr' id='par_1_123' title="bbox 2080 5514 3594 5587">
     <span class='ocr_line' id='line_1_127' title="bbox 2080 5514 3594 5587; baseline 0 -18"><span class='ocrx_word' id='word_1_892' title='bbox 2080 5515 2097 5555; x_wconf 72' lang='grc' dir='ltr'><em>τ</em></span> <span class='ocrx_word' id='word_1_893' title='bbox 2141 5516 2317 5570; x_wconf 88' lang='lat' dir='ltr'><strong>Procli</strong></span> <span class='ocrx_word' id='word_1_894' title='bbox 2346 5516 2569 5571; x_wconf 82' lang='lat' dir='ltr'><strong>scilicet.</strong></span> <span class='ocrx_word' id='word_1_895' title='bbox 2612 5514 2764 5587; x_wconf 67' lang='lat' dir='ltr'><strong>cujus</strong></span> <span class='ocrx_word' id='word_1_896' title='bbox 2791 5523 2913 5570; x_wconf 91' lang='lat' dir='ltr'><strong>sunt</strong></span> <span class='ocrx_word' id='word_1_897' title='bbox 2934 5515 3049 5587; x_wconf 61' lang='lat' dir='ltr'><strong>haec</strong></span> <span class='ocrx_word' id='word_1_898' title='bbox 3075 5516 3237 5571; x_wconf 88' lang='lat' dir='ltr'><strong>verba</strong></span> <span class='ocrx_word' id='word_1_899' title='bbox 3261 5516 3458 5587; x_wconf 87' lang='lat' dir='ltr'><strong>(Num.</strong></span> <span class='ocrx_word' id='word_1_900' title='bbox 3489 5518 3544 5579; x_wconf 78' lang='grc'><strong>4)</strong></span> <span class='ocrx_word' id='word_1_901' title='bbox 3580 5536 3594 5569; x_wconf 89' lang='lat'><em>:</em></span> 
     </span>
    </p>
   </div>
   <div class='ocr_carea' id='block_1_124' title="bbox 2004 5585 3597 5653">
    <p class='ocr_par' dir='ltr' id='par_1_124' title="bbox 2004 5585 3597 5653">
     <span class='ocr_line' id='line_1_128' title="bbox 2004 5585 3597 5653; baseline -0.001 -12"><span class='ocrx_word' id='word_1_902' title='bbox 2004 5586 2177 5641; x_wconf 84' lang='lat' dir='ltr'><strong>Natus</strong></span> <span class='ocrx_word' id='word_1_903' title='bbox 2205 5598 2281 5640; x_wconf 85' lang='lat' dir='ltr'><strong>est</strong></span> <span class='ocrx_word' id='word_1_904' title='bbox 2318 5603 2383 5640; x_wconf 69' lang='lat' dir='ltr'><strong>ex</strong></span> <span class='ocrx_word' id='word_1_905' title='bbox 2410 5586 2622 5639; x_wconf 84' lang='lat' dir='ltr'><strong>muliere</strong></span> <span class='ocrx_word' id='word_1_906' title='bbox 2669 5585 2833 5647; x_wconf 85' lang='lat' dir='ltr'><strong>Deus,</strong></span> <span class='ocrx_word' id='word_1_907' title='bbox 2859 5585 2950 5639; x_wconf 87' lang='lat' dir='ltr'><strong>sed</strong></span> <span class='ocrx_word' id='word_1_908' title='bbox 2979 5603 3082 5640; x_wconf 86' lang='lat' dir='ltr'><strong>non</strong></span> <span class='ocrx_word' id='word_1_909' title='bbox 3119 5585 3317 5653; x_wconf 78' lang='lat' dir='ltr'><strong>nudus;</strong></span> <span class='ocrx_word' id='word_1_910' title='bbox 3360 5599 3410 5642; x_wconf 85' lang='lat' dir='ltr'><strong>et</strong></span> <span class='ocrx_word' id='word_1_911' title='bbox 3446 5598 3597 5639; x_wconf 75' lang='lat' dir='ltr'><strong>natus</strong></span> 
     </span>
    </p>
   </div>
   <div class='ocr_carea' id='block_1_125' title="bbox 2003 5656 3595 5727">
    <p class='ocr_par' dir='ltr' id='par_1_125' title="bbox 2003 5656 3595 5727">
     <span class='ocr_line' id='line_1_129' title="bbox 2003 5656 3595 5727; baseline -0.002 -16"><span class='ocrx_word' id='word_1_912' title='bbox 2003 5667 2079 5711; x_wconf 86' lang='lat' dir='ltr'><strong>est</strong></span> <span class='ocrx_word' id='word_1_913' title='bbox 2108 5659 2277 5722; x_wconf 80' lang='lat' dir='ltr'><strong>homo,</strong></span> <span class='ocrx_word' id='word_1_914' title='bbox 2302 5656 2393 5711; x_wconf 84' lang='lat' dir='ltr'><strong>sed</strong></span> <span class='ocrx_word' id='word_1_915' title='bbox 2422 5672 2525 5709; x_wconf 82' lang='lat' dir='ltr'><strong>non</strong></span> <span class='ocrx_word' id='word_1_916' title='bbox 2546 5672 2736 5726; x_wconf 84' lang='lat' dir='ltr'><strong>purus;</strong></span> <span class='ocrx_word' id='word_1_917' title='bbox 2758 5667 2805 5709; x_wconf 80' lang='lat' dir='ltr'><strong>et</strong></span> <span class='ocrx_word' id='word_1_918' title='bbox 2826 5657 2911 5727; x_wconf 84' lang='lat' dir='ltr'><strong>qui</strong></span> <span class='ocrx_word' id='word_1_919' title='bbox 2933 5666 3086 5711; x_wconf 81' lang='lat' dir='ltr'><strong>natus</strong></span> <span class='ocrx_word' id='word_1_920' title='bbox 3106 5668 3181 5712; x_wconf 82' lang='lat' dir='ltr'><strong>est</strong></span> <span class='ocrx_word' id='word_1_921' title='bbox 3203 5659 3381 5712; x_wconf 73' lang='lat' dir='ltr'><strong>veteris</strong></span> <span class='ocrx_word' id='word_1_922' title='bbox 3402 5658 3595 5725; x_wconf 72' lang='lat' dir='ltr'><strong>peccati</strong></span> 
     </span>
    </p>
   </div>
   <div class='ocr_carea' id='block_1_126' title="bbox 2002 5728 3598 5800">
    <p class='ocr_par' dir='ltr' id='par_1_126' title="bbox 2002 5728 3598 5800">
     <span class='ocr_line' id='line_1_130' title="bbox 2002 5728 3598 5800; baseline -0.001 -20"><span class='ocrx_word' id='word_1_923' title='bbox 2002 5738 2225 5799; x_wconf 73' lang='lat' dir='ltr'><strong>portam,</strong></span> <span class='ocrx_word' id='word_1_924' title='bbox 2257 5738 2459 5800; x_wconf 87' lang='lat' dir='ltr'><strong>portam</strong></span> <span class='ocrx_word' id='word_1_925' title='bbox 2489 5728 2668 5782; x_wconf 77' lang='lat' dir='ltr'><strong>salutis</strong></span> <span class='ocrx_word' id='word_1_926' title='bbox 2703 5728 2923 5780; x_wconf 79' lang='lat' dir='ltr'><strong>ostendit</strong></span> <span class='ocrx_word' id='word_1_927' title='bbox 2947 5743 2963 5780; x_wconf 88' lang='lat'><strong><em>:</em></strong></span> <span class='ocrx_word' id='word_1_928' title='bbox 2986 5728 3071 5781; x_wconf 81' lang='lat' dir='ltr'><strong>ubi</strong></span> <span class='ocrx_word' id='word_1_929' title='bbox 3099 5729 3232 5781; x_wconf 80' lang='lat' dir='ltr'><strong>enim</strong></span> <span class='ocrx_word' id='word_1_930' title='bbox 3272 5743 3477 5796; x_wconf 80' lang='lat' dir='ltr'><strong>serpens</strong></span> <span class='ocrx_word' id='word_1_931' title='bbox 3506 5742 3598 5797; x_wconf 68' lang='lat' dir='ltr'><strong>per</strong></span> 
     </span>
    </p>
   </div>
   <div class='ocr_carea' id='block_1_127' title="bbox 3642 4879 3650 4903">
    <p class='ocr_par' dir='ltr' id='par_1_127' title="bbox 3642 4879 3650 4903">
     <span class='ocr_line' id='line_1_131' title="bbox 3642 4879 3650 4903; baseline 0 0"><span class='ocrx_word' id='word_1_932' title='bbox 3642 4879 3650 4903; x_wconf 78' lang='grc' dir='ltr'>ι</span> 
     </span>
    </p>
   </div>
  </div>
