3958 6178
453 224 556 288 785

959 221 1147 277 MAR“
1187 217 1624 274 MERCATORIS
1665 215 2234 272 TRANSLATION‘ES
2275 217 2634 274 VARIORUM
2677 216 3187 275 OPUSCULORUM.
3553 237 3637 292 τςι

447 343 597 410 ειδιιδί
627 339 780 395 valde
804 355 920 395 sum
941 338 1234 392 admiratus
1260 335 1488 390 dicentis
1511 333 1694 403 (Parte
1718 334 1819 401 5):
1848 331 1946 396 Qui
1968 349 2032 385 ex
2062 340 2103 392 Α
2137 333 2218 385 Iu'c
2249 333 2337 402 qui
2367 333 2630 387 mensium
2662 332 3003 386 incrementis
3045 334 3272 402 indiguit,
3314 340 3389 392 hic
3427 346 3505 412 qui
3530 365 3646 404 Ιιὶοῐ.

445 433 661 486 muliere
683 441 832 484 natus
861 437 953 492 est,
979 444 1068 479 nec
1099 425 1238 478 Deus
1267 425 1452 488 nudus,
1483 441 1575 477 nec
1605 441 1760 494 purus
1791 424 1941 476 homo
1977 432 2032 487 υς

445 521 573 590 quia
611 536 784 590 neque
827 520 992 572 Deum
1023 525 1239 586 oportet
1270 517 1450 572 dicere
1485 516 1624 569 nudo
1654 523 1710 569 et
1746 524 2038 582 utcumque

442 620 796 680 generatum:
839 608 868 647 ιδ
897 625 1054 663 nemo
1086 609 1228 662 enim
1255 609 1347 677 qui
1384 623 1442 661 se
1472 615 1555 661 est
1583 607 1856 674 antiquior
1874 619 2040 673 gene-

456 715 572 770 rat;
606 719 708 758 nec
746 703 937 756 iterum
969 702 1359 755 humanitatem
1392 700 1589 754 nudam
1627 714 1745 753 esse
1782 699 2042 768 proliten-

447 793 573 846 dum
604 800 714 857 est,
750 792 845 847 sed
875 791 1267 846 humanitatem
1293 789 1636 859 conjunctam
1665 789 1778 844 Deo
1805 803 1923 843 esse
1946 802 2040 856 ge-

449 894 689 940 neratam
700 927 712 940 .

521 976 571 1029 5.
613 976 670 1030 lu
699 975 826 1031 illud
855 985 1110 1030 attractos
1131 991 1225 1029 vos
1248 991 1365 1029 esse
1395 975 1537 1040 volo,
1567 975 1658 1043 qui
1691 974 1820 1028 estis
1851 973 2042 1027 intenti

447 1069 848 1123 examinatores
873 1067 1143 1135 religionis
1159 1068 1317 1139 (hanc
1338 1067 1482 1120 enim
1515 1074 1568 1119 et
1595 1066 1660 1119 de
1681 1065 1852 1127 vobis,
1881 1079 2042 1133 quam

449 1157 516 1212 de
547 1158 922 1222 Antiochenis,
950 1158 1120 1211 habeo
1152 1158 1511 1227 opinionem),
1545 1157 1598 1209 in
1643 1156 1772 1209 illud
1805 1170 1952 1222 ergo,
1987 1162 2044 1207 ut

450 1250 710 1313 dicebam,
737 1257 994 1303 attractus
1018 1265 1112 1303 vos
1133 1264 1251 1302 esse
1274 1249 1416 1310 volo,
1449 1250 1569 1320 quia
1597 1259 1616 1283 ο
1644 1247 1783 1301 Deus
1812 1248 2045 1317 pontifex

452 1342 618 1410 fartus
657 1350 750 1402 est,
779 1340 916 1392 ferre
950 1356 1055 1392 non
1087 1354 1338 1408 possum;
1370 1339 1410 1391 si
1447 1338 1588 1390 enim
1623 1337 1762 1390 Deus
1791 1336 1968 1405 opifex
1993 1342 2047 1388 et

451 1429 691 1498 pontifex
719 1438 819 1493 est,
852 1429 1003 1497 cujus
1046 1443 1075 1482 a
1124 1428 1463 1499 poi'itilicibus
1507 1429 1702 1496 legatio
1744 1427 2046 1482 exhibenda

451 1522 570 1574 est?

531 1611 580 1662 6.
625 1610 749 1665 lla3c
779 1612 844 1664 ad
870 1621 1099 1666 vestram
1124 1612 1464 1666 dilectionem
1487 1612 1876 1665 sermocinatus
1905 1626 2042 1675 sum,

2141 433 2262 478 tuus
2292 433 2390 487 est,
2425 425 2505 476 llic
2534 424 2626 492 qui
2673 439 2887 477 crucem
2917 425 3146 493 pertulit,
3176 428 3243 479 sic
3268 433 3413 485 veniet
3445 441 3647 506 quemad-

2140 516 2346 587 modum
2364 517 2560 570 vidistis
2575 534 2689 570 eum
2712 517 3068 570 ascendentem
3095 519 3143 570 in
3171 521 3336 574 cozlum
3353 525 3470 592 (Act.
3487 544 3526 592 ι,
3554 529 3650 583 ll).

2141 607 2208 661 Et
2237 609 2428 661 iterum
2455 608 2646 661 beatus
2678 607 2873 660 Paulus
2903 609 2955 661 in
2983 608 3194 663 Actibus
3215 616 3536 680 apostolorum
3564 638 3574 670 :
3600 595 3652 674 lu

2141 699 2268 762 υἷι-ο,
2295 697 2486 765 inquit,
2511 699 2563 750 in
2582 714 2678 769 quo
2701 697 2920 750 decrevit
2944 697 3077 750 Deus
3094 699 3318 768 judicare
3339 704 3490 757 orbem
3517 717 3655 771 terra,

2140 788 2297 858 ﬁdem
2318 798 2571 860 prtestans
2595 789 2848 851 omnibus,
2873 791 3124 846 suscitans
3144 811 3250 847 eum
3269 810 3298 845 a
3317 797 3506 848 mortuis
3526 796 3653 863 (Ibid.

2144 894 2269 941 xvn,
2291 877 2402 947 51).
2432 877 2698 946 Numquid
2724 879 2957 934 Verbum
2990 881 3129 936 Deus
3156 884 3369 937 surrexit
3394 899 3420 936 a
3447 889 3658 940 mortuis?

2145 968 2198 1023 Si
2222 978 2399 1023 autem
2423 969 2723 1024 viviiieator
2742 969 3089 1027 mortiﬁcatus
3110 983 3207 1040 est,
3226 975 3338 1042 quis
3357 975 3448 1028 erit
3470 977 3545 1044 qui
3564 994 3664 1032 con-

2147 1059 2284 1113 ferat
2313 1061 2513 1114 vitam?

2217 1150 2268 1204 8.
2303 1150 2504 1206 Pneter
2522 1151 2626 1206 hoc
2655 1161 2709 1206 et
2732 1153 2942 1208 Arianis
2966 1154 3090 1209 hinc
3110 1155 3258 1210 valde
3279 1155 3667 1224 reprehensibiles

2146 1260 2364 1310 sumus;
2395 1245 2439 1298 si
2468 1245 2610 1298 enim
2639 1254 2926 1315 utcumque
2964 1255 3145 1301 natum
3167 1247 3363 1320 [Belua
3386 1265 3475 1302 om.
3500 1248 3667 1320 natum]

2147 1330 2316 1391 Deum
2337 1336 2571 1391 Verbum
2593 1345 2648 1392 et
2667 1337 2978 1408 simpliciter
3009 1341 3353 1404 nominemus,
3381 1341 3489 1394 vide
3513 1356 3569 1394 ex
3590 1342 3672 1396 hoc

2148 1429 2275 1499 quid
2307 1427 2638 1484 conﬁciatur.
2690 1430 2832 1484 Dicis
2867 1431 3178 1500 simpliciter
3209 1449 3220 1483 :
3271 1431 3287 1468 τ
3336 1431 3463 1485 Deus
3497 1440 3566 1486 est
3599 1433 3672 1500 qui

2151 1531 2306 1576 natus
2335 1536 2416 1576 esr
2439 1521 2506 1576 de
2533 1521 2696 1576 Maria
2715 1514 2934 1587 ,'statim
2959 1524 3235 1578 lucreticus
3255 1523 3403 1577 infert
3428 1525 3673 1593 reprehen-

2149 1613 2282 1667 dens
2309 1631 2320 1664 :
2357 1623 2380 1660 ε
2410 1611 2552 1680 Ergo
2585 1612 2852 1668 immerito
2882 1629 2981 1669 nos
3005 1615 3243 1682 arguitis,
3277 1611 3430 1667 tilium
3457 1613 3675 1667 minorem

460 1703 760 1757 ctdicerem
786 1703 956 1772 plura,
978 1703 1075 1757 nisi
1099 1704 1202 1756 hoc
1218 1703 1568 1756 subintrassct
1590 1702 1825 1754 animum
1849 1716 2045 1764 meum,
2080 1706 2125 1765 B
2155 1701 2312 1758 Patre
2334 1712 2387 1757 et
2416 1713 2650 1757 creatura
2693 1703 2960 1769 dicentes;
2994 1705 3247 1773 quoniam
3277 1703 3408 1773 apud
3439 1719 3523 1757 vos
3548 1704 3679 1757 etiam

460 1794 603 1860 quod
650 1791 673 1830 ιι
699 1792 960 1848 Ecclesiae
1008 1793 1318 1848 doctoribus
1361 1791 1544 1846 videor
1571 1791 1838 1845 contraria
1867 1791 2050 1860 dispu-

458 1896 593 1939 tare.

523 1980 658 2035 Volo
700 1980 860 2047 igitur
903 1995 998 2034 vos
1037 1979 1373 2049 perspicaces
1411 1993 1530 2033 esse
1579 1978 1629 2031 in
1681 1976 2048 2032 examinandis

455 2073 813 2141 dogmatibus,
847 2081 901 2126 et
930 2087 1105 2140 neque
1135 2080 1438 2141 susceptam
1468 2070 1856 2124 humanitatem
1881 2085 1910 2123 a
1934 2069 2046 2124 Deo

447 2165 630 2220 Verbo
651 2163 1000 2241 confundere,
1029 2179 1201 2232 neque
1232 2174 1255 2201 ε’
1280 2165 1553 2218 hominem
1583 2164 1781 2218 nudum
1803 2179 1924 2218 eum
1955 2164 2046 2233 qui

454 2269 611 2312 natus
667 2265 748 2312 est
795 2257 1005 2321 dicere;
1038 2256 1133 2310 sed
1184 2271 1284 2310 nec
1328 2255 1494 2310 Deum
1513 2255 1777 2330 \Verbum
1806 2264 2048 2310 contem-

451 2357 716 2418 peratum,
736 2348 818 2402 vel
831 2348 1178 2401 commixtum
1195 2347 1468 2416 propriam
1487 2346 1729 2401 amisisse
1741 2347 2046 2401 essentiam.

523 2439 572 2490 7.
600 2437 891 2507 Propterea
913 2436 1076 2501 enim,
1095 2435 1369 2506 discipulis
1394 2437 1446 2490 in
1469 2445 1690 2506 stupore
1717 2435 2046 2501 constitutis,

449 2539 694 2597 tempore
716 2543 822 2596 quo
852 2525 1161 2580 sublevatur
1186 2525 1238 2579 in
1267 2526 1480 2588 cadum,
1514 2534 1568 2580 et
1597 2525 1737 2596 apud
1772 2540 1850 2591 se,
1875 2540 2050 2594 quan—

454 2629 561 2670 tum
592 2616 957 2670 arbitrandum
987 2621 1086 2680 est,
1119 2615 1224 2668 hoc
1252 2615 1623 2684 reputantibus
1657 2633 1668 2668 :
1699 2623 1926 2684 putasne
1962 2629 2048 2669 re-

451 2707 624 2761 soluta
654 2714 737 2761 est
756 2707 990 2759 humana
1021 2705 1248 2758 natura?
1275 2713 1501 2774 putasne
1524 2706 1577 2758 in
1600 2706 1747 2760 cmlis
1775 2705 1829 2760 in
1857 2705 2046 2760 eadem

452 2798 685 2852 essentia
719 2795 1036 2866 permanet?
1063 2793 1132 2847 Et
1153 2794 1232 2849 eis
1257 2794 1324 2849 de
1353 2796 1454 2850 hac
1474 2796 1680 2851 visione
1708 2797 2047 2866 stupentibus

454 2889 805 2945 advenientes
836 2887 1011 2956 angeli
1050 2885 1298 2941 dicebant
1331 2906 1342 2940 :
1379 2887 1480 2942 Hic
1506 2888 1656 2943 Jesus
1690 2890 1784 2958 qui
1811 2889 2041 2956 videtur,

2153 1791 2256 1846 hoc
2286 1792 2338 1845 in
2378 1791 2714 1847 confessione
2745 1803 2844 1857 est,
2877 1794 3128 1863 inquiens
3169 1793 3391 1848 Verbum
3417 1792 3562 1847 Deum
3585 1808 3680 1846 8380

2151 1882 2242 1950 qui
2273 1891 2428 1936 natus
2450 1889 2532 1936 est
2561 1882 2627 1936 de
2653 1883 2838 1937 Maria.

2221 1972 2270 2026 9.
2291 1974 2428 2028 Audi
2451 1991 2567 2043 quzc
2600 1976 2737 2029 idem
2759 1976 2900 2030 Deus
2913 1976 3152 2031 Verbum
3175 1976 3308 2031 dese
3328 1976 3432 2046 ipse
3458 1982 3678 2027 testatur:

2150 2062 2347 2118 Euntes
2399 2067 2688 2119 renuntiate
2735 2067 2982 2136 fratribus
3021 2069 3190 2122 meis:
3229 2067 3371 2120 Vade
3409 2066 3470 2119 ad
3515 2065 3686 2118 Patrem

2149 2173 2315 2210 meum
2336 2167 2384 2209 et
2407 2155 2617 2209 Patrem
2638 2166 2876 2220 vestrum,
2894 2157 3064 2211 Deum
3082 2175 3248 2213 meum
3270 2168 3317 2211 et
3339 2157 3489 2210 Deum
3512 2166 3688 2208 vestrum

2156 2249 2174 2318 (
2197 2246 2355 2301 Ioan.
2381 2264 2469 2310 xx,
2493 2247 2556 2299 l7
2577 2248 2617 2318 ).
2646 2248 2752 2302 Sed
2772 2263 2894 2302 eum
2924 2249 3029 2303 hoc
3044 2248 3364 2316 diceret,qui
3389 2255 3528 2300 natus
3553 2243 3690 2299 estde

2149 2339 2306 2394 beata
2330 2339 2489 2394 Maria
2511 2380 2524 2404 ,
2550 2339 2881 2393 humanitate
2892 2339 3112 2407 quidem
3140 2337 3295 2393 nobis
3317 2337 3692 2393 consubstantia-

2149 2431 2214 2485 lis
2236 2442 2352 2485 erat
2370 2449 2383 2497 ;
2403 2431 2453 2484 in
2470 2447 2535 2486 eo
2557 2439 2736 2484 autem
2752 2431 2894 2499 quod
2915 2430 3241 2499 eonjunctus
3262 2431 3388 2494 Deo,
3414 2429 3595 2502 [Baluz.
3617 2427 3687 2479 ad.

2151 2521 2214 2595 a]
2265 2532 2447 2579 nostra
2477 2532 2594 2577 erat
2631 2524 2807 2591 longe,
2852 2522 2978 2592 quia
2999 2523 3179 2588 Deus,
3212 2521 3493 2577 substantia
3517 2520 3691 2572 melior.

2228 2615 2311 2668 10.
2347 2615 2495 2670 Tunc
2521 2615 2734 2669 illorum
2764 2615 3100 2684 blasphemia
3131 2615 3438 2670 liberaberis
3463 2631 3474 2666 :
3504 2621 3553 2668 et
3573 2611 3696 2664 facile

2156 2721 2219 2761 ac
2245 2706 2480 2760 breviter
2505 2713 2896 2760 sacramentum
2918 2705 3201 2774 religionis
3229 2705 3403 2759 edices
3425 2704 3519 2757 hoc
3537 2699 3695 2767 mode:

2154 2797 2182 2835 ιι
2213 2798 2355 2852 Alius
2383 2798 2598 2867 quidem
2624 2797 2763 2852 Deus
2781 2795 3017 2852 Verbum
3048 2805 3154 2863 est,
3192 2798 3284 2867 qui
3327 2807 3440 2851 erat
3471 2792 3488 2833 ι
3520 2795 3565 2846 in
3587 2801 3698 2845 tem-

2152 2890 2262 2961 plo,
2311 2891 2454 2960 quod
2483 2898 2736 2961 operatus
2764 2898 2847 2945 est
2883 2888 3149 2961 Spiritus,
3201 2898 3257 2944 et
3301 2887 3440 2942 aliud
3487 2883 3701 2953 templum

1635 3003 2174 3060 (TASTIGATIONES
2212 3003 2301 3058 ET
2344 3001 2572 3056 NOTAE.

433 3116 848 3180 duobeilientiam
898 3131 1140 3168 venenum
1186 3114 1386 3184 c/fudit,
1431 3115 1502 3169 ibi
1554 3114 1772 3169 Verbum
1805 3133 1893 3184 per
1921 3117 2043 3170 obe-
2074 3118 2117 3179 C
2149 3114 2270 3169 dem
2299 3114 3037 3184 Constantinopolitanorum,
3065 3118 3184 3172 sive
3206 3117 3516 3171 clericorum
3537 3113 3705 3182 episto-

457 3189 700 3240 dientimn
739 3185 1031 3256 ingrediens
1073 3188 1310 3256 templum
1342 3186 1536 3254 ririﬁre
1561 3187 1849 3253 plasmauit.
1899 3186 2047 3239 Unde

457 3259 650 3324 primus
690 3253 882 3325 peccati
913 3253 1191 3325 discipulus
1238 3253 1365 3307 Cain
1403 3253 1639 3319 emersit,
1677 3257 1798 3308 inde
1844 3259 2043 3325 generis

430 3321 617 3378 nostri
659 3321 1158 3394 li'beratorrClu'ist-us
1199 3325 1310 3378 sine
1355 3327 1546 3378 semine
1575 3321 1890 3394 putlulavit':
1941 3343 2044 3379 non

452 3394 652 3448 erubuit
673 3404 874 3464 amator
895 3393 1155 3447 hominum
1176 3395 1449 3449 muliebres
1476 3393 1672 3464 partus.

527 3475 550 3500 ί·
594 3463 787 3528 Verba,
815 3461 991 3526 Quiex
1031 3464 1241 3518 muliere
1267 3473 1414 3517 natus
1437 3461 1529 3524 est,
1566 3479 1658 3517 nec
1688 3463 1826 3518 Deus
1855 3465 2039 3530 nudus,

454 3552 545 3587 nec
575 3551 731 3604 purus
762 3534 931 3597 homo,
956 3533 1204 3588 Baluzius
1225 3535 1441 3588 omittit.
1461 3533 1614 3586 Enn.

425 3611 430 3617 '
528 3604 553 3642 δ
594 3604 735 3658 Idem
771 3613 1145 3670 argumentum
1180 3604 1400 3658 adhibet
1430 3604 1667 3658 scribens
1705 3605 1771 3657 ad
1802 3613 2043 3659 sanctum

427 3711 431 3715 -
453 3675 819 3730 (ὶωίεεῑίιιιιῐη.
851 3672 1004 3726 Ferri
1025 3684 1190 3727 tamen
1211 3685 1374 3743 potest
1391 3675 1484 3728 hoc
1503 3674 2044 3736 vocabulumeao-ro'm;

455 3755 661 3832 propter
679 3746 846 3832 ipsum
876 3743 1360 3832 considerationem,
1386 3753 1433 3797 et
1455 3745 1589 3826 quod
1611 3746 1789 3832 solum.
1806 3748 2044 3832 nonnae-

457 3813 646 3885 tur‘dei
679 3813 886 3885 Virgine
913 3815 1008 3866 hoc
1032 3813 1253 3877 verbum,
1292 3813 1499 3885 propter
1526 3814 1872 3885 inseparabile
1915 3825 2043 3868 tem-

457 3833 538 3869 lur
567 3833 628 3868 ae
681 3833 886 3867 rmme
913 3833 1008 3866 uoc
1032 3833 1253 3877 verbum,
1292 3833 1499 3885 propter
1526 3833 1872 3885 mseparaoue
1915 3833 2043 3868 tem-

423 3893 426 3897 '
453 3887 592 3955 plum
621 3884 714 3937 Dei
757 3833 907 3937 lberbi
936 3901 1001 3937 ex
1022 3885 1155 3954 ipsa,
1183 3899 1284 3936 non
1328 3886 1446 3955 quia
1493 3886 1606 3954 ipsa
1650 3886 1920 3955 sitqmater
1947 3885 2045 3938 Dei

469 3955 644 4025 Verbi;
681 3955 828 4025 Nnuo
860 3970 982 4007 E.\'l.\l
1007 3953 1361 4017 xx'riQLttonnn
1396 3970 1455 4008 se
1488 3953 1642 4007 rxutr
1673 3953 1862 4025 (Epist.
1892 3953 1939 4021 1,
1978 3956 2046 4007 ad

459 4025 517 4078 S.
552 4024 799 4092 let‘st.).

523 4095 650 4150 Inde
676 4095 964 4148 Cassianus
993 4094 1262 4160 excerpsit
1291 4095 1630 4156 sententiam,
1663 4109 1825 4162 quam
1853 4095 2048 4149 acriter

408 4193 420 4230 έ
455 4166 687 4233 refellit(
715 4164 827 4219 Lib.
862 4181 930 4219 vn
963 4182 1008 4218 ε.
1031 4165 1120 4232 2).
1149 4164 1330 4233 Neque
1357 4165 1500 4218 enim
1524 4165 1716 4233 opinor
1743 4179 2047 4218 sermonem

417 4275 422 4281 .
454 4236 595 4289 hunc
624 4234 690 4288 ad
735 4234 1082 4288 leestinum
1114 4250 1143 4287 a
1185 4234 1432 4288 Nestorio
1459 4235 1680 4288 missum
1713 4235 1892 4299 fuisse,
1925 4251 2048 4289 cum

382 4329 390 4336 -
455 4306 838 4374 extemporalis
863 4304 1017 4374 foret,
1051 4305 1382 4372 minorisque
1403 4305 1629 4374 proinde
1650 4306 2049 4367 momenti,etsi

417 4401 420 4404 -
455 4375 648 4427 missus
678 4373 836 4434 foret,
868 4373 1234 4442 Cassianoque
1263 4376 1691 4429 communicatos
1715 4393 1728 4426 :
1755 4390 1821 4428 ex
1855 4391 1922 4428 eo
1944 4377 2049 4430 uti-

419 4489 424 4499 .
453 4460 560 4513 que
581 4446 730 4512 plura
749 4444 862 4515 _sibi
895 4442 1171 4496 refutanda
1198 4446 1539 4514 sumpsisset,
1572 4445 1768 4515 quippe
1791 4445 1909 4499 aliis
1929 4461 2047 4514 quae

453 4516 650 4571 refellit
676 4513 882 4584 pejora.

529 4598 548 4624 ι·
594 4581 718 4639 ilice
739 4583 901 4667 verba
931 4591 1058 4637 sunt
1082 4581 1359 4668 Proclinut
1379 4583 1578 4668 dictum
1598 4586 1726 4668 δι’(
1747 4584 1910 4639 Num.
1934 4586 1999 4668 5)
2029 4604 2040 4639 :

451 4656 494 4704 Ω
536 4667 696 4726 utere,
738 4656 792 4708 in
826 4671 924 4726 quo
954 4655 1236 4706 communis
1279 4655 1526 4707 libertatis
1555 4657 1725 4726 cautio
1763 4655 2046 4726 composita

405 4782 419 4788 ,
445 4729 557 4780 ett!
590 4725 633 4779 0
669 4734 864 4796 uenter,
908 4725 962 4796 in
1010 4740 1108 4794 quo
1155 4733 1336 4777 contra
1379 4735 1595 4796 mortem
1637 4725 1894 4796 [fabricata
1923 4738 2045 4781 sunt

415 4828 417 4830 -
445 4798 630 4851 arma!
655 4793 698 4847 0
725 4811 865 4856 area,
909 4794 965 4846 in
1004 4793 1105 4864 qua
1123 4863 1127 4864 ν
1147 4803 1349 4864 natura:
1363 4795 1606 4864 agricola
1637 4793 1890 4860 Christus,
1913 4799 2046 4850 sicut

402 4875 415 4880 '
443 4869 587 4935 spica
606 4909 619 4931 ,
655 4869 768 4920 sine
785 4866 980 4937 semine
1017 4862 1324 4935 pullulavit!
1347 4862 1392 4914 0
1415 4862 1675 4931 templum,
1707 4867 1762 4918 in
1781 4884 1877 4937 quo
1905 4866 2043 4920 Deus

414 4968 422 4976 -
448 4934 614 5004 factus
633 4946 709 4990 est
737 4934 996 4997 sacerdos,
1021 4934 1144 5004 non,
1163 4943 1404 5004 naturam
1437 4945 1774 5000 commutatis,
1793 4934 1898 4990 sed
1923 4954 2038 4991 eum

412 5047 417 5054 .
445 5003 530 5075 qui
560 5005 836 5060 secundum
867 5004 1101 5059 ordinem
1123 5003 1496 5058 Melchisedech
1526 5015 1731 5076 propter
1751 5008 2040 5061 miseratio-

416 5123 420 5130 .
448 5092 562 5129 nem
585 5077 794 5130 indutus
823 5076 934 5127 est!

517 5144 543 5228 ξι
586 5145 693 5228 Eos
721 5144 971 5228 intelligit
999 5145 1409 5228 ab_s_que.dubi‘o,
1441 5145 1533 5228 qui
1557 5144 1902 5228 _inJEc_clesia
1941 5163 2040 5228 po-

412 5241 413 5244 η
447 5218 630 5285 pulum
651 5215 933 5274 docebant,
953 5216 1125 5287 qualis
1139 5223 1194 5268 et
1212 5216 1328 5287 ipse
1352 5214 1525 5287 fuerat
1543 5216 1854 5281 Antiochiae,
1875 5214 2041 5287 prius-

446 5303 607 5355 quam
647 5292 1011 5356 assumeretur
1048 5286 1448 5356 iniepiscopum
1487 5285 2040 5356 Constantinopolita-

445 5373 592 5423 num,
625 5355 801 5428 qualis
846 5355 1353 5428 eteratfProclus’,
1388 5357 1438 5410 in
1480 5371 1642 5428 quem
1682 5355 2035 5428 declamabat.

447 5429 582 5484 lline
610 5426 787 5482 autem
810 5427 1062 5494 colligere
1085 5427 1210 5482 licet
1229 5435 1488 5496 quantum
1517 5426 1858 5482 dissentirent
1886 5443 1914 5481 a
1939 5427 2042 5483 Ne-

443 5502 611 5554 storio
633 5499 700 5554 de
718 5498 1085 5570 incarnatione
1105 5498 1380 5570 Dominiea
1402 5498 1720 5570 illustriores
1742 5499 2042 5570 presbyteri

443 5568 1054 5637 Constantinopolitaine
1102 5566 1374 5630 Ecclesim,
1425 5567 1567 5635 quod
1617 5566 1779 5623 etiam
1808 5566 2035 5633 constat,

445 5652 557 5694 tum
589 5658 653 5695 ex
676 5637 950 5695 Cielestini
974 5638 1267 5708 Cyrillique
1292 5639 1549 5708 epistolis,
1585 5649 1694 5693 tum
1722 5656 1788 5694 ex
1819 5656 2036 5694 eorum-

2148 3185 2214 3239 lis
2236 3184 2303 3238 ad
2321 3185 2595 3256 diversos,
2621 3186 2733 3238 sive
2773 3188 3168 3241 monachorum
3200 3186 3340 3256 apud
3372 3187 3708 3256 imperatorem

2147 3255 2399 3328 querela;
2437 3269 2763 3324 quamquam
2791 3272 2896 3328 non
2928 3267 3008 3311 est
3048 3253 3712 3328 improbabiie_Nesu_irium

2148 3324 2449 3393 respexisse
2502 3339 2717 3393 quoque
2771 3327 3104 3394 antiquiores
3132 3324 3349 3381 'Patres
3401 3324 3646 3385 Ecclesiaa,
3687 3335 3712 3373 a

2146 3396 2340 3463 quibus
2369 3409 2490 3465 eum
2511 3395 2795 3449 dissentire
2835 3395 3113 3465 objecerat
3134 3398 3404 3452 Eusebius
3435 3397 3482 3449 in
3505 3395 3712 3465 obtesta-

2147 3460 2314 3526 tione,
2365 3463 2808 3534 Eustathiumque
2844 3460 3202 3522 Antiochea-.13
3245 3465 3498 3521 Eeclesiaa
3541 3460 3718 3518 antisti-

2146 3542 2254 3607 tem
2286 3535 2598 3607 nominatim
2648 3535 2912 3601 laudarat,
2945 3538 3115 3591 allato
3157 3539 3330 3607 ipsius
3379 3536 3718 3590 luculentote-

2146 3605 2425 3659 stimonio.

2224 3685 2246 3712 θ
2279 3675 2516 3745 Respicit
2544 3675 2610 3728 ad
2632 3677 2793 3746 verba
2818 3675 2992 3731 Procli
3020 3695 3031 3730 :
3058 3676 3176 3733 ἄλλ’
3201 3680 3256 3733 ἐκ
3283 3678 3515 3746 γυναικὸς
3536 3673 3723 3746 ἐγεννήθη

2146 3748 2269 3808 Θεὸς
2290 3749 2344 3800 οὐ
2369 3748 2576 3822 milia;
2605 3750 2688 3822 κᾳί
2709 3745 2968 3822 ἄνθρωπος
2990 3751 3044 3801 οὐ
3064 3749 3244 3822 ψιλὸς.
3269 3745 3356 3802 Ex
3378 3745 3721 3822 rmtlierepatus

2145 3827 2221 3900 est
2249 3833 2350 3870 non
2377 3812 2518 3900 Deus
2548 3817 2711 3900 nudus
2733 3861 2746 3882 ,
2782 3812 2947 3900 neque.
2970 3812 3145 3900 purus
3176 3821 3332 3873 homo
3365 3816 3553 3900 (Parte
3578 3812 3653 3900 ἢ.
3675 3819 3724 3899 :0

2147 3891 2307 3966 ερίνυν
2346 3889 2603 3962 ἀγοράσας
2643 3890 2778 3966 nudi;
2816 3884 2877 3966 ‘ob
2919 3888 3061 3958 ψιλὸς
3110 3884 3420 3966 summa,
3468 3884 3506 3940 ὦ
3531 3884 3724 3966 Ἰοηίὸαῐεο

2149 3955 2248 4019 Qui
2277 3973 2370 4026 nos
2387 3952 2629 4026 redemit,
2663 3952 2692 4009 ὁ
2719 3952 3055 4013 ludive-non
3078 3970 3162 4012 est
3192 3952 3358 4026 purus
3391 3959 3537 4009 liomo
3561 3952 3726 4026 (Parte

2148 4027 2180 4078 8
2204 4026 2245 4103 )ἶ
2278 4025 2373 4103 Et,
2399 4025 2664 4103 Δἄνθρωπος·
2691 4027 2832 4103 ψιλῆς
2875 4036 3046 4103 σῶοίαι
3073 4033 3167 4083 οὐκ
3192 4022 3389 4103 Italus“
3428 4029 3544 4087 Θεὸς
3571 4022 3729 4103 spuit};

2147 4099 2321 4151 παθεῖν
2359 4099 2448 4151 οὐκ
2481 4097 2724 4158 ἦδύνατοί.
2764 4098 2933 4150 Purus
2972 4099 3128 4152 homo
3173 4097 3390 4153 sulcare
3424 4113 3526 4150 non
3561 4097 3728 4166 potuit;

2148 4166 2303 4238 Deus
2320 4167 2485 4220 nudus
2514 4169 2620 4237 pati
2645 4184 2747 4219 non
2771 4178 2968 4238 poterat
2999 4168 3192 4238 (Parte
3223 4169 3316 4234 9).

2226 4235 2243 4274 ί
2289 4235 2482 4308 lterum
2512 4235 2673 4291 vexat
2695 4235 2895 4291 dietum
2919 4235 3095 4292 Procli
3120 4239 3323 4308 (Parte
3349 4238 3385 4291 ‘2.
3408 4239 3447 4306 ),
3474 4236 3734 4300 nititurque

2119 4306 2433 4361 .ostendere
2471 4323 2578 4360 non
2617 4309 2792 4361 minus
2823 4308 3034 4360 Arianis
3075 4306 3251 4377 quam
3310 4309 3597 4376 gentilibus
3639 4317 3733 4377 in):-

2149 4377 2369 4430 steriuin
2401 4378 2783 4431 incarnationis
2830 4394 2858 4430 a
2899 4371 3111 4431 Prorlo-
3137 4371 3485 4433 irridendum
3515 4371 3736 4446 proponi.

2224 4457 2248 4493 tt
2292 4447 2476 4515 Aliqua
2499 4448 2941 4502 desiderabantur
2961 4448 3024 4501 ad
3048 4448 3368 4502 faciendum
3392 4463 3622 4510 sensum,
3643 4456 3736 4511 «μιίε

2078 4497 2127 4554 D
2151 4497 2566 4587 suppleri'posse
2596 4519 2705 4571 visa
2736 4527 2859 4571 sunt
2888 4518 3030 4571 hunc
3046 4519 3098 4571 in
3123 4520 3360 4573 modum
3393 4539 3405 4572 :
3432 4532 3560 4585 ergo
3588 4497 3739 4587 intinc-

2149 4582 2369 4641 rito'nos
2399 4582 2612 4657 arguitis
2640 4587 2831 4642 Filium
2857 4590 3105 4641 minorem
3138 4588 3315 4643 Patre
3342 4600 3396 4644 et
3427 4582 3646 4644 creatum

2149 4667 2340 4728 centes,
2366 4653 2609 4728 quoniam
2637 4659 2776 4728 apud
2808 4675 2921 4720 nos,
2955 4668 3060 4711 etc.
3093 4658 3377 4724 Quiddam
3423 4661 3566 4714 enim
3595 4653 3745 4728 simile

2149 4727 2311 4782 habet
2339 4727 2454 4797 ipse
2481 4727 2756 4782 Nestorius
2786 4744 3036 4782 sermone
3067 4731 3264 4791 tertio,
3308 4746 3439 4784 eum
3473 4727 3743 4797 catholicos

2149 4796 2536 4870 incarnationis
2577 4797 3129 4870 defensoresﬂAriaiiis
3171 4799 3231 4853 in
3263 4815 3337 4854 eo
3369 4796 3748 4870 pejusisentire

2149 4867 2299 4938 dicit,
2332 4869 2477 4938 quod
2507 4868 2690 4922 Ariani
2729 4869 2844 4922 solo
2889 4869 2998 4922 Deo
3027 4868 3194 4922 Patre
3227 4867 3513 4924 minorem
3535 4869 3746 4923 facerent

2149 4935 2371 5002 Filium}
2402 4939 2654 4994 catholici
2683 4946 2852 4992 matre
2875 4948 3120 4993 creatura
3144 4942 3556 4994 recentiorem.

2220 5005 2247 5044 δ
2289 5009 2488 5063 Alludit
2523 5009 2589 5063 ad
2631 5009 2743 5062 hrec
2781 5009 2943 5062 verba
2974 5007 3154 5062 Procli
3193 5027 3207 5060 :
3260 5009 3328 5064 Si
3361 5011 3504 5065 alius
3533 5018 3608 5064 est
3626 5005 3754 5061 Chri-

2145 5087 2278 5136 stus.
2295 5088 2344 5132 et
2364 5080 2496 5132 alius
2517 5079 2656 5132 Deus
2697 5078 2936 5142 Verbum,
2953 5080 3070 5148 jam
3091 5095 3202 5132 non
3234 5083 3462 5135 trinitas
3485 5083 3542 5134 in
3569 5075 3751 5134 divinis.

2147 5148 2240 5220 sed
2266 5151 2582 5220 quaternitas
2596 5159 2698 5220 est.

2227 5218 2242 5255 ί
2279 5217 2526 5273 Ῥτοοιιις.
2563 5218 2660 5272 Ubi
2702 5236 2907 5288 serpens
2949 5236 3039 5288 per
3066 5217 3502 5275 inobedientiam
3534 5229 3758 5288 venenum

2149 5289 2349 5356 e/fudit,
2373 5290 2443 5343 ibi
2474 5287 2803 5360 Verbumper
2832 5287 3171 5360 obedientiam
3189 5291 3515 5360 ingrediens
3539 5287 3758 5360 templum

2149 5361 2342 5429 viviﬁce
2368 5361 2640 5429 plasmarit
2670 5358 2852 5428 (Parte
2879 5359 2954 5424 9.).
2982 5359 3050 5413 lis
3080 5356 3440 5414 contradixit
3479 5356 3762 5415 Nestorius,

2145 5430 2272 5498 quia
2290 5428 2509 5484 Praelus
2529 5440 2685 5484 antea
2715 5431 3115 5484 contradixerat
3143 5428 3278 5482 istis
3309 5446 3344 5483 a
3371 5431 3631 5486 Nestorio
3650 5442 3766 5497 pro.

2146 5497 2314 5570 latis:
2361 5497 2484 5570 Non
2527 5502 2716 5553 creavit
2755 5499 2931 5570 Deum)
2979 5498 3203 5552 Verbum
3263 5499 3517 5570 Spiritus
3547 5507 3765 5554 sanctus.

2144 5569 2364 5642 sedpeo
2395 5569 2560 5624 Verbo
2589 5571 2828 5642 templum
2859 5569 3136 5642 fabricatus
3169 5579 3277 5632 est,
3317 5569 3470 5642 Quod
3503 5570 3770 5632 habitaret,

2145 5658 2208 5694 ea“
2242 5639 2450 5712 Virgine
2475 5642 2668 5710 (Serm.
2690 5639 2720 5691 Vl
2753 5657 2893 5693 nunt.
2933 5640 2960 5692 7
2976 5648 3012 5707 ).

3875 2531 3877 2666 γ

3875 2737 3877 2880 l
