3958 6178
331 327 440 382 785

1545 321 1704 377 IMP"
1743 321 2060 377 NESTORll
2102 322 2328 378 SERllO
2372 322 2430 376 V.

3506 327 3608 381 786

332 447 530 508 ιπωιοτ
555 435 887 490 habitantem
918 436 1104 490 Deum.
1136 435 1345 504 Templi
1371 441 1453 488 est
1469 442 1643 488 morte
1671 434 1920 501 dissolvi;
1954 441 1998 496 A
2027 438 2160 492 ritus
2181 439 2352 493 sancti
2380 453 2563 508 opera,
2598 440 2649 492 in
2672 454 2733 493 ea
2767 439 2931 494 Deum
2957 441 3127 509 ipsum
3168 424 3404 494 creatum
3434 441 3614 496 dicat?

334 528 682 583 inbabitantis
703 537 879 582 autem
893 528 1174 597 templum,
1201 527 1251 582 id
1269 537 1327 581 ut
1352 527 1636 581 resuscitet
1655 528 1929 596 proprium

333 630 436 676 est.
462 619 578 674 Non
602 620 689 674 hic
718 635 869 674 meus
897 635 1094 685 sermo,
1113 619 1207 673 sed
1232 634 1335 673 vox
1360 627 1442 673 est
1467 618 1678 672 Domini
1701 636 1714 670 :
1742 618 1932 673 Solvite

335 711 618 780 templum,
670 711 878 778 inquit,
928 709 1060 774 hoc,
1110 719 1160 764 et
1199 713 1253 762 in
1285 709 1452 763 triduo
1500 709 1758 764 suscitabo
1803 709 1933 764 illud

337 799 523 870 (Joan.
559 817 617 864 ιι,
650 799 762 871 19).

410 891 496 944 il.
526 891 940 960 Conjunctionis
968 893 1129 961 igitur
1149 891 1502 947 confiteamur
1522 894 1780 946 unitatem
1807 892 1935 966 [Ba-

333 985 442 1039 luz.
465 983 836 1054 dignitatem],
871 993 1091 1038 naturas
1120 994 1299 1038 autem
1323 994 1376 1038 et
1404 985 1730 1039 substantias
1757 985 1926 1054 dupli-

335 1092 450 1143 ces,
475 1075 710 1144 alioquin
741 1076 1044 1130 invenietur
1081 1075 1316 1130 Verbum
1348 1075 1562 1147 [Bolus
1607 1076 1729 1130 add.
1763 1074 1934 1146 Deus]

336 1184 461 1223 esse
495 1169 665 1222 sancti
696 1166 924 1237 Spiritus
946 1176 1194 1248 creatura
1227 1185 1241 1219 :
1274 1167 1400 1235 quid
1430 1168 1573 1220 enim
1605 1167 1679 1220 ait
1707 1181 1937 1234 evange-

339 1255 550 1314 listai'?
581 1257 732 1323 Quod
758 1260 812 1313 in
844 1276 905 1313 ea
933 1269 1111 1312 uatum
1151 1267 1245 1324 est,
1297 1258 1359 1311 de
1399 1257 1598 1328 Spiritu
1645 1269 1824 1312 sancto
1863 1268 1939 1311 est

340 1351 560 1416 (Matth.
591 1367 630 1417 ι,
649 1350 764 1422 20).
798 1350 953 1418 Quod
989 1351 1036 1405 si
1056 1351 1290 1405 Verbum
1321 1349 1462 1404 Deus
1491 1350 1665 1404 nudus
1703 1366 1765 1405 ac
1793 1351 1940 1405 solus

336 1451 477 1507 erat,
507 1444 597 1512 qui
628 1452 786 1497 natus
809 1453 892 1498 est
916 1443 1123 1516 [Βαιιιι.
1149 1443 1236 1495 ad.
1258 1451 1468 1498 creatus
1489 1441 1620 1513 est],
1655 1461 1770 1508 nec,
1796 1444 1939 1513 quod

339 1535 474 1590 dicit
515 1534 861 1603 evangelista,
907 1535 1138 1603 Spiritus
1164 1535 1370 1588 creavit
1397 1534 1538 1589 illius
1585 1536 1839 1604 templum
1888 1537 1938 1589 in

340 1626 503 1679 beata
533 1625 720 1690 Maria,
754 1625 1054 1680 invenietur
1079 1625 1221 1682 Deus
1248 1625 1483 1680 Verbum
1518 1627 1688 1680 sancti
1711 1626 1941 1696 Spiritus

337 1719 638 1791 opiﬁcium.

2031 530 2233 586 Deinde
2257 546 2376 585 cum
2401 530 2468 586 ad
2492 531 2605 586 haec
2633 530 2859 601 subjicio
2893 549 2904 584 :
2937 531 3076 598 Quid
3106 532 3264 600 igitur
3285 532 3517 587 absurde
3534 534 3616 588 dia

2031 624 2168 678 citur
2187 639 2216 677 a
2249 623 2420 689 nobis,
2437 638 2559 678 eum
2580 639 2766 677 vocem
2795 623 2933 677 hanc
2963 622 3153 703 eiferqe
3181 623 3392 692 quidem
3422 625 3616 677 suade-

2033 730 2170 779 mus,
2201 714 2296 768 sed
2332 714 2398 768 ad
2435 729 2719 769 commune
2771 714 2976 768 duabus
3015 715 3218 767 naturis
3262 711 3617 781 significatum

2033 807 2292 878 pergere?
2337 805 2473 859 Tum
2495 820 2626 859 vero
2654 813 2845 874 putant
2890 805 3258 873 blasphemum
3297 819 3445 868 esse,
3477 805 3618 872 quod

2033 897 2295 952 dicimus:
2329 895 2434 949 Aut
2479 902 2665 965 aperte
2711 895 2968 950 conﬁtere
3010 895 3346 949 Divinitatem
3376 911 3443 948 ex
3465 894 3619 947 beata

2035 990 2200 1046 Maria
2224 991 2490 1059 genitam;
2523 997 2633 1053 aut,
2663 989 2708 1042 si
2735 995 2794 1041 ut
2817 987 3178 1057 lilasphemam
3201 986 3336 1054 fugis
3364 986 3504 1040 hanc
3525 1003 3622 1037 vo-

2037 1096 2173 1145 cem,
2207 1096 2302 1134 cur
2321 1078 2415 1148 qui
2453 1077 2642 1133 eadem
2685 1086 2847 1148 atque
2875 1093 2976 1147 ego
3014 1077 3164 1143 dicis,
3199 1085 3249 1130 te
3277 1077 3418 1131 haud
3443 1076 3623 1131 dicere

2037 1172 2292 1225 simulas?
2993 1191 3002 1200 ε
3024 1214 3034 1224 .

2107 1264 2159 1317 2.
2203 1265 2261 1319 Si
2287 1263 2388 1318 lide
2416 1263 2643 1333 simplici
2673 1263 2956 1333 Deiparam
2983 1260 3282 1333 proferres,
3309 1261 3452 1315 nulla
3484 1269 3623 1314 esset

2041 1359 2178 1429 apud
2201 1374 2288 1412 me
2307 1357 2556 1412 dictionis
2577 1357 2773 1411 invidia
2799 1357 2948 1411 verbi
2977 1371 3192 1410 sensum
3221 1355 3624 1423 exquirentem;

2039 1452 2134 1508 sed
2161 1451 2285 1520 quia
2317 1451 2470 1506 video
2499 1459 2571 1514 te,
2603 1459 2865 1521 prtetextu
2888 1464 3013 1518 erga
3051 1450 3265 1503 beatam
3288 1446 3507 1500 Mariam
3531 1445 3625 1498 ho-

2043 1544 2208 1607 noris,
2265 1543 2642 1598 htereticorum
2683 1540 3001 1597 confirmare
3046 1539 3462 1609 blasphemiam,
3507 1537 3625 1590 ideo

2041 1635 2292 1691 dictionis
2318 1634 2678 1704 prolationem
2702 1640 2859 1687 caute
2886 1629 3180 1702 pratmunio
3197 1671 3212 1694 ,
3250 1644 3372 1683 cum
3411 1628 3625 1697 pericu-
3649 1685 3675 1700 Ι

2043 1728 2152 1782 lum
2183 1729 2235 1782 in
2266 1743 2328 1785 ea
2343 1728 2577 1782 dictione
2605 1726 2778 1780 latens
2806 1733 3114 1794 suspectum
3141 1722 3390 1776 habeam.

416 1812 500 1866 12.
547 1812 834 1882 Fugiamus
863 1815 1066 1887 ‘itaque
1093 1815 1252 1886 hujus
1281 1815 1608 1871 confusionis
1645 1831 1882 1871 errorem
1918 1834 1929 1869 :
1969 1811 2011 1870 Β
2109 1821 2162 1874 '5.
2203 1819 2260 1876 ld
2283 1827 2339 1874 ut
2363 1819 2558 1874 clarius
2599 1817 2792 1882 dicam,
2826 1824 2881 1871 et
2909 1825 2968 1870 ut
2996 1815 3062 1869 ab
3091 1813 3395 1868 hominibus
3425 1810 3625 1879 percipi

341 1908 628 1963 Dominum
653 1918 893 1964 nostrum
911 1909 1202 1976 Christum,
1218 1911 1510 1966 secundum
1533 1917 1778 1966 naturam
1796 1954 1810 1978 ,
1839 1911 1936 1965 du—

338 2001 535 2072 plicem
566 2003 836 2069 dicamus;
868 2004 1160 2059 secundum
1188 2006 1333 2074 quod
1355 2014 1438 2060 est
1468 2006 1651 2069 Filius,
1675 2022 1862 2060 unum.

419 2093 503 2147 i3.
526 2091 640 2162 Ego
663 2103 847 2149 autem
884 2096 1203 2165 quibusdam
1230 2098 1362 2152 mihi
1389 2105 1442 2152 et
1466 2098 1595 2152 illud
1622 2098 1939 2153 renuntian-

343 2182 526 2250 tibus,
574 2200 696 2239 eum
741 2184 922 2240 laetitia
953 2187 1146 2256 smpius
1188 2188 1310 2256 risi,
1342 2189 1624 2257 quoniam,
1657 2189 1934 2258 inquiunt,

343 2272 373 2310 δ
400 2273 702 2344 episcopus,
734 2291 852 2345 qum
883 2276 1095 2332 Photini
1122 2288 1266 2342 sunt,
1291 2281 1448 2349 sapit,
1483 2283 1760 2334 nescientes
1782 2297 1941 2352 neque

339 2379 461 2435 qua:
488 2363 780 2436 loquuntur,
807 2383 968 2438 neque
988 2367 1050 2421 de
1070 2369 1249 2440 quibus
1281 2371 1539 2439 afﬁrmant
1561 2371 1603 2440 (l
1635 2371 1764 2424 Tim.
1791 2388 1826 2437 ι,
1861 2371 1936 2441 7);

342 2455 452 2509 hoc
479 2457 621 2510 enim
651 2457 795 2525 quod
835 2473 864 2512 a
906 2475 996 2514 me
1024 2460 1249 2526 dicitur,
1282 2461 1498 2515 Photini
1547 2462 1772 2534 [Balu:.
1815 2463 1936 2516 add.

340 2544 645 2617 dogmatis]
675 2549 884 2603 eversio
923 2550 1208 2604 invenitur.
1243 2549 1459 2606 Photini
1494 2554 1636 2607 enim
1679 2569 1867 2608 sensus
1910 2569 1940 2607 a

343 2643 505 2706 partu
535 2636 713 2692 Mariae
741 2638 919 2694 Verbo
961 2640 1076 2695 Deo
1103 2641 1196 2695 dat
1233 2643 1580 2712 principium,
1612 2659 1700 2698 me
1732 2643 1944 2699 dicente

344 2726 582 2783 Verbum
606 2729 772 2784 Deum
795 2747 1009 2800 semper
1041 2744 1062 2771 ο
1086 2733 1318 2788 existere
1349 2743 1472 2790 ante
1498 2735 1711 2789 saecula.

422 2819 509 2873 14.
543 2820 622 2876 Ad
653 2823 773 2876 illos
794 2824 922 2876 mihi
953 2823 1169 2892 quidem
1210 2825 1564 2895 proverbialis
1593 2841 1771 2880 sermo
1799 2824 1946 2880 sufii-

346 2913 494 2966 t‘iat:
529 2913 655 2969 Noli
687 2916 990 2986 respondere
1011 2917 1322 2987 imprudenti
1341 2918 1615 2973 secundum
1645 2918 1944 2989 impruden-

351 3007 480 3059 tiam
500 3009 608 3078 ejus
633 3008 813 3078 (Prov.
841 3026 985 3074 xxvn,
1014 3009 1090 3080 4).
1125 3009 1234 3065 Vos
1255 3018 1435 3065 autem
1457 3011 1580 3066 volo
1611 3012 1947 3081 perspicaces

349 3099 746 3154 examinatores
769 3101 1096 3168 dogmatnm,
1115 3099 1142 3138 ⁴¹
1167 3117 1341 3171 neque
1357 3104 1628 3173 plausibus
1646 3104 1740 3167 uti,
1759 3119 1935 3173 neque

2039 1911 2246 1968 facilius
2274 1912 2464 1982 possit,
2489 1911 2580 1980 qui
2602 1910 2785 1964 Arium
2807 1908 3000 1964 sectati
3023 1915 3168 1973 sunt,
3195 1912 3249 1960 et
3277 1904 3624 1965 Eunomium,

2039 2012 2099 2058 et.
2123 2003 2526 2074 Apollinarium,
2553 2010 2608 2056 et
2629 2001 2868 2056 omnium
2893 1997 3198 2068 hujusmodi
3217 1995 3426 2050 familia:
3455 1995 3629 2048 homi-

2039 2110 2166 2148 num
2211 2094 2381 2157 chori,
2430 2092 2748 2147 studuerunt
2770 2091 3012 2146 Θεοτόκου
3041 2088 3452 2159 appellationem
3483 2086 3634 2141 inve-

2041 2187 2187 2250 here,
2230 2193 2290 2239 ut
2334 2184 2475 2237 facta
2505 2183 2801 2247 mixtione,
2829 2181 3141 2250 duabusque
3181 2179 3384 2233 naturis
3412 2178 3632 2232 minime

2040 2278 2322 2343 distinctis,
2358 2277 2490 2331 nihil
2537 2291 2602 2330 ex
2631 2275 2716 2329 his
2749 2290 2868 2344 qua:
2898 2274 3087 2328 viliora
3133 2279 3257 2326 sunt
3285 2271 3352 2325 de
3381 2269 3630 2324 humanin

2041 2379 2153 2425 tate
2199 2370 2398 2425 dictum
2429 2369 2794 2439 acciperetur;
2838 2383 2900 2422 ac
2928 2367 3077 2421 locus
3113 2365 3217 2419 illis
3238 2364 3351 2433 jam
3378 2363 3633 2418 adversus

2042 2465 2213 2534 ipsam
2256 2462 2598 2516 Divinitatem
2633 2467 2876 2530 pateret,
2920 2467 3195 2527 tamquam
3223 2455 3402 2511 omnia
3429 2445 3496 2508 de
3524 2470 3634 2508 uno

2043 2555 2368 2617 dicerentur,
2396 2568 2503 2607 non
2525 2552 2734 2606 ratione
2754 2551 3024 2618 dignitatis
3040 2565 3106 2603 ex
3121 2549 3236 2618 ipsa
3258 2545 3637 2615 conjunctione

2044 2645 2441 2713 consequentis,
2461 2643 2554 2699 sed
2571 2643 2738 2713 ipsius
2753 2643 2964 2697 ratione
2986 2649 3209 2696 naturaa.
3230 2639 3378 2694 Unus
3390 2649 3471 2693 est
3487 2655 3637 2692 nam-

2045 2752 2148 2806 que
2170 2735 2434 2801 Christus,
2460 2743 2514 2789 et
2541 2749 2677 2788 unus
2697 2734 2986 2798 Dominus;
3011 2733 3105 2788 sed
3126 2733 3176 2786 in
3199 2731 3434 2796 Christo,
3462 2730 3638 2784 immi-

2045 2829 2247 2896 genito,
2264 2829 2498 2897 inquam,
2517 2825 2673 2892 Filio,
2689 2823 2953 2880 etChristi
2978 2821 3174 2878 nomen
3193 2830 3247 2878 et
3266 2822 3404 2888 Filii,
3421 2836 3562 2877 nunc
3572 2822 3640 2876 t‘e

2046 2923 2355 2985 divinitate,
2384 2937 2525 2976 nunc
2554 2919 2621 2974 de
2648 2919 2984 2974 humanitate
3013 2917 3396 2985 divinitathue
3423 2915 3636 2970 dicitur.

2118 3013 2170 3066 4.
2213 3013 2332 3066 Dixi
2356 3012 2468 3081 jam
2509 3012 2708 3081 smpius
2737 3028 2749 3064 :
2783 3009 2839 3065 Si
2869 3010 2991 3079 quis
3016 3010 3157 3063 inter
3179 3024 3277 3063 vos
3325 3008 3638 3078 simplicior,

2047 3107 2159 3161 sive
2189 3106 2327 3159 inter
2351 3117 2718 3173 quoscumque
2746 3102 2879 3158 alios
2897 3143 2910 3168 ,
2944 3116 3076 3156 voce
3104 3101 3204 3155 hac
3243 3101 3486 3161 Θεὸτοκος
3507 3113 3641 3167 gau-

350 3189 839 3246 attrahi'sermonis
880 3192 1149 3258 illecebra,
1183 3208 1358 3262 neque
1385 3194 1692 3262 dogmatum
1720 3194 1939 3262 aliquid,
1972 3195 2018 3255 C
2047 3200 2156 3262 det,
2190 3197 2331 3268 apud
2357 3213 2444 3251 me
2475 3196 2618 3251 nulla
2677 3205 2760 3252 est
2787 3195 2859 3250 de.
2893 3210 3028 3251 Voce
3056 3193 3275 3261 invidia,
3327 3202 3532 3248 tantum
3575 3208 3643 3245 ne

350 3280 822 3350 examinatamque
869 3284 1131 3336 rationem
1173 3285 1429 3339 novitatis
1476 3286 1946 3356 pratsumptionem

352 3379 564 3440 putare,
591 3371 687 3426 sed
714 3373 955 3426 veritatis
976 3388 1094 3426 eam
1119 3375 1288 3442 magis
1311 3375 1535 3443 gloriam
1558 3375 1817 3444 judicare.

985 3484 1216 3540 SERMO
1255 3487 1318 3541 V.

355 3575 436 3631 De
459 3576 564 3632 Deo
588 3564 712 3633 nato
741 3589 790 3631 et
828 3577 1039 3648 Virgine
1067 3581 1327 3650 Θερτόκω,
1381 3582 1473 3650 qui
1503 3582 1771 3638 secundus
1803 3591 1826 3620 ε
1857 3582 1951 3636 ad-

911 3665 1096 3703 versus
1125 3649 1392 3705 Proclum.

429 3740 480 3793 i.
504 3740 659 3810 Saepe
689 3741 806 3796 illos
846 3742 1050 3811 rogavi,
1085 3743 1174 3812 qui
1198 3745 1437 3799 Θεοτόκον
1454 3743 1782 3798 defendunt:
1815 3743 1950 3797 Num

357 3833 621 3887 Deitatem
652 3834 827 3888 dicitis
865 3851 933 3888 ex
958 3844 1142 3890 sancta
1191 3836 1409 3903 Virgine
1458 3837 1672 3890 natam?
1713 3836 1793 3889 Ad
1840 3835 1955 3889 lucc

357 3924 522 3978 verba
554 3925 695 3978 illico
735 3925 984 3978 resiiiunt'
1014 3944 1025 3978 :
1061 3925 1283 3994 Ecquis,
1331 3927 1611 3994 inquiunt,
1664 3934 1812 3980 tanto
1840 3926 1955 3980 bla-

359 4016 617 4086 Sphetnize
645 4016 834 4075 morbo
864 4016 1090 4085 laborat,
1116 4025 1173 4071 ut
1193 4033 1313 4087 qum
1333 4018 1589 4088 templum
1604 4018 1808 4086 genuit,
1834 4017 1958 4088 Spi-

2053 3290 2324 3359 Virginem
2353 3287 2516 3343 faciat
2537 3287 2714 3343 deam.

2123 3379 2172 3433 5.
2216 3379 2273 3435 Si
2294 3380 2436 3434 Deus
2464 3385 2548 3433 est
2586 3376 2864 3442 Christus,
2897 3377 3174 3448 inquiunt,
3208 3385 3262 3430 et
3287 3373 3530 3430 Christus
3578 3390 3646 3428 ex

2051 3473 2210 3527 beata
2242 3470 2403 3524 Maria
2425 3478 2508 3526 est
2529 3477 2698 3532 ortus,
2723 3486 2818 3524 cur
2847 3469 3007 3537 Virgo
3032 3485 3140 3523 non
3162 3477 3244 3522 est
3263 3467 3358 3521 Dei
3379 3467 3646 3535 geniti-ix?

2052 3561 2193 3616 Nihil
2223 3560 2437 3615 occulto
2457 3598 2470 3622 ,
2503 3559 2648 3628 quod
2677 3559 2744 3613 ab
2783 3559 2887 3612 illis
2930 3559 3200 3628 obji‘citur.
3231 3557 3365 3612 Nam
3409 3558 3648 3612 veritatis

2055 3658 2262 3705 amator
2309 3649 2490 3703 omnia
2537 3661 2658 3717 qua:
2687 3661 2716 3701 a
2763 3646 2994 3702 falsitate
3031 3648 3135 3702 dici
3162 3655 3389 3718 possunt
3429 3655 3645 3716 accepta

2054 3743 2155 3797 sibi
2185 3741 2386 3810 objicit.
2419 3740 2704 3794 Formatur
2732 3739 2784 3793 in
2833 3748 2986 3793 utero
3015 3739 3220 3805 infans,
3253 3739 3346 3793 sed
3376 3739 3555 3808 quoad
3585 3738 3646 3789 li-

2056 3849 2242 3905 guram
2271 3831 2558 3901 acceperit,
2592 3830 2828 3886 nondum
2859 3831 3021 3884 habet
3069 3831 3302 3884 animam
3333 3849 3344 3883 :
3379 3838 3435 3883 at
3460 3831 3548 3884 ubi
3581 3830 3644 3881 li-

2057 3934 2276 3996 guratus
2299 3923 2477 3990 fuerit,
2497 3922 2607 3993 jam
2638 3923 2814 3977 anima
2841 3920 3156 3981 informatur
3175 3937 3205 3974 a
3233 3921 3363 3976 Deo.
3392 3919 3460 3974 Ut
3489 3921 3650 3989 igitur

2061 4018 2254 4072 mulier
2279 4031 2474 4085 corpus
2505 4013 2662 4085 parit,
2685 4012 2780 4068 sed
2803 4013 2942 4066 Deus
2969 4012 3200 4065 animam
3231 4011 3442 4077 tribuit;
3474 4026 3649 4077 neque

1539 4125 2086 4184 CASTIGATIONES
2124 4103 2212 4180 Er
2253 4125 2484 4182 norm.

437 4249 461 4276 "
503 4240 686 4298 Bal-uz.
723 4259 734 4294 :
771 4238 908 4305 Quid
941 4245 1078 4297 enim
1125 4244 1200 4297 ait
1232 4242 1548 4313 evangelista
1582 4242 1645 4295 de
1682 4259 1739 4296 eo
1778 4244 1862 4307 qui
1901 4243 1956 4296 in

358 4321 536 4364 uentre
564 4321 762 4367 creatus
787 4316 898 4368 est?
919 4313 1074 4368 Ευιτ.

436 4380 463 4418 δ
502 4379 615 4435 Etsi
645 4382 996 4450 objiciehatnr
1035 4383 1265 4437 maxime
1310 4382 1592 4437 consensio
1616 4398 1740 4436 cum
1791 4380 1957 4436 Paulo

362 4450 742 4515 Samosateno,
769 4460 825 4506 ut
846 4469 913 4508 ex
935 4455 1292 4508 obtestatione
1313 4453 1531 4508 Eusebii
1555 4459 1798 4515 constat;
1824 4453 1960 4506 Pho-

364 4521 463 4576 tini
493 4531 669 4578 tamen
714 4525 978 4586 meminit.
1008 4525 1160 4593 cujus
1190 4532 1248 4577 ut
1275 4532 1393 4578 erat
1420 4523 1690 4578 recentior
1729 4523 1958 4576 invidio-

364 4593 587 4662 siorque
625 4595 908 4660 memoria,
957 4597 1030 4649 ita
1059 4595 1290 4650 societas
1338 4595 1547 4663 objecta
1591 4593 1960 4647 vehementius

2063 4243 2146 4296 vel
2176 4241 2426 4296 felicitate
2451 4240 2707 4294 eruimus.

2133 4311 2318 4366 Posuit
2346 4325 2508 4379 porro
2539 4317 2711 4362 totum
2736 4308 2786 4361 in
2811 4306 3126 4379 explicanda
3139 4309 3346 4379 ratione
3366 4323 3472 4379 qua
3491 4306 3650 4379 Virgo

2060 4381 2163 4436 dici
2213 4377 2374 4450 queat
2421 4379 2680 4448 Deipara,
2711 4379 2826 4450 sine
2864 4377 2974 4434 Sua:
3003 4378 3276 4450 doctrinae
3319 4377 3649 4450 prtcjudicio.

2059 4451 2211 4505 Facit
2231 4447 2366 4505 vero
2387 4447 2602 4516 gravem
2633 4448 2912 4504 catholicis
2939 4447 3277 4513 calumniam,
3301 4447 3452 4518 quasi
3475 4447 3650 4516 Virgi-

2062 4537 2183 4576 nem
2211 4521 2434 4574 Deitatis
2465 4519 2630 4589 ipsius
2645 4526 2940 4589 parentem,
2966 4518 3128 4589 immo
3145 4519 3648 4589 etdeamdicerent,

2061 4592 2148 4646 vel
2170 4600 2316 4646 certe
2340 4587 2602 4645 sentirent
2629 4587 2750 4644 cum
2781 4587 2909 4644 Ario
2926 4630 2941 4654 ,
2982 4587 3248 4644 Eunomio
3277 4597 3332 4644 et
3356 4588 3650 4656 Apollinari

365 4653 578 4717 urebat.
609 4662 827 4732 Obiecta
862 4653 988 4720 vero
1036 4674 1118 4720 est
1147 4665 1376 4735 primum
1393 4653 1584 4786 ,'quod
1613 4679 1682 4718 ex
1714 4670 1958 4716 veterum
1988 4653 2038 4711 D
2065 4671 2282 4717 naturas
2302 4660 2754 4715 confundentibus
2773 4661 2827 4714 in
2848 4653 3095 4723 Christo;
3118 4675 3220 4716 nec
3239 4653 3501 4714 minorem
3523 4674 3652 4720 con-

365 4737 731 4787 monumentis
759 4736 880 4787 sciri
911 4744 1094 4787 queat.
1133 4752 1162 4787 a
1211 4734 1379 4787 Mario
1421 4735 1450 4787 lt
1476 4743 1721 4787 creatore
1755 4733 1808 4786 in
1839 4733 1957 4787 eoi-
2063 4732 2155 4787 ﬂat
2204 4731 2453 4787 invidiam
2473 4771 2486 4787 .
2519 4731 2670 4787 quasi
2695 4731 2828 4785 duas
2858 4730 2926 4784 ob
2956 4728 3302 4787 ratiunculas.
3336 4742 3537 4787 easque
3564 4728 3647 4782 le-

365 4737 731 4790 monumentis
759 4736 880 4789 sciri
911 4744 1094 4804 queat.
1133 4733 1162 4789 a
1211 4734 1379 4789 Mario
1421 4733 1721 4789 Mercatore
1755 4733 1808 4786 in
1839 4733 1957 4801 epi-

365 4804 529 4862 stola.
561 4821 720 4875 quam
751 4808 947 4876 sparsit
975 4807 1026 4860 in
1069 4807 1254 4872 vulgus
1282 4821 1346 4859 eo
1367 4813 1630 4876 tempore
1656 4819 1768 4876 quo
1800 4805 1958 4876 obte-

365 4873 658 5010 statiopem
686 4873 946 4932 Eusebius
994 4876 1274 4946 proposuit
1316 4876 1333 4946 (
1360 4875 1487 4929 Vide
1516 4885 1664 4929 notas
1698 4873 1768 4927 ad
1804 4875 1954 4945 epist.

365 4961 411 5002 is
437 4963 523 5002 am
563 4987 575 5000 .

363 4955 523 5002 istam
541 4955 575 5002 l.

445 5026 467 5087 ς
508 5015 693 5072 Codex
722 5016 920 5076 Vatic..
952 5019 1297 5087 prweristere.
1332 5015 1528 5087 Bstuz.

440 5085 466 5123 τι
510 5087 872 5157 Reprehendit
903 5084 1095 5142 iterum
1132 5088 1353 5156 plausus
1374 5085 1571 5157 Procloﬁ
1596 5084 1766 5140 tactos
1788 5092 1842 5140 et
1863 5085 1957 5139 ad-

363 5156 670 5230 mirabilem
697 5160 1031 5230 panegyricae
1060 5156 1688 5230 orationis__elegantiam,
1723 5171 1830 5224 qua
1855 5157 1957 5230 mi:-

364 5245 488 5284 rum
513 5229 564 5282 in
586 5225 804 5284 modum
834 5225 1022 5299 captus
1043 5228 1270 5299 populus
1297 5227 1496 5282 dicenti
1523 5226 1866 5293 acclamarat,
1891 5225 1960 5280 ad

366 5299 627 5354 invidiam
657 5299 910 5355 Nestorii.
1065 5333 1075 5340 -

444 5379 469 5407 ο
508 5368 640 5423 Cum
679 5370 952 5425 Nestorius
993 5369 1343 5438 extemporali
1376 5367 1620 5438 oratione
1662 5365 1760 5420 tria
1784 5365 1962 5420 Procli

363 5439 512 5494 dicta
538 5442 1072 5509 breviter‘arguisset,
1107 5437 1296 5506 nempe
1317 5438 1461 5506 quod
1483 5437 1646 5509 Virgo
1671 5446 1815 5509 esset
1834 5448 1962 5494 eaa-

363 5512 550 5574 τόκοςς
573 5512 715 5580 quod
747 5507 886 5567 Deus
914 5527 1100 5581 passus
1127 5518 1178 5564 et
1209 5517 1481 5581 mortuus;
1511 5508 1761 5581 quodque
1791 5507 1964 5581 factus

367 5578 615 5650 pontifex
665 5601 677 5636 :
729 5578 932 5651 singula
979 5579 1318 5650 postmodum
1362 5578 1581 5651 singulis
1627 5578 1965 5651 sermonibus

279 5690 301 5740 ‘
368 5649 734 5740 impugnanda
742 5649 1002 5740 prolixius
1031 5650 1257 5740 putavit;
1275 5650 1574 5740 etpriinu‘tn
1603 5649 1816 5740 quidem
1839 5649 1960 5730 isto,

320 5739 330 5756 ··
369 5717 549 5789 quem
567 5738 631 5777 ex
651 5717 995 5778 collectaneis
1025 5717 1136 5776 tum
1164 5719 1487 5790 Cyrillianis,
1521 5727 1630 5790 tum
1661 5717 1960 5790 Ephesinis,

372 5807 496 5858 qua:
534 5793 800 5850 Mercator
826 5793 1006 5859 vertit,
1040 5808 1146 5849 non
1171 5789 1287 5848 sine
1328 5791 1504 5862 aliqua
1551 5789 1634 5844 vel
1671 5789 1962 5857 diligentia,

2063 4732 2155 4787 ﬂat
2204 4731 2453 4787 invidiam
2473 4771 2486 4796 ,
2519 4731 2670 4798 quasi
2695 4731 2828 4785 duas
2858 4730 2926 4784 ob
2956 4728 3302 4795 ratiunculas,
3336 4742 3537 4797 easque
3564 4728 3647 4782 le-

2063 4803 2330 4867 vissimas,
2361 4802 2634 4856 venissent
2661 4801 2714 4854 in
2744 4801 3340 4870 οῃίηἰοῃεῐηηθεοτόκου.

2132 4874 2192 4928 In
2220 4874 2323 4928 hoc
2341 4887 2591 4926 sermone
2611 4868 2906 4927 refellendo
2919 4868 3150 4941 Cyrillus
3175 4871 3461 4941 insumpsit
3481 4879 3655 4927 totum

2061 4943 2175 4999 fere
2203 4959 2356 4998 suum
2387 4943 2579 4996 librum
2627 4943 2858 5011 primum
2887 4956 2953 5012 ac
2977 4941 3269 5012 secundum
3297 4941 3380 5012 dei
3393 4943 3651 5012 quinque,

2061 5015 2255 5082 quibus
2294 5009 3008 5083 contradixitblasphemiis
3036 5009 3272 5083 Nestorii
3317 5009 3466 5083 (Lib.
3500 5009 3598 5068 net
3621 5030 3656 5068 tt

2063 5081 2441 5150 Contradict.).
2472 5081 2627 5148 Quod
2667 5084 2921 5153 eximium
2967 5096 3102 5151 opus
3145 5081 3339 5138 merito
3387 5084 3656 5153 quispiam

2061 5155 2411 5224 appellaverit
2441 5153 2743 5221 apologiam
2770 5151 2944 5208 Procli
2966 5171 2998 5224 ﬂ:
3032 5153 3083 5206 in
3113 5167 3183 5224 eo
3203 5153 3342 5224 enim
3365 5151 3659 5222 respondet

2061 5221 2290 5296 C'yrillus
2313 5221 2728 5296 iis-lcre_tantum
2743 5222 3081 5296 sermonibus
3099 5223 3190 5292 qui
3211 5239 3240 5277 a
3263 5221 3560 5296 Nestoriod
3570 5226 3658 5277 icti

2062 5291 2189 5350 sunt
2209 5294 2469 5349 adversus
2489 5291 2759 5349 Proclum.
2783 5293 2915 5347 Nam
2935 5291 3137 5363 primus
3152 5300 3207 5347 et
3226 5294 3491 5350 secundus
3521 5294 3658 5348 liber

2063 5367 2130 5421 de
2169 5364 2386 5432 Virgine
2414 5365 2634 5437 Θιοτὸκῳ
2663 5375 2718 5418 et
2747 5365 2858 5437 Deo
2903 5372 3028 5417 nato
3064 5372 3184 5437 est;
3233 5364 3423 5420 tertius
3451 5365 3517 5437 de
3547 5363 3658 5437 Deo

2065 5437 2378 5498 sacerdote;
2401 5433 2624 5501 quartus
2651 5444 2705 5489 et
2732 5436 2951 5503 quintus
2971 5434 3162 5502 majori
3191 5450 3256 5489 ex
3277 5443 3431 5504 parte
3459 5433 3526 5488 de
3544 5433 3657 5504 Deo

2067 5521 2226 5577 passo
2250 5513 2306 5559 et
2331 5512 2576 5577 mortuo:
2606 5519 2725 5573 quae
2751 5502 2839 5577 res
2877 5504 3004 5559 fecit
3043 5513 3099 5559 ut
3137 5502 3295 5559 idem
3320 5502 3661 5577 sermonibus

2070 5575 2202 5632 crdo
2226 5591 2256 5629 a
2279 5575 2433 5629 nobis
2449 5576 2788 5630 tribueretur.
2809 5575 2934 5630 Duae
2955 5585 3162 5646 tantum
3185 5575 3657 5646 posteriores__sero

2071 5647 2245 5701 monis
2273 5653 2452 5716 partes
2479 5646 2823 5716 reperiuntur
2851 5645 2991 5716 apud
3032 5642 3405 5707 Mercatorem,
3438 5642 3656 5716 reliquie

2071 5734 2139 5772 ex
2164 5710 2326 5786 opere
2365 5710 2560 5785 Cyrilli'
2592 5731 2715 5771 mox
2745 5710 2958 5772 laudato
2999 5716 3255 5786 suppleta:
3288 5720 3428 5769 sunt.
3461 5710 3660 5768 Οιιηιτι

2071 5787 2254 5843 Crtccc
2283 5787 2564 5841 habentur.
