3960 6184
388 307 490 361 787

897 306 1088 361 ΜΛΠΙΙ
1128 304 1558 361 DIERCATOBIS
1598 307 2165 367 TRANSLATIONES
2207 312 2561 373 VARIORUM
2601 316 3132 376 OPUSCULORUM.

3536 324 3637 378 788

384 426 505 483 ideo
532 426 723 480 mulier
746 428 950 483 dicetur
976 427 1164 481 anima:
1191 426 1441 495 genitrix,
1464 430 1588 497 quia
1617 431 1826 501 peperit
1846 432 1962 486 ani-
1989 430 2036 487 Δ
2063 445 2199 494 cem,
2227 431 2362 486 mira
2380 432 2668 489 dementia.
2692 435 2821 501 Quis
2845 438 2985 491 enim
3016 438 3245 507 apostoli
3277 435 3511 493 officium
3539 456 3636 493 au-

383 532 604 589 matum,
629 524 721 578 sed
749 522 924 591 potius
936 520 1169 575 hominis
1188 522 1445 589 genitrix:
1470 522 1546 576 sic
1573 537 1785 591 quoque
1804 523 1962 578 beata

383 613 564 682 Virgo,
588 614 687 668 etsi
707 612 915 682 peperit
937 612 1225 678 hominem,
1249 613 1407 667 simul
1428 628 1549 667 cum
1574 614 1666 669 illo
1690 622 1963 682 pertrans-

384 714 545 759 cunte
592 705 685 759 Dei
729 704 938 770 Verbo,
991 721 1102 759 non
1141 704 1262 761 ideo
1291 711 1374 760 est
1400 705 1495 759 Dei
1533 705 1762 773 genitrix
1802 723 1814 757 :
1853 721 1959 759 non

380 800 522 853 enim
549 797 709 852 Verbi
748 797 1006 852 Divinitas
1034 813 1065 851 a
1102 797 1262 851 beata
1288 795 1508 864 Virgine
1555 796 1765 851 initium
1794 797 1955 864 cepit,

377 889 471 945 sed
502 895 617 944 erat
643 896 831 943 natura
854 888 1013 942 Deus.
1648 938 1653 947 ,

445 982 497 1035 6.
540 983 617 1037 De
642 982 804 1036 beato
847 980 1052 1035 Joanne
1081 980 1319 1050 Baptista
1345 980 1667 1050 praedicatur
1697 996 1728 1033 a
1755 980 1960 1034 sanctis

378 1079 601 1147 angelis,
656 1074 982 1144 implendum
1028 1089 1146 1129 esse
1192 1072 1450 1127 infantem
1502 1073 1702 1143 Spiritu
1747 1080 1955 1142 sancto,

379 1173 554 1227 adhuc
591 1186 656 1225 ex
703 1178 855 1224 utero
897 1169 1084 1223 matris
1111 1182 1220 1223 sua:
1270 1164 1426 1235 (Luc.
1458 1182 1495 1229 ι,
1520 1164 1654 1234 15);
1686 1174 1845 1234 atque
1884 1167 1957 1220 ita

375 1265 566 1320 beatus
604 1262 838 1318 Joannes
882 1261 1121 1330 Baptista
1166 1259 1420 1329 Spiritum
1467 1264 1708 1312 sanctum
1756 1258 1957 1312 habens

376 1355 549 1410 editus
571 1362 670 1408 est.
704 1351 839 1419 Quid
868 1352 1065 1419 igitur?
1091 1349 1467 1420 Appellabisne
1488 1348 1654 1418 ipsam
1682 1347 1956 1403 Elisabeth

374 1444 603 1516 Spiritus
629 1443 974 1511 genitricem?
1001 1442 1116 1497 Huc
1136 1442 1370 1495 animum
1391 1440 1605 1504 referte,
1637 1455 1701 1495 ac
1724 1440 1766 1493 si
1788 1440 1878 1507 qui
1900 1440 1953 1493 in

372 1537 526 1592 vobis
568 1536 762 1589 fuerint
788 1535 880 1602 qui
917 1532 985 1586 ad
1030 1547 1094 1587 ea
1130 1546 1250 1601 qute
1279 1531 1545 1592 dicuntur,
1587 1537 1857 1598 tamquam
1886 1529 1952 1583 ad

374 1628 611 1682 inaudita
640 1634 695 1680 et
722 1625 955 1689 insolita,
990 1633 1327 1689 moveantur,
1357 1622 1567 1676 veniam
1588 1620 1712 1676 date
1740 1620 1950 1683 illorum

373 1718 670 1787 imperitiae.

2062 522 2245 589 diens,
2297 541 2405 580 non
2465 528 2645 581 statim
2700 529 2889 597 videat.
2927 530 3198 584 hominem
3251 529 3602 586 demonstrari
3615 534 3636 586 Υ

2062 612 2193 679 Quis
2238 618 2430 672 summi
2471 619 2766 675 sacerdotis
2811 636 3007 675 nomen
3054 623 3306 685 audiens,
3339 622 3635 682 Divinitatis

2060 713 2308 760 naturam
2338 708 2405 762 ad
2428 712 2720 767 sacerdotis
2746 713 3100 768 ministerium
3128 715 3321 769 vocet?

2127 796 2180 850 2.
2222 798 2281 853 Si
2325 802 2469 855 enim
2507 803 2645 858 Deus
2671 805 2909 873 pontifex
2938 815 3040 869 est,
3084 807 3204 874 quis
3226 807 3330 861 erit
3347 807 3438 876 qui
3461 806 3630 861 officio

2059 888 2175 957 ejus
2202 891 2395 946 debeat
2420 893 2562 948 coli?
2589 895 2646 949 Si
2674 895 2815 950 Deus
2833 897 3110 951 oblaturus
3127 905 3209 951 est
3236 898 3492 952 sacriﬁcia
3509 908 3631 950 tam.

2058 993 2218 1047 quam
2250 983 2508 1050 pontifex,
2547 985 2723 1040 nullus
2762 987 2864 1040 erit
2891 988 2974 1041 cui
3002 986 3296 1043 offerantur
3314 988 3472 1043 Deus.
3497 989 3627 1055 Quid

2058 1070 2200 1123 enim
2230 1071 2444 1140 dignum
2468 1073 2578 1142 jam
2602 1075 2890 1132 Divinitate
2917 1086 3017 1142 ωε,
3057 1078 3103 1133 si
3125 1086 3395 1147 tamquam
3416 1077 3628 1133 inferior

2057 1159 2246 1215 offerat
2265 1163 2521 1219 sacrificia
2542 1167 2841 1235 superiori?

2126 1253 2177 1306 5.
2221 1251 2371 1310 Unde
2394 1256 2554 1324 igitur
2580 1258 2658 1312 eis
2686 1258 2827 1314 Deus
2854 1244 3200 1330 appellandus
3220 1260 3459 1330 pontifex
3487 1262 3624 1317 visus

2055 1350 2163 1408 est,
2197 1344 2287 1411 qui
2328 1346 2617 1413 sacrificio,
2656 1349 2949 1404 secundum
2998 1350 3284 1405 sacerdotii
3326 1351 3513 1415 ritum,
3561 1352 3623 1405 ad

2052 1432 2351 1502 profectum
2398 1451 2551 1490 suum
2606 1438 2825 1493 omnino
2880 1454 2990 1493 non
3046 1439 3281 1507 indiget?
3341 1450 3625 1509 perpetuus

2052 1524 2251 1594 quippe
2280 1542 2559 1596 possessor
2585 1537 2668 1583 est
2692 1529 3008 1584 Divinitatis.
3038 1530 3119 1584 Ea:
3136 1531 3425 1584 hominibus
3453 1549 3624 1601 nempe

2051 1613 2257 1681 electus,
2288 1628 2438 1688 atque
2472 1630 2735 1689 susceptus
2761 1623 3031 1693 pontifex,
3061 1638 3154 1691 pro
3183 1620 3467 1676 hominibus
3502 1638 3620 1675 con-

2050 1705 2278 1758 stituitur
2307 1707 2445 1776 apud
2476 1706 2635 1761 Deum
2665 1709 2848 1779 (Hebr.
2869 1727 2920 1775 v,
2954 1710 3027 1779 1).

442 1785 492 1862 7.
533 1808 670 1863 Audi
698 1808 860 1863 etiam
889 1806 1032 1862 aliud
1061 1806 1297 1876 ipsorum
1326 1806 1710 1870 testimonium,
1734 1806 1778 1860 si
1802 1806 1943 1860 enim
1976 1785 2021 1844 Β
2116 1796 2168 1849 4ο
2211 1796 2335 1852 Non
2362 1800 2571 1870 angelos
2599 1802 2951 1872 apprehendit,
2982 1802 3074 1857 sed
3091 1819 3258 1857 semen
3280 1802 3503 1855 Abrahte
3526 1820 3619 1870 ap-

369 1900 763 1970 cognovissent,
794 1912 1083 1966 numquam
1117 1897 1401 1951 Dominum
1441 1898 1623 1963 gloriae
1652 1896 1944 1952 crucifixis-

367 1999 507 2047 sent.
538 1989 678 2045 Ecce
716 1989 1000 2044 Dominum
1028 1988 1211 2056 gloria:
1236 1987 1383 2042 dicit.
1434 1987 1549 2042 Non
1590 1989 1668 2043 sic
1713 1990 1946 2058 appellat

367 2082 774 2147 humanitatem,
805 2079 900 2135 sed
931 2079 1305 2144 Divinitatem;
1336 2079 1441 2135 hoc
1460 2088 1638 2134 autem
1658 2087 1740 2136 est
1767 2081 1942 2135 homi~

365 2190 495 2230 num
540 2187 802 2228 summam
846 2172 991 2226 illam
1040 2170 1436 2240 copulationem
1473 2172 1881 2226 distrahentium
1928 2190 1940 2224 :

366 2281 486 2321 cum
516 2265 660 2320 enim
686 2263 821 2318 dicis
845 2263 988 2318 hunc
1008 2278 1117 2317 non
1156 2277 1275 2317 esse
1308 2262 1611 2326 Dominum,
1638 2263 1782 2317 illum
1805 2279 1943 2328 esse,

366 2367 426 2412 tu
470 2357 671 2412 nudum
714 2355 987 2410 hominem
1033 2353 1164 2409 facis
1190 2352 1477 2409 Christum.
1511 2353 1648 2421 Quid
1693 2369 1820 2423 ergo
1848 2356 1947 2410 sub

367 2447 732 2502 ecclesiastica
759 2461 992 2515 persona
1018 2445 1171 2511 dicis,
1201 2445 1486 2500 haeretice?
1514 2445 1841 2500 Dominusne
1866 2454 1949 2501 est

368 2540 531 2593 etiam
551 2539 664 2608 ipse
685 2538 869 2601 homo,
893 2552 961 2591 an
990 2536 1181 2591 secus?
1201 2535 1473 2604 Siquidem
1501 2535 1777 2600 Dominus,
1801 2551 1948 2591 com-

367 2630 646 2684 municant
671 2628 813 2681 inter
840 2643 898 2682 se
925 2642 1043 2696 qua:
1071 2628 1336 2681 dicuntur.
1380 2624 1473 2679 Sin
1502 2626 1698 2689 minus,
1720 2626 1831 2680 noli
1868 2634 1947 2690 tu,

368 2736 491 2785 cum
519 2719 717 2773 nudum
745 2733 809 2773 ac
829 2718 1122 2788 simplicem
1156 2717 1428 2771 hominem
1457 2715 1725 2770 Christum
1764 2717 1946 2783 facias,

366 2810 497 2864 mihi
525 2811 628 2865 hoc
648 2809 903 2880 probrum
932 2808 1243 2878 impingere.
1269 2807 1558 2862 Audiamus
1577 2807 1793 2861 beatum
1819 2805 1951 2860 Pau-

367 2904 474 2957 lum
521 2908 705 2972 aperte
750 2901 1073 2956 clamantem
1112 2899 1355 2967 quisnam
1402 2899 1471 2951 sit
1517 2898 1605 2952 ille
1642 2898 1945 2952 crucifixus.

368 2993 503 3048 Audi
532 2992 692 3061 igitur
711 2991 1045 3061 apertissime
1067 2988 1183 3059 ejus
1200 3003 1388 3044 vocem
1410 3006 1420 3039 :
1446 2987 1656 3042 Etenim
1672 2990 1808 3041 cruci
1812 2989 1948 3057 fixus

366 3092 441 3137 est
469 3099 531 3136 ea:
556 3082 876 3151 inﬁrmitate,
898 3079 990 3135 sed
1004 3081 1121 3134 vivit
1148 3096 1213 3133 ea:
1233 3080 1414 3133 virtute
1447 3076 1560 3131 Dei.
1589 3076 1644 3132 Si
1666 3077 1949 3132 crucifixus

2044 1892 2311 1961 prehendit
2338 1892 2521 1962 (Hebr.
2555 1910 2609 1958 ll,
2646 1893 2753 1965 16).
2786 1894 3051 1964 Numquid
3080 1911 3262 1951 semen
3294 1896 3519 1949 Abrahae
3545 1907 3624 1951 est

2046 1986 2158 2053 ipsa
2192 1985 2485 2039 Divinitas?
2524 1986 2661 2042 Audi
2707 1976 3121 2055 consequentem
3169 1989 3332 2042 etiam
3377 2004 3562 2043 vocem
3605 2006 3617 2039 :

2049 2075 2197 2129 Unde
2218 2076 2387 2129 debuit
2407 2094 2496 2146 per
2509 2079 2681 2131 omnia
2703 2079 3138 2149 fratribussimilis
3163 2080 3275 2148 fieri
3300 2077 3482 2148 (Ibid,
3510 2078 3617 2144 17).

2045 2166 2309 2235 Numquid
2348 2168 2655 2223 Divinitati?
2675 2168 2820 2235 Quos
2840 2170 2981 2224 enim
3011 2169 3396 2225 DeusVerbum
3423 2170 3620 2224 habere

2045 2257 2218 2327 potuit
2238 2256 2426 2313 fratres
2453 2258 2653 2313 similes
2672 2260 2787 2315 sui?

2118 2348 2167 2400 5.
2211 2346 2438 2418 Respice
2468 2351 2628 2403 etiam
2658 2349 2806 2414 illud,
2834 2350 2978 2418 quod
2999 2351 3081 2405 his
3109 2350 3267 2405 dictis
3286 2349 3625 2418 adiungitur:

2054 2441 2119 2496 Ut
2140 2443 2425 2496 misericors
2449 2443 2596 2513 ﬁeret
2635 2452 2685 2496 et
2723 2443 2891 2513 ﬁdelis
2913 2444 3146 2513 pontifex
3167 2441 3235 2495 ad
3274 2440 3468 2503 Deum;
3494 2443 3545 2493 in
3570 2458 3627 2494 eo

2048 2534 2204 2596 enim,
2236 2533 2290 2585 in
2316 2548 2412 2603 quo
2459 2550 2640 2603 passus
2678 2542 2753 2587 est
2780 2542 2830 2587 et
2854 2534 2964 2603 ipse
2992 2541 3233 2594 tentatus,
3265 2541 3428 2602 potest
3453 2543 3501 2584 et
3529 2532 3625 2593 his,

2050 2624 2132 2694 qui
2152 2630 2427 2688 tentantur,
2452 2623 2701 2677 auxilium
2725 2622 3055 2694 ferre(lbid.,
3082 2622 3192 2691 18).
3210 2621 3307 2687 Qui
3332 2622 3492 2690 igitur
3511 2637 3628 2690 pas-

2050 2728 2142 2767 sus
2163 2720 2271 2777 est,
2305 2712 2393 2767 ille
2431 2721 2515 2768 est
2547 2713 2789 2783 pontifex
2827 2714 3161 2779 misericors;
3208 2713 3426 2783 patibile
3454 2721 3629 2767 autem

2052 2804 2309 2874 templum
2341 2812 2440 2867 est,
2475 2820 2583 2858 non
2604 2804 2691 2860 hic
2710 2805 2798 2874 qui
2826 2805 3124 2859 vivificator
3155 2813 3236 2858 est
3256 2804 3415 2858 Deus.

2122 2891 2173 2945 6.
2215 2891 2407 2946 Semen
2429 2892 2654 2948 Abrahae
2669 2894 2712 2949 is
2729 2895 2920 2962 estqui
2944 2895 3053 2948 heri
3080 2904 3128 2947 et
3148 2894 3315 2957 hodie,
3339 2892 3625 2947 secundum

2053 2981 2202 3036 Pauli
2228 2983 2458 3052 apostoli
2473 2999 2656 3038 vocem
2679 2983 2863 3054 (Hebr.
2878 3000 2989 3048 xm,
3015 2983 3091 3052 8);
3117 2999 3222 3037 non
3240 2984 3327 3037 ille
3349 2984 3439 3052 qui
3460 2983 3622 3037 dixit:

2052 3074 2332 3144 Antequam
2376 3070 2638 3127 Abraham
2682 3083 2831 3139 esset,
2880 3091 2973 3143 ego
3000 3090 3111 3127 sum
3141 3072 3338 3142 (Joan.
3363 3089 3472 3137 vm,
3496 3071 3562 3124 58
3587 3073 3621 3139 ).

366 3183 450 3229 est
479 3189 542 3230 ex
574 3173 901 3238 infirmitate,
935 3172 1055 3241 quis
1093 3171 1389 3226 inﬁrmatus
1426 3182 1525 3235 est,
1558 3170 1843 3225 hmretice?
1869 3169 1937 3224 ll-
1964 3154 2008 3217 C
2053 3167 2252 3223 Similis
2296 3170 2379 3223 hic
2418 3165 2662 3241 fratribus
2704 3184 2795 3237 per
2822 3169 2993 3220 omnia
3025 3164 3219 3234 (Hebr.
3257 3180 3312 3229 ιι,
3364 3164 3500 3235 17);
3537 3165 3625 3232 qui

366 3265 487 3317 lene
519 3264 660 3317 Dens
686 3262 958 3317 Verbum?

436 3353 487 3407 8.
515 3354 647 3408 Vide
666 3354 791 3421 quid
823 3353 1048 3418 accidat,
1073 3353 1341 3407 haeretice.
1360 3352 1476 3407 Non
1510 3352 1718 3408 invideo
1748 3368 1943 3407 nomen

364 3444 569 3511 Virgini
618 3440 941 3520 Χριστοτᾶκῳ
981 3462 993 3496 :
1050 3442 1222 3498 fateor
1268 3444 1407 3497 enim
1440 3447 1789 3501 reverendam
1828 3460 1945 3501 esse

365 3551 485 3588 eam
506 3550 624 3603 quae
652 3535 959 3604 conceperit
988 3535 1186 3601 Deum;
1214 3549 1311 3605 per
1349 3550 1506 3603 quam
1539 3537 1808 3591 transierit
1842 3536 1946 3591 Do-

365 3625 542 3680 minus
561 3625 825 3690 omnium;
856 3640 953 3695 per
972 3641 1132 3693 quam
1156 3624 1374 3693 justitim
1394 3626 1473 3679 sol
1503 3627 1735 3680 illuxerit
1767 3646 1779 3681 :
1804 3628 1944 3683 Deus

363 3718 507 3772 enim
528 3724 643 3771 erat
669 3715 918 3780 Verbum,
950 3724 1005 3770 et
1031 3731 1153 3770 cum
1174 3716 1388 3771 homine
1417 3718 1776 3787 conjunctum,
1808 3728 1861 3774 et
1889 3720 1940 3774 in

362 3822 431 3862 eo
455 3807 734 3872 habitans;
766 3806 859 3861 sed
897 3822 1059 3877 porro
1088 3808 1328 3877 suspicor
1367 3808 1629 3877 plausum.
1662 3808 1941 3875 Quomodo

361 3897 497 3963 hoc,
528 3896 672 3966 quod
700 3895 842 3962 dixi,
900 3898 1185 3961 transierit,
1239 3897 1610 3952 intellexistis?
1647 3898 1761 3954 Non
1808 3900 1938 3965 dixi,

362 3988 689 4057 pertransiit,
719 4002 816 4056 pro
864 4002 930 4042 eo
966 3987 1110 4056 quod
1140 3994 1220 4041 est
1247 3989 1455 4055 genitus
1491 4008 1503 4040 :
1532 4006 1637 4044 non
1688 3991 1829 4044 enim
1867 3992 1939 4046 ita

361 4078 514 4132 facile
534 4093 668 4132 mea)
691 4078 967 4131 sententia:
988 4076 1293 4135 obliviscor.
1329 4077 1625 4132 Transiisse
1653 4080 1817 4133 Deum
1846 4097 1942 4150 per

360 4167 631 4233 Virginem
670 4167 1018 4244 Χριστοτόκον,
1060 4182 1091 4220 a
1140 4165 1412 4237 Scriptura
1463 4168 1749 4238 perdoctus
1790 4185 1934 4236 sum;

362 4264 563 4318 natum,
589 4272 695 4308 non
717 4255 938 4310 edoctus
964 4272 1100 4311 sum.

429 4343 484 4396 9.
522 4344 792 4417 Nusquam
845 4346 1021 4400 divina
1068 4346 1342 4418 Scriptura
1392 4349 1556 4403 Deum
1606 4364 1673 4403 ex
1723 4349 1937 4418 Virgine

352 4435 673 4508 Χριστοτὸκῳ
702 4435 892 4488 asserit
928 4443 1144 4503 natum;
1173 4440 1265 4493 sed
1292 4438 1471 4494 Jesum
1511 4438 1799 4507 Christum,
1853 4441 1937 4496 Fi-

2048 3262 2293 3315 humanm
2321 3261 2512 3315 anima:
2549 3260 2894 3329 corporisque
2941 3258 3175 3327 suscepit
3216 3256 3623 3317 fraternitatem,

2045 3371 2154 3409 non
2200 3356 2290 3410 ille
2330 3355 2419 3424 qui
2466 3354 2638 3409 dixit:
2682 3353 2783 3417 Qui
2826 3369 2907 3406 me
2952 3351 3103 3417 videt,
3143 3350 3277 3404 videt
3319 3360 3369 3403 et
3417 3348 3625 3402 Patrem

2044 3462 2211 3499 meum
2251 3444 2428 3517 (Joan.
2462 3462 2571 3511 xw,
2598 3444 2675 3513 9).

2117 3538 2168 3592 7.
2210 3539 2401 3593 Missus
2430 3547 2513 3593 est
2533 3547 2709 3593 autem
2731 3537 2839 3601 ille,
2870 3536 3026 3591 nobis
3053 3533 3539 3597 consubstantialis,
3570 3540 3625 3586 et

2043 3641 2252 3698 unctus,
2295 3638 2348 3686 et
2375 3630 2671 3701 prmdicans
2711 3629 2934 3699 captivis
2975 3628 3363 3691 remissionem,
3390 3633 3444 3678 et
3472 3624 3621 3677 arcis

2042 3725 2215 3777 visum
2242 3741 2254 3775 :
2290 3723 2516 3794 Spiritus
2538 3724 2675 3777 enim
2703 3721 2911 3776 Domini
2938 3738 3089 3791 super
3124 3736 3222 3785 me,
3256 3728 3463 3788 prapter
3489 3717 3621 3786 quod

2040 3816 2187 3868 unxit
2216 3831 2329 3878 me;
2377 3814 2681 3885 pauperibus
2728 3813 3079 3883 evangelizare
3125 3812 3266 3865 misit
3292 3826 3400 3875 me,
3431 3826 3621 3863 sanare

2040 3905 2284 3957 contritas
2306 3903 2476 3965 corde,
2500 3903 2784 3973 prwdicare
2815 3902 3027 3973 captivis
3048 3901 3415 3963 remissionem,
3446 3909 3495 3951 et
3522 3914 3620 3952 ca:-

2039 3994 2111 4045 cis
2132 3993 2291 4045 visum
2323 3992 2476 4062 (Isai.
2507 4008 2615 4058 LXI,
2649 3991 2734 4062 1).

2108 4082 2160 4135 8.
2201 4081 2332 4136 Cum
2363 4098 2526 4152 porro
2547 4083 2613 4137 de
2650 4081 2863 4137 Christo
2884 4082 3085 4136 diceret
3113 4080 3257 4149 quod
3276 4082 3460 4135 missus
3488 4090 3620 4134 esset

2039 4171 2341 4225 denuntiare
2360 4174 2572 4243 captivis
2594 4174 2968 4236 remissionem;
2992 4172 3280 4241 Apostolus
3301 4171 3499 4225 addidit
3514 4171 3618 4224 hoc

2038 4262 2217 4327 etiam,
2243 4270 2297 4316 ct
2327 4262 2461 4315 dixit
2486 4279 2498 4313 :
2527 4261 2629 4314 Hic
2648 4264 2733 4332 qui
2755 4261 2923 4331 ﬁdelis
2951 4260 3060 4315 Deo
3092 4264 3254 4333 factus
3282 4271 3358 4314 est
3382 4262 3618 4331 pontifex

2040 4352 2223 4421 (Hebr.
2250 4369 2306 4415 n,
2333 4352 2442 4421 17).
2478 4352 2668 4407 Factus
2689 4361 2769 4406 est
2798 4353 2938 4406 enim
2969 4353 3072 4418 hic,
3104 4368 3209 4407 non
3231 4360 3490 4422 perpetuo
3519 4366 3618 4404 an—

2040 4453 2122 4497 tea
2138 4441 2327 4497 fuerat.
2345 4442 2440 4498 Hic
2463 4443 2714 4513 paulatim
2730 4443 2782 4497 in
2795 4444 3061 4513 pontificis
3080 4442 3325 4514 profecit,
3342 4443 3613 4505 hmretice,

364 4524 505 4590 lium,
534 4525 834 4579 Dominum.
861 4525 985 4581 Hmc
1009 4543 1196 4585 omnes
1222 4530 1572 4586 confiteamnr
1597 4551 1607 4585 :
1639 4549 1757 4601 qua:
1785 4536 1925 4589 enim
1962 4517 2008 4575 D
2035 4534 2369 4601 dignitatem.
2404 4536 2542 4589 Audi
2584 4550 2771 4589 vocem
2814 4536 2910 4589 tibi
2954 4537 3057 4591 hoc
3105 4535 3405 4590 evidentius
3431 4534 3613 4589 decla-

356 4616 535 4672 docuit
556 4618 731 4673 divina
754 4618 1047 4688 Scriptura,
1071 4621 1161 4689 qui
1190 4637 1297 4676 non
1326 4624 1502 4677 statim
1532 4626 1739 4694 accipit,
1765 4627 1926 4681 miser

355 4716 454 4763 est.
488 4709 671 4781 Surge,
702 4712 875 4783 accipe
902 4727 1112 4780 puerum
1148 4722 1193 4766 et
1237 4724 1451 4770 matrem
1479 4718 1587 4787 ejus
1607 4717 1827 4785 (Matth.
1854 4736 1921 4785 ιι,

353 4798 475 4867 15).
502 4799 625 4855 Haec
645 4802 956 4869 angelorum
984 4818 1086 4857 vox
1116 4812 1214 4868 est,
1247 4804 1410 4860 immo
1436 4814 1542 4861 tua.
1568 4807 1813 4863 Fortasse
1833 4824 1924 4878 ge-

350 4889 681 4944 nerationem
715 4891 880 4961 ipsius
908 4901 1131 4947 noverat
1151 4895 1513 4963 archangelus.
1544 4899 1725 4969 Surge,
1756 4910 1807 4952 et
1836 4918 1924 4953 ac-

352 4978 460 5045 cipe
472 4995 681 5047 puerum
695 4992 744 5034 et
764 4991 979 5036 matrem
999 4985 1140 5055 ejus;
1165 5001 1272 5039 non
1288 4986 1420 5041 dixit
1440 5006 1451 5040 ε
1472 4987 1641 5058 Surge
1666 4999 1721 5045 et
1742 4993 1923 5063 accipe

352 5064 517 5121 Deum
541 5077 597 5121 et
617 5079 842 5124 matrem
872 5071 1006 5140 ejus.

964 5161 1193 5219 SERMO
1232 5166 1293 5219 Vl

349 5242 426 5299 De
456 5245 874 5321 dictisEpistola:
902 5250 1131 5321 Apostoli
1157 5255 1225 5307 ad
1254 5256 1499 5312 Πρω-(ρος
1530 5276 1546 5312 :
1577 5259 1925 5316 Considerate

415 5317 809 5389 apostolumget
838 5317 1155 5389 pontificem
1198 5324 1547 5384 confessionis
1588 5341 1783 5385 nostne
1830 5331 1920 5386 Je-

414 5401 550 5449 sum,
582 5395 685 5440 etc.
719 5387 901 5458 (Hebr.
929 5408 1004 5457 m,
1030 5393 1053 5444 1
1075 5393 1111 5460 ).
1738 5424 1747 5431 ε

418 5516 462 5568 1.
492 5518 731 5586 Apostoli
761 5535 955 5577 nomen
978 5524 1029 5577 in
1058 5522 1269 5580 Christo
1285 5528 1576 5595 audientes,
1601 5532 1765 5587 Deum
1784 5533 1915 5588 Ver-

344 5607 465 5662 lnnn
496 5608 633 5664 male
663 5610 960 5679 intelligunt
992 5617 1292 5684 apostolum
1322 5634 1457 5674 esse.
1502 5620 1762 5691 chcntes
1790 5626 1914 5680 item

342 5695 602 5756 pontificis
625 5702 957 5770 vocabulum,
986 5704 1150 5761 Deum
1179 5724 1297 5763 esse
1321 5710 1675 5778 imaginantur
1696 5716 1912 5783 pontifi-

2033 4633 2269 4678 mantem
2300 4644 2312 4676 :
2340 4622 2439 4688 Qui
2458 4626 2513 4678 in
2542 4625 2733 4691 diebus,
2766 4626 2955 4694 inquit,
2980 4628 3151 4679 carnis
3179 4642 3286 4680 sum
3305 4641 3477 4694 preces
3489 4642 3617 4694 sup-

2032 4716 2429 4785 plicationesque
2448 4714 2515 4767 ad
2533 4731 2645 4768 eum
2672 4716 2757 4785 qui
2781 4724 2948 4785 posset
2968 4716 3161 4769 salvum
3183 4732 3215 4769 α
3240 4724 3401 4769 morte
3419 4716 3613 4785 fixere,

2032 4823 2145 4860 cum
2166 4808 2389 4861 clamore
2409 4806 2578 4861 valido
2604 4816 2654 4861 et
2681 4804 2921 4878 lacrymis
2958 4808 3197 4876 offerens,
3238 4807 3507 4860 exauditus
3535 4818 3618 4859 est

2029 4914 2123 4967 pro
2142 4914 2235 4951 sua
2255 4898 2568 4961 reverentia;
2608 4906 2657 4950 et
2682 4898 2883 4968 quidem
2912 4914 3026 4951 cum
3052 4907 3181 4951 esset
3208 4896 3396 4961 Filius,
3428 4896 3616 4949 didicit

2029 5005 2094 5041 ea:
2120 4989 2223 5042 illis
2252 5004 2366 5059 qua:
2397 5004 2578 5057 passus
2618 4997 2693 5042 est
2746 4988 3101 5053 obedientiam,
3153 4996 3202 5041 et
3227 4996 3610 5040 consummatus

2029 5083 2195 5153 factus
2224 5090 2300 5135 est
2345 5080 2576 5134 omnibus
2604 5079 3060 5150 obtemperantibus
3099 5078 3196 5134 sibi
3236 5095 3392 5133 causa
3420 5078 3607 5131 salutis

2028 5183 2234 5227 (eterna:
2255 5171 2439 5243 (Hebr.
2462 5190 2512 5238 v,
2538 5172 2612 5240 7).

2100 5265 2513 5319 Consummatur
2534 5272 2711 5317 autem
2741 5263 2792 5317 id
2820 5262 2962 5332 quod
2983 5263 3237 5333 paulatim
3257 5260 3488 5332 prolicit,
3504 5260 3605 5313 lue-

2028 5355 2212 5416 retice,
2240 5354 2307 5408 dc
2332 5370 2438 5422 quo
2467 5355 2627 5407 etiam
2668 5362 2724 5408 et
2761 5351 2932 5408 Lucas
2960 5354 3011 5406 in
3037 5352 3325 5419 Evangelio
3348 5352 3541 5405 clamat
3588 5370 3600 5401 :

2027 5447 2175 5500 Iesus
2204 5447 2502 5517 proﬁciebat
2522 5456 2691 5513 artate,
2721 5457 2771 5501 et
2795 5448 3070 5517 sapientia,
3100 5456 3149 5498 et
3176 5444 3509 5516 gratia(Luc.
3541 5461 3601 5503 tt,

2024 5535 2134 5601 52).
2165 5535 2366 5601 Quibus
2394 5550 2627 5604 congrue
2655 5537 2814 5590 etiam
2858 5534 3051 5589 Paulus
3093 5535 3277 5589 dicens
3304 5554 3315 5588 :
3352 5534 3601 5588 Consum-

2021 5639 2187 5680 matus
2221 5631 2384 5698 factus
2418 5639 2493 5680 est
2534 5628 2763 5681 erunibus
2804 5628 3263 5697 obtemperantibus
3310 5627 3405 5680 sibi
3441 5642 3602 5679 causa

2020 5719 2198 5772 salutis
2230 5730 2451 5782 trtermr,
2477 5720 2760 5787 appellatus
2780 5736 2809 5772 α
2831 5718 2937 5773 Deo
2964 5721 3196 5788 pontifex
3217 5722 3489 5773 secundum
3509 5733 3604 5767 ar—
