3958 6178
261 366 363 423 7S9

1402 369 1562 425 lilPll
1600 371 1912 428 NESTORII
1951 374 2181 433 SERMO
2217 376 2320 433 ΠΙ.

3427 398 3532 451 790

258 490 429 542 dinem
458 485 827 540 Melchisedech
852 487 869 557 (
894 485 1051 541 Hebr.
1086 503 1138 552 v,
1170 486 1264 557 6).
1290 485 1387 542 llic
1411 488 1641 545 illecum
1668 490 1835 559 Mose,
1868 500 1912 554 Α
1943 493 2143 549 duntur
2183 496 2478 562 molimina,
2533 507 2589 555 et
2646 510 2668 540 ε
2717 500 3067 571 indigentium
3116 508 3490 578 negligentiam
3514 556 3526 574 ,

258 578 432 649 quoad
461 578 685 633 ducendi
709 579 977 634 exercitus
1004 586 1186 650 typum
1204 618 1217 643 ,
1243 593 1616 650 comparatus;
1644 582 1733 638 ille
1760 599 1842 637 se-

257 687 373 724 men
394 670 617 724 Abrahae
643 677 883 736 vocatus,
910 669 999 724 ille
1035 688 1126 741 per
1152 672 1325 725 omnia
1350 672 1534 725 similis
1571 671 1838 744 fratribus,

255 761 347 818 .llc
378 772 599 832 tempore
617 762 783 831 factus
806 763 1059 833 pontifex,
1088 762 1174 816 ille
1203 778 1294 833 per
1313 763 1577 832 passiones
1604 779 1843 818 consum-

252 864 457 917 matus;
480 854 569 907 ille
598 854 683 924 qui
703 854 757 906 in
787 870 886 925 quo
916 870 1097 923 passus
1127 863 1221 918 est,
1257 856 1365 923 ipse
1400 863 1652 921 tentatus,
1677 865 1843 926 potest

254 948 462 1000 tentatis
483 946 760 1011 auxiliari;
783 946 870 1001 ille
896 946 1173 1000 secundum
1200 947 1431 1000 ordinem
1463 946 1839 1002 Melchisedech

251 1039 487 1108 pontifex
507 1039 815 1109 appellatas.
842 1039 951 1092 (Zur
968 1038 1131 1107 igitur
1157 1038 1368 1093 diversa
1398 1040 1565 1094 sentis
1581 1054 1611 1093 a
1633 1039 1840 1095 Paulo?

248 1126 363 1181 Cur
407 1128 789 1197 impassibilem
836 1128 1004 1183 Deum
1055 1127 1293 1183 Verbum
1349 1144 1578 1199 corpore
1623 1138 1840 1187 terreno

249 1222 625 1285 commiscens,
644 1222 951 1290 passibilem
982 1219 1292 1291 pontiﬁcem
1321 1221 1484 1277 facis?

317 1311 455 1366 Cum
482 1313 554 1367 sit
596 1313 759 1381 igitur
781 1313 935 1367 nobis
959 1313 1046 1367 hic
1068 1313 1214 1367 solus
1253 1312 1495 1383 pontifex
1522 1312 1834 1379 condolens,

246 1410 299 1457 et
326 1412 608 1471 cognatus,
640 1411 694 1458 et
724 1403 925 1468 ﬁrmus,
958 1403 1025 1459 de
1048 1404 1164 1473 ejus
1194 1403 1296 1459 ﬁde
1325 1420 1614 1474 numquam
1652 1406 1840 1475 depel-

244 1493 449 1547 laniini.
483 1492 600 1563 [pse
628 1494 769 1549 enim
792 1494 946 1549 nobis
974 1510 1043 1549 ex
1061 1495 1324 1565 promissa
1343 1494 1737 1561 benedictione,
1770 1511 1838 1552 ex

243 1584 453 1637 semine
480 1582 707 1639 Abrahae
732 1586 923 1640 missus
946 1593 1045 1652 est,
1079 1593 1267 1657 utpote
1286 1601 1386 1656 pro
1414 1601 1493 1653 se,
1525 1594 1581 1642 et
1608 1602 1709 1657 pro
1736 1602 1836 1643 suo

242 1689 463 1742 genere,
494 1677 737 1747 corporis
766 1676 1085 1733 sacriﬁcium
1105 1676 1355 1733 offerens.

849 1806 1079 1863 SERMO
1118 1809 1227 1864 Vll.

664 1898 764 1966 Qui
794 1909 1018 1969 quartus
1045 1901 1098 1954 in
1130 1899 1397 1955 Proclum.

240 2000 264 2028 ι
304 1992 563 2064 Adversus
583 2010 667 2046 eos
688 1994 771 2063 qui
791 2006 999 2064 propter
1022 1995 1453 2064 conjunctionem,
1478 1995 1556 2048 vel
1588 1995 1830 2049 divinita-

310 2074 413 2115 tem
454 2062 602 2116 Verbi
624 2062 966 2133 morti/ictam,
990 2065 1064 2118 rel
1093 2062 1463 2118 [inmanitatem
1492 2066 1753 2135 deiﬁcant.

309 2152 363 2205 1.
402 2151 769 2208 Contumelias
811 2155 1027 2223 quidem
1058 2155 1109 2208 in
1142 2171 1227 2208 me
1274 2155 1647 2210 hatreticorum
1688 2154 1831 2209 arbi-

234 2256 356 2300 tror
398 2256 667 2315 tamquam
693 2250 719 2289 b
750 2248 1091 2303 delirantium
1132 2249 1437 2311 machinas,
1470 2257 1525 2302 et
1551 2248 1739 2301 horum
1770 2247 1823 2303 in

231 2353 387 2392 mare
410 2340 759 2393 conxnninatas
780 2340 1193 2403 submersiones,
1208 2339 1668 2408 perturbationum
1689 2355 1826 2408 quo-

230 2446 342 2500 que
387 2431 647 2487 desideria
676 2472 690 2497 ,
736 2440 791 2487 et
839 2433 1270 2503 persecutionum
1302 2446 1436 2485 nova
1484 2446 1603 2499 qua:
1644 2431 1822 2485 inten-

1944 600 2103 655 quam
2134 588 2292 644 nobis
2329 590 2610 660 objiciunt,
2642 602 2698 650 et
2724 595 2951 651 aliorum
2980 599 3032 652 in
3063 615 3163 655 nos
3202 604 3532 670 garrulitatis

1943 679 2315 747 deliramenta,
2340 690 2613 754 tamquam
2643 702 2897 744 ranarum
2928 706 3030 760 ego
3056 694 3311 763 strepitus
3342 696 3491 751 ridi-0
3513 736 3530 759 .

1943 780 2035 827 aut
2057 783 2203 830 certe
2235 785 2493 845 quantum
2523 778 2804 835 infantium
2828 782 3026 850 jacula,
3059 794 3151 839 aut
3194 797 3371 841 castra
3403 805 3536 843 con-

1942 872 2145 927 temno,
2162 867 2338 933 qualia
2359 868 2623 938 propheta
2635 872 2905 939 quondam
2920 874 3418 933 deridebatdicens:
3437 878 3553 933 Sar

1941 954 2085 1023 gitta:
2099 955 2425 1025 parvulorum
2448 959 2602 1028 facta
2620 970 2741 1014 sunt
2754 961 2929 1033 plaga:
2942 981 3117 1020 eorum
3135 967 3251 1037 (Ps.
3277 985 3425 1033 unt,
3449 970 3526 1040 8).

2011 1043 2064 1097 2.
2105 1044 2245 1099 Nihil
2273 1055 2454 1101 autem
2484 1049 2574 1104 illo
2602 1059 2686 1105 est
2707 1062 2921 1121 pastore
2947 1056 3211 1123 miserius,
3243 1062 3335 1128 qui
3374 1062 3529 1130 lupo-

1939 1152 2057 1190 rum
2085 1136 2328 1193 laudibus
2368 1139 2657 1208 gloriatur,
2708 1144 2903 1212 quibus
2942 1147 2988 1201 si
3035 1148 3249 1217 placere
3274 1152 3524 1218 voluerit,

1938 1238 2101 1297 atque
2120 1229 2188 1283 ab
2214 1230 2295 1284 his
2316 1237 2483 1287 amari
2518 1233 2793 1303 delegerit,
2826 1237 2929 1292 erit
2956 1238 3081 1294 hinc
3114 1241 3304 1296 ovibus
3333 1258 3527 1310 magna

1937 1319 2221 1389 pernicies.
2254 1319 2441 1377 Nullus
2466 1322 2623 1391 igitur
2643 1333 2917 1395 pastorum
2940 1329 3153 1398 placere
3174 1330 3312 1401 lupis
3331 1342 3386 1387 et
3406 1349 3528 1402 gre-

1936 1410 2089 1479 gibus
2116 1411 2296 1465 ovium
2324 1421 2531 1482 potest;
2562 1414 2775 1470 illorum
2804 1432 2952 1487 ergo,
2986 1419 3125 1473 sicut
3155 1422 3397 1490 pnedixi,
3430 1424 3524 1478 de-

1936 1501 2158 1571 spiciam
2190 1518 2349 1558 voces
2371 1545 2386 1571 ,
2419 1504 2630 1560 Domini
2672 1517 2859 1563 contra
2891 1525 2986 1566 eos
3015 1511 3293 1580 proferens
3332 1515 3473 1571 dicta
3508 1535 3521 1569 :

1935 1589 2216 1663 Progenies
2236 1595 2547 1664 viperarum,
2571 1599 2823 1668 quomodo
2836 1603 3047 1670 potestis
3062 1602 3196 1657 bona
3218 1604 3375 1673 loqui,
3400 1622 3513 1660 cum

1932 1684 2045 1738 sitis
2067 1684 2192 1737 mali
2215 1683 2443 1755 (Matth.
2468 1703 2558 1752 xu,
2584 1687 2710 1759 5i)?

2005 1777 2056 1831 5.
2100 1776 2192 1831 llis
2232 1786 2409 1831 tamen
2448 1780 2743 1844 sensibus,
2770 1782 2965 1851 quibus
3010 1795 3195 1839 contra
3236 1785 3519 1841 Dominum

1860 1866 1903 1924 Β
1934 1877 2225 1935 armantur,
2269 1869 2532 1926 obsistere
2583 1879 2639 1926 et
2677 1872 2949 1929 adversari
3009 1877 3367 1931 necessarium
3412 1891 3515 1934 est.

1935 1960 2215 2015 Mortalem
2245 1962 2389 2016 enim
2420 1962 2813 2020 viviﬁcatricem
2845 1966 3104 2022 Deitatem
3133 1969 3434 2040 appellant,
3464 1982 3520 2027 et

1935 2049 1988 2102 in
2021 2049 2308 2106 theatrieas
2329 2051 2533 2108 fabulas
2554 2053 2720 2108 Deum
2742 2054 2976 2111 Verbum
3003 2058 3205 2113 audent
3228 2060 3517 2129 deducere,

1932 2151 2204 2213 tamquam
2228 2147 2366 2201 idem
2386 2148 2453 2201 sit
2482 2149 2672 2217 pannis
2701 2149 3059 2216 involutus,et
3088 2164 3349 2219 mortuus,
3378 2157 3516 2226 proh

1931 2239 2107 2293 nefas!
2145 2238 2212 2293 Ut
2226 2241 2481 2299 Dominus
2496 2243 2742 2298 Christus
2763 2245 2815 2297 in
2839 2261 2937 2301 nos
2957 2245 3338 2315 benignitatem
3360 2266 3512 2305 suam
3530 2296 3531 2299 η

1930 2331 2262 2395 extenderet,
2294 2334 2628 2402 periclitatur
2655 2335 2795 2405 apud
2824 2352 2919 2391 eos
2948 2337 3016 2392 de
3045 2340 3068 2375 ά
3095 2338 3318 2395 Deitatis
3345 2341 3525 2411 dignis

1931 2435 2041 2480 tato
2060 2425 2329 2480 decidere.

1409 2542 1449 2597 C
1462 2547 1492 2596 .\
1502 2540 1947 2597 STIGATIONES
1991 2537 2079 2592 ET
2117 2537 2343 2593 ΝΟΤίίΕ,

302 2641 330 2666 ⁸·
374 2630 630 2686 Dubitare
670 2648 775 2686 non
812 2632 937 2686 licet
976 2632 1103 2701 quin
1135 2632 1202 2686 sit
1230 2648 1387 2687 verus
1409 2633 1497 2687 hic
1538 2632 1822 2685 hmrcsiar-

227 2702 349 2759 cbzr.
400 2702 575 2755 fetus:
611 2719 782 2770 neque
826 2703 968 2756 enim
1013 2702 1147 2757 fallit
1190 2702 1320 2755 fides
1357 2718 1542 2757 eorum
1584 2703 1673 2770 qui
1716 2720 1823 2756 non

228 2772 593 2843 trientinerunt
641 2782 845 2826 tantum
886 2774 1078 2843 ipsius,
1111 2772 1205 2828 sed
1248 2773 1410 2827 etiam
1445 2772 1648 2842 prolixa
1699 2773 1823 2828 inde

225 2841 529 2907 fragmenta
560 2844 877 2898 retulerunt.

296 2910 554 2980 Cyrillus.
581 2913 855 2978 Miserum,
895 2913 1097 2982 inquit,
1130 2913 1247 2966 huic
1278 2913 1505 2983 diacono~
1533 2914 1619 2983 qui
1652 2930 1822 2966 rerum

226 2984 697 3037 ecclesiasticarum
747 3001 923 3037 curam
962 2986 1112 3054 gerit,
1158 2984 1287 3037 duas
1329 2984 1627 3054 chartulas;
1663 3000 1821 3037 unam

259 3055 435 3125 uident
458 3056 837 3125 comnositanta
859 3052 1047 3107 Photio
1071 3056 1311 3125 forsitan,
1346 3062 1434 3105 aut
1462 3052 1527 3105 ab
1556 3054 1660 3106 alio
1689 3071 1818 3125 quo-

222 3070 435 3174 qmaem
458 3070 789 3107 compositam
808 3072 837 3106 a
859 3070 1047 3107 r'uoao
1071 3070 1311 3125 forsitan,
1346 3070 1434 3105 aut
1462 3070 1527 3105 ao
1556 3070 1660 3106 auo
1689 3071 1818 3125 quo-

245 3123 389 3195 ibat,
448 3142 689 3177 adversus
739 3124 923 3177 librum
970 3141 1174 3187 meum,
1221 3141 1366 3195 quem
1420 3124 1489 3176 ad
1540 3125 1819 3178 monachos

223 3194 402 3255 edidi;
426 3204 472 3246 et
492 3196 659 3265 alium
688 3198 836 3247 veluti
854 3197 907 3247 in
934 3195 1153 3265 speciem
1181 3194 1563 3265 quaternionis,
1584 3196 1824 3247 inconve-

223 3265 453 3315 nientem
479 3263 746 3317 habentem
789 3266 943 3317 etiam
963 3263 1307 3328 titulum,hoc
1328 3264 1513 3318 modo:
1540 3264 1818 3319 ADVERSUS

222 3348 347 3395 EOS,
405 3350 489 3395 Ql'l
541 3351 777 3388 PROPTER
825 3346 1279 3397 (ἶΟλἽῑῐΝίίΤΙΟΝῐ-ΖΜ,
1326 3350 1425 3387 γει.
1474 3348 1815 3389 οΠ1ΝΙΤΑΤΕΜ

1927 2632 2011 2685 ἐπὶ
2039 2631 2260 2707 σκληρῶν
2300 2629 2384 2682 vel
2411 2632 2507 2707 ⁸ἐπὶ
2532 2632 2712 2707 λήρων.
2750 2631 2985 2687 Primam
3026 2635 3308 2691 lectionem
3340 2639 3508 2707 elegi-

1924 2716 2061 2776 mus,
2095 2700 2279 2768 utpote
2300 2700 2716 2776 conformio'rem
2738 2708 3005 2774 corruptis
3028 2700 3521 2776 manuscriptorum

1926 2771 2171 2844 codicum
2193 2840 2202 2844 _
2224 2770 2461 2825 vocibus.
2493 2805 2563 2844 έ
2586 2772 2859 2843 Infantum
2898 2770 3103 2844 apiuas.
3146 2775 3202 2829 In
3236 2770 3513 2834 veteribus

1927 2840 2076 2893 libris
2101 2840 2356 2913 scriptum
2381 2848 2461 2894 est
2490 2840 2753 2912 infantum
2784 2840 3031 2913 rapinas;
3062 2846 3206 2912 quod
3229 2863 3350 2901 cum
3374 2847 3525 2901 ϐῆμ’

1926 2912 2105 2987 nerius
2127 2911 2451 2987 intelligeret
2480 2911 2599 2987 esse
2638 2911 2924 2987 admodum
2957 2911 3310 2987 mendosum,
3343 2932 3508 2987 repo-

1924 2982 2030 3035 suit
2053 2980 2385 3034 delirantium
2414 2982 2699 3036 machinas.
2727 2983 2890 3037 Nobis
2913 3000 3093 3037 veram
3117 2980 3509 3041 lectionem'in-

1924 3051 2123 3127 dicavit
2153 3050 2217 3103 R.
2353 3050 2949 3127 Joaiines‘Cemmirius
2984 3070 3014 3108 e
3050 3054 3323 3127 Societate
3360 3056 3508 3112 Jesu.
3602 3124 3605 3127 δ

1923 3121 2122 3195 Apinas
2144 3130 2197 3175 et
2220 3122 2379 3195 tricas
2407 3122 2613 3195 antiqui
2644 3121 2896 3195 dicebant
2928 3139 3014 3179 res
3042 3125 3219 3195 futiles
3247 3142 3311 3181 ac
3341 3143 3510 3195 nuga-

1924 3191 2115 3251 torias,
2149 3191 2465 3259 metaphora
2492 3192 2650 3246 ducta
2681 3193 2747 3247 ab
2777 3193 2948 3259 Apina
2976 3203 3031 3247 et
3072 3194 3255 3257 Trica,
3299 3191 3508 3252 duabus

1922 3261 2190 3315 urbeculis
2217 3260 2421 3330 Apulia:
2449 3277 2585 3330 quas
2614 3260 2899 3317 Diomedes
2925 3263 3143 3319 delevit.
3177 3262 3380 3319 Plinius
3411 3268 3501 3320 lib.

1920 3347 1994 3404 ni,
2019 3347 2137 3404 cap.
2164 3330 2223 3383 1'1
2258 3350 2270 3383 :
2302 3330 2576 3404 Diomedes
2607 3333 2676 3386 ibi
2708 3332 2901 3404 delevit
2948 3344 3122 3404 gentes
3164 3333 3505 3391 Moradorum

221 3401 395 3457 Vnum
430 3420 1323 3465 nonrtrlcsxr,vectiummn'rnu
1352 3405 1815 3459 nmrrcsur.Pra:—
1858 3442 1879 3456 η
1920 3400 2384 3472 Dardanorumque
2420 3410 2469 3455 et
2494 3402 2642 3456 urbes
2683 3402 2811 3457 duas
2886 3400 2965 3456 uti
2994 3404 3047 3457 in
3084 3406 3335 3472 proverbii
3366 3408 3499 3459 ludi-

221 3475 353 3525 fatio
387 3486 554 3525 autem
584 3478 657 3525 sic
684 3492 738 3525 se
765 3473 932 3525 habet.
950 3476 1341 3525 CONTUMELIAS.
1374 3485 1469 3525 etc.
1501 3474 1699 3525 Deinde
1719 3493 1807 3525 m-
1840 3448 1879 3501 (α
1916 3487 2059 3525 crum
2076 3481 2285 3525 vertere.
2303 3473 2525 3525 Aviuam
2547 3482 2597 3525 et
2620 3420 3130 3525 TricameIartialis
3150 3476 3241 3525 lib.
3268 3493 3302 3525 ι.
3330 3479 3499 3525 enim.

2869 3502 2885 3526 ι

218 3475 353 3543 fatio
387 3486 554 3527 autent
584 3478 657 3528 sic
684 3492 738 3529 se
765 3473 932 3540 habet,
950 3476 1341 3536 CONTUMELIAS,
1374 3485 1469 3527 etc.
1501 3474 1699 3529 Deinde
1719 3493 1807 3529 co-

216 3556 383 3617 natur
406 3546 837 3617 ostenderequod
870 3561 1303 3617 corpuspassum
1335 3546 1438 3617 sil,_
1452 3554 1501 3596 et
1521 3561 1623 3599 non
1663 3546 1804 3601 Deus

226 3612 477 3687 Verbum,
510 3625 613 3670 etc.
642 3612 730 3683 (In
762 3618 910 3687 epist.
943 3612 1011 3668 ad
1033 3612 1204 3669 cleric.
1240 3631 1360 3668 suos
1400 3614 1668 3669 Constant.
1690 3619 1805 3670 eai-

211 3684 327 3755 lien
339 3697 433 3749 tes,
466 3696 611 3755 parte
640 3687 713 3755 5).

285 3753 372 3808 Ex
406 3753 474 3808 eo
496 3760 595 3809 'em
620 3753 780 3811 refert
806 3755 1013 3825 prolixa
1044 3754 1337 3825 fragmenta
1368 3762 1624 3824 excerpto
1652 3754 1704 3816 8,
1749 3755 1800 3821 9,

212 3822 303 3887 10,
356 3825 555 3889 11,12,
588 3826 727 3895 apud
770 3822 1147 3880 Mercatorem.
1176 3824 1359 3880 Refert
1403 3822 1619 3893 quoque
1665 3826 1805 3895 libro

209 3896 411 3993 multa
424 3896 938 3993 qu‘itradietionum,
964 3912 1032 3993 p.‘
1047 3896 1318 3993 ἔμιξεν-ο
1338 3895 1679 3993 [sec-undoy‘p.
1716 3894 1802 3963 52,

212 3964 301 4036 iii,
342 3964 445 4030 58;
473 3966 611 4036 libro
655 3968 865 4036 quinto,
906 3964 981 4035 p.’
1012 3964 1272 4033 155,158,
1304 3966 1552 4021 editionis
1589 3964 1806 4022 (ἵν-ωρο-

207 4035 426 4089 Latina:
471 4035 801 4090 Parisiensis.
852 4036 1035 4091 Refert
1078 4038 1205 4091 item
1247 4038 1298 4090 in
1342 4036 1694 4105 responsione
1738 4039 1806 4093 ad

206 4106 557 4174 objectiones
584 4107 931 4161 Orientalium
962 4106 1216 4161 adversus
1239 4108 1455 4161 tertium
1491 4108 1805 4163 anathema-

207 4177 440 4258 tisnium
476 4197 488 4229 :
525 4178 719 4247 quibus
756 4194 823 4232 ex
877 4177 1007 4233 locis
1055 4177 1296 4233 Graecum
1330 4184 1535 4231 textum
1590 4177 1807 4233 desum-

281 4262 445 4301 Imus.

205 4262 479 4371 magis]
500 4326 625 4373 sunt
646 4318 700 4373 in
730 4318 957 4374 concilio
982 4317 1253 4388 Ephesino
1279 4316 1297 4388 (
1320 4315 1478 4371 Parte
1502 4316 1569 4379 2,
1601 4328 1703 4371 act.
1734 4318 1758 4370 1
1784 4321 1801 4388 )

204 4398 473 4456 excerpta
502 4389 744 4458 qumdam
767 4405 830 4443 ex
848 4389 995 4443 libris
1010 4388 1257 4458 Nestorii.
1283 4388 1561 4441 Pertinent
1581 4389 1645 4443 ad
1662 4390 1805 4444 hunc

200 4457 546 4524 sermonem,
580 4475 700 4528 qua:
730 4459 778 4523 7,
812 4459 864 4524 8,
900 4458 986 4523 14,
1021 4457 1106 4523 19,
1152 4473 1375 4513 numero
1401 4468 1755 4514 recensentur
1785 4479 1799 4514 :

199 4538 257 4581 et
281 4528 416 4599 hinc
436 4543 651 4599 quoque
678 4528 861 4584 Grieca
892 4529 1211 4599 accepimus.

279 4597 617 4672 Titulushut
637 4600 805 4672 modo
835 4597 1038 4672 dictum
1063 4608 1163 4665 est,
1195 4597 1365 4669 repeti
1393 4597 1552 4654 debet
1580 4614 1648 4655 ex
1683 4601 1801 4672 epi-

196 4668 565 4740 stola_Cyrilli
586 4670 653 4723 ad
677 4686 803 4723 suos
830 4670 1073 4725 clericos.

277 4738 307 4776 δ
353 4737 482 4793 Erat
530 4740 581 4794 in
624 4748 851 4810 utroque
882 4740 1247 4810 manuscripto
1279 4738 1799 4810 cpdice,infantium

1916 3487 2059 3547 crum
2076 3481 2285 3537 vertere,
2303 3473 2525 3542 Apinam
2547 3482 2597 3526 et
2620 3472 2842 3527 Tricam.
2866 3472 3130 3531 Martialis
3150 3476 3241 3529 lib.
3268 3493 3302 3541 ι,
3330 3479 3501 3547 epigr.

1914 3540 2063 3594 “4:

2034 3634 2366 3698 Quaecumque
2391 3632 2484 3681 lusi
2499 3627 2701 3692 'juveuis
2723 3639 2775 3683 et
2797 3646 2922 3694 puer
2939 3634 3200 3698 quondam,

2032 3694 2313 3755 Apinasque
2338 3702 2545 3743 nostras.

1906 3774 2052 3829 ldem
2074 3776 2165 3829 lib.
2200 3792 2304 3839 xw,
2336 3776 2506 3845 epigr.
2540 3775 2567 3829 1
2606 3793 2620 3830 :

2032 3866 2157 3915 Sunt
2178 3867 2332 3929 apinae
2358 3867 2595 3929 tricaeque
2620 3873 2673 3917 et
2695 3867 2735 3916 si
2764 3866 2879 3929 quid
2905 3867 3044 3916 vilius
3063 3867 3184 3917 istis.

1910 3968 2041 4023 Vide
2070 3966 2270 4036 Adagia
2300 3966 2527 4022 Erasmi.
2557 3967 2755 4023 BALUZ.
2777 3999 2851 4011 —-
2992 3968 3102 4022 Nec
3129 3968 3505 4035 intelligebam

1946 4039 2032 4093 uid
2062 4040 2234 4094 anime
2262 4053 2548 4094 commune
2587 4039 2851 4093 haberent
2874 4053 2995 4092 cum
3036 4038 3499 4093 submersionibus.

1946 4054 2032 4093 um
2062 4056 2094 4092 a
2152 4056 2234 4093 nte
2262 4054 2548 4094 commune
2587 4054 2851 4093 haberent
2874 4054 2995 4092 cum
3036 4054 3488 4093 suamerswnwus.

1906 4054 2164 4164 gonsuh’i‘i
2202 4109 2403 4163 Baluzii
2449 4118 2637 4175 notas;
2688 4109 2794 4163 vidi
2844 4108 3100 4162 librorum
3146 4108 3488 4176 antiquorum

1906 4181 2246 4250 scripturam,
2265 4182 2481 4252 rapinas
2504 4178 2801 4252 :Aintellexi,
2834 4177 3114 4245 amplexus
3136 4192 3273 4252 sum.
3301 4176 3493 4252 Solent

1906 4247 2103 4321 quippe
2132 4247 2338 4305 matres
2352 4250 2604 4319 parvulos
2631 4264 2758 4321 suos
2786 4254 2991 4302 terrere
3019 4262 3118 4321 per
3144 4247 3317 4301 minas
3346 4251 3488 4321 rapi-

1906 4316 2081 4375 sese
2106 4316 2508 4383 submersionis;
2536 4318 2679 4388 quod
2700 4321 2976 4387 rapientur
2997 4333 3027 4371 a
3059 4316 3171 4372 fera
3205 4324 3259 4371 et
3286 4332 3384 4388 per
3408 4316 3485 4372 Si-

1905 4392 2050 4472 milia
2074 4392 2431 4472 ειορμξολυιεεῖα.
2464 4387 2573 4444 Nec
2610 4388 2829 4472 dubium
2864 4387 3001 4472 quia.
3038 4389 3491 4472 hucnrespeitter‘it

1906 4456 2284 4514 hatresiare'ha.
2314 4459 2586 4514 Cornum.
2612 4457 2759 4512 Man.
2784 4457 2928 4512 Eccl.
2958 4456 3050 4511 Gr.
3077 4468 3113 4511 t.
3145 4457 3233 4521 lll,
3266 4456 3476 4528 p.600.

1980 4542 2002 4569 ο
2042 4530 2271 4601 Cyrillus
2300 4530 2353 4583 in
2374 4528 2638 4601 Encomio
2652 4528 2872 4595 virginis
2899 4529 3044 4583 dicto
3072 4528 3270 4595 Ephesi
3298 4528 3364 4601 de
3389 4528 3487 4601 Ne-

1903 4598 2119 4655 storio':
2149 4600 2467 4663 Facultates,
2499 4600 2687 4667 inquit,
2713 4616 2994 4669 pauperum
3022 4600 3136 4653 auri
3167 4598 3367 4669 cupidis
3388 4599 3482 4652 ho-

1902 4670 2125 4725 minibus
2153 4671 2368 4741 largitus
2388 4711 2401 4734 ,
2432 4670 2654 4739 speravit
2688 4685 2863 4722 earum
2895 4686 2990 4739 ope
3021 4678 3375 4741 expugnatum
3415 4670 3481 4720 iri

1902 4744 2184 4804 veritatem,
2216 4738 2265 4793 et
2290 4756 2381 4811 per
2409 4738 2597 4811 nefarii
2627 4748 2847 4810 quaestus
2877 4738 3226 4811 cupiditatem,
3250 4739 3312 4811 in
3342 4753 3479 4791 nau-

194 4810 427 4884 rapinas
450 4852 464 4875 ,
509 4807 795 4884 manifesto
839 4811 997 4875 vitio,
1024 4807 1167 4879 quod
1197 4826 1264 4864 ex
1291 4808 1474 4881 Cyrilli
1503 4807 1623 4864 loco
1670 4826 1796 4884 mox
1825 4810 1873 4868 D
1901 4807 2335 4884 fragiumincidit
2356 4807 2731 4884 miserrimum,
2756 4807 3477 4884 etc._Certe__collegisse_pe-

194 4881 381 4934 citato
426 4880 818 4951 emendandum
868 4890 1146 4951 putamus,
1190 4880 1516 4951 quamquam
1544 4895 1645 4934 nec
1684 4881 1797 4950 ipse

195 4958 390 5021 textus
420 4949 602 5021 Cyrilli
632 4947 917 5005 admodum
950 4966 1105 5005 verus
1133 4947 1244 5014 est,
1277 4951 1390 5003 sive
1418 4947 1635 5004 Graecus
1668 4947 1799 5004 con-

196 5021 316 5075 cilii
362 5019 612 5089 Ephesini
655 5030 863 5086 textus,
905 5023 1018 5077 sive
1056 5021 1291 5075 Mariana
1319 5021 1497 5075 versio
1540 5021 1797 5075 consula-

198 5092 462 5169 tur._Sic
508 5102 684 5169 autem
733 5109 791 5147 se
840 5092 1058 5169 habet:
1097 5095 1154 5149 τὸ
1196 5090 1252 5169 δὲ
1280 5097 1545 5169 πρροίμξον
1592 5094 1664 5152 εἰς
1700 5096 1797 5169 τὰς

192 5164 354 5239 ποιρᾲ
390 5170 490 5239 τῶν
532 5166 794 5239 αἱρετυςῶν
840 5162 1089 5239 ᾏοιδορίας
1116 5206 1129 5223 .
1176 5166 1244 5239 dic
1282 5162 1365 5218 ini
1412 5162 1677 5239 ἁκλῃρῶν,
1710 5164 1793 5216 vel

192 5233 289 5306 s'rri
340 5233 504 5306 ᾈήρῳν
543 5233 813 5306 γγένομένας
844 5233 1172 5306 ἐπιτέίνεταιξ
1204 5233 1473 5302 lnterpres
1515 5233 1795 5306 Romanus

193 5302 275 5357 ita
315 5296 514 5357 vertit:
548 5296 613 5356 Ἀι
660 5296 773 5357 vero
816 5305 1114 5372 prommium
1153 5296 1507 5357 haereticorum
1555 5305 1785 5357 convicia

192 5382 465 5445 tamquam
494 5374 805 5445 petulantius
824 5375 969 5496 facta
990 5376 1286 5427 insectatur.
1313 5372 1624 5428 Mercatoris
1649 5390 1785 5442 pra:-

192 5442 334 5496 fatio
361 5454 540 5496 autem
570 5446 648 5496 sic
669 5460 727 5496 se
751 5445 818 5496 ha
842 5452 914 5496 )et
939 5462 949 5496 :
986 5443 1051 5496 In
1077 5443 1409 5496 contumelias
1438 5460 1552 5496 auat
1580 5443 1643 5496 ab
1673 5444 1782 5496 haz-

192 5442 334 5498 fatio
361 5442 540 5498 autem
570 5446 648 5499 sic
669 5460 727 5499 se
751 5442 914 5498 habet
939 5462 949 5496 :
986 5443 1051 5496 In
1077 5443 1409 5515 contumelias
1438 5460 1552 5515 qua:
1580 5443 1643 5496 ab
1673 5444 1782 5497 haz-

190 5516 375 5569 relicis
399 5515 700 5586 durissimie
718 5514 1247 5586 irrogatttur_;rnullo,
1275 5520 1365 5586 aut
1390 5514 1493 5586 no_n
1535 5516 1783 5586 apposito

192 5593 430 5653 uterque
456 5601 637 5640 sensu.
684 5584 842 5653 Legi,
876 5584 978 5637 nisi
1008 5584 1181 5649 fallar,
1206 5584 1363 5638 debet
1397 5602 1408 5637 :
1435 5584 1783 5639 Contumelias

191 5655 404 5725 quidem
426 5659 783 5712 haereticorum
804 5658 855 5709 in
878 5673 958 5709 me
979 5654 1220 5726 arbitror,
1258 5667 1513 5726 tamquam
1550 5656 1779 5709 deliran-

192 5729 327 5779 tium
354 5729 619 5782 machinas
637 5769 651 5790 ,
683 5727 765 5780 vel
790 5737 1049 5798 tamquam
1078 5743 1109 5777 a
1132 5725 1305 5779 deliris
1329 5725 1516 5798 factas,
1541 5728 1623 5781 vel
1651 5738 1781 5798 tam:

192 5813 351 5863 quam
371 5800 433 5853 ab
456 5798 712 5853 induratis
738 5796 927 5867 factas,
952 5805 1114 5866 prout
1139 5796 1335 5867 nempe
1354 5797 1455 5867 legi
1478 5805 1675 5867 potest,
1698 5796 1781 5850 vel

1900 4877 2087 4935 cuilias
2110 4881 2433 4943 Nestorium,
2467 4888 2577 4932 tum
2598 4878 3084 4948 Constantinopoli,
3115 4877 3473 4948 cum_potire7

1901 4960 1987 5004 tur
2006 4967 2184 5005 rerum
2204 4992 2218 5015 ,
2253 4959 2363 5004 tum
2383 4956 2597 5019 postea,
2622 4965 2742 5004 cum
2776 4951 2826 5003 in
2854 4946 3003 5003 lanra
3032 4947 3202 5003 sancti
3223 4946 3476 5016 Euprepii

1900 5021 2171 5077 beneﬁciis
2212 5018 2507 5075 amicorum
2535 5020 2918 5082 cumularetur,
2956 5018 3252 5086 intelligere
3286 5032 3475 5087 possu-

1898 5108 2016 5146 mus
2038 5108 2102 5146 ex
2133 5092 2309 5147 edicto
2337 5105 2446 5159 quo
2483 5089 2823 5159 Theodosius,
2838 5090 2992 5159 jubet
3028 5088 3338 5159 luereticum
3382 5088 3471 5141 de-

1898 5163 2122 5231 portari,
2148 5157 2435 5229 omniaque
2454 5161 2622 5229 ipsius
2643 5160 2784 5213 bona
2812 5157 3063 5231 Ecclesiae
3087 5157 3472 5231 Constantino-

1895 5228 2146 5301 politanae
2167 5228 2361 5294 addici,
2391 5240 2449 5284 ut
2468 5228 2817 5301 augustissimi
2848 5228 2986 5283 illius
3015 5230 3113 5283 loci
3134 5246 3303 5301 iopes,
3329 5229 3475 5300 cujus

1890 5300 1984 5374 ille
2007 5320 2160 5358 sacra
2188 5304 2444 5374 mysteria,
2464 5300 2709 5374 pradidit,
2742 5301 2997 5374 auctiores
3016 5300 3290 5374 evadant.__
3477 5348 3483 5354 .

1961 5371 1985 5411 δ
2013 5374 2068 5428 ln
2086 5390 2207 5428 eum
2234 5369 2410 5428 locum
2434 5369 2746 5427 intendebat
2763 5370 3013 5443 Cyrillus,
3028 5386 3147 5443 cum
3170 5369 3431 5423 scriberet
3454 5386 3467 5419 :

1890 5442 2156 5516 Numquid
2184 5446 2342 5516 igitur
2364 5440 2848 5516 ipsu_m,_propterea_
2871 5440 3006 5516 quod
3036 5442 3201 5511 factus
3222 5448 3471 5516 est__caro,

1888 5524 2011 5568 ante
2031 5508 2224 5568 omnia'
2243 5508 2497 5585 existendi
2528 5508 2680 5585 decus
2709 5508 3018 5585 e_t”gl_o'riam
3036 5508 3077 5563 ἀ
3115 5526 3170 5585 se
3206 5508 3471 5585 abdicasse

1886 5583 2697 5658 existimabimusullomodo.
2721 5582 2749 5636 Ι
2753 5579 2864 5637 llud
2884 5598 2999 5658 vero
3022 5581 3189 5651 potius
3209 5579 3471 5658 sapienter

1889 5656 2226 5724 cogitabimus
2256 5654 2301 5707 F
2306 5655 2470 5718 ilium,
2504 5655 2622 5708 licet
2644 5656 2699 5707 in
2727 5669 2882 5707 carne
2904 5654 3118 5724 factum,
3151 5666 3254 5704 non
3278 5654 3469 5716 privari

1888 5723 2056 5779 tamen
2081 5745 2112 5780 a
2146 5725 2305 5797 Patre
2330 5726 2391 5778 iis
2420 5741 2534 5797 qua:
2554 5725 2655 5797 ipsi
2686 5723 2992 5777 naturaliter
3013 5723 3190 5775 insunt
3210 5733 3467 5797 pravoqu-

1889 5798 2037 5864 tiris;
2062 5797 2151 5852 sed
2180 5795 2245 5851 ab
2275 5812 2332 5851 eo
2365 5788 2733 5859 nihilominus,
2758 5803 2815 5846 ut
2843 5810 2989 5847 suum
3018 5791 3230 5860 agnosci
3275 5788 3391 5841 licet
3418 5802 3473 5841 sc
