3958 6178
437 366 531 422 791

956 362 1146 418 MAR"
1186 361 1626 418 MERCATDRIS
1667 364 2231 421 TRANSLATIONES
2270 365 2625 421 VARIORUM
2663 366 3186 426 OPUSCULORUM.

3603 377 3700 432 793

502 479 556 534 Α.
601 490 627 516 κ
657 477 810 542 Audi,
844 477 1139 531 miserrime
1158 518 1172 542 ,
1205 483 1259 531 et
1297 477 1540 544 quamvis
1568 476 1802 540 rabidus,
1835 493 2018 530 curam
2049 487 2092 539 Α
2125 477 2290 543 Deus;
2316 479 2429 547 ipse
2457 479 2600 533 enim
2629 466 2838 548 εει,ήυὶ
2860 497 2958 550 per
2985 483 3302 552 prophetam
3330 485 3526 542 clamat
3557 488 3698 560 :Ego

435 570 499 624 ad
527 579 578 624 te
599 569 842 622 sanitatis
869 567 1120 620 admitte:
1154 581 1262 620 non
1285 567 1479 620 occidit
1502 566 1703 620 Pilatus
1731 567 2014 632 Deitatem,

435 663 530 718 sed
555 662 776 715 Deitatis
805 661 1215 723 vestimentum;
1246 675 1351 712 non
1377 659 1518 713 Deus
1540 659 1769 713 Verbum
1794 659 2018 713 sindone

430 771 460 807 a
492 753 689 821 Joseph
720 752 989 805 involutus
1009 751 1296 820 sepulturae
1311 751 1591 804 mandatus
1612 759 1710 807 est.
1737 751 2018 816 Quomédo

431 845 573 897 enim
604 844 692 896 ille
721 843 826 897 hoc
845 850 1054 912 poterat
1084 843 1212 911 pati,
1245 843 1328 912 qui
1351 851 1484 894 tenet
1511 841 1756 896 circulum
1779 852 1946 903 terrte,
1970 852 2020 894 et

430 949 606 986 omnes
628 932 915 986 habitantes
937 934 989 986 in
1005 950 1084 993 ea,
1113 942 1369 1004 tamquam
1391 932 1633 995 locustas,
1650 933 1787 986 sicut
1799 933 1873 985 ait
1894 948 2019 1002 pro-

429 1025 595 1093 pheta
628 1025 794 1094 (Isai.
829 1042 917 1088 χι,
949 1023 1094 1096 2‘2)?

503 1115 554 1170 5.
595 1117 704 1171 Sed
727 1118 846 1186 quis
875 1118 963 1171 ille
985 1126 1085 1181 est,
1117 1119 1208 1184 qui
1241 1117 1525 1170 involvitur
1560 1117 1739 1170 linteis
1777 1117 2015 1185 sepultu-

431 1210 540 1263 ras?
588 1209 726 1262 Audi
783 1209 1102 1276 evangelicis
1141 1209 1361 1263 vocibus
1398 1209 1676 1276 personari
1727 1225 1739 1260 :
1793 1207 1818 1245 ι)
1868 1208 2018 1261 Venit

433 1301 586 1356 homo
609 1300 746 1355 dives
771 1299 834 1354 ab
857 1301 1148 1354 Arimathia
1165 1343 1176 1364 ,
1221 1303 1301 1353 cui
1336 1318 1520 1354 nomen
1551 1311 1663 1354 erat
1689 1300 1900 1370 Joseph,
1931 1303 2017 1372 qui

433 1403 484 1446 et
502 1394 614 1463 ipse
642 1395 812 1464 fuerat
832 1391 1110 1463 discipulus
1131 1391 1274 1446 Iesu.
1309 1391 1412 1444 llic
1433 1391 1560 1444 adiit
1583 1391 1830 1455 Pilatum,
1857 1401 1906 1443 et
1925 1409 2017 1460 po-

433 1485 644 1540 stulavit
665 1500 848 1555 corpus
866 1483 1011 1538 Iesu.
1047 1485 1188 1536 Tunc
1220 1483 1420 1536 Pilatus
1439 1484 1597 1552 jussit
1618 1483 1763 1535 reddi
1801 1499 2013 1554 corpus;

433 1586 485 1631 et
532 1577 787 1647 accipiens
827 1592 1009 1646 corpus
1063 1575 1190 1628 illud
1232 1574 1424 1644 Joseph
1460 1574 1667 1627 involvit
1705 1575 1759 1625 in
1800 1573 2017 1626 sindone

433 1668 644 1734 munda,
676 1677 725 1722 et
747 1671 916 1739 posuit
947 1669 1074 1721 illud
1109 1670 1162 1721 in
1202 1678 1529 1721 monumento
1571 1666 1794 1735 (Matth.
1848 1683 2010 1729 xxvn,

433 1761 544 1833 57).
572 1761 678 1816 Ter
704 1761 839 1816 dixit
867 1779 1069 1832 corpus,
1103 1771 1157 1814 et
1181 1777 1279 1815 nec
1301 1761 1468 1814 semel
1495 1760 1737 1813 meminit
1757 1759 2010 1824 Deitatis;

2121 588 2251 635 sum,
2278 587 2368 641 ego
2401 588 2514 624 sum
2536 613 2550 635 ,
2599 581 2648 625 et
2681 590 2782 626 non
2821 590 2935 627 sum
2973 584 3197 628 mutatus
3230 574 3387 645 (Mal.
3421 595 3497 643 Ill,
3529 579 3606 651 6).
3639 581 3699 635 Et

2120 663 2312 715 iterum
2347 681 2358 714 :
2389 662 2464 715 Tu
2493 674 2662 717 autem
2685 666 2818 718 idem
2838 667 2949 734 ipse
2981 683 3054 730 es,
3091 676 3140 720 et
3179 670 3306 720 anni
3335 671 3407 722 tui
3441 687 3544 724 non
3574 673 3720 743 deﬁ-_

2119 755 2256 807 cient
2278 754 2392 820 (Ps.
2425 771 2494 817 cn,
2520 754 2632 827 9.8).
2658 755 2764 809 Sed
2786 757 2963 811 unitus
2982 757 3229 812 humana:
3252 768 3475 824 naturze,
3507 773 3563 816 et
3585 763 3696 818 Dei-

2121 846 2245 898 tatis
2273 861 2390 899 eam
2433 847 2799 915 complexibus
2836 849 3104 916 stringens
3137 861 3158 888 ο
3191 850 3246 903 in
3277 852 3444 905 altum
3485 852 3692 919 levavit,

2118 950 2342 990 manens
2367 936 2417 990 id
2441 936 2585 1004 quod
2610 937 2892 992 existebat.

2192 1029 2241 1080 7.
2285 1028 2402 1096 Ipse
2431 1037 2716 1098 propterea
2747 1028 2938 1084 Petrus
2965 1029 3032 1083 de
3059 1032 3307 1100 primitiis
3329 1033 3528 1088 nostris
3559 1049 3691 1103 pra:-

2119 1119 2320 1182 dicans,
2351 1129 2405 1174 et
2435 1121 2579 1174 illam
2600 1121 2934 1176 altitudinem
2961 1138 3203 1188 narrans,
3227 1139 3384 1193 quam
3424 1127 3548 1183 huic
3568 1129 3690 1183 visi-

2119 1211 2211 1264 bili
2242 1219 2444 1265 natura:
2464 1213 2690 1266 contulit
2717 1213 2884 1267 Dens:
2911 1212 3084 1279 Hunc,
3111 1215 3299 1283 inquit,
3329 1216 3506 1292 esum
3531 1222 3692 1273 susci-

2121 1303 2242 1355 tavit
2262 1300 2402 1355 Deus
2433 1301 2451 1372 (
2471 1302 2584 1355 Act.
2609 1319 2662 1369 x,
2693 1301 2762 1356 40
2785 1302 2824 1373 ).
2851 1303 2968 1358 Νοιι
2996 1318 3125 1372 ergo
3155 1315 3398 1362 mortuus
3426 1317 3506 1363 est
3538 1309 3688 1376 Deus,

2117 1391 2211 1444 sed
2233 1392 2529 1446 suscitavit.

2188 1482 2240 1535 8.
2284 1482 2420 1537 Audi
2443 1482 2659 1538 Petrum
2679 1483 2964 1546 dicentem,
2991 1500 3023 1538 ο
3052 1485 3391 1554 Apollinaris.
3420 1487 3557 1544 Audi
3578 1507 3690 1545 cum

2119 1574 2428 1643 Apollinare
2460 1584 2516 1629 tu
2541 1590 2757 1643 quoque
2787 1575 3034 1644 impietas
3062 1577 3276 1630 Ariana.
3300 1577 3473 1643 Hunc,
3504 1581 3686 1648 inquit,

2114 1664 2292 1718 Iesum
2341 1667 2603 1718 suscitavit
2641 1665 2812 1729 Deus;
2857 1666 2999 1720 hunc
3036 1667 3126 1734 qui
3155 1678 3332 1735 paret;
3357 1669 3500 1724 hunc
3538 1687 3689 1739 quem

2117 1755 2257 1809 oculi
2288 1755 2583 1822 intuentur,
2611 1757 2702 1825 qui
2731 1756 2922 1811 allixus
2975 1766 3057 1811 est
3085 1758 3228 1825 ligno
3247 1802 3260 1824 ,
3279 1761 3368 1827 qui
3399 1760 3422 1795 ι]
3456 1762 3691 1830 palpatus

429 1869 532 1909 nec
553 1869 696 1908 enim
727 1854 1134 1908 vulneraverunt
1155 1853 1349 1906 milites
1376 1852 1559 1905 lancea
1590 1850 1869 1904 Deitatem.
1904 1849 2011 1904 Sed
2048 1865 2085 1920 Β
2115 1857 2197 1901 est
2225 1849 2468 1903 manibus
2497 1848 2736 1913 Thomas,
2756 1850 2847 1917 qui
2871 1850 2936 1904 ad
2961 1866 3082 1903 eum
3104 1850 3383 1904 clamavit:
3409 1852 3629 1924 Palpate
3648 1867 3690 1909 et

433 1945 562 2014 quid
601 1953 682 2000 est
711 1945 856 2015 quod
884 1946 952 1999 ab
982 1945 1084 1999 illis
1109 1953 1191 1997 est
1219 1946 1594 1998 vulneratum?
1617 1943 1661 1995 A
1686 1941 1892 1997 Joanne
1920 1943 2017 1997 do-

433 2051 558 2091 cere
583 2053 596 2089 :
633 2034 797 2100 Unus,
837 2036 1035 2104 inquit,
1058 2036 1278 2088 militum
1309 2036 1488 2087 lancea
1511 2051 1604 2086 sua
1644 2036 1855 2104 pupugit
1883 2035 2016 2086 latus

428 2125 542 2196 ejus
569 2126 747 2196 (Joan.
771 2142 889 2191 xix,
922 2125 1011 2196 54)
1065 2125 1132 2179 Et
1153 2126 1274 2178 audi
1297 2126 1472 2179 adhuc
1493 2134 1880 2192 argumentum,
1906 2140 2014 2193 quo

429 2225 642 2272 constat
671 2217 935 2272 Deitatem
975 2217 1192 2269 minime
1217 2216 1572 2270 vulneratam.
1606 2215 1750 2269 Exiit
1772 2257 1787 2280 ,
1821 2217 2009 2284 inquit,

425 2312 602 2364 statim
630 2313 841 2381 sanguis
861 2320 910 2363 et
929 2310 1098 2381 aqua(
1126 2308 1308 2376 Ibid.).

497 2403 550 2457 6.
590 2403 707 2457 Non
751 2403 863 2472 ipse
894 2410 1135 2456 mortuus
1179 2410 1280 2465 est,
1312 2401 1402 2470 qui
1435 2399 1692 2465 vivilicat;
1728 2401 1820 2468 qui
1867 2401 2010 2453 enim

425 2494 778 2551 subsisteret?
817 2494 907 2562 qui
937 2500 1208 2546 mortuum
1238 2493 1556 2546 suscitaret?
1584 2491 1741 2545 Venit
1762 2491 2008 2545 homines

423 2593 666 2640 mortuos
688 2585 945 2640 suscitare
977 2604 987 2637 :
1022 2601 1145 2638 nam
1169 2585 1282 2654 ipse
1311 2584 1539 2638 mortuis
1560 2584 1829 2637 invenitur
1856 2584 2008 2637 auxi-

424 2675 552 2729 lium
607 2676 746 2730 l'erre
787 2676 1134 2744 jacentibus;
1187 2692 1292 2731 non
1341 2677 1455 2745 ipse
1510 2683 1780 2743 tamquam
1824 2675 2008 2744 jacens

425 2766 609 2820 auxilii
632 2767 788 2836 inops
809 2780 946 2819 esse.

495 2856 611 2911 Non
627 2864 710 2910 est
734 2863 969 2910 mutatus
989 2854 1367 2923 conjunctione
1387 2871 1480 2910 seu
1498 2855 1756 2910 societate
1781 2856 2011 2910 hominis

2118 1942 2281 1995 ridete
2299 1943 2419 2013 quia
2446 1944 2656 2013 spiritus
2687 1959 2803 1995 ossa
2824 1951 2873 1995 et
2901 1959 3105 1996 carnem
3130 1960 3233 1996 non
3264 1943 3432 2008 habet,
3469 1949 3600 1999 sicut
3619 1966 3689 2000 me

2117 2033 2293 2087 ridetis
2332 2032 2599 2087 habentem
2622 2032 2771 2104 (Luc.
2813 2050 2955 2096 xxiv,
2987 2032 3097 2102 '59).
3131 2033 3198 2085 Et
3218 2035 3299 2087 his
3327 2035 3526 2089 certior
3555 2039 3688 2092 voci-

2115 2127 2214 2182 bus
2244 2126 2433 2191 factus,
2459 2127 2624 2196 ipsius
2651 2127 2854 2196 palpati
2900 2134 2952 2180 et
2981 2127 3220 2181 crucilixi
3250 2127 3492 2195 corporis
3522 2145 3688 2182 resur-

2113 2221 2373 2286 rectione,
2414 2220 2546 2273 mira
2587 2220 2702 2273 haec
2742 2219 3024 2272 facientem
3071 2218 3404 2285 gloritieabat
3460 2219 3624 2272 Deum
3675 2239 3685 2272 :

2115 2311 2252 2365 Deus
2275 2328 2432 2375 meus,
2464 2310 2666 2374 dicens,
2693 2319 2742 2363 et
2776 2308 3026 2362 Dominus
3058 2325 3197 2362 meus
3223 2307 3407 2377 (Joan.
3441 2326 3529 2374 xx,
3561 2308 3627 2361 ‘28
3649 2311 3684 2377 ).

2115 2401 2230 2456 Non
2255 2403 2378 2456 illud
2399 2402 2540 2471 quod
2564 2403 2892 2472 palpaverat,
2917 2401 3192 2470 appellans
3212 2401 3409 2464 Deum;
3436 2418 3536 2457 nec
3555 2404 3687 2456 enim

2115 2494 2398 2561 indagatur
2428 2493 2604 2547 Deitas
2635 2493 2736 2546 isto
2764 2492 3001 2561 palpatu.
3029 2490 3086 2545 Si
3113 2492 3253 2545 enim
3276 2491 3443 2544 Deum
3467 2490 3688 2545 Verbum

2108 2601 2451 2652 cognoscere,
2481 2584 2563 2638 vel
2594 2583 2871 2638 addiscere
2898 2583 3118 2652 palpata
3148 2583 3250 2637 isto
3282 2583 3517 2637 Thomas
3563 2584 3688 2637 inci-

2109 2685 2281 2746 perct,
2323 2675 2545 2729 dixisset
2589 2675 2705 2728 sine
2749 2673 2912 2728 dubio
2943 2673 3009 2727 ad
3055 2689 3176 2726 eum
3217 2673 3475 2727 Dominus
3512 2694 3524 2726 :
3557 2672 3704 2746 Con-_

2111 2775 2279 2821 trecta
2309 2775 2363 2821 et
2382 2765 2522 2830 vide,
2547 2766 2670 2834 quia
2692 2765 2909 2834 spiritus
2936 2779 3052 2817 sum
3077 2771 3131 2817 et
3155 2763 3315 2816 Deus.
3349 2764 3500 2819 Nunc
3521 2773 3690 2818 autem

2113 2872 2144 2911 e
2178 2857 2391 2912 diverso
2439 2858 2630 2926 palpa,
2678 2857 2868 2924 inquit,
2913 2862 2966 2909 et
2988 2853 3126 2916 vide,
3173 2854 3294 2922 quia
3327 2855 3546 2925 spiritus
3591 2871 3689 2910 non

1583 2988 2116 3044 CASTIGATIONES
2157 2988 2244 3042 ET
2283 2987 2507 3042 ΝΟΤέΕ.

427 3107 651 3175 humano
672 3104 847 3157 habitu
875 3104 1206 3174 spectandum
1243 3103 1561 3175 pfazbttisset.
1598 3100 1728 3175 N_on_
1759 3119 1819 3175 ea
1859 3117 2008 3175 nam-

425 3193 521 3248 que
542 3174 605 3228 de
625 3191 780 3248 causa
811 3170 1076 3248 factusest
1097 3170 1254 3228 homo
1282 3172 1607 3248 linigenitus,
1633 3171 1731 3248 Dei
1763 3170 2002 3233 Verbum,

425 3243 482 3299 ut
521 3245 777 3323 excideret
811 3243 843 3298 ὰ
884 3244 1200 3323 Divinitate;
1223 3244 1337 3323 sed
1367 3244 1533 3323 potius
1573 3244 1627 3294 in
1667 3243 2007 3323 ipsaquoque

2115 3117 2207 3173 nos
2230 3101 2610 3173 loquigsolemus
2636 3117 2652 3153 :
2678 3101 2742 3154 In
2769 3102 2864 3155 hoc
2891 3103 3005 3173 loco
3029 3105 3116 3156 ille
3143 3103 3370 3173 sepultus
3396 3113 3504 3165 est;
3527 3113 3576 3154 et
3594 3120 3687 3156 non

2115 3172 2329 3224 dicimus
2352 3171 2488 3224 illius
2519 3188 2720 3240 corpus,
2745 3173 2836 3224 sed
2859 3172 2976 3235 ille;
3007 3175 3173 3227 omnis
3201 3171 3371 3225 autem
3391 3189 3536 3225 same
3557 3190 3692 3225 men-

2115 3242 2177 3294 tis
2199 3242 2416 3313 scit‘nos
2447 3241 2583 3312 loqui
2605 3242 2669 3313 de
2694 3258 2925 3311 corpore.
2951 3241 3042 3296 Sic
3071 3254 3240 3296 autem
3270 3243 3406 3313 loqui
3437 3245 3692 3295 consuerit

427 3316 776 3385 assumptione
804 3316 976 3367 carnis
1004 3331 1151 3385 suam
1181 3309 1519 3385 nihilominus
1538 3309 1892 3364 excellentiam
1923 3309 2007 3364 re-
2035 3313 2082 3380 ο
2111 3328 2262 3385 sacra
2292 3309 2587 3385 scriptura.
2615 3309 2854 3385 illm-tuus
2872 3354 2886 3377 ,
2919 3313 3226 3385 inquit,_est
3253 3309 3447 3376 Aaron,
3481 3324 3528 3364 et
3540 3329 3692 3385 sepe-

429 3381 687 3454 tineretiet
711 3385 931 3454 gloriam
960 3383 1151 3452 (Hom.
1171 3383 1418 3454 (pascltal.
1444 3381 1553 3449 l7).

509 3467 535 3490 ιι
558 3453 638 3507 Ad
668 3451 915 3508 Pi'oclum
943 3451 1206 3506 convertit
1226 3454 1548 3510 orationem.
1577 3451 1740 3505 tacito
1770 3451 2004 3514 nomine,

447 3533 652 3593 )ropter
700 3523 884 3592 populi
936 3524 1200 3591 gratiam,
1251 3539 1355 3591 qua
1404 3522 1690 3593 plurimum
1737 3521 2003 3593 pollebat.

477 3591 648 3648 ixerat
675 3591 934 3647 enimille
965 3593 1140 3662 (Orat.
1164 3610 1350 3663 paneg.
1382 3597 1528 3661 parte
1557 3591 1652 3658 22)
1687 3610 1699 3643 :
1729 3591 1847 3660 Ipse
1870 3593 2005 3644 enim

425 3682 491 3718 ex
517 3665 679 3733 spinis
709 3680 952 3716 coronam
999 3665 1250 3733 portauit,
1292 3672 1347 3714 ut
1393 3664 1659 3730 spinarum
1695 3665 2004 3733 sententiam

426 3731 754 3798 dissolveret;
782 3735 890 3802 ipse
920 3735 971 3786 in
999 3731 1115 3787 sinu
1145 3732 1351 3794 Patris,
1383 3743 1432 3785 et
1458 3734 1512 3784 in
1541 3743 1710 3785 ventre
1741 3731 2001 3802 Virginis;

425 3808 559 3858 inter
587 3803 737 3856 ulnas
766 3805 968 3867 matris,
1000 3813 1050 3857 et
1078 3820 1230 3872 super
1260 3819 1455 3872 pennas
1478 3813 1766 3865 rentorum;
1798 3819 2001 3856 sursum

424 3874 488 3927 ab
513 3873 709 3941 angelis
752 3873 1088 3936 adorabatur,
1133 3881 1180 3924 et
1222 3874 1458 3926 deorsum
1485 3889 1598 3924 cum
1639 3873 1886 3925 telouibus
1919 3889 2001 3925 re-

424 3943 691 3997 cumbebat
707 3961 724 4009 ;
756 3943 1014 4012 serdphim
1043 3960 1146 3996 non
1173 3941 1550 4012 prospiciebant
1571 3959 1680 4012 prce
1702 3943 2000 4007 reverentia,

421 4026 471 4066 et
500 4013 705 4066 Pilatus
729 4012 1111 4081 interrogabat;
1143 4030 1316 4083 servus
1336 4012 1646 4083 percutiebat
1665 4053 1678 4073 ,
1716 4021 1763 4064 et
1801 4022 2003 4064 creatu-

423 4101 484 4137 ra
508 4083 820 4148 tenebatur;
851 4085 904 4136 in
927 4100 1073 4136 cruce
1094 4082 1362 4152 ﬁgebatur,
1387 4092 1436 4134 et
1465 4084 1675 4134 thronus
1701 4083 1881 4151 ρίου-ξω
1901 4098 2000 4152 nu-

423 4153 519 4207 dus
549 4171 650 4206 non
675 4163 818 4217 erat;
842 4155 895 4206 in
917 4150 1150 4223 sepulcro
1166 4154 1391 4222 jacebat,
1425 4161 1473 4223 et
1500 4153 1679 4204 caelum
1700 4150 2004 4204 extendebat

421 4225 554 4277 sicut
593 4223 804 4293 pellem;
841 4221 981 4277 inter
1015 4221 1242 4277 mortuos
1272 4221 1621 4293 reputabatur,
1657 4230 1705 4293 et
1744 4223 2004 4293 infernum

424 4292 709 4362 spoliabat;
742 4294 976 4348 deorsum
1023 4296 1168 4365 quasi
1195 4294 1450 4365 seducto!“
1477 4292 1907 4365 calumniabatur,
1955 4303 2004 4345 et

422 4360 624 4416 sursum
652 4379 683 4414 a
703 4366 896 4434 sgnctis
944 4360 1354 4434 gloriﬁcabutur.
1397 4360 1456 4434 0g
1471 4360 1777 4434 stupendum
1801 4371 2004 4434 _mgste-

424 4433 590 4486 rium!
617 4463 688 4472 ——
716 4431 1113 4486 Ponens'tauda
1143 4436 1396 4488 subnotat
1429 4432 1677 4485 Baluzius
1704 4449 1714 4482 :
1746 4451 1762 4481 ι
1799 4431 1874 4484 lta
1910 4448 2004 4486 co-

423 4503 528 4556 dex
558 4502 973 4556 Bellovacensis.
1004 4502 1366 4557 Gerberonius
1381 4502 1545 4555 edidit
1574 4501 1831 4565 Accedas;
1863 4499 2000 4554 Gar-

423 4573 606 4626 nerius
634 4572 787 4642 Audi,
820 4572 909 4641 qui
939 4580 1090 4642 putat
1111 4575 1408 4626 orationem
1439 4573 1602 4626 tacito
1631 4572 1845 4626 nomine
1867 4588 2001 4626 con-

421 4644 558 4697 verti
585 4643 651 4696 ad
682 4641 950 4697 Proclum.
991 4661 1008 4692 ι
1044 4641 1196 4695 Emr.

494 4713 521 4752 δ
561 4713 930 4768 Theodoretus
961 4713 1101 4766 hunc
1131 4713 1301 4765 locum
1335 4711 1519 4764 iisdem
1555 4710 1665 4765 fere
1700 4711 1877 4765 verbis
1902 4727 1998 4765 ex-
2031 4699 2079 4756 Ι)

421 4784 655 4854 scripsit,
691 4785 852 4837 immo
885 4791 939 4837 et
969 4782 1117 4835 auxit
1148 4781 1255 4854 (In
1288 4780 1574 4854 Impatibili
1595 4785 1632 4848 ).
1664 4779 1789 4834 Cum
1830 4792 1998 4854 mitem

420 4851 545 4908 sero'
565 4864 695 4908 esset
725 4858 938 4925 factum,
965 4853 1098 4925 venit
1128 4852 1344 4925 quidam
1367 4853 1516 4904 homo
1540 4852 1708 4925 dives,
1733 4859 1837 4904 etc.
1873 4851 1999 4925 Vide

421 4927 621 4994 quoties
650 4921 880 4993 corporis
908 4921 1222 4994 mentionem
1245 4923 1420 4994 faciat,
1445 4921 1996 4994 ut‘Divinitatenrbla-

420 4990 800 5063 sphemantium
826 5013 918 5047 ora
945 4993 1160 5047 obturet.
1197 4990 1342 5045 Idem
1365 4992 1483 5061 fecit
1505 4990 1822 5045 beatissimus
1852 4992 1999 5045 Mar-

420 5080 528 5129 cus,
559 5072 664 5119 etc.
701 5064 895 5117 Mirare
922 5066 1080 5134 igitur
1105 5063 1498 5115 consonantiam
1525 5077 1766 5120 cernens,
1795 5071 1843 5114 et
1871 5079 1998 5134 con-

419 5144 668 5186 sonanter
688 5132 1102 5204 continenterque
1131 5134 1397 5201 repetitum
1418 5135 1645 5200 corporis
1675 5148 1879 5204 nomen.
1904 5132 1997 5204 (Je-

417 5204 714 5256 leberrimns
733 5221 928 5275 quoque
950 5202 1115 5255 Lucas
1137 5204 1370 5256 similiter
1391 5204 1638 5275 narravit,
1657 5202 1832 5275 quoqu
1841 5203 1997 5272 oseph

417 5291 602 5344 corpus
634 5271 854 5344 petierit;
886 5273 1249 5328 Divinissimus
1269 5282 1448 5344 autem
1467 5271 1700 5344 Joannes
1729 5273 1834 5344 alia
1865 5271 1994 5343 quio-

415 5341 725 5415 que'adjecit
741 5362 757 5396 :
775 5343 990 5415 Rogavit
1014 5345 1242 5398 Pilatum
1255 5341 1446 5415 Joseph
1471 5343 1534 5395 ab
1555 5342 1866 5406 Arimathia,
1878 5341 1988 5415 etc.

425 5363 512 5466 Cle
534 5363 725 5414 ααλεειι
741 5363 757 5396 .'
775 5363 990 5415 ιῐοθίιυιι
1014 5363 1446 5411 ιἠαηιηωοδερη
1471 5363 1534 5395 (ω
1555 5363 1866 5406 Ληηιιιιηιίι,
1884 5363 1988 5397 8ιο-

471 5414 554 5467 ide
575 5416 768 5486 quoties
792 5416 931 5484 facta
953 5415 1180 5486 corporis
1211 5414 1464 5486 mentione
1481 5455 1495 5477 ,
1532 5421 1870 5486 etpostquant
1898 5413 1995 5466 hoc

414 5487 550 5538 cruci
581 5481 799 5556 afﬂatum
817 5487 991 5556 fuisse,
1024 5481 1072 5538 et
1101 5487 1196 5538 hoc
1223 5483 1417 5556 Ioseph
1447 5501 1490 5556 _a
1531 5481 1706 5556 Pilato
1729 5481 1987 5556 petiisse,

411 5566 460 5606 et
501 5557 596 5609 hoc
629 5556 692 5608 de
721 5554 858 5624 ligno
885 5557 1204 5624 deposuisse,
1237 5562 1284 5608 et
1314 5554 1408 5606 hoc
1438 5554 1609 5606 linteis
1638 5569 1750 5606 cum
1779 5555 1990 5622 myrrha

410 5637 461 5678 et
486 5628 602 5680 aloe
621 5625 889 5679 involvisse
911 5627 1130 5690 dixerat,
1145 5639 1573 5696 personwgnomen
1597 5633 1714 5696 tunc
1735 5624 1982 5696 posuisse,

410 5705 460 5747 et
479 5698 655 5751 .lesnm
683 5698 736 5749 in
755 5707 1088 5766 monumento
1111 5692 1328 5766 positum
1350 5694 1560 5766 dixisse.
1597 5692 1645 5766 Η
1653 5711 1714 5745 ac
1747 5693 1811 5746 de
1833 5710 1985 5766 causa

410 5780 458 5819 et
487 5769 699 5838 angelus
728 5765 898 5819 dixit:
937 5762 1139 5833 Venite,
1173 5766 1364 5829 ridete,
1396 5762 1480 5815 ubi
1499 5763 1987 5838 _positus_erat_Do-

412 5833 609 5906 minus;
643 5838 896 5892 communi
926 5839 1129 5892 nomine
1153 5853 1334 5907 corpus
1359 5833 1643 5904 appellans.
1671 5833 1758 5888 Sic
1785 5835 1916 5887 enim
1939 5845 1987 5889 et

2117 3381 2303 3434 lierunt
2331 3381 2499 3453 ipsum
2527 3381 2579 3433 in
2605 3380 2680 3453 0r
2716 3391 3044 3453 monte,etc.
3080 3382 3277 3453 (Num.
3311 3399 3474 3436 xxxtn
3493 3424 3508 3446 ,
3540 3383 3605 3434 57
3631 3385 3645 3448 )
3672 3400 3684 3443 ;

2113 3461 2342 3521 mortuus
2363 3460 2437 3503 est
2460 3450 2691 3517 Samuel,
2716 3461 2764 3503 et
2791 3450 3099 3520 sepelierunt
3120 3457 3285 3521 ipsum
3314 3455 3368 3505 in
3397 3453 3690 3505 Armathem

2115 3521 2167 3591 (Ι
2196 3519 2322 3592 Reg.
2356 3537 2481 3583 xxv,
2506 3521 2588 3592 1);
2615 3530 2662 3574 et
2683 3519 2936 3592 ejusmodi
2965 3523 3072 3576 alia
3100 3519 3387 3576 innumera.
3414 3522 3568 3574 Hunc
3592 3540 3690 3575 mo-

2116 3590 2223 3644 rem
2245 3590 2542 3644 observavit
2559 3590 2760 3645 divinus
2784 3593 3056 3656 Apostolus
3075 3634 3088 3657 ,
3113 3609 3226 3646 cum
3255 3594 3434 3646 mortis
3460 3591 3690 3646 Domini-

2110 3678 2182 3716 caz
2217 3663 2524 3732 mentionem
2567 3664 2775 3732 faceret.
2823 3661 3038 3715 Tradidi
3060 3665 3194 3717 enim
3224 3661 3380 3722 robis,
3413 3663 3603 3730 inquit,
3635 3664 3685 3714 in

2110 3733 2319 3802 primis,
2350 3731 2485 3803 quod
2511 3731 2754 3801 etaccepi
2771 3773 2784 3795 ,
2822 3733 2957 3803 quod
2985 3732 3216 3793 Christus
3246 3742 3474 3786 mortuus
3496 3742 3571 3785 est
3595 3749 3683 3800 pro

2112 3803 2333 3873 peccatis
2357 3803 2564 3874 nostris,
2589 3803 2867 3874 secundum
2892 3803 3209 3874 Scripturas,
3233 3814 3280 3874 et
3303 3804 3438 3874 quod
3465 3804 3686 3872 sepultus

2111 3882 2287 3943 esttet
2313 3872 2450 3943 quod
2480 3872 2758 3926 resurrexit
2793 3875 2942 3925 tertia
2965 3872 3063 3936 die,
3088 3872 3363 3943 secundum
3392 3872 3683 3941 Scripturas

2113 3942 2166 4008 (l
2196 3941 2431 4007 Cor.'xv,
2465 3942 2551 4012 5),
2594 3949 2648 3996 et
2676 3957 2794 4012 qua":
2822 3951 3132 4010 sequuntur.
3166 3941 3394 4012 ldipsum
3432 3943 3686 4012 repetitur

2110 4012 2470 4082 libroﬁquﬁinto
2505 4010 2883 4082 llrereticarum
2915 4010 3382 4082 Fabularum'cap.
3416 4010 3501 4064 ἰδέ

2185 4093 2206 4119 ο
2251 4081 2452 4135 Eodem
2499 4081 2748 4150 exemplo
2797 4083 2995 4136 abusus
3043 4092 3161 4138 erat
3208 4081 3455 4137 sermone
3493 4082 3679 4151 primo.

2115 4150 2258 4204 Vidit
2284 4151 2422 4223 Deus
2444 4160 2684 4204 naturam
2713 4152 3012 4221 collapsam,
3037 4170 3248 4223 eamque
3269 4150 3684 4223 Deitatispotenf

2109 4223 2180 4275 tia
2210 4222 2548 4303 apprehendit
2569 4224 2838 4303 elisam,.et
2861 4224 3006 4303 illam
3030 4221 3219 4303 tenens,
3245 4232 3293 4274 et
3321 4239 3536 4303 man-ens
3554 4221 3683 4303 quod

2106 4291 2314 4355 erat,in
2344 4291 2505 4344 altum
2533 4291 2827 4345 sublevavit.
2860 4291 3104 4362 Exempli
3125 4309 3283 4345 causa
3312 4293 3448 4355 quod
3477 4291 3680 4352 dicitur,

2105 4378 2291 4425 nosce;
2339 4363 2386 4414 si
2409 4362 2669 4431 jacentem
2698 4363 2896 4415 elevare
2932 4363 3179 4426 volueris,
3213 4379 3384 4415 nonne
3423 4364 3682 4430 contiuges

2105 4448 2287 4501 corpus
2315 4447 2545 4501 corpore,
2577 4441 2626 4484 et
2648 4443 2693 4485 te
2712 4433 2877 4501 ipsum
2907 4433 2984 4485 illi
3007 4433 3232 4502 conjung
3265 4432 3365 4484 udo
3387 4434 3570 4485 elisum
3591 4433 3686 4484 eri-

2103 4518 2208 4571 ges,
2224 4512 2388 4572 atque
2414 4503 2488 4554 ita
2508 4501 2585 4554 illi
2601 4518 2692 4554 con
2693 4503 2904 4571 junctus
2926 4504 3034 4572 ipse
3059 4501 3255 4564 manes,
3281 4502 3418 4572 quod
3438 4519 3587 4563 eras;
3611 4503 3681 4572 sic

2103 4581 2152 4624 et
2171 4570 2323 4693 aug)
2337 4570 2711 4626 incarnationis
2754 4570 2953 4625 a’stima
2982 4570 3362 4626 sacramentum
3404 4572 3617 4642 (Serm.
3657 4570 3677 4621 ι

2103 4657 2242 4693 num.
2333 4681 2346 4693 .

2102 4657 2242 4694 num.
2269 4657 2346 4694 ὅ).

2175 4659 2242 4694 m.
2269 4642 2302 4693 8
2333 4681 2346 4694 .
3416 4641 3420 4642 ⁷

2173 4708 2201 4748 ἀ
2240 4641 2428 4781 Op)era:
2453 4712 2684 4782 pretium
2725 4720 2810 4766 est
2847 4713 3129 4766 consulere
3172 4710 3485 4765 Cassianum
3525 4725 3686 4780 super

2103 4796 2166 4834 ea
2196 4797 2274 4844 re,
2310 4781 2510 4836 Locum
2551 4783 2692 4835 enim
2733 4783 2874 4835 hunc
2902 4790 3095 4836 tractat
3127 4791 3182 4836 ut
3202 4784 3395 4852 probet
3425 4783 3683 4835 Divinita-

2102 4860 2210 4905 tem
2238 4852 2454 4916 Christi,
2487 4853 2784 4920 evertitque
2807 4852 3035 4906 Nestorii
3059 4868 3295 4914 sensum,
3327 4861 3378 4903 et
3401 4853 3503 4904 alia
3525 4852 3686 4906 refert

2102 4921 2245 4976 lectu
2272 4923 2458 4990 digna,
2494 4938 2602 4976 non
2649 4930 2827 4976 tamen
2872 4938 2990 4988 qua?
3031 4931 3276 4992 spectent
3310 4924 3452 4976 hunc.
3481 4937 3686 4992 sermo-

2101 5008 2245 5057 nem,
2277 4994 2474 5062 quippe
2496 5008 2653 5062 quem
2686 5008 2791 5045 non
2820 4993 2968 5054 vidit,
2999 4991 3091 5047 sed
3121 4994 3348 5062 primum
3373 4993 3569 5061 potius.
3596 4991 3682 5044 Sic

2103 5059 2474 5116 autem’ha'h'et
2511 5059 2526 5113 Ξ
2569 5059 2708 5125 Quid
2745 5059 3434 5129 proclamavit?Dominus,
3480 5063 3681 5129 inquit,

2102 5149 2260 5204 meus,
2279 5142 2327 5186 et
2355 5131 2494 5186 Deus
2517 5133 2688 5204 meus!
2712 5131 2982 5204 N_umquid
3005 5135 3138 5186 dixit
3161 5133 3262 5204 hoc
3274 5133 3410 5204 quod
3433 5143 3484 5184 tu
3517 5133 3645 5204 dicis
3667 5147 3684 5182 :

2102 5202 2291 5267 Homo,
2323 5213 2373 5255 et
2400 5220 2501 5257 non
2534 5201 2703 5265 Deus;
2735 5201 2989 5268 Christus,
3018 5213 3066 5258 et
3095 5220 3198 5255 non
3232 5201 3530 5256 Dirinitas?
3555 5201 3684 5256 Cor-

2099 5290 2192 5344 pus
2221 5275 2392 5344 utique
2420 5274 2500 5344 sui
2529 5271 2741 5326 Domini
2774 5275 2964 5344 tetigit,
2989 5284 3038 5326 et
3061 5273 3226 5327 Deum
3251 5273 3679 5344 esse_respondit._

2098 5341 2365 5414 Numquid
2394 5343 2752 5414 discretionem
2779 5341 3004 5414 aliquam
3028 5344 3327 5414 hominiset
3358 5341 3450 5395 Dei
3475 5341 3691 5396 intulit?

2094 5413 2195 5466 Aut
2223 5412 2427 5484 carnem
2448 5413 2591 5467 illam
2613 5412 2889 5484 Geodéxml,
2921 5425 2977 5466 ut
3007 5424 3058 5465 tu
3079 5415 3176 5473 ais,
3209 5413 3263 5465 id
3283 5424 3374 5473 est,
3402 5415 3685 5483 susceptri-

2095 5501 2204 5536 cem
2232 5483 2455 5536 Deitatis
2485 5483 3110 5553 imaginem’nominavit?
3131 5488 3204 5536 ret
3235 5499 3376 5536 more
3403 5485 3691 5553 impietatis

2095 5563 2222 5619 tuae,
2255 5570 2370 5607 eum
2415 5571 2562 5624 quem
2590 5555 2822 5623 contigit,
2858 5571 2960 5608 non
2990 5563 3198 5624 propter
3239 5569 3312 5614 se,
3345 5555 3437 5605 sed
3476 5563 3691 5624 propter

2092 5641 2205 5696 eum
2227 5623 2452 5696 quentia
2482 5641 2535 5677 se
2558 5635 2819 5696 receperat
2838 5623 3181 5678 venerandum
3209 5640 3318 5677 esse
3351 5623 3696 5696 memorauit:

2094 5693 2202 5748 Sed
2239 5693 2572 5748 subtilitatem
2613 5695 2744 5746 hanc
2787 5695 3108 5748 discretionis
3153 5703 3252 5748 tua?
3293 5695 3557 5748 apostolus
3594 5693 3697 5747 Ι)ιὶ

2095 5767 2228 5835 forte
2256 5782 2356 5821 non
2389 5774 2536 5818 norat
2560 5762 2698 5835 (Lib.
2726 5780 2777 5820 Ill
2802 5765 2864 5819 de
2897 5763 3166 5818 Incarnat.
3201 5781 3245 5818 c.
3276 5762 3401 5834 l5)?
