3960 6184
215 389 323 444 793

1385 381 1544 436 IMP]!
1587 379 1900 436 NESTORH
1941 379 2175 435 SERMO
2215 377 2326 434 Vll.

3399 377 3464 432 7ft
3477 381 3511 433 ιι

215 521 339 561 sum
364 523 378 558 :
413 518 533 558 nam
554 502 763 573 spiritus
795 515 1002 553 carnem
1023 506 1072 551 et
1100 513 1216 552 ossa
1249 511 1354 550 non
1376 495 1547 558 habet,
1572 497 1704 549 sicut
1732 512 1814 548 me
1841 499 1891 557 Α
1917 496 2062 566 piens
2087 494 2344 565 (Philipp.
2371 510 2426 558 ιι,
2462 491 2535 564 5).
2562 492 2680 547 Non
2701 491 2836 546 dixit
2861 511 2873 545 :
2906 491 3022 548 Hoc
3050 487 3318 547 sentiatur
3337 495 3391 547 in
3419 508 3519 548 vo-

215 599 400 655 uidetis
423 597 692 649 habentem
717 597 733 664 (
753 592 874 645 Luc.
899 607 1045 655 xxxv,
1067 588 1174 658 59).
1202 589 1287 643 Me
1301 589 1525 653 scilicet,
1548 603 1710 657 quem
1729 603 1817 642 se-

215 689 457 746 cundum
488 685 538 739 id
567 683 709 753 quod
738 683 948 735 videtur
967 690 1022 734 et
1052 687 1204 749 paret
1225 680 1416 734 videtis
1444 694 1563 733 esse
1591 693 1815 747 compo-

213 782 406 841 situm,
439 785 495 830 et
539 773 834 829 secundum
871 771 1114 840 corporis
1141 771 1496 824 substantiam
1541 785 1660 824 esse
1689 784 1818 823 con—

213 872 560 928 trectabilem
591 869 830 922 cernitis.

295 963 349 1017 9.
395 963 510 1016 Non
539 961 700 1021 enim,
726 959 1069 1028 Apollinaris,
1112 973 1231 1011 ossa
1263 965 1318 1010 et
1357 972 1485 1011 caro
1525 965 1606 1010 est
1636 957 1817 1010 Deitas

217 1053 391 1107 Verbi
421 1050 648 1122 paterni.
683 1049 757 1103 De
781 1050 883 1102 i'sto
907 1047 1157 1118 palpabili
1187 1047 1381 1101 clamat
1406 1045 1594 1100 Petrus
1622 1064 1634 1098 :
1663 1045 1818 1099 Hunc

219 1142 404 1196 Jesum
427 1143 688 1195 suscitavit
720 1139 857 1209 Deus
899 1139 1044 1210 (Act.
1098 1155 1152 1203 ιι,
1186 1137 1309 1206 40).
1368 1138 1594 1190 Dextera
1638 1138 1818 1205 itaque

222 1235 498 1289 exaltatus
528 1242 608 1286 est
633 1232 744 1294 Dei,
773 1246 878 1284 non
903 1238 1083 1282 tamen
1106 1229 1325 1282 dextera
1374 1228 1660 1296 adjuvante
1687 1228 1820 1281 Ver-

224 1325 379 1379 bum.
426 1322 470 1376 0
499 1323 707 1376 insania
733 1321 961 1374 Ariana!
991 1319 1355 1373 Promissione
1394 1334 1609 1387 quoque
1647 1320 1819 1373 sancti

224 1417 463 1488 Spiritus
503 1424 723 1484 accepta
774 1429 803 1466 a
834 1412 992 1466 Patre
1025 1412 1172 1482 (Act.
1200 1429 1254 1473 ιι,
1289 1412 1408 1481 55),
1441 1411 1627 1465 elTudit
1654 1412 1814 1477 hunc,

225 1523 391 1578 quem
415 1523 511 1560 vos
533 1506 726 1558 videtis
754 1512 805 1558 et
838 1503 1052 1557 auditis.

302 1600 390 1653 10.
434 1597 498 1651 Et
529 1599 649 1651 audi
672 1596 895 1650 Paulum
919 1595 984 1650 de
1009 1596 1118 1649 Deo
1141 1594 1574 1658 ratiocinantem,
1599 1603 1653 1648 et
1676 1593 1819 1647 illam

227 1689 698 1745 iuconvertibilem
730 1688 822 1740 Dei
853 1694 908 1740 et
943 1686 1172 1740 hominis
1201 1694 1559 1756 exponentem
1593 1685 1808 1754 conjun-

229 1782 486 1836 ctionem.
516 1777 580 1831 In
601 1781 787 1850 forma,
822 1778 1012 1846 inquit,
1047 1776 1143 1830 Dei
1174 1779 1497 1840 constitutus,
1531 1795 1639 1830 non
1675 1778 1820 1848 rapi-

1919 585 2021 647 bis,
2046 585 2190 653 quod
2209 592 2265 638 et
2293 585 2348 637 in
2373 584 2481 637 Deo
2507 583 2703 646 Verbo,
2729 583 2960 651 quicum
2981 583 3037 637 in
3063 581 3234 637 forma
3255 583 3352 637 Dei
3373 591 3518 637 esset

1919 677 2262 737 constitutus,
2296 677 2521 728 formam
2543 675 2686 729 servi
2707 675 2936 744 accepit.
2960 674 3066 729 Sed
3089 676 3363 744 accipiens
3377 675 3518 746 Apo-

1919 769 2090 823 stolus
2122 767 2319 822 Christi
2349 783 2569 832 nomen,
2609 775 2883 836 tamquam
2926 768 3153 822 duarum
3193 777 3510 823 naturarum

1921 860 2334 930 appellationem
2380 856 2807 926 signiﬁcativam,
2865 859 3064 927 absque
3110 860 3194 913 sui
3242 859 3502 928 periculo,

1919 968 2062 1013 eum,
2095 959 2150 1004 et
2177 952 2318 1005 servi
2349 949 2596 1016 formam,
2641 959 2697 1004 et
2735 951 2904 1004 Deum
2957 960 3232 1020 nuncupat
3278 952 3511 1020 irrepre-

1919 1042 2290 1097 hensibiliter:
2340 1042 2421 1095 his
2459 1041 2642 1095 divisis
2682 1056 2801 1109 qua:
2849 1040 2916 1094 ad
2957 1048 3203 1094 naturam
3243 1041 3512 1110 duplicem

1920 1135 2324 1200 signiﬁcandam
2346 1134 2627 1199 dicuntur;
2659 1143 2713 1188 et
2741 1150 2850 1188 non
2881 1135 2984 1188 hoc
3005 1134 3178 1188 solum
3209 1133 3518 1187 Christianis

1920 1227 2247 1297 priedicans,
2291 1225 2416 1293 quia
2459 1225 2914 1279 incommutabilis
2953 1233 3036 1279 est
3077 1225 3218 1278 Deus
3245 1221 3511 1290 Christus,

1920 1317 2014 1370 sed
2065 1326 2119 1370 et
2167 1316 2450 1383 benignus,
2501 1314 2728 1370 formam
2770 1317 2913 1370 servi
2946 1317 3235 1385 accipiens,
3285 1323 3339 1369 et
3367 1314 3516 1383 quod

1919 1409 2241 1463 subsistebat
2269 1408 2529 1473 existens,
2581 1417 2641 1461 ut
2669 1410 2885 1463 noveris
2915 1425 3024 1464 non
3072 1417 3340 1463 mutatum
3393 1417 3517 1478 post

1920 1499 2238 1563 unitionem,
2259 1498 2350 1552 sed
2367 1498 2538 1551 visum
2560 1498 2716 1552 simul
2735 1499 3020 1567 benignum
3041 1507 3095 1553 et
3109 1499 3342 1566 justum:
3369 1513 3517 1551 mors
3603 1531 3606 1533 -

1913 1579 2062 1647 \enim
2087 1609 2185 1662 pro
2216 1593 2392 1661 impiis
2423 1593 2542 1646 sine
2563 1602 2786 1661 peccato
2808 1594 2988 1646 carnis
3008 1600 3092 1646 est
3111 1594 3260 1660 ejus;
3284 1598 3338 1644 et
3364 1591 3513 1658 quod

1923 1702 2042 1741 eam
2072 1701 2171 1756 pro
2203 1685 2429 1739 inimicis
2451 1700 2558 1738 non
2585 1683 2798 1752 refugit,
2834 1683 3218 1738 inaestimabilis
3264 1681 3514 1749 benigni-

1925 1778 2050 1830 tatis
2078 1783 2158 1830 est
2186 1776 2396 1844 gratia.
2436 1775 2538 1828 Via:
2576 1777 2732 1838 enim,
2781 1775 3075 1829 secundum
3126 1772 3370 1838 Paulum,
3420 1789 3515 1842 pro

231 1889 356 1925 nam
377 1872 655 1924 arbitratus
677 1879 751 1923 est
772 1886 880 1923 esse
894 1887 948 1922 se
963 1873 1210 1940 (canalem
1227 1869 1358 1932 Deo;
1381 1869 1472 1922 sed
1492 1871 1819 1938 semetipsum
1853 1881 1894 1937 Β
1918 1871 2062 1941 justo
2091 1869 2202 1940 quis
2223 1869 2475 1922 moriatur
2505 1866 2680 1936 (Rom.
2707 1885 2758 1930 v,
2793 1868 2882 1937 7)?

228 1961 536 2024 exinanirit,
580 1962 797 2030 formam
823 1960 950 2012 servi
986 1960 1241 2028 accipiens
1264 1959 1524 2029 (Philipp.
1551 1975 1606 2023 ιι,
1640 1958 1821 2018 6).Sic

229 2063 286 2108 et
303 2054 359 2106 in
388 2053 505 2106 aliis
531 2051 764 2120 quidem,
816 2051 1005 2118 inquit,
1042 2051 1239 2104 locutus
1261 2060 1336 2104 est
1376 2049 1522 2104 nobis
1562 2053 1613 2103 in
1659 2050 1819 2115 Filio,

229 2161 381 2216 quem
401 2145 666 2196 constituit
687 2143 940 2196 ha’redem
966 2143 1335 2205 universorum,
1359 2159 1450 2212 per
1470 2159 1614 2213 quem
1639 2143 1757 2212 fecit
1776 2151 1826 2194 et

229 2233 443 2297 saecula,
483 2235 673 2304 quiest
714 2233 958 2302 splendor
995 2227 1176 2303 gloria:
1223 2231 1380 2303 (Heb.
1414 2249 1450 2298 ι,
1475 2235 1551 2302 2).
1599 2231 1825 2287 Prorsus

231 2325 400 2378 lilium
429 2306 586 2380 caute
603 2341 743 2389 eum,
777 2332 832 2377 et
853 2324 1194 2394 splendorem
1217 2324 1398 2390 gloria:
1431 2332 1720 2392 nunCUpat,
1770 2330 1824 2378 et

233 2416 528 2487 positivum
547 2417 844 2471 hieredem:
875 2426 898 2452 ιι
913 2417 1178 2470 haeredem
1201 2417 1413 2484 quidem
1436 2417 1722 2486 positivum
1735 2432 1822 2470 se-

231 2509 468 2564 cundum
499 2525 749 2574 carnem;
788 2509 1128 2578 splendorem
1159 2518 1338 2564 autem
1376 2511 1558 2578 gloria:
1587 2519 1824 2580 paterna:

231 2600 529 2655 secundum
551 2600 836 2665 Deitatem,
868 2601 992 2668 quia
1022 2616 1122 2655 nec
1152 2601 1398 2655 discessit
1445 2603 1754 2656 incarnatus
1792 2618 1822 2656 a

231 2690 602 2756 similitudine,
627 2705 749 2758 quae
768 2691 818 2745 ei
839 2706 962 2745 cum
991 2689 1150 2745 Patre
1197 2702 1296 2747 est.
1332 2690 1560 2762 Propter
1586 2694 1732 2761 quod
1769 2703 1825 2747 et

232 2777 435 2834 Paulus
465 2781 673 2849 inquit:
708 2778 807 2844 Qui
837 2791 912 2834 est
939 2782 1184 2852 splendor
1222 2782 1430 2853 gloriw;
1456 2799 1526 2838 ne
1544 2783 1681 2838 forte
1702 2800 1824 2838 cum

231 2872 474 2926 audisset
527 2872 831 2942 quispiam:
873 2872 1003 2926 Erat
1048 2874 1102 2928 in
1151 2875 1321 2944 forma
1364 2872 1494 2938 Dei;
1551 2882 1823 2943 tamquam

233 2964 565 3018 transeuntis
593 2971 647 3018 et
667 2971 1006 3019 commutatae
1045 2965 1408 3035 suspicaretur
1427 2980 1551 3020 eum
1581 2981 1699 3021 esse
1729 2982 1822 3020 na-

235 3063 394 3110 tum.

307 3146 395 3201 il.
435 3146 671 3204 Joannes
714 3148 932 3216 quidem
985 3148 1147 3205 Verbi
1201 3157 1255 3204 et
1293 3151 1466 3205 Patris
1525 3151 1822 3206 adinvicem

1998 1962 2084 2015 15.
2116 1959 2400 2030 Suscipere
2429 1970 2610 2014 autem
2657 1961 2948 2014 humanum
2994 1974 3164 2028 genus
3212 1975 3310 2029 per
3336 1957 3513 2012 homi-

1923 2071 2067 2118 nem,
2097 2063 2152 2108 et
2197 2054 2547 2109 reconciliare
2579 2053 2778 2117 Adam,
2829 2054 2995 2107 multa
3020 2053 3239 2122 justitia':
3281 2053 3514 2108 circum-

1921 2148 2126 2217 spectio
2148 2154 2262 2200 est:
2285 2145 2489 2214 justum
2513 2147 2659 2199 enim
2677 2134 3048 2198 eratnaturam
3063 2160 3182 2213 quae
3194 2144 3512 2206 oﬂenderat,

1924 2240 2067 2293 hanc
2095 2237 2275 2292 denuo
2305 2237 2416 2291 Deo
2469 2236 2722 2305 placitam
2772 2235 3035 2299 liberare;
3087 2243 3142 2289 et
3183 2234 3387 2303 justum
3434 2241 3517 2287 est

1925 2330 2216 2384 obnoxiam
2253 2315 2546 2396 quondam,
2589 2343 2709 2396 quce
2753 2328 2992 2382 debitum
3036 2327 3282 2391 incurrit,
3334 2326 3516 2380 absol-

1923 2435 2050 2474 vere
2076 2437 2088 2472 :
2124 2420 2645 2489 irreprehensibilem
2675 2435 2906 2488 namque
2926 2427 2980 2473 et
3019 2421 3136 2473 sine
3165 2419 3383 2487 querela
3410 2419 3512 2472 ho-

1923 2513 2128 2566 minum
2169 2519 2361 2565 natura
2407 2511 2635 2565 debebat
2692 2512 2802 2565 Deo
2857 2512 3361 2577 conversationem;
3421 2509 3517 2565 sed

1923 2600 2204 2657 deﬁciebat
2227 2602 2282 2655 in
2329 2603 2686 2678 exsolutione.
2745 2613 2764 2640 ε
2812 2602 3158 2669 Negligentia:
3204 2603 3345 2656 enim
3387 2617 3504 2670 pas-

1922 2695 2090 2749 sionis
2111 2693 2344 2747 aui-niam
2365 2694 2469 2748 huc
2490 2703 2650 2762 atque
2679 2694 2804 2748 illuc
2827 2694 3120 2758 trahentes,
3166 2694 3363 2748 nudam
3395 2709 3514 2748 eam

1924 2802 1955 2840 a
1985 2786 2273 2840 virtutibus
2299 2785 2672 2854 impellebant,
2707 2794 2760 2839 et
2781 2786 2888 2838 rari
2917 2794 3070 2839 erant
3099 2786 3312 2854 pietatis
3342 2802 3405 2851 ac
3428 2787 3517 2854 ju-

1925 2879 2084 2933 stitia:
2112 2875 2138 2914 ἀ
2169 2877 2540 2947 professores:
2573 2885 2628 2932 et
2666 2885 2793 2931 tunc
2820 2878 2916 2944 illi,
2959 2878 3025 2932 ad
3073 2879 3214 2932 illius
3259 2879 3518 2947 temporis

1923 2976 2313 3040 paupertatem,
2345 2969 2436 3036 qui
2466 2968 2775 3023 viderentur
2796 2969 2879 3023 vel
2911 2978 3231 3038 putarentur
3250 2985 3368 3024 esse
3391 2987 3516 3039 pro-

1924 3061 2190 3115 fessores?
2229 3057 2333 3113 Per
2363 3059 2670 3112 universum
2699 3067 2879 3113 autem
2911 3069 3174 3114 terrarum
3202 3061 3388 3115 orbein
3419 3061 3518 3115 de-

1925 3153 2094 3206 bitum
2121 3159 2239 3204 erat
2270 3169 2281 3202 :
2317 3151 2508 3204 Omnes
2529 3152 2684 3216 enim,
2711 3151 2900 3218 inquit,
2925 3161 3276 3222 peccaverunt,
3303 3161 3352 3204 et
3371 3159 3520 3221 egent

226 3240 658 3295 coaeternitatem
677 3240 1052 3306 describenda,
1087 3241 1336 3296 utebatur
1364 3243 1448 3296 his
1475 3242 1632 3298 dictis
1656 3261 1669 3295 :
1697 3241 1722 3280 δ
1755 3241 1822 3295 In
1850 3247 1893 3306 (ᾖ
1928 3243 2091 3314 gloria
2121 3239 2217 3294 Dei
2243 3239 2418 3312 (Rom.
2451 3257 2526 3306 ιιι,
2555 3225 2668 3311 23).
2696 3238 2908 3295 Peccati
2939 3239 3091 3295 fenus
3134 3255 3351 3312 quoque
3393 3256 3511 3294 cre-

226 3332 493 3402 principio
531 3341 642 3384 erat
691 3329 912 3385 Verbum
935 3331 1124 3403 (Joan.
1171 3349 1211 3396 ι,
1252 3333 1327 3403 l),
1363 3332 1470 3388 Esr
1506 3333 1824 3403 praetermit-

233 3433 391 3490 tens;
416 3439 522 3479 non
551 3425 693 3478 enim
723 3424 890 3478 dixit:
930 3424 987 3478 In
1026 3425 1289 3495 principio
1336 3433 1419 3480 est
1459 3425 1715 3488 Verbum,
1768 3434 1824 3480 et

231 3516 476 3570 Verbum
505 3524 585 3570 est
605 3515 745 3585 apud
783 3517 981 3583 Deum;
1024 3517 1156 3571 sed:
1191 3515 1258 3569 In
1304 3517 1558 3587 principio
1603 3516 1824 3570 Verbum

229 3615 351 3662 erat
380 3606 517 3677 apud
544 3605 728 3671 Deum,
761 3615 812 3660 et
850 3605 990 3660 Deus
1031 3616 1142 3660 erat
1187 3605 1426 3661 Verbum.
1472 3606 1825 3673 Qumrebatur

231 3698 381 3751 enim
409 3712 526 3766 quae
547 3698 714 3767 prima
727 3705 869 3752 esset
889 3699 1173 3753 existentia
1195 3698 1307 3753 sive
1335 3699 1566 3752 essentia
1588 3697 1704 3766 ejus
1730 3698 1823 3768 qui

233 3789 514 3843 hominem
542 3791 724 3857 gessit.

309 3882 399 3936 12.
426 3882 621 3938 Paulus
649 3891 827 3937 autem
849 3899 1008 3938 omne
1037 3883 1192 3938 simul
1223 3883 1364 3952 quod
1395 3883 1587 3938 accidit
1618 3889 1819 3950 narrat,

235 3984 295 4031 et
316 3976 648 4031 incarnatam
673 3977 978 4042 essentiam,
1012 3985 1067 4031 et
1105 3977 1394 4031 incarnatae
1442 3977 1661 4030 Deitatis
1700 3977 1822 4030 uni-

233 4067 446 4122 tionem
466 4067 953 4122 incommutabilem
975 4083 1039 4122 ac
1079 4083 1295 4137 semper
1323 4076 1649 4133 manentem,
1693 4084 1821 4138 pro-

237 4163 366 4226 pter
383 4156 526 4224 quod
546 4162 600 4210 et
626 4157 865 4210 scribens
885 4156 1150 4209 clamabat
1175 4174 1186 4208 :
1219 4155 1332 4210 Hoc
1360 4158 1612 4210 sentiatur
1650 4159 1703 4210 in
1737 4175 1823 4212 vo-

239 4251 340 4313 bis,
371 4249 507 4321 quod
526 4251 646 4302 etin
669 4248 873 4304 Christo
893 4248 922 4301 J
930 4267 1036 4315 esu,
1061 4252 1146 4321 qui
1169 4266 1281 4303 cum
1311 4251 1365 4302 in
1389 4252 1560 4321 forma
1577 4249 1674 4304 Dei
1693 4260 1825 4305 esset

237 4341 566 4406 constitutus,
591 4342 915 4410 semetipsum
943 4342 1248 4405 exinanivit,
1273 4343 1496 4410 formam
1527 4344 1657 4396 servi
1686 4344 1824 4396 acci—

1927 3335 2133 3390 scebat.

1997 3427 2083 3481 ll.
2125 3426 2265 3494 Quid
2285 3441 2413 3496 ergo
2441 3426 2698 3480 Dominus
2725 3423 3005 3480 Christus?
3045 3423 3284 3479 Peccatis
3314 3425 3520 3491 obliga-

1926 3528 2040 3575 tum
2061 3520 2248 3574 videns
2276 3534 2444 3588 genus
2465 3519 2778 3582 humanum,
2813 3525 2867 3571 et
2889 3517 3165 3584 indignum
3195 3516 3262 3570 ad
3293 3516 3521 3570 redhibi-

1925 3612 2147 3676 tionem,
2179 3626 2287 3664 non
2319 3609 2545 3678 imperio
2585 3608 2815 3663 exsolvit
2853 3608 3112 3672 debitum,
3148 3623 3214 3661 ne
3250 3606 3516 3676 justitiam

1926 3705 2227 3772 benignitas
2257 3704 2505 3768 laederet;
2529 3710 2584 3756 et
2603 3701 2763 3769 hujus
2791 3701 2871 3755 rei
2899 3701 3054 3754 testis
3078 3701 3274 3755 Paulus
3309 3709 3523 3771 aposto-

1929 3796 2010 3852 lus
2036 3797 2311 3850 clamaus:
2344 3793 2596 3858 Christus,
2630 3792 2821 3859 inquit,
2874 3808 3020 3862 quem
3066 3795 3336 3861 proposuit
3384 3792 3522 3846 Deus

1927 3887 2341 3960 propitiatorium
2372 3902 2462 3955 per
2481 3884 2637 3954 ﬁdem
2666 3885 2719 3936 in
2766 3883 3018 3954 sanguine
3044 3884 3206 3952 ipsius
3248 3883 3318 3936 ad
3345 3893 3520 3937 osten-

1929 3982 2126 4035 sionem
2148 3979 2367 4050 justitia:
2393 3977 2503 4047 ejus
2531 3975 2716 4046 (Ibid,
2741 3973 2832 4044 25)
2855 3992 2869 4041 ;
2892 3983 2950 4028 ut
2971 3973 3302 4038 ostendatur,
3328 3974 3517 4040 inquit,

1929 4073 2230 4140 benignitas
2254 4070 2420 4139 justa,
2446 4085 2554 4123 non
2575 4069 2692 4123 sine
2709 4066 2912 4137 judicio
2934 4066 3131 4136 passim
3153 4075 3208 4119 et
3228 4073 3519 4134 utcumque

1929 4156 2128 4220 donata
2156 4183 2168 4217 :
2201 4171 2489 4233 propterea
2518 4160 2766 4215 Christus
2793 4158 3037 4214 debeatis
3067 4158 3300 4227 suscepit
3329 4171 3519 4225 perso-

1930 4273 2054 4310 nam
2099 4263 2322 4319 naturte,
2376 4261 2432 4308 et
2478 4269 2578 4323 per
2616 4267 2738 4307 eam
2783 4251 3022 4306 debitum
3072 4257 3344 4318 tamquam
3391 4249 3518 4303 Adae

1930 4347 2072 4400 illius
2098 4345 2349 4399 reddidit.

1407 4435 1863 4493 CASTIGATION
1875 4439 1954 4492 ES
1995 4437 2079 4492 ΕΤ
2117 4434 2346 4490 NOTAE.

313 4506 343 4534 ⁸
381 4504 509 4559 Inde
536 4513 685 4574 patet
712 4521 820 4574 quo
847 4506 1040 4559 merito
1070 4504 1362 4574 Elipandus
1389 4505 1584 4558 dicitur
1617 4505 1684 4558 ad
1718 4506 1823 4560 Ne-

237 4575 643 4631 storianismmn
670 4577 1006 4630 declinasse:
1038 4576 1174 4629 duos
1195 4577 1337 4629 enim
1359 4575 1581 4644 perinde
1621 4591 1685 4629 ac
1717 4577 1824 4630 Ne-

237 4647 444 4700 storius
474 4644 610 4700 ﬁlios
633 4647 910 4700 admisisse
937 4661 1003 4699 ex
1026 4661 1091 4700 eo
1114 4647 1464 4710 convincitur,
1496 4646 1638 4714 quod
1661 4663 1825 4700 unum

238 4716 523 4780 fateretur,
549 4717 638 4784 qui
665 4717 956 4781 naturalis;
989 4717 1234 4780 alterum,
1258 4718 1350 4784 qui
1379 4716 1659 4786 adoptivus
1684 4735 1696 4770 :
1724 4719 1826 4771 hoc

239 4787 387 4841 eiiim
417 4795 498 4841 est
525 4787 790 4841 lueredem
813 4788 1102 4856 positivum
1125 4786 1256 4850 ﬁeri,
1280 4787 1423 4855 quod
1448 4787 1712 4856 adoptari.
1747 4787 1826 4840 Ex

239 4872 333 4920 eo,
366 4858 602 4924 inquam,
634 4859 985 4921 convincitur,
1010 4857 1272 4925 siquidem
1299 4857 1412 4910 lieri
1439 4873 1544 4910 non
1577 4865 1754 4925 potest
1775 4866 1832 4910 ut

243 4929 302 4981 in
325 4928 570 4981 eamdem
601 4943 886 4996 personam
913 4936 1138 4995 utraque
1167 4928 1326 4981 simul
1362 4927 1602 4996 ejusdem
1635 4943 1832 4996 paren-

241 4999 319 5052 tis
350 4997 540 5051 lilietas
573 5000 877 5052 conveniat.

320 5067 346 5137 β
389 5066 470 5121 Ex
501 5069 601 5122 hoc
630 5070 749 5123 loco
779 5070 1121 5137 desumptum
1150 5076 1231 5121 est
1271 5067 1416 5135 quod
1453 5068 1683 5137 septimo
1712 5067 1833 5122 loco

239 5136 482 5208 refertur
510 5139 560 5191 in
592 5141 820 5195 concilio
863 5136 1133 5208 Ephesiae
1157 5180 1172 5202 ,
1214 5137 1466 5207 quodque
1506 5136 1664 5208 nonor
1691 5138 1834 5206 apud

241 5207 527 5279 Cyrillum,
561 5217 722 5278 atque
751 5207 987 5263 etiamin
1012 5211 1360 5279 responsione
1381 5209 1447 5261 ad
1473 5207 1834 5279 objectionem

240 5277 601 5333 Orientalium
631 5277 885 5334 adversus
918 5277 1131 5334 tertium
1174 5280 1695 5333 anathematismum.
1731 5278 1834 5330 Ea-

239 5349 372 5420 dem
405 5348 812 5420 lereNestorius
843 5352 1003 5404 habet
1033 5354 1086 5404 in
1116 5350 1341 5420 epistola
1371 5349 1607 5403 secunda
1635 5348 1698 5402 ad
1724 5346 1834 5418 Cy-

243 5419 430 5473 rillum
463 5438 475 5471 :
509 5419 707 5475 Paulus
737 5439 850 5474 cum
895 5423 1081 5475 divina:
1119 5419 1495 5474 incarnationis
1533 5421 1832 5473 memoriam

246 5493 465 5560 faceret,
491 5491 738 5562 incipiens
760 5492 1069 5561 subjungere
1096 5507 1207 5562 qute
1227 5499 1343 5544 sunt
1371 5493 1648 5562 passionis,
1693 5491 1834 5559 prius

245 5559 457 5629 posuit,
492 5559 753 5624 Christus,
793 5559 1184 5626 communeput
1224 5559 1379 5630 paulo
1406 5570 1526 5614 ante
1563 5561 1704 5625 dixi,
1736 5577 1835 5613 no-

246 5646 366 5682 men
408 5639 730 5684 naturarum.
759 5632 902 5685 Tunc
926 5633 1183 5685 decentem
1209 5633 1367 5698 infert
1385 5647 1701 5694 sermonem,
1733 5633 1837 5684 sive

247 5701 524 5771 rationem,
543 5703 836 5771 utriusque;
866 5705 1052 5755 etenim
1087 5703 1164 5755 ait
1194 5718 1210 5754 :
1242 5701 1356 5754 Hoc
1383 5704 1636 5755 sentiatur
1661 5703 1715 5754 in
1747 5717 1832 5771 uo-

250 5769 328 5820 bis
349 5810 363 5831 ,
391 5770 526 5840 quod
557 5782 605 5824 et
635 5774 687 5824 in
725 5769 934 5827 Christo
961 5772 1094 5843 rlesu
1113 5813 1126 5835 ,
1168 5774 1252 5843 qui
1297 5787 1412 5824 cum
1439 5774 1492 5824 in
1526 5775 1693 5842 {arma
1734 5770 1833 5843 Dei

248 5851 418 5908 esset,
466 5857 566 5895 non
605 5843 841 5913 rapinam
888 5842 1186 5897 arbitratus
1213 5854 1287 5897 est
1334 5859 1443 5897 esse
1492 5859 1546 5896 se
1589 5842 1833 5913 triptalem

1929 4508 2040 4561 Deo
2082 4506 2356 4575 (Philipp.
2398 4520 2463 4565 ιι,
2509 4503 2604 4572 5).
2639 4501 2746 4558 Sed
2784 4520 2848 4557 ne
2895 4503 2966 4556 ad
3011 4504 3404 4575 unumquodque
3441 4505 3518 4558 lo~

1930 4593 2098 4650 quar:
2129 4575 2322 4650 Factus
2340 4575 2778 4650 _obedi_ensﬁusque
2806 4575 2874 4628 ad
2889 4584 3142 4650 mortem,
3183 4587 3396 4628 mortem
3424 4593 3518 4650 au-

1935 4641 2034 4728 fem
2070 4647 2235 4700 crucis
2288 4644 2466 4728 (Ibid.
2495 4647 2533 4714 ).
2577 4641 2838 4727 Quoniam
2882 4646 3042 4728 igitur
3077 4655 3312 4728 ‘c'aeperat
3340 4647 3517 4728 niortis

1935 4722 2106 4790 facere
2143 4713 2500 4790 mentionem,
2540 4725 2596 4768 ut
2647 4732 2711 4769 ne
2754 4717 2867 4790 quis
2906 4713 3028 4790 hius
3068 4713 3296 4790 Verbum
3355 4713 3519 4768 Deum

1936 4783 2231 4859 passibilem
2277 4788 2658 4859 suspicaretur,
2700 4783 2905 4859 posuit,
2945 4783 3224 4859 Christus,
3260 4795 3519 4859 tamquam

1935 4855 2196 4929 passibilis
2215 4867 2264 4912 et
2284 4855 2618 4926 impassibilis
2639 4857 2875 4929 essentia:
2892 4894 2906 4918 ,
2938 4857 2994 4929 in
3015 4855 3376 4929 singular-itote
3404 4872 3520 4924 per-

1934 4923 2096 4992 sonae,
2129 4923 2525 4999 signiﬁcativum
2546 4925 2865 4999 vocabulum,
2896 4935 2953 4978 ut
2970 4923 3312 4999 impossibilis
3335 4923 3524 4999 etpas-

1933 5001 2096 5053 sibilis
2138 4995 2378 5070 Christus
2413 4999 2526 5050 sine
2565 4997 2791 5070 periculo
2841 4997 3150 5060 nominetur,
3182 4995 3517 5070 impassibilis

1935 5071 2142 5142 quidem
2175 5069 2399 5142 Deitate,
2431 5064 2697 5142 passibilis
2719 5083 2834 5120 vero
2875 5075 3063 5142 natura
3089 5083 3334 5142 corporea
3375 5064 3524 5137 (Ne-

1939 5135 2070 5195 stor.
2101 5143 2156 5194 in
2185 5141 2334 5210 epist.
2362 5135 2512 5210 ἰατά
2534 5135 2784 5210 Cyrillum
2813 5154 2958 5210 num.
2991 5137 3022 5188 6
3043 5147 3093 5210 et
3127 5137 3203 5205 '7).
3295 5207 3304 5210 Α
3340 5202 3343 5204 _

2013 5222 2033 5249 ο
2077 5207 2237 5264 Forte
2266 5208 2548 5277 legendum
2579 5216 2678 5272 est,
2705 5207 2969 5278 Neglecta:
3004 5208 3142 5260 enim
3165 5207 3526 5276 passiones.—

1938 5278 2302 5336 Gerberonius
2323 5276 2488 5333 edidit
2516 5276 2807 5348 passiones;
2841 5276 3134 5331 Garnerius
3150 5285 3306 5400 putat
3343 5278 3522 5342 legen-

1939 5351 2067 5400 dum
2088 5367 2226 5400 esse.
2257 5348 2522 5400 Nealecta:
2549 5351 2685 5400 enim
2714 5350 3000 5400 passiones.
3045 5348 3144 5400 Οιιί
3217 5348 3259 5400 si
3291 5348 3522 5400 leuamus

1939 5351 2067 5404 dum
2088 5367 2226 5416 esse,
2257 5348 2522 5421 Neglecta:
2549 5351 2685 5402 enim
2714 5350 3000 5421 passiones.
3045 5348 3183 5421 Quid
3291 5348 3528 5415 legamus

1940 5423 2221 5492 pensionis,
2255 5430 2315 5492 ut
2336 5417 2679 5474 continuatur
2705 5417 3022 5488 metaphora
3052 5419 3118 5472 de
3140 5417 3322 5471 debito
3352 5425 3406 5471 et
3436 5435 3530 5471 cx—

1940 5492 2246 5546 solutione?
2266 5491 2459 5545 BALUZ.
2831 5501 2834 5504 ·

2015 5560 2041 5599 ά
2084 5560 2315 5629 Corrigit
2343 5577 2658 5629 possessores
2692 5559 2976 5625 Baluzius,
3017 5566 3276 5626 notatque
3313 5557 3378 5629 ad
3421 5557 3530 5610 cal-

1941 5647 2057 5687 cem
2085 5651 2096 5685 :
2133 5651 2151 5682 ι
2175 5627 2323 5687 Hanc
2343 5627 2630 5686 lectionem
2653 5639 2705 5684 et
2727 5631 2815 5684 hic
2844 5639 2891 5684 et
2914 5629 3074 5693 paulo
3091 5637 3213 5698 post
3239 5627 3530 5698 prreferunt

1939 5711 2152 5757 veteres
2172 5702 2311 5768 libri,
2329 5717 2488 5771 quam
2511 5701 2829 5756 conﬁrmare
2844 5697 3104 5754 videntur
3115 5701 3228 5753 hzec
3243 5698 3405 5752 verba
3435 5697 3530 5771 ha-

1940 5773 2050 5826 bita
2076 5773 2312 5835 inferius,
2339 5767 2593 5842 primitias
2613 5788 2799 5826 massa:
2814 5788 2921 5825 sua.-
2937 5781 3121 5823 uatura
3142 5785 3256 5822 cum
3271 5767 3527 5842 possedis-

1941 5853 2032 5898 set.
2059 5833 2348 5901 Garuerius
2379 5842 2658 5915 utrobique
2681 5843 2922 5913 reposuit
2941 5833 3340 5912 pi'ofcsssores.i
3371 5833 3526 5894 Eutr.
