3958 6178
401 375 508 430 795

900 369 1092 427 blMlll
1135 365 1576 422 MEillZATORIS
1617 365 2190 422 TRANSLATIONES
2230 364 2592 424 VAKIORUM
2630 364 3167 424 OPUSCULORL‘M.

3589 369 3694 425 796

477 489 563 544 15.
605 498 629 525 κ
674 486 968 557 Oportebat
997 483 1140 538 enim
1169 481 1406 536 debitum
1434 481 1671 535 tuentem
1701 495 1768 534 ex
1797 494 1996 548 genere
2023 483 2076 542 Α
2102 481 2182 536 An
2207 480 2346 536 forte
2375 482 2702 538 exsecranda
2733 483 2847 552 ejus
2866 483 3097 540 intentio
3126 499 3235 538 non
3262 483 3544 540 manifesta
3575 489 3697 543 est?

403 582 590 638 deduci
620 580 735 648 ejus
762 579 851 647 qui
875 577 927 630 id
957 573 1246 642 aliquando
1267 581 1642 638 contraxerat;
1675 587 1740 626 ex
1771 571 1995 627 muliere

404 675 661 736 debitum,
685 686 752 724 ex
780 669 1006 723 muliere
1027 666 1295 722 absolutio
1323 685 1335 720 :
1367 666 1460 721 sed
1491 666 1636 722 disce
1654 665 1911 731 debitum,
1936 674 1994 720 ut

401 764 578 815 discas
606 759 1037 813 retributionem.

470 853 614 907 Esca:
635 867 796 907 causa
830 851 1000 906 Adam
1025 868 1198 923 pmna:
1226 850 1440 906 debitor
1467 848 1639 903 factus
1666 856 1767 903 est.
1819 846 1993 902 Solvit

396 945 535 999 hanc
563 943 808 998 Christus
831 945 881 998 in
907 945 1122 999 deserto
1152 943 1414 1006 esuriens,
1447 940 1647 995 diaboli
1672 954 1835 1010 super
1855 953 1992 994 esca:

402 1035 696 1090 refectione
725 1036 1006 1090 consilium
1030 1050 1308 1105 spernens.

473 1126 558 1179 16.
603 1126 695 1180 llle
721 1127 1022 1181 Divinitatis
1050 1136 1236 1182 contra
1289 1126 1453 1180 Deum
1486 1122 1735 1192 appetita:
1782 1132 1992 1176 reatum

397 1216 602 1280 incidit,
651 1232 772 1270 cum
805 1216 1042 1271 audisset
1069 1233 1098 1270 a
1130 1215 1387 1271 diabolo:
1421 1212 1583 1266 Erilis
1613 1223 1875 1284 tamquam
1917 1212 1991 1265 dii

400 1307 608 1377 (lienes.
643 1323 718 1372 Ill,
752 1305 826 1375 5),
859 1316 914 1361 et
942 1323 1118 1362 escam
1147 1314 1428 1376 promptus
1457 1303 1667 1357 invasit.
1705 1301 1810 1356 Sed
1853 1302 1991 1358 hanc

395 1397 640 1454 Christus
668 1398 917 1462 exsolvit,
949 1397 1166 1467 quando
1196 1397 1424 1451 thcmoni
1448 1395 1743 1466 potentiam
1767 1394 1991 1464 promit-

399 1492 551 1555 tenti,
578 1492 689 1546 haec
717 1492 860 1546 enim
885 1493 952 1546 ad
975 1508 1095 1546 eum
1117 1492 1329 1547 dicebat
1353 1508 1365 1543 :
1402 1490 1592 1543 Omnia
1625 1488 1712 1543 tibi
1741 1487 1891 1552 dabo,
1942 1487 1988 1540 si

395 1582 670 1652 procidens
693 1584 988 1638 adorareris
1017 1601 1098 1638 me
1128 1583 1339 1651 (Matth.
1372 1599 1440 1646 tv,
1474 1579 1549 1650 9),
1582 1589 1636 1634 et
1665 1579 1780 1648 ejus
1799 1591 1987 1632 vocem

397 1672 510 1741 ipse
533 1689 789 1742 respuens
811 1674 1207 1744 respondebat:
1252 1672 1410 1735 Vade,
1440 1671 1678 1734 Satana;
1708 1669 1986 1722 Dominum

394 1762 560 1817 Deum
593 1774 733 1817 tuum
780 1765 1040 1830 adorabis,
1090 1776 1138 1819 et
1174 1765 1250 1818 illi
1279 1765 1376 1818 soli
1415 1765 1602 1817 servies
1655 1761 1840 1832 (Ibid.,
1873 1760 1983 1830 10).

2097 573 2295 642 Aperte
2323 573 2453 628 mihi
2483 582 2756 644 tamquam
2782 575 3003 645 imagini
3035 586 3157 643 tua},
3191 576 3436 640 Domine,
3467 578 3691 634 invidet.

2095 664 2224 721 Sine
2247 667 2355 724 ulla
2383 667 2669 725 occasione
2698 669 2911 725 irruens
2932 671 2984 724 in
3006 686 3114 738 me,
3143 671 3459 726 subvertere
3488 688 3577 727 me
3607 673 3692 726 ni-

2095 757 2254 822 titur;
2278 758 2372 813 sed
2401 767 2458 813 tu
2479 759 2608 814 mihi
2625 759 2832 829 justum
2852 770 2908 817 te
2931 761 3168 830 iudicem
3199 763 3396 818 tribue.
3435 763 3612 818 Iratus
3633 781 3696 820 es

2093 851 2222 904 mihi
2253 867 2413 906 causa
2444 853 2902 922 prmvaricationis
2946 854 3090 920 Adm,
3136 871 3235 925 pro
3274 871 3383 926 quo
3431 858 3478 912 si
3525 857 3692 912 habes

2094 942 2261 996 Adam
2308 943 2424 998 sine
2469 952 2690 1012 peccato
2731 945 2828 999 tibi
2874 943 3242 1014 conjunctum,
3286 955 3345 1000 ut
3383 949 3692 1017 propitieris

2093 1049 2280 1087 exoro.
2313 1032 2442 1088 Esto
2471 1043 2692 1104 propter
2712 1035 2860 1089 illum
2885 1037 3220 1106 corruptioni
3251 1051 3337 1091 me
3378 1039 3686 1100 tradideris,

2094 1134 2315 1194 propter
2361 1125 2501 1179 hunc
2545 1124 2613 1180 de
2658 1126 3061 1196 incorruptione
3114 1128 3396 1204 participa.
3443 1128 3520 1182 De
3570 1145 3688 1184 mea

2093 1224 2318 1287 uterque
2337 1232 2524 1272 eorum
2553 1226 2741 1272 natura
2762 1227 2862 1273 est.
2891 1217 3042 1273 Sicut
3066 1220 3263 1289 prioris
3283 1219 3336 1274 in
3363 1229 3540 1275 morte
3559 1236 3690 1290 par-

2094 1308 2262 1376 ticeps
2290 1306 2384 1371 fui,
2417 1315 2473 1363 et
2501 1308 2822 1363 immortalis
2847 1309 2969 1364 vita:
2997 1309 3217 1364 secundi
3239 1309 3511 1379 particeps
3542 1308 3689 1364 liam.

2091 1397 2406 1452 lndubitatis
2427 1407 2482 1454 et
2502 1398 3007 1470 inexpugnabilibus
3047 1397 3232 1454 llrmor
3254 1399 3690 1468 allegationibus.

2090 1489 2440 1545 Omnil'ariam
2487 1491 2852 1546 adversarium
2896 1506 3114 1562 supero.
3146 1489 3203 1546 Si
3229 1490 3297 1546 de
3316 1492 3688 1562 corruptione,

2089 1597 2209 1651 qua:
2229 1597 2294 1636 ex
2330 1581 2500 1636 Adam
2521 1583 2652 1637 mihi
2681 1581 2821 1640 facta
2841 1591 2946 1651 est,
2987 1585 3414 1640 controversiam
3435 1587 3686 1650 moverit,

2090 1689 2156 1728 ex
2204 1674 2345 1730 illius
2389 1675 2481 1743 qui
2519 1682 2800 1744 peccatum
2839 1691 2949 1731 non
2998 1673 3127 1730 fecit
3146 1675 3256 1729 vita
3281 1688 3383 1743 ego
3413 1690 3444 1730 e
3472 1675 3690 1730 diverso

2089 1765 2450 1834 prtescribam.
2484 1764 2552 1818 Et
2594 1765 2755 1820 sime
2803 1765 2894 1820 ille
2939 1780 3006 1820 ex
3051 1765 3193 1820 illius
3239 1773 3458 1820 accusat
3496 1766 3688 1820 inobe-

469 1857 552 1908 17.
596 1856 674 1910 Ex
716 1858 1074 1911 inobelientia
1124 1857 1174 1910 in
1209 1857 1350 1922 ligno
1373 1869 1544 1924 pmme
1573 1853 1740 1908 Adam
1769 1851 1981 1906 debitor
2010 1858 2056 1917 Β
2082 1857 2301 1922 dientia,
2321 1871 2388 1910 ex
2402 1856 2560 1925 hujus
2581 1872 2703 1910 eum
2726 1856 3029 1911 obedientia
3050 1871 3202 1910 reum
3223 1869 3322 1923 ego
3337 1856 3684 1911 constituam.

394 1949 520 2014 fuit;
550 1950 780 2004 reddidit
809 1960 862 2004 et
893 1950 1029 2003 hanc
1055 1949 1302 2003 Christus
1341 1949 1393 2002 in
1444 1948 1586 2015 ligno
1616 1945 1856 2000 obedieus
1901 1946 1985 2015 fa-

394 2053 504 2095 ctus
528 2041 780 2112 (Philipp.
810 2059 864 2106 ιι,
897 2041 974 2111 8).
1010 2040 1302 2110 Propterea
1329 2049 1384 2096 et
1412 2040 1610 2094 Paulus
1639 2040 1714 2092 ait
1740 2056 1752 2089 :
1803 2035 1988 2090 Chiro-

393 2133 648 2202 graphunt
670 2143 993 2202 peccatorum
1023 2143 1335 2194 nostrorum,
1378 2130 1513 2202 quod
1537 2139 1649 2184 erat
1677 2127 1823 2182 nobis
1863 2143 1989 2181 con-

396 2223 632 2287 trarium,
667 2223 780 2276 tulit
801 2223 864 2276 de
883 2222 1067 2287 medio,
1093 2225 1302 2293 a/[igens
1325 2223 1454 2276 illud
1474 2222 1611 2274 cruci
1637 2219 1768 2289 (Col.
1793 2236 1849 2285 Il,
1875 2218 1985 2288 M).

395 2311 460 2364 Et
484 2313 574 2381 qui
606 2311 862 2366 reddebat
891 2329 988 2382 pro
1018 2314 1192 2379 nobis,
1225 2312 1471 2367 Christus
1500 2321 1613 2375 est;
1665 2311 1716 2363 in
1743 2311 1859 2380 ipso
1888 2325 1989 2364 au-

396 2414 502 2458 tem
532 2412 714 2459 nostra
737 2404 972 2459 debitum
1005 2415 1195 2459 natura
1220 2405 1482 2459 solvebat.
1512 2401 1804 2458 Personam
1845 2401 1990 2455 enim

395 2495 638 2562 ejusdem
670 2503 875 2550 naturae
905 2504 1236 2566 susceperat,
1286 2493 1440 2564 cujus
1478 2494 1756 2564 passiones
1797 2493 1854 2546 in
1891 2506 1990 2547 sua

395 2586 643 2655 passione
664 2586 925 2652 solvebat,
950 2587 1074 2656 quia
1095 2585 1340 2640 habemus
1365 2585 1768 2656 redemptionem
1793 2586 1845 2637 in
1869 2599 1994 2637 san-

393 2680 548 2750 guine
575 2679 756 2750 ipsius,
790 2685 848 2733 ut
893 2678 1095 2734 dictum
1135 2686 1217 2733 est
1245 2693 1275 2732 a
1322 2676 1486 2732 Paulo
1517 2674 1678 2748 (Eph.
1712 2692 1746 2742 ι,
1783 2675 1844 2741 7;
1874 2672 1988 2728 Col.

397 2787 434 2832 ι,
473 2769 579 2840 1-1).

469 2863 557 2916 18.
600 2862 735 2916 Vide
776 2877 916 2916 nunc
945 2869 1193 2916 naturam
1221 2868 1458 2916 nostram
1489 2859 1542 2914 in
1589 2857 1805 2913 Christo
1851 2855 1994 2928 apud

400 2955 569 3008 Deum
626 2970 843 3008 causam
899 2953 1156 3007 adversus
1210 2951 1483 3006 diabolum
1526 2957 1889 3020 perorantem,
1940 2955 1997 3002 et

396 3043 553 3114 justis
574 3044 718 3098 hich
746 3053 985 3099 utentem
1008 3043 1416 3116 allegationibus
1440 3060 1452 3095 :
1478 3041 1671 3111 lnjuria
1695 3041 1991 3111 opprimor,

396 3137 691 3206 justissimc
708 3135 892 3205 judex,
925 3135 1171 3191 diabolus
1193 3151 1278 3189 me
1301 3135 1514 3204 iniquus
1550 3135 1844 3203 impugnat,
1875 3132 1993 3186 evi-

2162 1947 2246 2002 19.
2291 1948 2444 2003 llunc
2471 1947 2538 2002 de
2566 1947 2768 2002 diaboli
2789 1947 3014 2002 victoria
3035 1945 3281 2002 Christus
3309 1961 3478 2016 agens
3499 1947 3687 2001 trium-

2089 2040 2292 2109 phum:
2327 2037 2483 2094 Nunc
2497 2038 2772 2109 judicium,
2797 2039 2990 2108 inquit,
3013 2048 3090 2092 est
3109 2039 3287 2092 mundi
3313 2039 3506 2110 hujus;
3545 2055 3684 2092 nunc

2089 2132 2326 2203 princeps
2369 2131 2548 2184 mundi
2594 2132 2823 2184 mittetur
2866 2133 3009 2202 {oras
3041 2129 3221 2202 (Joan.
3267 2147 3361 2195 xu,
3391 2130 3506 2201 51).
3535 2130 3689 2185 Sicut

2089 2221 2235 2276 enim
2279 2221 2598 2292 protoplasti
2647 2222 2820 2276 tenuit
2868 2221 3117 2276 diabolus
3167 2222 3379 2292 culpam
3423 2221 3689 2278 adversus

2090 2327 2306 2368 omnem
2347 2311 2464 2382 ejus
2493 2312 2521 2352 δ
2557 2314 2954 2383 posteritatem,
3000 2321 3056 2368 et
3101 2313 3445 2382 originariam
3499 2314 3689 2370 habuit

2091 2403 2393 2471 actionem;
2428 2405 2507 2460 sic
2536 2404 2837 2475 inculpatas
2863 2405 2919 2459 in
2945 2403 3165 2461 Christo
3188 2405 3455 2476 primitias
3492 2421 3686 2460 masste

2089 2510 2201 2550 sua:
2247 2503 2438 2550 natura
2467 2511 2588 2551 cum
2616 2495 2964 2567 possedisset,
2998 2495 3257 2552 adversus
3293 2495 3564 2552 diabolum
3603 2497 3687 2552 ni-

2090 2595 2230 2653 tens,
2280 2587 2410 2658 ipsis
2437 2587 2688 2644 vincebat
2723 2588 3129 2645 defensionibus
3167 2589 3236 2645 de
3262 2589 3460 2658 quibus
3486 2590 3684 2644 adver-

2090 2680 2263 2734 sarius
2281 2681 2640 2750 prazsumebat
2663 2697 2676 2734 :
2703 2680 2755 2734 in
2776 2678 2995 2736 Christo
3017 2680 3162 2735 enim
3181 2679 3478 2748 iustissime
3495 2680 3686 2750 primi-
3781 2706 3800 2715 ο

2091 2770 2284 2824 tiaram
2307 2785 2523 2825 suarum
2543 2779 2731 2826 contra
2755 2785 2879 2825 eum
2908 2770 3235 2842 inculpatam
3266 2771 3530 2840 originem
3553 2787 3685 2841 pro-

2091 2860 2214 2928 fert,
2257 2862 2304 2917 si
2353 2862 2562 2932 priores
2609 2877 2675 2917 ex
2706 2861 2878 2916 Adam
2903 2869 3086 2917 reatus
3111 2877 3304 2917 causas
3331 2861 3577 2917 diabolus
3604 2863 3686 2915 in-

2091 2953 2252 3021 gerit.
2290 2951 2358 3006 Et
2403 2953 2509 3008 hoc
2549 2951 2796 3022 estquod
2824 2950 3023 3006 Paulus
3051 2951 3165 3006 ait:
3197 2951 3427 3006 Christus
3458 2962 3688 3006 mortuus

2091 3053 2168 3097 est
2186 3059 2280 3114 pro
2309 3043 2532 3114 peccatis
2554 3044 2780 3108 nostris;
2810 3044 2965 3097 immo
2987 3044 3073 3114 qui
3097 3053 3148 3096 et
3176 3045 3476 3108 resurrexit,
3501 3043 3586 3114 qui
3612 3052 3688 3096 est

2091 3136 2147 3190 in
2188 3135 2398 3190 dextera
2437 3134 2556 3202 Dei,
2605 3135 2760 3190 etiam
2799 3134 3095 3206 interpellat
3141 3151 3236 3206 pro
3293 3134 3439 3189 nobis
3499 3133 3684 3204 (Rom.

397 3229 542 3284 denti
570 3228 828 3283 adversus
848 3243 934 3283 me
965 3228 1130 3282 utitur
1152 3227 1482 3296 impotentia:
1531 3225 1831 3298 tyrannide.
1863 3223 1994 3280 Esto
2021 3227 2067 3288 C
2097 3245 2208 3292 vm,
2243 3227 2369 3298 '54).

399 3321 636 3390 priorem
684 3318 853 3373 Adam
885 3317 1164 3372 tradiderit
1211 3319 1391 3379 morti,
1439 3316 1565 3386 quia
1616 3316 1733 3386 ejus
1784 3315 1995 3386 peccati

400 3410 618 3464 occasio
639 3409 768 3473 fuit;
799 3407 1094 3462 secundum
1125 3407 1315 3473 Adam,
1346 3422 1506 3476 quem
1529 3421 1594 3461 ex
1623 3405 1837 3474 Virgine
1861 3406 1996 3474 ligu-

403 3503 553 3564 rasti,
596 3503 667 3556 ob
705 3517 889 3570 quant,
938 3517 1054 3565 rex,
1108 3517 1303 3557 noxam
1344 3500 1644 3558 cruciﬁxit?
1686 3501 1802 3569 Qua
1829 3501 1995 3557 etiam

403 3612 564 3652 causa
592 3596 827 3650 latrones
847 3612 969 3651 cum
991 3595 1108 3665 ipso
1132 3611 1237 3650 una
1272 3595 1582 3666 suspendit?
1607 3592 1717 3649 Cur
1741 3595 1827 3665 qui
1876 3610 1998 3665 pec-

405 3700 575 3744 catum
597 3705 699 3743 non
723 3691 863 3760 fecit,
896 3706 988 3742 nec
1009 3689 1156 3743 dolus
1179 3690 1414 3742 inventus
1441 3699 1520 3742 est
1541 3690 1593 3742 in
1618 3705 1706 3743 ore
1723 3688 1856 3759 ejus,
1879 3703 1996 3742 cum

403 3783 596 3852 iniquis
638 3790 713 3835 est
759 3780 1030 3852 deputatus
1061 3779 1104 3852 (l
1133 3779 1280 3835 I’etr.
1312 3797 1367 3844 ιι,
1398 3779 1495 3847 2‘2;
1529 3779 1660 3834 Luc.
1704 3797 1831 3844 xx",
1863 3779 1996 3852 δην

2165 3319 2253 3374 20.
2299 3331 2321 3360 ο
2352 3319 2664 3391 lnterpellat
2691 3333 2922 3389 namque
2945 3334 3000 3372 ao
3021 3316 3240 3372 Christe
3286 3317 3469 3371 induta
3511 3331 3689 3372 massa

2093 3419 2300 3477 nostra,
2332 3411 2500 3466 libera
2524 3427 2744 3481 prorsus
2763 3411 2832 3465 ab
2862 3409 3008 3465 omni
3039 3417 3282 3480 peccato,
3321 3415 3376 3463 et
3398 3408 3571 3462 oritur
3608 3408 3690 3462 in-

2087 3501 2233 3572 justa
2254 3501 2495 3558 defensio
2524 3512 2714 3557 contra
2736 3517 2951 3572 pinnam
2975 3509 3234 3566 nostram,
3260 3515 3422 3570 quam
3445 3515 3511 3554 ex
3535 3500 3691 3554 initio

2095 3595 2187 3650 ille
2231 3596 2323 3664 qui
2369 3595 2519 3665 prior
2556 3593 2812 3661 ﬁguratus
2857 3603 2940 3650 est
2979 3608 3078 3648 suo
3107 3575 3292 3660 generi
3322 3592 3542 3645 intulit:
3575 3591 3690 3648 lucc

2095 3687 2333 3756 suscepti
2367 3685 2600 3740 hominis
2637 3684 2872 3749 occasio,
2908 3693 2968 3738 ut
3005 3683 3168 3737 homo
3196 3698 3294 3751 per
3327 3697 3550 3736 carnem
3578 3681 3688 3735 dis-

2095 3781 2350 3846 solveret,
2367 3795 2528 3849 quam
2549 3794 2646 3849 per
2665 3793 2884 3834 carnem
2904 3777 3129 3832 meritus
3151 3778 3234 3830 est
3261 3774 3686 3844 corruptionem.

1577 3869 2117 3927 CASTIGATIONES
2155 3871 2243 3925 ET
2281 3870 2510 3925 ΝΟΤΑΞ.

479 3952 505 3978 λ
543 3941 655 3996 lluc
685 3941 1005 4013 respiciebat
1034 3949 1252 3996 sanctus
1277 3939 1602 3995 leestinus
1631 3956 1750 3994 cum
1791 3941 1992 3995 scribe-

408 4023 491 4066 ret
524 4011 805 4066 Nestorio':
828 4011 941 4065 Hoc
964 4015 1094 4075 loco,
1116 4013 1234 4082 quia
1261 4014 1619 4082 opportunitas
1640 4013 1889 4082 sermonis
1910 4028 1995 4064 ea:-

409 4085 593 4154 posrit,
629 4094 794 4136 tacere
823 4100 925 4137 non
957 4079 1224 4154 possumus
1266 4079 1402 4152 quod
1441 4091 1720 4154 stupemus.
1755 4079 1996 4154 Legimus

409 4151 562 4225 quam
591 4154 716 4207 bene
745 4164 916 4225 teneas
946 4152 1206 4225 originale
1233 4151 1538 4225 peccatum,
1561 4151 1799 4225 qualiter
1829 4151 1996 4225 ipsam

411 4221 652 4278 naturam
674 4227 860 4280 asseris
883 4221 1198 4286 debitricem,
1223 4221 1404 4276 etcum
1427 4221 1650 4275 debitum
1674 4223 1855 4274 merito
1880 4223 1997 4275 red-

411 4296 548 4357 dere,
573 4296 655 4366 qui
687 4295 946 4349 descendit
970 4294 1032 4346 de
1060 4309 1245 4366 genere
1269 4287 1706 4366 debitor_is_.__Quid
1724 4293 1996 4366 tecum_[a-

414 4359 683 4434 (τίμημ’φή
710 4377 827 4418 sunt
850 4366 958 4434 [nec
979 4359 1227 4434 negando
1243 4362 1480 4416 damnati
1506 4359 1768 4434 (Epistola
1792 4361 1862 4414 ad
1885 4359 1997 4415 Ne-

411 4445 539 4488 stor.
562 4432 643 4504 Hi,
663 4451 713 4502 p.
739 4451 809 4498 γι,
835 4433 969 4504 Eph.
989 4432 1172 4502 cflS)?
1193 4433 1386 4488 Verum
1416 4448 1523 4487 non
1554 4432 1781 4504 obscure
1801 4440 1989 4504 osten-

412 4505 589 4557 dimus
618 4503 668 4555 in
699 4505 839 4558 notis
867 4501 931 4556 ad
962 4501 1190 4558 Nestorii
1228 4519 1506 4558 sermones
1545 4503 1801 4557 adversus
1835 4501 1995 4557 Pela-

414 4574 620 4642 gianos,
656 4573 954 4627 Nestorium
976 4573 1042 4627 de
1074 4573 1192 4626 solo
1212 4573 1394 4627 debito
1433 4573 1691 4627 moriendi
1715 4581 1996 4628 contracto

412 4661 511 4714 per
541 4654 814 4712 peccatum
840 4643 1026 4696 Adami
1059 4643 1294 4714 locutum
1327 4642 1522 4714 fuisse,
1551 4643 1741 4696 saltem
1774 4653 1992 4714 aperte;

415 4711 523 4770 non
545 4711 679 4769 item
702 4715 768 4769 de
790 4723 964 4768 morte
993 4713 1209 4776 animm,
1241 4713 1386 4780 quod
1425 4720 1604 4766 tamen
1640 4711 1903 4768 catholica
1930 4711 1993 4764 ﬁ-

413 4851 554 4925 apud
585 4857 780 4918 Deum,
813 4865 1106 4926 petensque
1155 4852 1366 4926 lihet'ari
1396 4869 1500 4926 per
1515 4851 1791 4926 Christum
1821 4869 1851 4908 a
1894 4854 1997 4926 mi-

413 4920 568 4981 seriis
591 4943 658 4980 ex
681 4920 884 4981 Adamo
909 4920 1201 4980 contractis
1229 4920 1305 4993 (Ν
1310 4920 1414 4977 um:
1442 4922 1563 4991 l8);
1598 4939 1696 4978 nec
1720 4932 1896 4978 tamen
1924 4925 1998 4977 ul-

414 4997 518 5051 lius
538 4997 759 5051 alterius
782 4997 838 5050 lit
858 4997 1080 5061 mentio,
1099 5009 1258 5063 quam
1281 5010 1397 5062 qua:
1416 4994 1482 5048 ad
1504 5002 1732 5048 mortem
1755 4996 2000 5064 corporis

413 5068 666 5137 pertinet.
689 5067 870 5137 Atque
908 5069 1032 5123 hinc
1067 5068 1240 5137 lucem
1271 5065 1469 5137 accipit
1490 5065 1633 5137 quod
1670 5065 1904 5137 diximus
1931 5064 1998 5120 de

415 5133 645 5191 ca'mcilio
673 5133 1140 5207 Constantinopoli
1173 5133 1397 5197 coacto,
1422 5135 1510 5190 ubi
1541 5133 1846 5207 Maniehmai
1869 5152 1999 5207 cou-

415 5207 682 5262 sensionis
704 5208 938 5262 damnati
972 5205 1127 5271 sunt,
1160 5207 1249 5275 qui
1278 5207 1519 5260 dicerent
1558 5205 1788 5275 primum
1818 5205 1996 5259 homi-

415 5293 542 5333 nem
571 5279 747 5332 anima
777 5287 1044 5332 mortuum
1073 5277 1270 5332 diaboli
1301 5292 1486 5345 opera.

488 5351 513 5386 h
559 5368 577 5399 ι
612 5347 904 5404 Garnerins
935 5349 1128 5419 (inquit
1157 5347 1336 5402 Baluz.
1364 5347 1449 5401 hic
1469 5355 1996 5419 reponenspotesta-

418 5420 539 5488 tem)
571 5420 876 5474 emendavit
899 5417 1276 5492 posteritatem,
1307 5433 1534 5486 eamque
1563 5417 1996 5492 emendationem

419 5505 521 5557 ego
549 5498 677 5559 puto
706 5506 824 5545 esse
847 5487 1065 5546 bonam.
1109 5489 1223 5544 Non
1267 5504 1428 5542 ausus
1460 5502 1593 5559 sum_
1609 5495 1787 5541 tamen
1819 5487 1994 5541 disce-

416 5557 603 5632 dere-7a
634 5562 893 5632 scriptura
922 5571 1162 5616 veterum
1193 5560 1468 5632 librorum.
1509 5577 1526 5608 ›
1555 5557 1707 5632 Eutr.

494 5643 514 5669 ε
558 5627 832 5687 Revocare
860 5649 966 5687 non
997 5633 1122 5687 licet
1149 5633 1202 5686 in
1231 5630 1450 5685 dubium
1478 5628 1604 5697 quin
1636 5628 1720 5682 hic
1747 5627 1898 5681 locus
1925 5627 1996 5680 sit

419 5712 703 5773 excerptas
731 5720 758 5756 a
787 5701 1018 5778 Cyrillo,
1062 5703 1369 5769 relatusque
1397 5714 1628 5778 numero
1661 5698 1945 5752 undecimo
1977 5716 1987 5749 :

419 5788 542 5826 nam
571 5769 625 5827 et
662 5769 1032 5846 auteeédcatia
1062 5783 1116 5827 et
1153 5770 1535 5846 consequentia
1579 5769 1700 5846 hinc
1738 5776 1990 5846 excerpta

421 5852 664 5908 constat,
710 5853 763 5898 ct
811 5845 1090 5900 undecimo
1138 5837 1363 5899 numero
1396 5838 1744 5910 piaclt'gitur:
1792 5837 1994 5893 litauit

413 4764 523 4840 at;
554 4764 897 4840 sacraria
915 4764 1340 4839 estreddita;
1363 4764 1994 4838 suavssumam".
2022 4764 2072 4824 Β

413 4803 570 4910 ω)υὲ
585 4857 780 4910 Deum.
813 4865 1106 4910 petensque
1155 4852 1366 4906 liberari
1396 4869 1494 4910 per
1519 4851 1791 4908 Christum
1821 4869 1851 4908 a
1894 4854 1997 4907 mi-

2098 3941 2251 4012 plura
2273 3944 2326 3994 in
2355 3942 2533 3995 eodem
2552 3939 2704 3994 libro.
2725 3939 2918 4012 Mirum
2943 3947 3128 4012 tamen
3141 3938 3422 4012 utriusque
3443 3937 3556 4012 loci
3569 3947 3689 3993 tan-

2097 4007 2206 4065 tam
2229 4027 2348 4066 esse
2369 4020 2480 4065 tum
2501 4011 2812 4072 sententiae,
2847 4019 2960 4064 tum
2993 4009 3256 4063 versionis
3292 4007 3684 4074 differentiam;

2108 4083 2187 4136 sic
2199 4083 2342 4136 enim
2363 4096 2420 4136 se
2436 4082 2597 4136 habet
2619 4081 2955 4135 undecimum
2975 4079 3159 4151 Cyrilli
3193 4087 3542 4151 excerptum:
3571 4078 3690 4133 No-

2097 4163 2208 4206 stra
2229 4153 2366 4205 enim
2388 4162 2576 4205 natura
2599 4167 2695 4220 pro
2730 4153 2876 4206 nobis
2915 4151 3209 4220 interpellat
3247 4151 3301 4202 in
3334 4151 3528 4204 Christi
3558 4167 3687 4212 usu,

2103 4232 2363 4305 tamquam
2384 4225 2533 4304 vestis
2555 4219 2850 4304 cons:ituta,
2875 4219 3206 4305 inculpabilis
3237 4220 3454 4300 originis
3476 4238 3586 4302 ante
3601 4221 3690 4305 de—

2103 4291 2421 4364 fensionibus
2452 4294 2641 4352 nitens,
2664 4301 2713 4344 et
2742 4293 2862 4362 quia
2892 4291 3022 4364 illud
3044 4291 3426 4364 peccatumgqui
3448 4292 3591 4364 prior
3622 4293 3690 4364 fi:

2101 4361 2312 4434 guratus
2328 4372 2422 4424 est,
2441 4365 2595 4434 totius
2617 4361 2820 4433 generis
2848 4361 3045 4415 erstitit
3065 4377 3224 4414 causa
3238 4361 3354 4413 huic
3375 4362 3689 4434 suscipiendi

2099 4432 2343 4496 hominis,
2376 4451 2406 4486 ο
2436 4432 2626 4496 homo,
2658 4433 2860 4485 occasio
2892 4433 3065 4502 fuitut
3093 4449 3183 4500 per
3203 4447 3422 4502 carnem
3451 4432 3681 4484 destrue-

2098 4514 2239 4575 retur
2259 4504 2537 4575 corruptio,
2568 4519 2682 4575 qua:
2702 4519 2792 4570 per
2808 4499 3022 4575 carnem
3044 4499 3346 4575 contigerat.
3373 4499 3548 4575 Ilujns
3572 4517 3683 4552 car-

2099 4574 2178 4626 nis
2209 4584 2304 4635 est,
2329 4567 2432 4626 non
2459 4567 2756 4626 Dirinitatis
2781 4572 2881 4626 diei
2908 4573 3068 4626 tertiae
3089 4567 3372 4638 sepultura.
3399 4567 3577 4640 Hujus
3597 4587 3688 4639 pe—

2100 4644 2188 4696 des
2219 4643 2408 4696 detenti
2437 4652 2557 4695 sunt
2586 4643 2776 4704 clavis;
2800 4643 2932 4695 hanc
2961 4650 3176 4694 sanctus
3207 4641 3435 4704 Spiritus
3464 4643 3519 4694 in
3541 4650 3688 4694 utero

2099 4715 2358 4784 ﬁguravit.
2375 4711 2464 4784 De
2483 4714 2579 4766 hac
2600 4711 2851 4784 Dominus
2873 4713 2940 4765 ad
2967 4710 3197 4784 Iudaeos,
3218 4709 3440 4784 Solvite,
3464 4709 3687 4784 dicebat,

2099 4778 2338 4853 teinplum
2361 4783 2474 4853 hoc.
2491 4792 2540 4836 et
2561 4784 2614 4836 in
2633 4782 2800 4836 triduo
2816 4780 3073 4836 suscitabo
3098 4779 3228 4853 illud
3243 4779 3445 4853 (Joan.
3473 4798 3528 4853 ιι,
3558 4778 3623 4832 19
3641 4783 3688 4848 ).

2102 4853 2154 4906 Ν
2161 4849 2373 4924 nmquid
2401 4871 2494 4924 ego
2536 4853 2788 4923 duplicem
2819 4853 3091 4924 quemdam
3130 4849 3390 4924 Christum
3417 4852 3564 4924 solus
3589 4867 3691 4920 ap—

2101 4920 2336 4994 pello,'et
2361 4920 2462 4977 non
2489 4920 2758 4993 semetipse
2776 4962 2790 4981 ,
2821 4920 2871 4976 et
2897 4920 3417 4994 templum_solubile,
3443 4933 3493 4974 ct
3523 4921 3690 4994 Deum

2103 4991 2158 5048 se
2186 5004 2452 5063 nuncupat
2489 4991 2857 5047 suscitantem?
2881 4992 3030 5056 Quod
3062 4994 3107 5063 si
3137 4991 3276 5046 Deus
3301 5001 3433 5063 erat,
3467 4993 3554 5063 qui
3586 4992 3693 5045 sol-

2099 5063 2326 5125 vebatur,
2352 5061 2383 5118 o
2411 5065 2621 5126 Ariane,
2646 5064 2782 5135 quod
2804 5081 2930 5117 sane
2951 5065 3005 5117 in
3032 5062 3144 5135 ejus
3168 5071 3318 5135 caput
3339 5061 3692 5135 blasphemia-

2101 5151 2216 5188 rum
2261 5144 2618 5196 convertatur,
2659 5130 2960 5202 oportuerat
3007 5130 3176 5186 dicere
3216 5130 3238 5184 ἑ
3277 5130 3494 5202 Solvite,
3525 5130 3692 5184 Dt’llm

2099 5206 2274 5268 istum,
2299 5215 2348 5258 et
2369 5206 2423 5257 in
2447 5204 2614 5257 triduo
2634 5201 2984 5258 suscitabitur.
3011 5202 3072 5257 Si
3102 5211 3332 5255 mortuus
3356 5211 3433 5254 est
3459 5201 3621 5259 Deus,
3646 5203 3694 5253 si

2097 5277 2376 5343 sepultura:
2405 5273 2680 5328 mandatus
2699 5313 2712 5333 ,
2755 5285 2829 5326 est
2857 5276 3014 5343 inane
3039 5272 3169 5326 illud
3203 5271 3261 5343 in
3292 5270 3579 5339 Evangelia
3612 5275 3693 5322 di-

2104 5342 2238 5398 ctum
2262 5361 2277 5398 :
2313 5343 2450 5408 Quid
2470 5361 2549 5397 me
2568 5345 2798 5414 quteritis
2819 5342 3051 5396 occidere
3071 5342 3357 5414 hominem,
3382 5344 3469 5412 qui
3511 5357 3688 5395 rerum

2101 5416 2294 5470 locutus
2323 5431 2438 5468 sum
2466 5410 2603 5467 vobis
2637 5413 2819 5481 (Joan.
2858 5429 2976 5474 vm,
3010 5413 3136 5480 40)?
3171 5410 3325 5464 Nunc
3352 5410 3528 5464 autem
3560 5414 3631 5463 ait
3669 5426 3689 5462 :

2103 5485 2242 5548 Quid
2263 5502 2341 5538 me
2361 5485 2590 5555 qua’ritis
2607 5483 2836 5555 occidere
2856 5482 3214 5555 hominem,rn
3215 5482 3302 5555 jus
3324 5482 3484 5555 capiti
3507 5483 3692 5555 spinea

2099 5573 2291 5609 corona
2311 5549 2630 5624 superposita
2646 5564 2722 5608 est
2736 5571 2755 5616 ;
2770 5553 3044 5624 hominem,
3064 5553 3148 5624 qui
3177 5549 3304 5604 dicit
3328 5567 3344 5603 :
3367 5549 3528 5624 ρεαδ,
3556 5550 3690 5624 Beas

2101 5643 2260 5690 mens,
2294 5621 2793 5696 quare'derctiquisti
2823 5640 2902 5676 me
2931 5621 3143 5696 (Matth.
3171 5638 3332 5685 xxvu,
3353 5622 3486 5696 A7)?
3518 5631 3569 5674 et
3596 5623 3684 5690 qui

2100 5691 2396 5749 triduanum
2433 5691 2674 5748 sustinuit
2713 5691 2946 5748 mortem.
2975 5691 3148 5746 Adero
3185 5702 3358 5746 autem
3404 5691 3539 5744 hunc
3566 5707 3686 5745 cum

2102 5766 2320 5832 Deitate,
2344 5777 2597 5836 tamquam
2621 5765 2808 5820 divina:
2822 5763 3171 5834 cooperarium
3193 5764 3539 5817 auctoritatis.
