3958 6178
122 388 224 445 ’ζίΠ

1305 370 1467 427 lMl‘ll
1507 366 1824 426 NESTOHII
1864 366 2096 423 δεηΜο
2138 366 2250 422 VII.

3218 411 3237 428 .
3294 368 3398 423 795i

186 500 280 554 21.
322 497 493 565 Hujus
512 492 763 555 hominis,
794 505 904 545 non
932 486 1174 552 Deitatis,
1200 486 1341 541 tertii
1389 485 1495 539 diei
1524 482 1705 552 sepul-
1737 488 1783 545 Α
1812 480 1922 552 52).
1955 481 2022 534 Et
2060 482 2181 550 quis
2210 480 2298 534 ille
2340 479 2626 543 exaltatur,
2674 481 2966 536 ostendens
3007 482 3179 537 scriba
3211 482 3400 545 tidelis,

121 603 239 647 tura
266 599 371 645 est.
403 586 574 655 Hujus
600 584 764 654 pedes
784 580 920 636 tenti
948 587 1074 633 sunt
1099 577 1285 631 clavis.
1310 575 1466 630 Hunc
1483 574 1714 643 Spiritus

121 691 343 738 sanctus
369 681 424 733 in
454 684 608 732 utero
640 674 906 743 ﬁguravit.
939 671 1016 725 De
1049 670 1151 724 hac
1170 684 1335 723 carne
1363 667 1619 721 Dominus
1648 662 1716 718 ad

122 775 337 831 Judaaos
362 792 374 825 :
403 770 623 831 Solvite,
646 765 818 834 inquit
834 805 848 829 ,
871 764 966 818 hoc
989 760 1251 833 templum,
1268 760 1392 814 etin
1420 756 1587 811 triduo
1607 772 1717 809 sus-

123 865 291 921 citabo
309 863 444 919 illud
467 860 643 932 (Joan.
668 874 726 920 ιι,
759 856 871 927 19).

188 958 281 1011 2‘2.
325 952 594 1023 Numquid
641 965 743 1020 ego
791 948 1061 1018 duplicem
1105 943 1379 999 Christum
1431 940 1577 996 solus
1623 954 1720 1008 ap-

122 1052 302 1121 pello?
351 1048 541 1103 Nonne
587 1043 940 1112 semetipsum
978 1048 1033 1094 et
1072 1038 1330 1107 templum
1372 1034 1619 1095 solubile,
1665 1039 1721 1085 et

124 1143 413 1196 Dominum
436 1142 709 1207 nuncupat
730 1134 1097 1189 suscitantem.
1121 1129 1177 1184 Si
1206 1136 1387 1182 autem
1417 1126 1557 1179 Deus
1578 1130 1716 1188 erat,

125 1233 218 1302 qui
246 1231 561 1286 solvebatur
607 1229 749 1298 (quae
789 1225 844 1277 in
874 1229 1037 1292 caput
1069 1219 1181 1274 Arii
1216 1216 1546 1287 blasphemia
1589 1229 1722 1268 con-

125 1324 412 1393 vertatur),
458 1322 679 1377 dixisset
716 1317 1009 1373 Dominus:
1041 1313 1246 1368 Solvite
1267 1312 1433 1365 Deum
1455 1308 1635 1371 istum,
1668 1313 1722 1360 et

129 1420 183 1472 in
215 1416 398 1470 triduo
420 1412 793 1473 suscitabitur;
816 1409 862 1463 si
895 1409 1032 1461 Deus
1054 1404 1405 1459 mortilicatus
1428 1409 1510 1454 est
1538 1400 1590 1453 in
1636 1414 1724 1452 sc-

127 1509 336 1579 pulcro,
365 1506 623 1559 mentitur
642 1500 906 1563 Christus,
929 1498 1020 1566 qui
1041 1495 1177 1549 dixit
1201 1513 1213 1546 :
1233 1490 1371 1557 Quid
1393 1509 1473 1546 me
1492 1491 1723 1561 quaeritis

128 1598 362 1653 occidere
381 1597 658 1659 hominem,
698 1592 785 1664 qui
813 1606 933 1645 vera
956 1589 1155 1643 locutus
1194 1602 1308 1640 sum
1349 1582 1490 1639 vobis
1533 1579 1718 1654 (Joan.

128 1708 240 1753 vui,
273 1689 344 1742 ιθ
361 1689 421 1756 )?

196 1785 284 1837 25.
311 1781 420 1836 Sed
445 1795 549 1834 non
578 1776 751 1831 nudus
778 1776 941 1829 homo
963 1771 1228 1832 Christus,
1261 1783 1294 1823 ο
1323 1764 1680 1822 calumniator
1705 1780 1718 1828 ;

1815 576 1891 628 ait
1924 592 1936 627 :
1970 573 2084 628 Hoc
2108 576 2244 627 enim
2266 572 2466 627 dicebat
2497 574 2800 645 signiﬁcans
2831 591 2930 646 qua
2960 585 3121 629 morte
3140 587 3270 629 esset
3292 592 3402 629 mo-

1816 670 2007 723 riturus
2036 667 2223 737 (1954.,
2256 667 2368 737 ss).

1888 758 1975 813 Si.
2001 758 2251 813 Admiror
2283 767 2555 826 tamquam
2577 756 2794 824 januam
2828 756 2896 810 ad
2922 757 3099 812 divina
3132 758 3401 811 introitus.

1817 850 1929 921 Ego
1955 851 2091 903 enim
2117 866 2231 903 sum
2252 850 2441 919 janua,
2466 848 2670 916 inquit;
2694 865 2783 917 per
2804 865 2884 901 me
2903 850 2986 917 qui
3009 850 3266 918 ingressus
3291 855 3404 919 {ue—

1818 943 1904 1007 rit,
1938 940 2257 1006 liberabitur,
2298 950 2349 994 et
2388 939 2619 1004 intrabit,
2652 950 2700 994 et
2730 938 2908 1005 exibit,
2953 950 3002 993 et
3039 939 3404 993 habitationem

1817 1036 2039 1089 inveniet
2067 1034 2248 1106 (Joan.
2272 1051 2326 1099 χ,
2352 1033 2428 1102 9).

1890 1125 1979 1182 55.
2012 1126 2192 1181 Adoro
2214 1134 2485 1194 tamquam
2511 1122 2899 1194 omnipotentis
2920 1123 3204 1190 imaginem
3231 1125 3401 1176 Deita-

1820 1220 1907 1272 tis.
1953 1216 2369 1288 Superexaltavit
2388 1217 2524 1269 enim
2553 1232 2687 1278 eum,
2716 1215 2907 1281 inquit,
2932 1213 3091 1275 Deus,
3126 1224 3173 1266 et
3203 1214 3410 1267 donavit

1816 1310 1896 1365 illi
1926 1325 2109 1364 nomen
2139 1308 2273 1379 quod
2305 1317 2381 1361 est
2403 1323 2557 1377 super
2589 1322 2739 1359 omne
2768 1322 2971 1368 nomen,
3010 1314 3065 1355 ut
3100 1306 3153 1356 in
3204 1309 3409 1357 nomine

1820 1404 1930 1473 ejus
1957 1418 2106 1455 omne
2133 1417 2263 1471 genu
2294 1400 2531 1469 ﬂectatur
2562 1399 2857 1461 caelestium,
2894 1397 3211 1450 terrestrium
3240 1407 3289 1449 et
3321 1398 3409 1448 inc

1824 1500 2089 1559 femorum
2121 1494 2375 1565 (Philipp.
2410 1511 2465 1560 ιι,
2493 1492 2572 1564 9).

1893 1588 1980 1644 56.
2014 1589 2242 1659 Propter
2262 1588 2531 1643 occultum
2554 1585 2722 1641 adoro
2753 1587 2896 1656 quod
2922 1586 3093 1642 oculis
3121 1594 3293 1656 paret.
3321 1586 3411 1639 ln-

1822 1681 2136 1753 separabilis
2168 1688 2251 1736 est
2284 1680 2444 1734 Deus.
2479 1677 2607 1748 Ejus
2635 1678 2725 1746 qui
2765 1685 2919 1746 paret
2960 1678 3270 1745 dignitatem
3305 1692 3410 1730 non

1823 1787 2035 1841 separo,
2069 1769 2442 1839 inseparabilis
2476 1776 2559 1822 est
2595 1767 2774 1833 enim;
2806 1782 2999 1836 separo
3040 1774 3275 1831 naturas,
3319 1765 3411 1820 sed

130 1877 226 1933 sed
249 1878 413 1929 homo
442 1870 602 1926 simul
622 1878 677 1924 et
704 1868 848 1922 Deus
873 1884 885 1917 :
918 1865 964 1919 si
985 1872 1163 1917 autem
1187 1861 1330 1914 Deus
1351 1852 1721 1911 tantummodo
1756 1875 1799 1931 Β
1826 1867 2094 1933 conjungo
2121 1863 2503 1919 reverentiam.

132 1970 406 2029 existeret,
466 1961 753 2032 oportebat
802 1973 944 2021 eum,
985 1951 1278 2009 secundum
1330 1947 1717 2018 Apollinarem,

131 2062 347 2115 dicere:
394 2052 533 2121 Quid
574 2067 659 2105 me
680 2048 919 2119 qumritis
957 2043 1204 2101 occidere
1230 2041 1417 2103 Deum,
1449 2036 1539 2105 qui
1572 2035 1723 2089 vobis

133 2149 415 2203 veritatem
445 2145 657 2198 locutus
685 2140 838 2194 sum?
867 2136 1017 2191 Nunc
1044 2141 1224 2188 autem
1266 2130 1393 2184 dicit
1425 2147 1437 2180 :
1470 2125 1608 2193 Quid
1635 2140 1723 2178 me

131 2239 373 2310 quzeritis
394 2235 639 2291 occidere
670 2228 941 2284 hominem
971 2224 1151 2286 istum,
1182 2220 1275 2289 qui
1301 2218 1473 2288 spinis
1500 2230 1724 2270 corona-

132 2344 219 2386 tus
238 2341 349 2394 est;
382 2331 561 2389 istum,
590 2322 682 2391 qui
709 2319 843 2373 dixit
874 2335 888 2370 :
919 2314 1055 2368 Deus
1086 2312 1224 2365 Deus
1253 2326 1417 2371 meus,
1449 2322 1607 2378 quare
1642 2320 1723 2357 me

135 2392 448 2492 dereliquiin
473 2412 685 2486 (Matth.
707 2424 870 2473 xxvii,
895 2404 983 2470 46,
1006 2402 1174 2475 seq.)?
1197 2401 1377 2466 istum,
1400 2397 1493 2466 qui
1522 2392 1725 2449 tridua-

134 2533 257 2572 nam
284 2510 541 2569 sustinuit
561 2503 829 2561 mortem?

200 2607 292 2662 ‘24.
317 2605 501 2659 Adoro
532 2601 678 2654 hunc
711 2604 891 2650 autem
915 2606 1039 2646 eum
1067 2587 1300 2650 Deitate,
1337 2591 1609 2651 tamquam
1636 2578 1721 2632 di-

131 2702 270 2755 vina:
298 2692 675 2765 cooperarium
713 2680 1064 2741 auctoritatis.
1098 2677 1436 2747 Manifestum
1464 2674 1529 2725 sit
1566 2671 1720 2733 enim,

134 2793 307 2860 inquit
330 2788 625 2856 Scriptura,
656 2782 751 2835 viri
782 2780 989 2850 fratres,
1014 2773 1134 2845 quia
1167 2768 1312 2825 nobis
1346 2784 1435 2837 per
1466 2765 1724 2819 Christum

134 2855 366 2939 remissio
397 2855 723 2950 peccatorum
758 2868 1098 2922 annuntiatur
1129 2862 1266 2933 (Act.
1300 2874 1411 2922 xm,
1441 2855 1550 2925 58).

204 2974 293 3028 9.5.
320 2948 616 3039 Tamquam
646 2961 937 3019 Dominicis
963 2954 1223 3012 bonitatis
1262 2964 1491 3005 veneror
1522 2948 1723 3001 instru-

135 3074 396 3124 mentum.
431 3062 609 3116 Estote
646 3058 803 3117 enim,
848 3053 1040 3119 inquit,
1071 3048 1285 3102 invicem
1313 3043 1517 3113 benigni
1545 3049 1595 3093 et
1622 3039 1722 3091 mi-

133 3156 438 3220 sericordes,
495 3153 625 3206 sicut
665 3156 715 3201 et
759 3144 898 3198 Deus
953 3143 1009 3194 in
1062 3138 1267 3192 Christo
1314 3133 1523 3188 donavit
1576 3128 1723 3184 nobis

139 3253 357 3324 (Ephes.
385 3265 457 3312 ιν,
487 3243 599 3315 52).

342 3314 563 3395 Honore
605 3345 877 3401 tamquam
918 3323 1267 3382 consiliorum
1307 3317 1402 3372 Dei
1454 3314 1657 3369 curiam
1707 3327 1719 3362 :

145 3437 280 3493 Volo
302 3435 439 3488 enim
463 3447 555 3484 vos.
568 3429 701 3482 scire
721 3422 1066 3495 cognitionem
1086 3410 1399 3469 sacramenti
1425 3408 1518 3463 Dei
1548 3404 1726 3460 Patris

136 3541 192 3585 et
212 3528 337 3581 Jesu
378 3522 587 3585 Christi,
616 3522 671 3573 in
699 3533 797 3589 quo
825 3520 947 3568 sunt
982 3525 1156 3565 omnes
1197 3504 1425 3559 thesauri
1456 3499 1729 3571 sapientia

138 3632 193 3678 et
216 3618 445 3676 scientia:
471 3610 757 3668 absconditi
791 3605 925 3678 (Col.
961 3620 1017 3667 ιι,
1052 3599 1128 3669 1).

210 3714 299 3766 27.
330 3707 577 3777 Suscipio
608 3713 878 3770 tamquam
918 3696 1147 3750 formam
1183 3705 1285 3761 pro
1318 3687 1428 3741 Deo
1455 3683 1595 3755 apud
1631 3696 1729 3735 nos

139 3804 521 3877 spondentem.
552 3796 653 3861 Qui
689 3811 770 3849 me
809 3792 970 3854 misit,
1004 3786 1195 3855 inquit,
1238 3798 1394 3837 verna:
1426 3788 1520 3845 est,
1550 3787 1600 3831 et
1634 3793 1727 3847 ego

138 3871 256 3971 qua
275 3895 340 3950 ab
366 3896 480 3965 ipso
506 3889 697 3953 audivi,
731 3886 840 3940 haec
870 3882 1050 3953 loquor
1080 3877 1262 3947 (Joan.
1291 3890 1403 3971 vui,
1430 3871 1543 3941 26).

208 3988 303 4042 28.
346 3964 601 4040 Beatiﬁco
646 3987 923 4045 tamquam
970 3968 1212 4026 obsidem
1264 3964 1411 4035 pacis
1455 3970 1670 4016 aeternae
1711 3978 1724 4012 :

140 4082 265 4152 Ipse
294 4079 433 4132 enim
465 4083 541 4129 est
569 4088 674 4143 pax
704 4077 905 4131 nostra,
945 4064 1032 4135 qui
1067 4062 1187 4133 fecit
1226 4068 1440 4128 utraque
1467 4070 1643 4117 unum,
1681 4060 1731 4104 et

134 4148 364 4225 medium
394 4166 640 4239 parietem
659 4159 917 4223 maceriis,
940 4154 1140 4209 solvens
1161 4149 1461 4204 inimicitias
1489 4148 1544 4200 in
1573 4159 1731 4198 carne

135 4282 254 4327 sua,
288 4270 395 4317 etc.
430 4257 645 4330 (Ephes.
676 4271 732 4320 ιι,
772 4250 882 4323 M).

207 4353 299 4408 29.
322 4351 461 4407 Colo
483 4358 756 4417 tamquam
783 4342 976 4397 divinae
1004 4333 1385 4407 indignationis
1410 4330 1731 4403 propitiato-

135 4449 299 4502 rium.
332 4444 614 4506 Christum,
638 4436 828 4507 inquit,
853 4431 1119 4506 proposuit
1150 4427 1290 4481 Deus
1316 4424 1728 4497 prapitiatorium

137 4540 264 4611 fidei
294 4552 390 4608 per
412 4532 568 4603 ﬁdem
591 4532 645 4583 in
666 4527 917 4597 sanguine
936 4523 1099 4595 ipsius
1132 4518 1308 4590 (Rom.
1332 4532 1406 4579 ιιι,
1433 4512 1544 4581 ‘25).

1895 1957 1982 2009 57.
2017 1955 2131 2009 Non
2164 1970 2259 2025 per
2287 1968 2345 2008 se
2370 1954 2540 2022 ipsum
2570 1951 2709 2006 Deus
2736 1959 2836 2016 est,
2861 1949 3006 2019 quod
3030 1949 3081 2002 in
3107 1956 3259 2002 utero
3283 1947 3412 2015 tigu~

1823 2056 2000 2102 ratum
2028 2054 2140 2109 est;
2164 2061 2275 2099 non
2304 2061 2402 2114 per
2430 2060 2487 2098 se
2522 2044 2661 2097 Deus
2688 2050 2788 2107 est,
2820 2040 2965 2110 quod
2993 2047 3231 2094 creatum
3273 2046 3357 2091 est
3384 2054 3413 2093 a

1823 2137 2024 2208 Spiritu
2052 2143 2273 2201 sancto;
2301 2152 2406 2190 non
2437 2150 2534 2204 per
2561 2150 2620 2189 se
2655 2134 2797 2187 Deus
2824 2140 2924 2193 est,
2958 2131 3103 2200 quod
3142 2131 3195 2183 in
3224 2146 3414 2184 monu-

1822 2239 2005 2284 mento
2046 2228 2315 2298 sepultum
2355 2234 2437 2282 est
2471 2244 2482 2278 :
2516 2226 2593 2280 sic
2631 2225 2776 2278 enim
2815 2239 3056 2279 essemus
3084 2222 3314 2277 hominis
3356 2230 3413 2275 et

1822 2320 2021 2375 mortui
2042 2318 2314 2373 manifesti
2339 2317 2589 2371 cultores.

1895 2410 1985 2464 58.
2017 2409 2123 2464 Sed
2150 2408 2408 2479 quoniam
2433 2408 2485 2460 in
2518 2414 2793 2476 assumpto
2819 2405 2980 2467 Deus,
3012 2419 3078 2457 ex
3108 2408 3414 2458 assumente

1824 2503 1918 2573 qui
1959 2509 2265 2570 assumptus
2300 2508 2401 2565 est,
2439 2507 2710 2566 tamquam
2750 2496 3041 2551 assumenti
3075 2495 3411 2563 conjunetus,

1824 2592 2124 2663 appellatur
2146 2592 2306 2657 Deus.
2326 2588 2621 2660 Propterea
2647 2597 2703 2643 et
2726 2587 2991 2642 cruciiixae
3013 2586 3189 2640 carnis
3210 2584 3412 2639 dmino-

1820 2700 1920 2739 nes
1941 2683 2259 2739 vocabulum
2286 2682 2721 2751 perhorrescunt,
2745 2678 3008 2733 crueiﬁxtr
3035 2678 3238 2732 scilicet
3265 2676 3413 2730 canui

1821 2774 2189 2844 coniunctum,
2231 2789 2343 2827 non
2381 2786 2742 2840 compassum,
2782 2769 3016 2823 scientes
3058 2768 3245 2821 Deum.
3287 2766 3414 2820 Ideo

1823 2876 1879 2922 et
1907 2867 2073 2936 judex
2093 2873 2354 2921 venturus
2384 2873 2468 2919 est
2497 2865 2615 2927 iste,
2645 2864 2737 2931 qui
2765 2862 2899 2916 visui
2928 2861 3127 2931 paruit,
3158 2860 3413 2928 quoniam

1822 2957 2181 3028 omnipotenti
2219 2955 2565 3024 eonjungitur
2594 2954 2807 3007 Deitati.
2847 2952 2987 3004 Tunc
3022 2954 3177 3015 enim,
3217 2952 3409 3018 inquit,

1822 3050 2021 3120 parebit
2040 3050 2245 3119 signum
2261 3046 2387 3100 Filii
2410 3046 2634 3100 hominis
2656 3046 2707 3097 in
2733 3044 2874 3106 ctrlo,
2899 3053 2947 3095 et
2963 3042 3201 3096 videbunt
3218 3040 3414 3094 Filium

1822 3140 2045 3193 hominis
2068 3140 2349 3191 venientem
2374 3138 2427 3189 in
2454 3136 2673 3189 nubibus
2702 3133 2813 3187 εωιὶ
2839 3149 2954 3186 cum
2975 3135 3150 3185 virtute
3181 3143 3228 3185 et
3249 3132 3418 3202 gloria

1753 3243 1798 3306 C
1830 3233 1991 3285 multa
2024 3229 2240 3301 (Matth.
2272 3245 2417 3292 xxiv,
2444 3227 2557 3299 50).

1901 3324 1989 3378 59.
2012 3322 2162 3378 Sicut
2184 3322 2325 3376 enim
2348 3336 2440 3374 rex
2459 3330 2612 3389 parta
2633 3318 2858 3373 victoria
2885 3333 3004 3372 cum
3029 3316 3111 3369 his
3136 3316 3188 3369 in
3219 3315 3411 3369 civita-

1829 3416 1969 3469 tibus
1998 3415 2209 3469 videtur
2237 3412 2407 3466 armis
2422 3427 2543 3466 eum
2567 3411 2761 3479 quibus
2782 3411 2994 3463 hostem
3016 3408 3068 3461 in
3092 3408 3233 3461 bello
3254 3421 3417 3475 supe-

1827 3508 1987 3567 ravit,
2017 3514 2074 3560 et
2101 3520 2159 3558 se
2193 3520 2314 3559 cum
2343 3503 2531 3557 iisdem
2562 3501 2912 3570 conspicuum
2948 3499 3060 3553 vult
3088 3513 3234 3561 esse;
3264 3497 3339 3552 sic
3364 3504 3423 3551 ct

1829 3598 2067 3653 omnium
2090 3596 2350 3650 Dominus
2372 3610 2468 3649 rex
2490 3608 2613 3648 cum
2637 3607 2797 3647 cruce
2826 3599 2880 3645 et
2904 3605 3068 3645 carne
3088 3590 3140 3643 in
3162 3604 3313 3644 suam
3333 3603 3421 3641 ve-

1829 3690 1942 3744 niet
1968 3696 2296 3749 creaturam,
2321 3701 2443 3740 cum
2485 3686 2568 3739 his
2590 3685 2754 3738 armis
2782 3682 3064 3744 videndus,
3096 3682 3291 3749 quibus
3321 3681 3422 3733 im-

1828 3783 2085 3853 pietatem
2125 3778 2425 3848 superavit,
2467 3786 2523 3831 et
2554 3776 2816 3845 judicabit
2863 3776 3049 3829 orbem
3093 3774 3146 3826 in
3186 3772 3420 3827 hominis

1828 3873 2020 3935 forma,
2047 3869 2405 3939 omnipotenti
2434 3869 2650 3931 virtute,
2688 3865 2982 3921 secundum
3020 3862 3170 3917 Pauli
3201 3878 3414 3932 praeco-

1830 3966 1998 4028 nium,
2030 3964 2121 4033 qui
2152 3962 2227 4016 ait
2261 3979 2273 4013 :
2310 3960 2561 4031 Tempora
2589 3958 2903 4029 ignorantia
2933 3955 3215 4024 despiciens
3254 3953 3415 4017 Deus,

1830 4060 1914 4129 qui
1936 4073 2071 4109 nunc
2092 4063 2213 4109 sunt
2233 4050 2466 4107 omnibus
2490 4050 2779 4105 hominibus
2804 4048 3046 4119 prmeepit
3064 4047 3417 4116 paenitentiam

1830 4168 2011 4223 agere;
2040 4149 2287 4222 siquidem
2311 4149 2491 4202 statuit
2512 4146 2665 4210 diem,
2688 4146 2742 4199 in
2772 4160 2869 4215 quo
2892 4141 3217 4212 judicaturus
3237 4149 3313 4192 est
3333 4155 3419 4192 or-

1832 4245 1943 4298 bem
1970 4247 2025 4298 in
2054 4245 2160 4297 viro
2188 4243 2242 4295 in
2272 4259 2369 4307 quo
2399 4240 2665 4294 constituit
2694 4236 2853 4306 ﬁdem
2881 4243 3131 4305 prwstare
3161 4230 3416 4295 omnibus.

1830 4338 2084 4391 suscitans
2110 4352 2225 4388 eum
2270 4352 2303 4387 a
2350 4332 2565 4386 mortuis
2606 4329 2743 4400 (Act.
2770 4344 2898 4391 xvu,
2949 4325 3059 4394 '50).
3102 4325 3255 4391 Quod
3298 4323 3423 4377 ideo

1831 4430 2031 4484 dictum
2061 4436 2163 4493 est,
2195 4435 2255 4479 ut
2281 4425 2458 4479 nullus
2492 4430 2760 4477 mortuam
2793 4418 3095 4490 suspicetur
3130 4433 3249 4472 esse
3289 4416 3415 4471 Dci-

1831 4528 2017 4574 tatem.

208 4599 304 4685 50.
332 4599 474 4679 Amo
502 4630 559 4677 et
583 4633 838 4675 revercor
865 4623 1139 4683 tamquam
1170 4608 1474 4663 mortalium
1510 4605 1723 4658 immor-

1904 4611 1990 4663 40.
2023 4609 2157 4664 Nam
2186 4608 2287 4662 etsi
2320 4621 2535 4661 omnem
2583 4603 2803 4660 omnino
2846 4602 3004 4658 simul
3039 4616 3232 4657 novam
3275 4599 3420 4655 Scri-

138 4721 368 4779 talitatis
395 4718 625 4772 initium.
659 4711 780 4783 Ipse
800 4710 937 4763 enim
964 4714 1059 4769 est,
1093 4702 1282 4770 inquit,
1314 4707 1467 4769 caput
1498 4697 1731 4767 corporis

133 4814 413 4873 Ecclesiw,
433 4810 518 4882 qui
540 4815 615 4862 est
634 4805 858 4867 initium,
878 4795 1246 4871 primogenitus
1269 4809 1332 4847 ea:
1352 4791 1568 4845 mortuis
1591 4786 1724 4859 (Col.

131 4924 170 4971 ι,
204 4903 317 4972 18).

203 4994 300 5049 51.
334 4990 649 5060 Amplector
676 4993 951 5053 tamquam
991 4980 1265 5050 speculum
1299 4972 1595 5030 divinitatis
1640 4984 1730 5024 re-

125 5082 494 5157 splendentis.
511 5080 648 5133 Deus
660 5078 818 5141 enim,
837 5073 1028 5143 inquit,
1051 5081 1164 5126 erat
1182 5072 1237 5124 in
1257 5067 1461 5122 Christo
1482 5062 1729 5118 mundum

123 5175 487 5234 reconcilians
516 5172 611 5226 sibi
644 5169 708 5242 (ll
739 5168 857 5223 Cor.
889 5184 942 5229 v,
968 5163 1076 5235 i9).

199 5270 297 5324 3‘2.
332 5265 516 5321 Adero
542 5271 814 5331 tamquam
843 5258 1134 5312 animatam
1161 5253 1303 5321 regis
1325 5264 1635 5323 purpuram.
1665 5245 1730 5301 In

117 5366 308 5433 [arma
357 5357 512 5418 enim,
546 5354 639 5418 ait,
679 5352 983 5406 constitutus
1022 5346 1140 5412 Dei,
1181 5346 1508 5414 semetipsum
1549 5341 1733 5394 exina-

115 5432 260 5508 nivit
293 5453 520 5522 formam
548 5446 676 5501 servi
706 5443 985 5514 accipiens,
1017 5449 1067 5493 et
1088 5436 1264 5491 habitu
1294 5437 1526 5489 inventus
1546 5441 1603 5485 ut
1630 5432 1729 5485 ho-

115 5562 211 5597 mo
238 5541 507 5611 (Philipp.
539 5554 593 5603 ιι,
619 5536 695 5607 6).

198 5635 297 5687 55.
345 5631 532 5687 Laudo
570 5638 841 5697 tamquam
880 5637 1099 5679 manum
1128 5617 1430 5675 Divinitatis
1468 5617 1522 5670 in
1562 5614 1727 5669 vitam

115 5743 220 5782 mc
244 5725 571 5797 eripientem
601 5722 667 5776 de
697 5728 888 5775 morte.
914 5715 1041 5771 Cum
1069 5716 1203 5769 enim
1231 5714 1505 5775 exaltalus,
1533 5709 1723 5777 inquit,

113 5828 281 5886 [uero
316 5820 381 5873 de
409 5827 563 5881 terra,
594 5826 709 5868 tunc
739 5828 913 5867 omnes
944 5810 1011 5863 ad
1035 5827 1112 5864 me
1134 5807 1387 5862 attraham
1423 5802 1599 5876 (Joan.
1631 5820 1725 5869 xu.

1833 4713 2044 4776 pturam
2069 4700 2442 4772 perscruteris,
2467 4714 2575 4752 non
2598 4696 2738 4768 apud
2764 4711 2885 4751 eam
2906 4710 3128 4764 usquam
3158 4692 3416 4755 invenies,

1834 4803 2065 4849 mortem
2096 4793 2190 4847 Dei
2210 4806 2364 4855 esse;
2394 4789 2489 4845 sed
2515 4804 2635 4844 cum
2661 4788 2915 4859 scriptum
2946 4792 3047 4850 est,
3073 4793 3165 4838 aut
3181 4783 3414 4845 Christo,

1834 4895 1927 4942 aut
1953 4886 2110 4949 Filio,
2136 4892 2227 4939 aut
2253 4884 2480 4938 Domino
2503 4881 2781 4949 assignari.
2806 4879 3050 4933 Christus
3080 4876 3220 4931 enim
3244 4884 3298 4928 et
3329 4873 3419 4928 Fi-

1832 4979 1936 5034 lius
1978 4986 2033 5033 et
2061 4975 2412 5034 Dominuszin
2443 4975 2717 5042 unigenito
2742 4973 2797 5027 in
2826 4970 3115 5040 Scripturis
3145 4975 3415 5037 acceptus,

1833 5072 2061 5127 duarum
2084 5067 2404 5138 signiﬁcatio
2433 5076 2517 5122 est
2541 5075 2881 5130 naturarum;
2915 5072 2969 5117 et
2991 5061 3276 5131 aliquando
3302 5060 3422 5129 qui-

1833 5162 1958 5218 dem
1998 5161 2297 5223 Deitatem,
2343 5159 2428 5214 vel
2470 5157 2892 5220 humanitatem,
2937 5152 3225 5223 aliquando
3264 5151 3423 5205 simul

1833 5262 2120 5322 utrumque
2168 5250 2414 5318 designat
2445 5266 2459 5302 :
2490 5248 2638 5303 verbi
2676 5262 2833 5301 causa
2853 5287 2868 5312 ,
2899 5246 3023 5299 eum
3058 5243 3254 5298 Paulus
3288 5244 3422 5298 seri-

1832 5350 1968 5404 bens
1991 5347 2249 5419 praedicat
2280 5364 2294 5398 :
2328 5344 2429 5409 Qui
2461 5361 2576 5398 cum
2603 5358 2826 5397 essemus
2850 5342 3068 5405 inimici,
3100 5339 3424 5394 reconciliati

1832 5456 2006 5495 sumus
2030 5439 2141 5493 Deo
2166 5455 2256 5508 per
2274 5446 2490 5491 mortem
2512 5434 2637 5488 Filii
2666 5434 2777 5505 ejus
2802 5433 2977 5503 (Rom.
3004 5449 3056 5496 v,
3089 5430 3209 5500 10);
3237 5431 3428 5485 huma-

1838 5534 2063 5587 nitatem
2091 5530 2209 5599 ejus
2236 5529 2587 5584 demoustrat.
2632 5526 2857 5593 Quando
2900 5526 3096 5580 iterum
3144 5525 3260 5594 ipse
3298 5524 3429 5578 dicit

1839 5622 1905 5676 ad
1926 5621 2182 5675 Hebraeos
2207 5636 2219 5672 :
2246 5618 2385 5671 Deus
2408 5619 2604 5672 locutus
2633 5628 2708 5671 est
2728 5615 2873 5669 nobis
2902 5617 2957 5668 in
2984 5614 3144 5679 Filio,
3171 5632 3262 5685 per
3281 5630 3429 5685 quem

1839 5712 1957 5781 fecit
1984 5720 2034 5764 et
2060 5709 2251 5763 sarcula
2280 5706 2466 5779 (Hebr.
2500 5726 2535 5771 ι,
2559 5706 2645 5777 ‘2);
2680 5708 2878 5762 indicat
2911 5715 2965 5762 et
2993 5705 3111 5760 Filii
3140 5705 3425 5758 Deitatem.

1838 5804 1946 5863 Nec
1976 5804 2117 5859 enim
2140 5819 2267 5859 caro
2299 5801 2477 5872 opifex
2498 5809 2580 5857 est
2609 5801 2946 5865 sazculorum,
2982 5806 3103 5871 post
3133 5797 3301 5851 multa
3330 5808 3427 5851 sa:-
