3960 6184
529 389 631 446 799
729 382 751 405 ⁸

1025 378 1213 436 MAR]!
1255 370 1691 430 MERCATOBIS
1728 362 2287 424 TRANSLATIONES
2330 359 2683 417 VARIORUM
2721 356 3246 416 OPUSCULORUM.

3679 359 3711 412 8
3715 357 3783 413 (ιο

527 502 646 557 cula
678 499 948 553 fabricata.
974 505 996 530 α
1029 493 1167 546 Ecce
1201 489 1318 542 Filii
1346 487 1442 540 Dei
1472 493 1526 539 et
1557 483 1796 546 Deitatis,
1823 488 1877 534 et
1910 481 2099 533 huma-
2131 481 2176 539 Α
2275 475 2360 528 Μ.
2401 476 2539 529 Alibi
2573 482 2772 537 autem,
2805 464 2944 529 sicut
2982 471 3110 538 dixi,
3151 471 3405 526 Dominus
3434 478 3781 540 utrarumque

529 595 710 649 uitatis
751 588 995 645 essentia:
1037 580 1407 655 appellationis
1445 575 1771 632 conveniens
1811 571 2103 627 documen-

530 694 660 739 tum.
1600 669 1610 682 ’

598 772 683 824 lsi.
709 771 1104 835 Interrogcmus
1128 766 1258 835 jam,
1291 765 1335 819 si
1367 778 1560 818 nomen
1581 762 1705 825 hoc,
1740 757 1791 839 id
1822 764 1921 819 est,
1957 754 2106 808 Chri-

526 874 652 926 stus,
679 863 837 916 etiam
861 859 1028 913 Filius
1050 859 1360 927 accipiatur,
1387 863 1440 909 et
1466 856 1569 908 hoc
1597 854 1771 921 ipsum
1793 850 1859 903 ad
1881 857 2105 914 utraque

529 951 851 1019 designanda
890 951 1176 1018 pertineat.
1208 951 1357 1001 Jesus
1395 945 1648 1006 Christus,
1690 943 1880 1011 inquit,
1923 941 2030 993 heri
2058 949 2107 993 et

529 1043 700 1105 hodie,
725 1044 831 1113 ipse
858 1042 991 1094 idem
1028 1043 1080 1093 in
1109 1039 1296 1094 swcula
1328 1037 1513 1110 (Hebr.
1548 1054 1658 1100 xut,
1685 1035 1762 1103 8).
1789 1035 1937 1088 Sicut
1963 1033 2106 1086 enim

531 1133 670 1187 Deus
691 1133 943 1194 existens,
968 1138 1021 1185 et
1043 1131 1204 1184 homo
1227 1129 1364 1183 idem
1388 1129 1520 1197 ipse,
1545 1125 1833 1184 secundum
1865 1123 2105 1187 Paulum,

531 1229 587 1275 et
610 1221 925 1275 novissimus
947 1227 1001 1274 et
1023 1228 1146 1273 ante
1169 1219 1392 1284 szecula;
1416 1219 1551 1272 sicut
1574 1218 1734 1270 homo
1763 1213 1997 1284 quidem,
2025 1229 2112 1267 re-

532 1329 690 1378 cens;
719 1313 855 1366 sicut
884 1312 1022 1365 Deus
1047 1319 1245 1373 autem,
1279 1319 1403 1363 ante
1432 1309 1642 1362 sa3cula.

609 1403 694 1457 4:2.
722 1405 1004 1458 Ustensum
1032 1412 1111 1457 est
1135 1404 1300 1470 igitur
1325 1402 1420 1456 tibi
1449 1402 1574 1469 quia
1602 1400 1790 1454 Christi
1825 1397 2112 1468 appellatio

535 1494 696 1548 modo
727 1495 1002 1564 templum,
1033 1494 1194 1548 modo
1224 1493 1611 1546 inhabitantem
1641 1491 1806 1545 Deum
1829 1491 1880 1543 in
1903 1490 1995 1543 illo
2015 1489 2113 1543 de—

534 1592 798 1637 monstrat
826 1602 837 1636 :
864 1585 1016 1650 exige
1047 1570 1134 1638 ubi
1165 1584 1327 1638 etiam
1356 1583 1608 1636 Dominus
1641 1582 1694 1634 in
1733 1581 1852 1634 Filii
1885 1596 2114 1650 persona

533 1681 784 1742 ponatur,
843 1681 897 1727 et
951 1689 1093 1728 nunc
1145 1673 1359 1740 quidem
1412 1673 1685 1725 hominem
1743 1671 1916 1735 illum,
1977 1683 2116 1723 nunc

537 1761 704 1815 Deum
735 1762 1003 1816 ostendat.
1038 1762 1234 1823 Venite,
1261 1763 1450 1828 inquit,
1482 1761 1642 1814 videte
1662 1761 1846 1824 locum,
1871 1758 1956 1812 ubi
1977 1761 2118 1830 posi-

2205 586 2385 624 rerum
2414 566 2819 636 significativum
2849 573 2950 629 est,
2987 566 3123 619 sicut
3150 573 3232 618 est
3265 581 3278 616 :
3304 562 3524 616 Domine
3555 561 3698 626 Jesu,
3720 579 3783 614 ne

2205 669 2401 715 statuas
2441 660 2544 712 illis
2587 660 2681 712 hoc
2721 665 2982 728 peccatum
3030 655 3163 726 (Act.
3206 671 3299 716 vn,
3342 651 3452 720 59).
3485 651 3555 704 Et
3588 671 3600 703 :
3633 651 3781 704 Multi

2207 751 2333 806 mihi
2355 751 2524 804 dicent
2541 750 2594 802 in
2615 749 2707 802 illa
2730 747 2848 800 die:
2873 744 3114 808 Domine,
3143 743 3382 805 Domine,
3410 759 3585 795 nonne
3610 743 3663 794 in
3691 758 3780 794 no-

2208 843 2345 895 mine
2379 852 2462 894 tuo
2497 841 2751 894 dannonia
2779 839 3018 908 ejecimus
3051 835 3264 907 (Matth.
3292 851 3383 898 vn,
3407 833 3535 902 22)?
3558 833 3625 886 Et
3649 831 3780 886 Pau-

2209 932 2290 985 lus
2334 949 2345 984 :
2400 929 2565 994 Quam
2613 929 2736 982 mihi
2789 928 2962 982 reddet
3014 925 3266 979 Dominus
3304 927 3475 996 justus
3525 925 3688 995 judcx
3728 928 3777 977 in

2209 1022 2301 1075 illa
2338 1023 2437 1085 die,
2467 1037 2569 1074 non
2600 1020 2764 1073 solum
2795 1019 2940 1083 mihi,
2965 1018 3054 1070 sed
3081 1027 3130 1070 et
3166 1016 3396 1070 omnibus
3432 1017 3516 1088 qui
3549 1018 3630 1085 pie
3662 1017 3779 1069 dili-

2211 1124 2336 1184 gunt
2373 1113 2642 1166 adventum
2675 1113 2784 1182 ejus
2810 1109 2873 1179 (ll
2893 1109 3022 1162 Tim.
3043 1125 3112 1172 tv,
3131 1107 3207 1178 8).
3230 1107 3417 1161 Vidisti
3437 1108 3781 1174 quemadmo-

2212 1205 2337 1259 dum
2365 1203 2625 1266 Christus,
2659 1211 2714 1256 et
2753 1201 2936 1264 Filius,
2972 1209 3027 1253 et
3056 1199 3312 1253 Dominus
3346 1207 3447 1252 est.
3473 1197 3698 1263 Quando
3720 1198 3783 1249 de

2213 1295 2485 1363 unigenito
2534 1293 2775 1347 meminit
2823 1291 3129 1360 Scriptura,
3185 1289 3347 1345 modo
3409 1290 3779 1351 humanitatis,

2214 1386 2376 1439 modo
2395 1385 2706 1446 divinitatis,
2730 1383 2891 1438 modo
2919 1391 3098 1437 autem
3128 1382 3406 1450 utriusque
3429 1382 3538 1436 vult
3559 1382 3786 1436 existere

2214 1479 2560 1547 signiticativa
2590 1478 2869 1532 vocabula.

2285 1568 2369 1622 45.
2413 1569 2548 1635 Quid
2576 1583 2703 1636 ergo
2730 1567 3011 1622 confundis
3030 1582 3149 1635 quae
3167 1576 3291 1622 sunt
3312 1566 3628 1621 inconfusa?
3648 1565 3790 1632 Quid

2217 1663 2311 1716 Dei
2341 1677 2535 1716 nomen
2563 1661 2786 1730 deputas
2833 1660 3020 1721 morti,
3052 1660 3195 1728 quod
3226 1675 3256 1712 a
3297 1659 3474 1712 divina
3518 1658 3790 1726 Scriptura

2219 1769 2478 1823 nusquam
2510 1755 2562 1806 in
2585 1752 2773 1805 mortis
2792 1751 3302 1805 commemoratione
3323 1748 3632 1818 profertur?
3658 1749 3793 1814 Quid

538 1861 616 1905 tus
645 1863 754 1905 erat
781 1852 1032 1906 Dominus
1061 1852 1274 1919 (Matth.
1308 1869 1492 1916 xxvm,
1518 1851 1594 1921 6).
1622 1850 1687 1904 Et
1714 1851 1906 1904 iterum
1927 1851 2118 1904 mulie—
2150 1860 2194 1917 Β
2220 1847 2388 1900 Paulo
2419 1846 2701 1907 clamante,
2737 1859 2856 1897 cum
2887 1842 3074 1897 audias
3099 1860 3111 1894 :
3148 1841 3210 1895 In
3235 1843 3369 1906 viro,
3402 1843 3453 1894 in
3484 1858 3581 1908 quo
3609 1841 3795 1910 deﬁni-

534 1959 623 1997 res
651 1954 920 2012 tamquam
945 1946 1085 1998 furto
1108 1961 1136 1997 a
1158 1943 1353 1998 Judaeis
1375 1942 1633 1998 dedentes
1660 1943 1892 1996 ablatum
1923 1958 2118 2012 corpus

536 2033 748 2087 Domini
793 2052 806 2085 :
860 2033 1124 2098 Tulerunt,
1171 2035 1244 2087 ait
1293 2034 1590 2102 Scriptura,
1632 2033 1909 2086 Dominum
1953 2051 2118 2087 meum

541 2122 719 2194 (Joan.
752 2140 842 2188 xx,
873 2123 982 2193 15).
1017 2123 1084 2177 Et
1107 2124 1172 2176 ad
1201 2122 1419 2178 Galatas
1454 2123 1685 2177 Paulus:
1711 2123 1900 2187 Alium,
1928 2125 2115 2192 inquit,

538 2213 886 2283 apostolorum
913 2215 1013 2267 vidi
1041 2217 1314 2277 neminem,
1352 2216 1453 2268 nisi
1485 2213 1735 2268 Iacobum
1763 2216 1978 2286 fratrem
2004 2214 2116 2268 Do-

536 2307 665 2358 mini
697 2305 838 2376 (Cal.
861 2323 896 2371 ι,
925 2305 1032 2376 l9).
1067 2307 1133 2358 Et
1162 2309 1357 2361 iterum
1387 2308 1500 2376 ipse
1530 2307 1597 2360 ad
1614 2307 1920 2362 Corinthios
1948 2327 1959 2360 :
1988 2307 2121 2371 Quo-

539 2399 630 2451 ties
668 2399 802 2450 hunc
835 2413 1019 2467 panem
1050 2399 1399 2465 manducatis,
1428 2409 1478 2452 et
1509 2399 1643 2453 hunc
1675 2400 1887 2453 calicem
1925 2399 2116 2466 bibitis,

536 2498 750 2542 mortem
785 2487 996 2543 Domini
1031 2493 1373 2553 annuntiatis,
1417 2491 1577 2545 donec
1614 2494 1785 2545 veniat
1819 2492 1861 2560 (Ι
1890 2491 2114 2556 Coram,

535 2576 648 2648 26).
672 2577 739 2632 Et
759 2580 952 2633 iterum
977 2597 990 2632 :
1015 2579 1253 2646 Domine,
1271 2591 1327 2634 ut
1344 2581 1507 2647 video,
1525 2583 1774 2653 propheta
1794 2601 1846 2636 es
1870 2591 1919 2635 tu
1939 2583 2116 2654 (Joan.

535 2686 607 2736 tv,
637 2669 746 2739 i9).
780 2670 905 2727 Haec
934 2672 1111 2726 omnia
1142 2673 1429 2728 Dominica:
1461 2674 1844 2728 incarnationis
1871 2682 1994 2728 sunt
2023 2674 2120 2728 do-

536 2767 806 2825 cumenta,
845 2762 968 2828 quia
1015 2777 1190 2830 neque
1234 2763 1374 2818 Deus
1404 2763 1638 2818 Verbum
1680 2772 1795 2818 erat
1837 2765 1888 2818 in
1928 2781 2121 2820 monu-

535 2859 719 2904 mento
742 2851 1030 2920 proiectus.
1061 2851 1344 2918 Quomodo
1374 2855 1517 2908 enim
1547 2855 1860 2920 resurrexit,
1895 2856 1984 2924 qui
2008 2857 2122 2911 uni-

541 2943 851 2996 versitatem
891 2951 1157 2997 sustentat
1185 2945 1352 2999 verbo
1386 2947 1640 3014 potentia:
1670 2962 1796 3010 sum,
1839 2947 1882 3002 si
1907 2946 2122 3015 jacebat

535 3033 828 3087 secundum
860 3035 1078 3090 Arium?
1107 3035 1213 3090 Sed
1255 3052 1432 3104 neque
1463 3037 1554 3091 Dei
1591 3039 1877 3092 essentiam
1923 3039 2122 3094 ﬂebant

535 3123 806 3189 mulieres,
844 3133 1111 3194 tamquam
1142 3141 1262 3194 qua!
1290 3135 1433 3181 esset
1462 3127 1527 3181 de
1549 3129 1797 3197 sepulcro
1825 3127 1964 3182 furto
1990 3130 2118 3183 sub-

2218 1939 2288 1992 rit
2328 1936 2555 1990 Deus....
2589 1936 2843 1988 suscitans
2871 1950 2984 1986 eum
3011 1951 3041 1985 α
3071 1934 3284 1986 mortuis
3315 1932 3467 1996 (Act.
3504 1948 3628 1996 xvn,
3660 1931 3719 1983 ’51
3747 1935 3790 1999 );

2219 2035 2274 2080 tu
2304 2034 2484 2080 natam
2513 2033 2566 2079 et
2589 2033 2852 2079 mortuam
2877 2025 3021 2077 inani
3048 2021 3655 2091 imaginationejudicas
3677 2021 3795 2075 Dei-

2219 2126 2401 2172 tatem.

2289 2209 2375 2264 46.
2417 2210 2560 2264 Bene
2590 2217 2769 2264 autem
2791 2217 2846 2263 et
2868 2207 3100 2276 judicent
3132 2223 3250 2262 esse
3278 2215 3580 2270 venturum,
3606 2205 3796 2259 Paulus

2217 2302 2362 2356 hunc
2385 2301 2578 2365 virum,
2609 2300 2700 2368 qui
2728 2299 2953 2354 visibilis
2994 2298 3124 2362 fuit,
3149 2298 3418 2366 designat,
3449 2299 3704 2367 quoniam
3731 2298 3795 2350 ad

2218 2393 2503 2462 imaginem
2539 2406 2690 2445 suam
2721 2407 2753 2444 a
2783 2391 2892 2444 Deo
2933 2389 3217 2458 ﬁguratum
3246 2398 3300 2444 et
3326 2405 3492 2457 regno
3520 2400 3672 2444 terra:
3700 2390 3799 2443 ho-

2218 2496 2466 2542 noratum
2496 2487 2772 2542 hominem
2801 2501 2979 2540 escam
3011 2485 3270 2539 vermium
3309 2485 3555 2539 diabolus
3593 2501 3798 2553 pnepa~

2219 2579 2377 2632 tavit.
2410 2576 2439 2616 δ
2471 2577 2634 2632 Venit
2662 2575 2953 2631 secundum
2984 2576 3217 2630 futurum
3253 2574 3499 2630 Christus
3529 2576 3580 2630 in
3620 2577 3798 2629 homio

2218 2672 2303 2725 nis
2324 2668 2493 2725 forma
2515 2669 2918 2739 omnipotentis,
2943 2676 3002 2723 ut
3027 2669 3398 2738 experimento
3418 2671 3799 2738 agnoscatipse

2219 2777 2436 2832 quoque
2463 2761 2728 2825 diabolus,
2760 2761 2854 2830 qui
2893 2775 3015 2816 cum
3044 2759 3294 2814 omnibus
3341 2759 3503 2814 etiam
3533 2761 3645 2830 ipse
3683 2769 3800 2814 erat

2220 2855 2319 2910 sub
2347 2853 2717 2908 dominatione
2751 2851 2864 2916 Dei,
2897 2852 3024 2920 quia
3054 2865 3179 2906 vere
3207 2851 3371 2905 homo
3401 2850 3467 2904 ad
3513 2851 3800 2918 imaginem

2221 2952 2276 2999 et
2303 2943 2701 2999 similitudinem
2726 2943 2822 2997 Dei
2852 2940 3024 2996 factus
3051 2951 3134 2996 est
3152 2983 3166 3008 ,
3205 2949 3259 2995 et
3287 2958 3382 2996 rex
3409 2950 3585 3008 teme,
3613 2958 3674 2996 ac
3704 2943 3800 2996 do-

2221 3036 2399 3090 minus
2425 3035 2748 3090 constitutus
2765 3075 2780 3098 ,
2808 3041 2996 3087 auctor
3027 3032 3221 3087 merito
3244 3030 3312 3085 ad
3339 3032 3598 3087 cmlorum
3639 3033 3799 3087 etiam

2222 3140 2388 3194 regna
2417 3133 2500 3182 est
2519 3125 2853 3182 sublimatus.

535 3213 711 3268 ducta.
745 3213 875 3281 Quis
903 3217 1043 3271 enim
1072 3218 1372 3286 suspicetur
1401 3217 1663 3272 Deitatem
1702 3218 1970 3274 furacibus
2004 3235 2117 3273 ma—
2146 3218 2191 3280 C
2290 3219 2378 3272 47.
2393 3218 2498 3274 Sed
2524 3227 2766 3274 nostrum
2787 3233 3091 3274 sermonem
3123 3226 3294 3273 vestra
3323 3215 3591 3271 audientia
3616 3217 3797 3281 vincit,

535 3305 692 3359 nibus
720 3307 1088 3374 capessibilem
1112 3309 1267 3361 esse?
1290 3307 1400 3361 Nec
1429 3308 1621 3361 iterum
1641 3307 1900 3363 Iacobum
1924 3309 2119 3363 Divini-

536 3397 664 3449 tatis
693 3397 878 3450 habuit
909 3397 1126 3451 fratrem
1155 3416 1165 3449 :
1202 3413 1300 3452 nec
1329 3399 1420 3450 Dei
1447 3398 1605 3451 Verbi
1635 3408 1863 3453 mortem
1891 3416 1992 3455 nos
2021 3417 2119 3455 an-

535 3484 859 3548 nuntiamus,
878 3501 998 3539 cum
1017 3484 1224 3538 Domini
1241 3501 1468 3554 corpore
1488 3493 1542 3540 et
1557 3488 1816 3555 sanguine
1831 3490 2113 3558 pascimus.

536 3571 632 3626 Dei
654 3573 796 3626 enim
830 3582 1021 3628 natura
1061 3576 1378 3630 sacrilicium
1411 3577 1650 3646 suscipit,
1684 3593 1791 3632 non
1814 3579 1926 3648 ipsa
1950 3582 2121 3636 sacri-

538 3662 660 3717 ticio
687 3665 1024 3729 immolatur;
1058 3682 1156 3721 nec
1183 3669 1445 3736 propheta
1475 3668 1637 3735 Deus,
1671 3671 1762 3724 sed
1799 3672 1956 3728 dator
1993 3690 2123 3744 pro-

537 3761 751 3831 phetiae,
784 3769 842 3815 ut
877 3763 947 3815 sit
988 3763 1089 3817 hoc
1128 3763 1249 3817 loco
1288 3763 1565 3828 Dominus,
1613 3766 1751 3820 sicut
1779 3766 1907 3834 dixi,
1942 3771 2122 3826 carnis

537 3855 811 3923 expressio
842 3862 1113 3923 tamquam
1146 3856 1394 3911 habentis
1421 3857 1750 3913 Dominicam
1783 3859 2117 3928 dignitatem,

536 3961 656 4014 quae
687 3954 859 4000 tamen
893 3955 1336 4016 temperamento,
1383 3950 1465 4003 vel
1509 3949 1859 4016 admixtione,
1903 3953 2122 4009 minime

539 4037 590 4090 in
621 4037 972 4090 substantiam
1005 4039 1275 4092 transierit
1302 4040 1544 4094 Deitatis.

607 4128 694 4183 45.
731 4128 866 4183 Alibi
889 4131 1029 4184 enim
1052 4129 1304 4184 Dominus
1327 4131 1806 4187 demonstrativum
1833 4144 1914 4189 est
1937 4137 2119 4192 Deita-

538 4221 626 4285 tis,
663 4221 799 4276 sicut
827 4230 908 4275 est
936 4222 1064 4276 illud
1098 4240 1110 4274 :
1153 4221 1296 4276 Unus
1326 4222 1464 4276 Deus
1496 4223 1674 4288 Pater,
1698 4243 1764 4279 ex
1789 4243 1886 4297 quo
1916 4231 2120 4293 omnia;

537 4319 586 4361 et
608 4326 736 4361 unus
755 4309 1004 4364 Dominus
1018 4311 1053 4363 Ι
1055 4328 1168 4365 esus
1186 4309 1437 4377 Christus,
1462 4331 1552 4384 per
1572 4331 1718 4385 quem
1739 4318 1911 4370 omnia
1937 4317 1975 4387 (Ι
1995 4317 2112 4372 Cor.

538 4413 647 4461 vm,
674 4399 750 4465 6).
775 4398 851 4450 Ex
880 4400 1088 4456 Deitate
1109 4403 1252 4456 enim
1281 4403 1461 4472 opifex
1482 4405 1720 4459 omnium
1748 4405 1993 4463 Christus
2014 4417 2114 4475 est,

539 4501 646 4540 non
678 4502 744 4540 ex
779 4487 1123 4556 humanitate,
1157 4507 1276 4559 qua:
1303 4501 1426 4562 post
1462 4503 1764 4550 creaturam
1794 4498 2007 4552 condita
2038 4501 2120 4553 in-

538 4577 768 4631 venitur.

2219 3320 2370 3367 etme
2381 3312 2522 3367 vinei
2534 3311 2809 3367 confessus
2819 3310 2886 3366 ad
2899 3311 3315 3366 tacimrnitatem
3327 3310 3597 3379 confugio,
3612 3319 3799 3380 optans

2219 3421 2434 3474 semper
2452 3405 2553 3460 hac
2581 3405 2873 3475 cupiditate
2894 3414 3086 3460 vestra:
3115 3406 3402 3460 audientiae
3432 3407 3696 3476 separari.

2295 3494 2364 3548 48
2406 3505 2428 3534 ο
2463 3495 2754 3550 ῡοῐηίηἰεω
2783 3496 2964 3565 itaque
3007 3496 3354 3550 humanitatis
3404 3498 3804 3566 susceptionem

2222 3589 2464 3644 colamus
2495 3606 2508 3641 :
2541 3588 2923 3643 incarnationis
2944 3597 3336 3642 sacramentum
3370 3588 3587 3658 hymnis
3627 3589 3802 3642 inces-

2224 3681 2483 3736 sabilibus
2538 3680 2859 3736 extollamus
2896 3698 2908 3732 :
2951 3681 3332 3748 susceptricem
3381 3680 3475 3733 Dei
3531 3679 3802 3747 Virginem

2224 3787 2346 3827 cum
2367 3772 2478 3826 Deo
2501 3771 2888 3826 ratiocinemur
2913 3789 2926 3823 :
2953 3785 3076 3825 cum
3107 3770 3216 3824 Deo
3246 3769 3313 3823 ad
3341 3770 3520 3824 divina
3554 3786 3658 3823 non
3690 3769 3804 3823 ele—

2224 3878 2428 3928 vemus,
2461 3861 2717 3934 Θιοδὸχον
2744 3861 2884 3924 dico,
2917 3877 3022 3916 non
3050 3863 3311 3924 Θεστόκον,
3343 3861 3373 3916 ὂ
3397 3861 3650 3925 litteram,
3699 3878 3803 3913 non

2224 3976 2254 4008 κ
2281 3948 2508 4023 exprimi
2550 3953 2768 4007 volens;
2803 3950 2950 4006 Unus
2990 3960 3074 4006 est
3099 3953 3261 4016 enim,
3289 3961 3344 4005 ut
3374 3967 3477 4019 ego
3513 3952 3803 4006 secundum

2225 4047 2369 4118 ipsos
2397 4045 2571 4101 dicam
2594 4087 2609 4112 ,
2640 4041 2819 4100 'Patcr
2847 4046 2988 4101 Deus
3026 4047 3299 4109 Θεοτὸκος,
3351 4043 3403 4098 id
3451 4052 3563 4105 est,
3594 4045 3807 4112 genitor

2223 4139 2350 4204 Dei,
2395 4138 2488 4206 qui
2535 4139 2640 4192 hoc
2686 4152 2881 4191 nomen
2929 4137 3285 4206 compositum
3315 4137 3496 4190 habet.
3531 4135 3803 4189 \‘isibilem

2222 4230 2383 4298 igitur
2407 4244 2526 4284 cum
2549 4229 2797 4284 invisibili
2820 4227 3161 4296 conjunctam
3195 4227 3416 4280 turmam
3439 4243 3562 4281 cum
3599 4227 3709 4279 Deo
3739 4227 3808 4279 ad

2223 4319 2399 4372 divina
2429 4317 2748 4387 deputemus
2781 4335 2792 4369 ε
2824 4324 2914 4376 τὴν
2941 4320 3246 4394 φορουμένη-δ
3274 4324 3345 4388 τῷ
3375 4321 3589 4389 φορῶν-τι
3628 4339 3803 4372 συντι-

2224 4420 2393 4485 μῶμεν
2416 4409 2594 4484 φύσιν,
2627 4409 2678 4464 id
2715 4417 2828 4476 est,
2863 4419 3108 4464 naturam
3155 4425 3275 4478 qua:
3320 4409 3691 4464 indumentum
3725 4419 3809 4463 est

2226 4501 2340 4562 Dei,
2373 4517 2493 4556 eum
2522 4516 2588 4555 eo
2617 4500 2706 4569 qui
2737 4516 2799 4554 ea
2822 4501 2989 4554 utitur
3015 4501 3373 4564 honoremus,
3407 4510 3681 4569 tamquam
3717 4517 3806 4554 ra-

2149 4583 2194 4638 D
2223 4592 2368 4645 dium
2427 4592 2730 4646 Divinitatis
2751 4629 2764 4654 ,
2789 4591 2814 4627 ά
2847 4599 2905 4646 ut
2943 4591 3016 4645 ita
3055 4591 3260 4658 dicam,
3318 4591 3609 4646 incantata:
3641 4609 3654 4644 :
3687 4606 3807 4646 eam

1704 4675 2240 4735 CASTIGATIONES
2283 4681 2368 4734 ΕΤ
2406 4679 2635 4735 ΝΟΤᾹΕ.

610 4747 635 4775 ⁸
677 4738 878 4816 ALIIulit
919 4737 982 4792 ad
998 4748 1250 4816 extrema
1282 4742 1442 4816 verba
1466 4744 1723 4816 orationis
1762 4751 2114 4816 pauegyriem,

539 4823 696 4896 quam
731 4807 972 4896 Pt'oclus,
996 4812 1066 4864 ita
1117 4812 1228 4896 linit
1263 4831 1273 4864 :
1307 4813 1415 4868 ἰδοὺ
1469 4815 1749 4881 ἀποδείξεις
1765 4807 1998 4894 imp-psi;
2027 4807 2117 4882 τῆξ

540 4883 689 4938 ἁγίας
711 4883 787 4933 mi
818 4883 1065 4935 Θεοτόκου
1099 4887 1306 4938 Μαρίας.

582 4907 689 4951 Ῑικς
711 4907 787 4933 και
818 4907 1065 4935 υεοτοκου
1099 4907 1306 4955 Μαριας.

615 4947 1137 5024 δ-Ροι-ιιιρχυδᾷιοςυε
1164 4962 1236 5016 et,
1275 4955 1372 5009 nisi
1397 4954 1567 5019 fallor,
1591 4965 1906 5024 corruptus;
1933 4973 2117 5014 emen-

539 5018 654 5071 dari
687 5028 862 5099 tanien
905 5022 984 5099 vel
1015 5023 1091 5099 sic
1130 5032 1310 5099 potest
1338 5043 1349 5076 :
1393 5024 1541 5078 Venit
1572 5018 1852 5081 secundant
1877 5018 2117 5099 Scriptu-

540 5105 649 5140 rmn
681 5086 911 5143 Christ's
950 5092 1011 5168 in_
1042 5086 1262 5146 hominis
1286 5096 1452 5168 forma
1474 5099 1810 5168 omnipotens,
1843 5109 1898 5151 ut
1918 5086 2120 5168 experi-

539 5167 708 5238 mento
731 5171 976 5238 agnoscat
995 5162 1100 5238 ipse
1114 5162 1308 5238 quoque
1334 5163 1584 5238 diabolus,
1610 5162 1726 5238 Quia
1750 5183 1864 5220 cum
1885 5162 2117 5222 omnibus

538 5230 694 5299 etiam
740 5230 848 5296 ipse
874 5239 985 5282 erat
1005 5230 1096 5283 sub
1128 5230 1485 5288 dominatione
1513 5230 1632 5288 Dei."
1661 5235 1795 5299 Quia
1819 5255 1934 5291 vero
1969 5240 2119 5293 homo

539 5296 610 5348 ad
629 5298 902 5378 imaginem
930 5309 979 5352 et
1006 5302 1395 5378 similitudinem
1418 5306 1583 5374 {actus
1620 5296 1715 5369 est,
1758 5317 1807 5360 et
1841 5325 1932 5362 rer-
1972 5318 2121 5363 terra:

540 5382 606 5446 ac
628 5365 862 5422 dominus
885 5372 1205 5446 constitutus,
1243 5374 1305 5426 ab
1328 5365 1534 5446 auctore
1572 5365 1752 5429 merito
1777 5377 1844 5430 ad
1879 5379 2118 5432 malorum

539 5442 694 5517 etiam
730 5454 884 5507 regna
906 5449 981 5493 est
1018 5442 1426 5496 sublimatus.—
1449 5444 1606 5517 _l_lune
1635 5446 1810 5517 locum
1841 5463 1959 5501 esse
1995 5465 2118 5517 per—

539 5504 753 5573 plexum
784 5504 1185 5589 acncorruptum
1224 5522 1406 5589 censet
1437 5513 1746 5589 Caruerius.
1774 5525 1828 5570 et
1857 5534 1953 5586 pro
1978 5504 2119 5589 futu-

541 5590 654 5655 rum
681 5579 869 5655 reponi
897 5579 1094 5636 debere
1130 5581 1470 5653 Scripturam.
1505 5583 1626 5655 H.ch
1658 5592 1836 5641 tamen
1859 5579 2122 5643 emcnda-

540 5645 618 5698 tio
645 5645 850 5727 videtur
878 5664 1130 5727 nou_es_se
1159 5645 1456 5727 necessaria
1476 5695 1490 5717 ,
1515 5654 1636 5722 quia
1653 5657 1927 5727 tlercator
1947 5659 2118 5727 respi-

540 5729 664 5799 cere
700 5717 908 5799 videtur
935 5721 1002 5799 ad
1033 5723 1080 5799 id
1110 5723 1261 5799 quod
1280 5725 1460 5799 _p_aul_o
1483 5717 1605 5799 ante
1634 5725 1859 5799 dixerat,
1896 5717 2117 5782 Paulum

540 5784 681 5840 lume
706 5789 876 5844 virum
914 5792 1004 5858 qui
1027 5784 1246 5849 visibilis
1276 5784 1370 5848 fuit
1408 5794 1712 5862 designasse
1737 5784 1972 5864 judicent
1998 5815 2116 5854 esse

2221 4761 2525 4806 venturum.
2559 4752 2759 4806 waz.

2297 4834 2318 4861 ο
2351 4820 2646 4890 Corruptus
2675 4831 2728 4874 et
2755 4824 2853 4876 iste
2874 4823 3044 4877 locus.
3079 4823 3307 4878 Restitui
3339 4823 3496 4877 debet
3522 4825 3719 4892 partim
3743 4840 3806 4876 ex

2221 4891 2597 4964 Cassiapotex
2614 4908 2861 4964 sermone
2884 4894 3074 4961 primo,
3107 4895 3300 4964 partim
3329 4891 3561 4962 denique
3583 4910 3653 4948 ex
3693 4895 3806 4961 epi-

2229 4959 2585 5034 stolaCyrilli
2611 4961 2676 5015 ad
2715 4978 2840 5016 suos
2867 4959 3334 5034 Constantinopoli
3355 4959 3596 5031 agentes.
3629 4959 3811 5017 Domi-

2222 5034 2353 5086 nicw
2373 5033 2542 5103 itaque
2567 5033 2900 5087 humanitatis
2929 5033 3300 5104 susceptionem
3325 5034 3576 5088 colamus.
3624 5034 3810 5088 Incor-

2221 5104 2445 5173 nationjs
2491 5114 2868 5156 sacramentum
2914 5105 3117 5173 hymnis
3161 5105 3549 5158 incessubilibus
3584 5106 3810 5159 extolla-

2223 5190 2354 5244 mus.
2381 5171 2758 5242 Susceptricem
2789 5173 2886 5226 Dei
2917 5171 3140 5244 formam
3168 5193 3271 5228 una
3311 5192 3371 5228 ac
3401 5178 3515 5244 pari
3553 5193 3665 5228 cum
3698 5173 3811 5226 Deo

2233 5241 2398 5316 Verbo
2421 5237 2967 5316 rationeveneremu'r.
3001 5237 3266 5316 Virginem
3309 5237 3409 5298 Dei
3445 5248 3812 5313 susceptricem

2222 5329 2336 5387 cum
2361 5311 2469 5387 Deo
2494 5312 2567 5387 ad_
2581 5312 2759 5387 diving
2775 5316 2876 5387 non
2892 5311 3138 5387 relevemus
3159 5315 3414 5387 Θεᾳδόχον
3445 5316 3580 5379 dico,
3596 5311 3720 5368 rete.
3739 5347 3816 5387 _—

2222 5381 2522 5455 Cotelerius
2549 5382 2692 5436 Men.
2724 5383 2863 5455 Eccl.
2899 5393 3029 5455 tom.
3053 5385 3120 5438 ιιι
3150 5403 3202 5455 p.
3231 5381 3497 5441 5931mm
3529 5387 3701 5439 locum
3738 5385 3814 5437 ita

2225 5453 2445 5527 corrigit
2491 5462 2546 5506 et
2573 5453 2804 5527 complet
2839 5475 2851 5508 ;
2885 5453 3259 5527 Susceptricem
3299 5455 3395 5509 Dei
3439 5457 3682 5527 virginem
3743 5472 3817 5508 ss

2224 5539 2338 5597 cum
2363 5521 2480 5597 l)eo_
2500 5521 2926 5597 ratiocinemur...
2952 5526 2981 5581 δ
3009 5521 3058 5580 ei
3073 5549 3116 5597 χ
3146 5527 3364 5592 litteras,
3396 5521 3564 5583 non}
3591 5537 3639 5580 et
3667 5549 3696 5579 χ
3719 5543 3823 5580 e1;-

2225 5593 2378 5661 primi
2400 5591 2591 5646 rolens.
2623 5591 2898 5648 GALLAND.

2294 5661 2318 5696 ἀ
2344 5661 2555 5735 Duplex
2577 5680 2683 5717 una
2712 5665 2764 5717 in
2785 5665 3049 5719 sententia
3068 5667 3256 5720 vitium
3282 5685 3294 5718 :
3319 5683 3443 5722 nam
3467 5675 3576 5721 tota
3598 5681 3815 5735 expun-

2221 5731 2391 5795 genda
2422 5740 2522 5793 est,
2574 5749 2694 5787 cum
2743 5735 2873 5788 nihil
2905 5735 3064 5789 iaciat
3092 5737 3160 5791 ad
3202 5752 3438 5800 sensum,
3495 5731 3679 5791 itumo-
3701 5753 3816 5788 non

2219 5817 2408 5865 parum
2437 5802 2652 5858 alliciat.
2686 5803 2857 5873 Quam
2881 5805 3018 5862 belle
3034 5807 3176 5862 enim
3206 5808 3384 5864 omnia
3415 5808 3513 5864 hac
3539 5817 3814 5877 expunet:
