3958 6178
239 170 334 226 80f

1421 182 1583 239 lMPll
1621 182 1941 240 NESTORII
1980 181 2214 237 SERMO
2257 181 2364 237 \‘ll.

3413 184 3518 240 802

239 278 596 335 formidemus
619 267 889 350 tamquam
905 281 1096 338 divina:
1112 287 1449 344 auctoritatis
1472 293 1831 362 inseparabile
1859 301 1905 358 Α
1938 300 2085 346 tuam
2114 290 2289 354 valde,
2331 297 2387 343 et
2415 288 2483 342 ad
2513 288 2810 344 laedendum
2857 307 2945 346 me
2981 303 3172 349 cuncta
3203 309 3440 361 movere,
3471 306 3526 354 et

237 370 606 438 simulacrum,
643 379 916 441 tamquam
957 375 1151 430 occulti
1181 378 1466 446 imaginem
1488 383 1572 436 vel
1594 391 1827 437 statuam

232 463 451 534 judicis.
493 463 803 520 Dividentes
833 473 1080 530 naturas,
1111 469 1501 538 conjungamus
1523 474 1822 541 honorem;

237 557 598 613 eonfiteamur
634 559 898 627 duplicem
924 600 939 625 ,
979 569 1032 613 et
1070 560 1357 617 adoremus
1399 575 1457 618 ut
1501 582 1666 620 unum
1693 586 1704 620 :
1731 567 1830 622 du-

236 651 390 722 plum
437 651 582 706 enim
610 659 923 706 naturarum
969 669 1133 708 unum
1181 663 1264 709 est
1302 657 1598 722 secundum
1649 661 1828 714 unita-

238 752 368 799 tem.

305 835 399 890 49.
440 836 498 891 Si
525 837 808 892 haereticus
833 838 926 892 tibi
950 854 1014 893 ex
1037 855 1266 909 persona
1296 842 1659 897 ecclesiastica
1684 859 1828 897 mor-

238 935 392 981 tuum
421 927 589 982 Deum
612 934 760 981 tuum
786 929 1192 998 exprobraverit
1211 968 1224 992 ,
1259 931 1427 985 iratus
1452 940 1508 985 tu
1532 933 1598 985 ad
1626 932 1827 987 dictum

236 1018 477 1073 rcelama
512 1035 524 1070 :
549 1017 691 1072 Deus
719 1027 801 1072 est
829 1021 912 1090 qui
934 1021 1196 1073 suscitavit
1226 1020 1288 1074 de
1326 1023 1540 1075 mortuis
1567 1034 1827 1094 pastorem

236 1111 409 1163 ovium
430 1126 672 1180 magnum
704 1109 889 1179 (Hebr.
920 1128 1042 1177 xm,
1067 1111 1191 1182 20);
1225 1129 1332 1166 non
1373 1114 1486 1182 ipse
1531 1115 1826 1168 mortifica-

237 1211 323 1254 ms
350 1210 456 1264 est,
487 1209 540 1254 et
562 1201 888 1257 sublevatus.
927 1202 983 1257 Si
1016 1212 1065 1257 te
1092 1202 1307 1259 Iudaeus
1344 1205 1618 1259 hominem
1646 1205 1826 1260 colere

236 1294 462 1359 dixerit,
497 1295 849 1364 apostolicam
872 1297 1139 1365 responde
1163 1297 1502 1353 traditionem
1525 1317 1537 1350 :
1559 1297 1695 1352 Deus
1718 1307 1829 1352 erat

232 1389 289 1440 in
321 1386 530 1440 Christo
577 1387 826 1441 mundum
873 1389 1216 1441 reconcilians
1266 1389 1342 1459 (ll
1365 1389 1484 1444 Cor.
1517 1388 1724 1459 γ,19).
1768 1387 1825 1442 Si

236 1491 263 1516 ει
297 1480 518 1548 gentilis
543 1495 762 1534 causam
793 1490 1056 1550 suscepta:
1086 1483 1431 1536 humanitatis
1461 1490 1626 1552 petat,
1653 1498 1826 1538 asser-

231 1572 443 1627 tionem
484 1571 542 1624 ﬁt
583 1572 833 1626 remissio
876 1581 1237 1641 peccatorum.
1283 1573 1571 1644 Responde
1615 1575 1666 1628 ei
1705 1589 1825 1643 quae

1934 379 2106 435 modis
2135 380 2381 434 omnibus
2412 379 2539 444 niti;
2572 395 2764 449 meque
2786 381 2986 438 doloris
3021 385 3096 437 tui
3124 384 3340 440 volente
3380 401 3476 440 rw
3505 418 3511 425 -

1932 488 2019 526 sas
2060 471 2356 536 addiscere,
2403 472 2658 526 dixerunt
2699 473 2842 541 quod
2894 475 3178 544 epistolam
3237 493 3412 531 meam
3469 479 3529 532 id

1930 573 2147 618 sanctos
2176 563 2471 618 monachos
2500 564 2878 620 circumferant
2917 568 3263 622 Alexandrini
3286 571 3528 638 quidam,

1931 662 1986 709 et
2008 654 2115 709 odii
2146 653 2429 709 adversum
2472 670 2558 710 me
2587 657 2808 710 excitati
2850 666 3012 727 atque
3041 658 3239 714 fastidii
3279 661 3358 714 tui
3388 662 3528 716 hanc

1930 744 2157 801 fecerint
2179 762 2417 801 causam.

2001 837 2054 892 2.
2098 837 2321 892 Miratus
2343 855 2461 893 sum
2493 839 2673 907 igitur,
2698 855 2794 894 cur
2820 856 2929 894 non
2961 842 3132 908 magis
3160 851 3251 896 tua
3300 844 3439 913 apud
3470 860 3529 898 se

1929 930 2210 984 veneratio
2236 929 2586 999 reputaverit,
2617 930 2742 999 quia
2764 946 2870 985 non
2894 932 3124 1000 primum
3149 933 3374 1001 epistola
3406 949 3526 989 mea

1929 1021 2148 1090 scripta,
2183 1020 2277 1074 sed
2309 1021 2552 1090 quaedam
2583 1022 2724 1076 dicta
2756 1022 3031 1091 religionis
3063 1031 3166 1076 tuae
3188 1025 3525 1080 occasionem

1929 1113 2349 1184 perturbationis
2370 1114 2437 1168 de
2467 1113 2571 1168 fide
2595 1115 2873 1169 attulerint
2905 1133 2917 1168 :
2952 1131 3184 1185 namque
3215 1132 3322 1171 non
3352 1119 3526 1172 solum

1928 1203 2218 1269 chartulas,
2251 1205 2344 1258 sed
2374 1206 2536 1259 etiam
2581 1206 2948 1275 expositiones
2979 1214 3099 1260 tuas
3138 1206 3527 1261 circumferunt

1928 1295 2102 1372 multi,
2151 1302 2204 1348 et
2246 1295 2554 1350 laboramus
2599 1297 2934 1365 eorrigentes
2982 1298 3305 1366 quicumque
3346 1314 3415 1353 ex
3443 1299 3529 1353 his

1927 1397 2050 1440 sunt
2088 1386 2364 1456 depravati
2400 1405 2411 1437 :
2440 1403 2609 1456 prope
2639 1388 2783 1441 enim
2829 1387 3044 1441 fuerunt
3085 1389 3300 1457 quidam
3331 1397 3390 1442 ut
3411 1389 3526 1458 jam

1927 1476 2170 1531 confiteri
2213 1478 2430 1530 minime
2472 1479 2744 1546 patiantur
2789 1479 2916 1546 quia
2959 1479 3099 1532 Deus
3137 1488 3218 1533 est
3256 1479 3521 1542 Christus,

1932 1580 1953 1607 ε
1991 1569 2085 1626 sed
2132 1569 2310 1640 potius
2339 1568 2549 1646 ὄργανον
2593 1573 2677 1624 καὶ
2731 1571 2980 1644 ἐργαλεῖον
3009 1580 3098 1630 τῆς
3127 1571 3393 1634 Θεὸτητος,
3439 1576 3527 1626 καὶ

234 1661 392 1715 Pauli
423 1670 548 1716 sunt
573 1680 585 1714 :
613 1659 874 1726 Quoniam
903 1681 994 1733 per
1014 1664 1269 1718 hominem
1291 1682 1449 1730 mors,
1474 1675 1523 1719 et
1550 1683 1642 1736 per
1660 1666 1816 1720 homi-

1930 1659 2194 1737 ἅνθρωπος
2215 1661 2452 1737 Θεοφόρος
2482 1663 2622 1731 (ψιτθ
2649 1659 2838 1715 Latine
2861 1661 3390 1726 instrumentum,vel
3419 1663 3524 1717 fer-

232 1771 354 1806 nem
386 1756 690 1809 resurrectio
713 1764 1064 1820 mortuorum;
1088 1759 1220 1810 sicut
1247 1760 1301 1811 in
1330 1758 1496 1812 Adam
1518 1777 1691 1813 omnes
1712 1778 1827 1814 mo-

230 1848 464 1909 riuntur,
486 1848 561 1900 ita
586 1848 641 1900 in
663 1847 867 1901 Christo
896 1864 1071 1901 omnes
1095 1848 1485 1919 vivificabuntur
1507 1851 1559 1920 (Ι
1589 1850 1708 1906 Cor.
1738 1868 1824 1919 xv,

228 1937 350 2007 ει).
383 1937 486 2008 lpsi
512 1939 680 2006 gloria
702 1939 754 1992 in
785 1939 978 1993 saecula
997 1941 1334 1995 saeculorum.

231 2046 868 2123 EP_ISI_'0LA_PRIMA
893 2050 952 2105 S.
975 2049 1005 2123 ξ)
1030 2049 1326 2104 CYRILLI
1347 2054 1569 2123 episcopi
1597 2054 1826 2107 Alexan-

306 2121 451 2173 drini
473 2121 540 2173 ad
566 2119 886 2187 Nestorium,
911 2138 939 2175 e
960 2120 1140 2176 Graeco
1162 2119 1396 2177 sermone
1415 2119 1559 2177 versa
1590 2141 1620 2178 a
1644 2124 1816 2178 Mario

305 2189 618 2245 Mercatore.

304 2302 361 2354 t.
402 2301 748 2357 Venerabiles
778 2304 876 2357 viri
906 2320 970 2358 ac
1001 2303 1104 2359 ﬁde
1141 2305 1285 2373 digni
1323 2307 1698 2361 Alexandriam
1725 2323 1819 2362 ve-

228 2394 448 2448 nientes
471 2394 768 2448 retulerunt
798 2395 1103 2463 nobismgre
1117 2396 1319 2464 aliquid
1338 2397 1478 2452 ferre
1508 2398 1821 2466 religionem

1933 1762 2235 1807 ramentum
2280 1753 2524 1815 Deitatis,
2569 1761 2624 1807 et
2652 1753 2814 1807 homo
2844 1752 3058 1808 indutus
3088 1770 3182 1807 seu
3205 1765 3357 1808 utens
3388 1756 3519 1819 Deo,

1929 1845 2014 1899 vel
2042 1855 2263 1916 portans
2292 1845 2478 1911 Deum,
2503 1860 2788 1916 possumus
2815 1845 3190 1916 dieere).Quid
3218 1857 3395 1906 autem
3417 1848 3520 1902 ho-

1928 1951 2048 1989 rum
2080 1952 2186 1990 non
2217 1945 2299 1990 est
2325 1937 2463 1990 ultra
2491 1934 2708 1990 modum
2740 1937 3069 1990 absurdum?

1999 2027 2052 2080 3.
2093 2026 2345 2080 Nostrum
2387 2041 2515 2094 ergo
2558 2035 2676 2080 erat
2716 2027 2874 2080 irasci
2915 2043 3078 2096 super
3107 2028 3189 2081 his
3217 2042 3335 2096 qua:
3363 2028 3517 2094 dixit,

1926 2121 2038 2173 sive
2066 2137 2171 2173 non
2202 2119 2337 2174 dixit
2358 2120 2544 2189 religio
2572 2127 2661 2172 tua
2686 2119 2964 2190 (chartulis
2986 2119 3128 2173 enim
3151 2135 3269 2188 quae
3297 2122 3520 2177 circum-

1925 2212 2171 2267 feruntur
2198 2213 2352 2266 valde
2394 2228 2501 2267 non
2531 2212 2738 2282 credo).
2773 2210 3056 2278 Quomodo
3097 2214 3276 2281 igitur,
3309 2231 3513 2284 quaeso,

1927 2306 2084 2360 nobis
2124 2305 2406 2359 tacendum
2445 2312 2545 2367 est,
2597 2320 2717 2359 eum
2751 2312 2899 2358 recta
2929 2305 3239 2359 vulneretur
3280 2305 3430 2368 fides,
3463 2315 3518 2360 et

1934 2407 2010 2452 tot
2037 2398 2274 2467 tantique
2313 2397 2553 2466 quotidie
2581 2397 2977 2467 depravcntur?
3008 2397 3088 2451 An
3131 2415 3236 2452 non
3260 2399 3517 2454 stabimus

1403 2507 1940 2564 CASTIGATIONES
1980 2508 2066 2561 ET
2107 2507 2333 2561 ΝΟΤίΕ.

224 2619 288 2657 se
321 2602 561 2655 habent:
588 2597 867 2661 Naturam,
901 2613 1014 2668 qua:
1054 2597 1406 2651 indumentum
1440 2608 1516 2651 est
1545 2598 1660 2661 Dei,
1703 2617 1818 2654 cum

223 2691 287 2727 eo
314 2675 402 2742 qui
431 2689 491 2724 ea
514 2672 690 2730 utitur,
733 2669 1059 2742 honoremus,
1105 2678 1365 2742 tamquam
1393 2669 1595 2742 radium
1618 2669 1819 2723 Divini—

224 2739 376 2808 tatis,
422 2751 681 2811 tamquam
720 2739 906 2811 dirimi:
933 2739 1255 2811 auctoritatis
1281 2740 1626 2808 inseparabile
1653 2743 1819 2794 simu-

222 2818 453 2876 lacrum,
479 2809 580 2865 etc.
616 2809 830 2877 Quodsi
853 2809 1115 2861 sententia
1142 2810 1421 2872 retinetur,
1446 2811 1639 2878 corrigi
1662 2811 1822 2866 debet

224 2903 296 2938 ex
332 2883 396 2936 iis
424 2898 542 2950 qua:
575 2881 716 2933 dicta
744 2887 867 2950 sunt
894 2881 944 2930 in
960 2879 1116 2950 _notis
1141 2879 1205 2950 ad
1249 2880 1478 2946 primum
1517 2895 1820 2934 sermonem

222 2956 377 3008 hunc
408 2947 460 3006 in
485 2950 700 3022 modum
728 2967 739 3001 :
766 2947 832 3022 t
855 2950 928 3022 ita
948 2947 1273 3022 Dominicam
1288 2950 1698 3022 incarnationem
1721 2954 1824 3022 for-

1993 2598 2070 2651 Ex
2110 2614 2174 2650 ea
2205 2613 2332 2651 vero
2365 2597 2464 2651 tria
2512 2597 2764 2651 discimus
2815 2597 3052 2652 historiae
3081 2597 3251 2652 util‘a.
3286 2598 3345 2651 1ο
3369 2599 3516 2655 Seri-

1921 2677 2068 2739 ptam
2109 2682 2226 2721 esse
2273 2682 2303 2719 a
2352 2665 2553 2738 Cyrillo
2599 2667 2881 2736 epistolam
2929 2667 2994 2721 ad
3033 2669 3326 2739 monachos
3372 2671 3516 2726 circa

1922 2738 2165 2792 aestivum
2219 2744 2311 2790 aut
2344 2739 2506 2790 etiam
2545 2753 2765 2791 vernum
2799 2746 3010 2806 tempus
3044 2753 3169 2792 ann.
3205 2738 3337 2804 429;
3387 2757 3512 2795 nam

1923 2809 2164 2876 oportuit
2185 2823 2322 2870 eam,
2354 2817 2412 2860 ut
2456 2814 2701 2862 moveret
2743 2809 3077 2862 stomachum
3127 2809 3395 2874 Nestorio,
3445 2826 3516 2866 ex

1926 2877 2160 2948 Egi-pte
2181 2878 2377 2932 deferri
2400 2877 2941 2946 Constantinopolim,
2975 2878 3150 2948 ibique
3181 2895 3210 2932 a
3243 2882 3516 2936 nonnullis

1927 2947 2301 3001 Alexandrinis
2323 2949 2685 3012 circumferri;
2718 2949 2955 3016 oportuit
2980 2947 3106 3001 item
3130 2948 3516 3006 Constantino-

223 3025 505 3078 midemus.
537 3021 711 3075 Facile
731 3019 875 3072 enim
905 3018 1002 3072 fuit
1040 3029 1089 3072 et
1126 3019 1179 3071 in
1208 3029 1264 3070 ut
1292 3019 1506 3083 mutari,
1539 3031 1593 3074 et
1634 3008 1819 3075 Doiui-
1847 3008 1889 3066 C
1924 3019 2033 3088 poli
2067 3019 2444 3073 Alexandriam
2485 3008 2681 3071 referri.
2711 3008 2956 3071 nuntium
2995 3017 3062 3071 de
3108 3029 3380 3074 commoto
3409 3021 3516 3076 Ne-

222 3097 407 3147 nicum
443 3094 493 3146 in
526 3092 692 3144 dicam
721 3089 980 3143 converti.

305 3176 333 3201 ει
362 3162 604 3229 Corrige.
649 3162 707 3215 Si
729 3159 934 3230 gentilis
958 3175 1168 3211 causam
1206 3169 1454 3228 suscepta:
1482 3160 1820 3215 humanitatis

222 3245 397 3307 petat1
419 3250 589 3307 assere
609 3248 716 3284 esse
745 3231 1106 3307 remissionem
1126 3241 1466 3307 peccatorum.

305 3305 333 3343 δ
359 3303 588 3374 Cyrillus
609 3309 717 3374 tres
743 3300 961 3354 omnino
990 3300 1135 3353 dedit
1168 3299 1235 3374 ad
1256 3299 1557 3374 Nestorium
1589 3318 1822 3358 commo-

224 3370 461 3430 nitorias
504 3372 776 3442 epistolas,
810 3384 1172 3442 quarumuna
1223 3370 1448 3438 incipit:
1493 3370 1818 3428 Venerabile:

218 3449 325 3498 viri
343 3463 361 3509 ;
394 3440 564 3497 altera
608 3461 620 3494 :
645 3440 898 3510 Garriuut
926 3440 1164 3510 quidam;
1193 3449 1464 3507 postrema
1499 3459 1511 3492 :
1538 3443 1662 3495 Cum
1693 3443 1820 3497 Sal-

216 3525 375 3569 uator
405 3523 595 3566 noster.
626 3509 824 3564 Omnes
853 3527 994 3564 nunc
1035 3509 1265 3562 eduntur
1314 3510 1606 3579 interprete
1651 3512 1820 3569 Mario

219 3585 553 3639 Mercatore.
587 3582 703 3635 Dixi
733 3597 894 3650 porro
941 3588 1048 3651 tres
1079 3581 1516 3651 commonitorias
1549 3599 1560 3632 :
1605 3584 1819 3651 scripsit

219 3655 395 3720 enim,
430 3655 640 3722 opinor,
690 3650 1111 3718 gratulatoriam,
1145 3665 1265 3702 eum
1295 3650 1572 3722 Nestorius
1600 3650 1818 3707 ordina-

218 3734 314 3779 tus
343 3734 446 3790 est,
467 3720 535 3777 et
563 3723 866 3792 pasehalem
891 3729 1278 3792 squtempore.
1314 3720 1555 3792 Alterum
1583 3737 1690 3775 non
1721 3724 1818 3776 ob-

216 3812 384 3851 scure
423 3795 468 3848 si
508 3789 724 3847 nilicant
752 3792 941 3844 littera:
980 3789 1255 3860 Gmlestini
1286 3791 1350 3844 ad
1383 3792 1668 3860 ipsummet
1711 3794 1816 3847 Ne-

218 3867 478 3929 storium,
509 3865 670 3918 immo
693 3871 746 3916 et
769 3861 1015 3932 apologia
1037 3859 1219 3932 Cyrilli
1242 3863 1307 3915 ad
1327 3859 1714 3928 Theodosium;
1739 3865 1817 3917 al-

221 3948 405 3990 terum
419 3934 750 3990 consuetudo
764 3933 972 4002 probat.
991 3931 1093 3984 Ista
1110 3932 1268 4002 igitur
1283 3933 1814 4002 commonitoriarum

217 4008 403 4077 prima
418 4014 519 4066 est,
537 4020 660 4058 nam
675 4012 732 4077 et
742 4004 908 4072 ipsius
925 4003 1124 4056 mentio
1143 4001 1199 4055 fit
1211 4001 1264 4054 in
1277 4003 1504 4077 secunda
1523 4001 1706 4077 (Nam.
1724 4003 1776 4077 ὖ)
1799 4023 1809 4058 :

216 4073 570 4130 Commonebo
602 4085 648 4127 te
667 4075 998 4138 etiamnunc,
1031 4081 1157 4135 etc.,
1183 4079 1236 4125 et
1266 4073 1543 4142 utriusque
1583 4073 1634 4128 in
1659 4075 1812 4129 tertia

217 4146 417 4217 (Nam.
434 4146 488 4216 ‘2)
509 4165 519 4198 :
535 4145 680 4217 Ecce
689 4155 733 4197 te
744 4144 820 4196 his
837 4145 1039 4217 scriptis
1048 4143 1162 4212 jam
1173 4144 1326 4217 tertio
1341 4147 1682 4217 convenimus,
1702 4154 1806 4198 etc.

295 4211 479 4270 Prima
501 4215 747 4284 querelas
769 4211 1026 4276 continet,
1050 4211 1114 4266 et
1135 4211 1413 4284 aliudfere
1437 4214 1586 4271 nihil.
1620 4223 1813 4283 praeter

213 4282 658 4343 exhortationem
690 4285 754 4337 ad
772 4284 1169 4353 pmuitentiam;
1213 4282 1373 4334 habet
1398 4282 1631 4337 secunda
1672 4301 1809 4352 prie-

215 4369 375 4413 tcrea
404 4355 818 4425 explicationem
867 4354 1008 4415 fidei,
1041 4360 1202 4422 prout
1229 4367 1295 4406 ex
1323 4353 1566 4425 symbolo
1595 4353 1808 4425 Niceno

185 4423 543 4491 coniicitur;
585 4427 740 4480 tertia
769 4425 1048 4479 denuntiat
1077 4439 1176 4492 pro
1214 4424 1530 4477 auctoritate
1558 4425 1684 4492 quid
1726 4423 1808 4478 fa-

212 4499 476 4554 ciendum
503 4497 592 4560 sit,
621 4510 845 4563 quicque
877 4495 1005 4548 fides
1039 4493 1438 4557 subscribenda,
1472 4495 1538 4546 ad
1569 4511 1810 4550 commu-

213 4571 444 4623 nionem
495 4567 744 4622 Ecclesite
773 4565 1106 4618 retinendam
1141 4582 1152 4614 :
1205 4565 1397 4616 mirum
1445 4581 1574 4617 vero
1603 4581 1699 4618 cur
1726 4581 1810 4619 se-

212 4639 419 4698 cunda.
455 4639 580 4692 licet
601 4636 770 4690 tertia:
797 4636 1058 4689 concedat
1080 4633 1383 4702 plurimum,
1417 4643 1471 4705 et
1510 4644 1734 4705 utraque
1755 4636 1809 4690 in

211 4710 460 4764 concilio
481 4706 751 4776 Ephesino
775 4706 910 4760 lecta
932 4706 1034 4776 sit,
1053 4705 1170 4776 sola
1199 4712 1378 4760 tamen
1407 4704 1567 4759 fuerit
1594 4704 1810 4760 senten-

212 4781 308 4834 tiis
341 4775 561 4832 Patrum
592 4777 918 4846 approbata;
960 4775 1074 4846 sola
1103 4775 1266 4846 etiam
1309 4776 1447 4846 lecta
1490 4778 1541 4829 in
1581 4777 1810 4830 concilio

208 4843 824 4916 Constantinopolitano
871 4845 969 4900 sub
1004 4843 1290 4916 (Flaviano,
1333 4854 1385 4900 et
1433 4845 1486 4899 in
1515 4846 1811 4901 Chalcedo-

211 4921 379 4974 nensi
409 4915 610 4973 refecta
642 4915 802 4987 (Vide
829 4915 1182 4987 suppatlissert.
1215 4915 1290 4987 5).

290 4990 486 5044 Datam
515 4983 728 5057 oportet
756 4983 1196 5057 aiin.'429,eirea
1214 4983 1524 5057 (Augustum
1551 5005 1563 5038 :
1598 5002 1719 5040 nam
1742 4988 1808 5041 ad

211 5063 364 5115 hanc
415 5055 650 5113 breviter
693 5056 969 5126 respondit
1015 5055 1289 5110 Nestorius
1337 5072 1434 5125 per
1479 5055 1807 5126 Lamponem

213 5131 629 5200 presbyterum;
671 5134 724 5182 et
754 5135 874 5200 post
912 5126 1317 5200 responsionem
1361 5135 1655 5200 acceptam,
1698 5125 1808 5200 Cy-

211 5196 710 5255 rillus'secundam
758 5197 1040 5266 epistolam
1087 5196 1492 5266 scripsit,_qu:n
1522 5197 1575 5249 in
1620 5196 1805 5264 quinta

212 5270 726 5343 synodoireperitur
749 5264 1060 5343 consignata
1080 5281 1285 5343 .mense
1315 5264 1534 5343 lifeehir,
1560 5267 1808 5343 indictio-

216 5336 288 5397 n'e
325 5343 408 5406 15,
440 5341 492 5394 id
521 5336 622 5406 est,
653 5355 838 5393 mense
875 5337 1150 5401 Januario,
1181 5337 1280 5390 sub
1311 5336 1488 5400 finem,
1522 5353 1644 5391 ann.
1679 5337 1802 5390 450.

217 5414 341 5468 Non
368 5413 561 5482 potuig
591 5425 718 5464 vero
739 5410 856 5482 sine
884 5408 1077 5482 idoneo
1108 5407 1377 5482 temporis
1393 5407 1696 5482 intervallo,
1733 5410 1806 5482 A-

187 5475 499 5537 .lexatidria
524 5478 1042 5548 Constantinopolim
1080 5476 1310 5548 epistola
1339 5475 1542 5546 Cyrilli,
1574 5487 1627 5532 et
1651 5478 1809 5534 vicis-

218 5555 320 5608 sim
354 5550 822 5624 Constantinopoli
853 5547 1228 5624 Alexandriam
1259 5549 1535 5618 responsio
1577 5549 1804 5624 Nestorii

221 5622 532 5678 transmitti.

1926 3090 2080 3142 storii
2105 3091 2303 3152 animo,
2336 3104 2454 3156 quae
2493 3088 2713 3156 hujusce
2743 3088 2983 3155 epistola:
3012 3090 3225 3142 occasio
3259 3108 3270 3141 :
3298 3106 3361 3144 ea
3385 3107 3512 3144 vero

1903 3160 2041 3220 tieri
2069 3174 2174 3213 non
2204 3167 2428 3228 possunt
2457 3158 2573 3212 sine
2602 3159 2782 3226 aliquo
2813 3158 3072 3228 temporis
3106 3160 3297 3226 spatio,
3333 3176 3512 3228 eoque

1926 3246 2033 3284 non
2065 3224 2231 3284 brevi.
2267 3228 2406 3295 Ergo
2436 3244 2555 3282 cum
2586 3224 2811 3297 epistola
2860 3224 2972 3281 hzec
3012 3224 3194 3297 Cyrilli
3225 3229 3395 3298 prima
3423 3224 3511 3284 'ad

1924 3299 2226 3354 Nestorium
2249 3299 2370 3352 data
2395 3298 2551 3352 fuerit
2582 3301 2722 3353 circa
2753 3313 2991 3351 mensem
3016 3298 3256 3365 Augusti,
3291 3315 3510 3355 necesse

1922 3379 2004 3425 est
2035 3373 2184 3425 fateri
2231 3369 2512 3438 epistolam
2553 3369 2618 3422 ad
2652 3369 3227 3438 monachosseriptam
3258 3385 3395 3433 esse,
3426 3373 3510 3426 vel

1922 3442 2107 3495 aestivo
2138 3437 2398 3510 tempore,
2443 3440 2528 3493 vel
2552 3439 2712 3493 etiam
2740 3454 2926 3510 verno.
2957 3437 3141 3510 Neque
3162 3455 3290 3510 vero
3330 3443 3509 3509 potuit

1923 3513 2088 3580 prius,
2140 3509 2261 3580 cuni
2291 3526 2396 3563 non
2429 3510 2642 3563 aliunde
2672 3509 2885 3563 occasio
2933 3509 3226 3562 scribenda:
3268 3519 3388 3563 nata
3420 3513 3506 3576 sit,

1921 3579 2082 3649 quam
2112 3596 2180 3634 ex
2209 3579 2438 3632 Nestorii
2470 3581 2800 3640 tractatibus,
2851 3588 2904 3632 et
2933 3594 3181 3633 sermone
3210 3581 3508 3648 prmsertim

1920 3651 1986 3702 de
2030 3661 2187 3719 partu
2228 3649 2468 3715 virgineo
2515 3650 2581 3701 ad
2609 3649 2904 3703 monachos
2933 3649 3147 3719 delato;
3182 3665 3508 3719 necisermo

1921 3721 2009 3773 ille
2021 3718 2090 3773 sit
2105 3721 2314 3776 habitus
2327 3719 2790 3787 Constantinopoli
2803 3726 2928 3772 ante
2945 3718 3274 3772 nativitatem
3285 3718 3505 3787 Christi;

1920 3791 2005 3842 vel
2035 3791 2198 3843 etiam
2241 3788 2620 3842 Alexandriam
2668 3788 2878 3849 missus,
2912 3788 2955 3838 si
2985 3787 3250 3840 credimus
3298 3793 3508 3845 auctori

1920 3858 2289 3913 Pinetlestinati
2321 3857 2560 3926 (eresi
2598 3855 2722 3925 89),
2764 3857 2863 3910 nisi
2888 3857 3249 3924 prielegendus
3271 3859 3324 3911 in
3355 3860 3500 3913 festi-

1918 3931 2083 3984 vitate
2113 3930 2368 3999 pasehali.
2402 3928 2556 3982 llunc
2585 3927 2757 3996 ipsum
2787 3943 2947 3999 porro
2973 3941 3275 3999 sermonem
3317 3930 3503 3983 conci-

1920 4007 2058 4056 [asse
2100 3995 2283 4054 turbas
2311 4000 2450 4052 inter
2479 3995 2798 4052 monachos
2822 3997 2987 4066 liquet
3034 3995 3264 4066 abunde,
3307 4013 3375 4051 ex
3403 3999 3504 4053 hae

1916 4072 2030 4140 ipsa
2079 4072 2247 4142 prima
2279 4068 2463 4142 Cyrilli
2492 4069 2557 4123 ad
2587 4068 2898 4142 Nestorium
2919 4065 3144 4142 epistola
3187 4065 3373 4142 (Nam.
3425 4068 3497 4134 1),

1919 4134 1969 4195 iii
2000 4134 2103 4212 qua
2133 4134 2362 4212 Cyrillu's
2410 4157 2438 4193 a
2490 4139 2756 4192 nonnullis
2781 4134 2999 4212 scribit,
3035 4134 3202 4188 asseri
3228 4134 3502 4212 Christum

1917 4203 2035 4267 esse
2084 4203 2288 4266 tantum
2344 4211 2752 4264 instrumentum
2807 4207 3032 4260 Deitatis
3063 4245 3075 4268 ,
3133 4214 3186 4257 et
3226 4207 3500 4261 hominem

1915 4284 2188 4358 osppépoa,‘
2237 4297 2356 4350 qua:
2405 4280 2565 4334 verba
2613 4279 2860 4345 leguntur
2903 4277 2959 4330 in
2999 4290 3249 4329 sermone
3279 4277 3501 4346 praefato

1941 4351 2099 4404 Nam.
2140 4351 2213 4404 5).

2072 4353 2080 4358 .
2143 4353 2169 4378 θ.

1915 4353 2368 4474 (Νέιέηῗξῖᾇῐιιιυδ
2389 4417 2617 4472 Nestorii
2642 4415 2752 4486 jam
2779 4425 2902 4472 ante
2928 4416 3029 4472 hoc
3053 4427 3262 4486 tempus
3289 4416 3500 4486 delatos

1915 4491 2140 4545 Romam
2188 4489 2373 4559 (Num.
2402 4489 2488 4558 2),
2534 4498 2598 4559 et
2622 4485 2972 4543 ofl'ensionem
3003 4485 3287 4559 peperisse
3315 4485 3497 4543 C(ele-

1913 4563 2074 4626 stino,
2105 4556 2328 4629 aliis-que
2367 4556 2652 4630 episcopis,
2684 4559 2775 4628 qui
2799 4556 3016 4630 cumeo
3047 4556 3499 4630 θίνειιιιλϐωιθδιί-

1913 4648 2146 4701 numque
2168 4628 2441 4707 scripsisse
2461 4645 2582 4685 cum
2609 4630 2895 4707 episcopis,
2934 4629 2985 4682 id
3014 4636 3114 4690 est,
3145 4636 3202 4682 ut
3206 4628 3497 4707 “inte-rpre-

1915 4712 2018 4768 tor,
2063 4696 2345 4773 synodicas
2391 4701 2596 4773 litteras
2625 4696 2750 4755 ante
2797 4696 3150 4773 hoc‘_tem_pus
3201 4696 3497 4773 Cyrillode

1913 4767 2349 4828 causa'Nestorii
2395 4771 2684 4826 :Scribuut
2711 4773 2868 4838 enim,
2914 4771 3104 4838 inquit,
3153 4767 3298 4821 nobis
3351 4768 3497 4820 vehe-

1913 4855 2109 4919 menter
2142 4844 2423 4919 Iliso/Tanai
2447 4840 2658 4919 (Ibidi).
2690 4882 2696 4887 .
2794 4912 2806 4919 _
2982 4910 2994 4919 _
3367 4908 3380 4919 ο

1984 4915 2045 4968 5ο
2076 4913 2330 4967 Invidiam
2375 4911 2566 4966 factam
2596 4911 2862 4973 Nestorio,
2914 4910 2998 4964 vel
3027 4926 3094 4964 ex
3130 4923 3196 4962 eo
3237 4910 3490 4971 maxime,

1911 4985 2053 5053 quod
2083 4990 2328 5051 negasset
2358 4982 2629 5049 Virginem
2658 4997 2776 5053 esse
2800 4980 3079 5053 βεστ-ὄχον.
3113 4979 3366 5053 Negantis
3395 4994 3495 5053 au-
3571 4986 3586 4998 '

1913 5047 2018 5109 tem
2037 5047 2198 5108 verba
2219 5059 2342 5108 sunt
2362 5053 2415 5106 in
2432 5047 2661 5106 tractatu
2677 5052 2742 5105 de
2765 5051 3002 5119 virgineo
3018 5058 3172 5118 partu
3198 5047 3382 5120 (Nam.
3403 5048 3456 5119 5)
3477 5067 3491 5120 ς

1910 5141 2016 5179 non
2047 5124 2190 5193 quod
2219 5123 2285 5178 de
2310 5138 2440 5177 voce
2477 5123 2593 5176 sola
2620 5118 3190 5193 quzestiomoveretur,
3209 5118 3309 5173 sed
3350 5118 3498 5186 quad

1909 5211 1973 5249 ea
1995 5191 2248 5270 breviter,
2282 5201 2444 5270 prout
2470 5193 2556 5246 vel
2585 5199 2931 5256 assereretur,
2956 5191 3042 5270 vel
3070 5197 3385 5270 negaretur,
3403 5205 3494 5243 os-

1909 5265 2154 5339 tenderet
2181 5261 2312 5339 quas
2333 5264 2559 5339 quisque
2585 5271 2763 5339 partes
2782 5269 3097 5339 sequens-tur
3117 5261 3172 5339 in
3201 5261 3498 5339 qugstione

1908 5342 2032 5405 post
2053 5326 2373 5409 :f'rinitatem
2403 5326 2654 5409 maxima,
2696 5332 2763 5387 de
2801 5326 2923 5387 vera
2958 5326 3492 5409 Divinitateﬁhristi.

1989 5418 2010 5444 ε
2053 5405 2291 5474 Respicit
2335 5405 2386 5458 in
2435 5404 2665 5474 primum
2710 5417 3013 5457 sermonem
3044 5399 3310 5474 Nestorii,
3342 5399 3494 5474 cujus

1913 5485 2036 5530 sunt
2064 5467 2178 5529 lucc
2204 5475 2367 5529 verba
2393 5493 2404 5528 :
2433 5467 2484 5526 Ν
2490 5490 2554 5530 on
2575 5474 2769 5543 peperit
2789 5482 3024 5543 creatura
3053 5472 3378 5543 Creatorem,
3405 5467 3496 5522 sed

1913 5549 2107 5617 peperit
2136 5545 2521 5599 instrumentum
2546 5539 2860 5608 Divinitat-is,
2885 5551 2934 5597 et
2955 5542 3209 5596 hominem
3230 5539 3491 5614 Θεοφόρον.
