3958 6178
443 227 547 281 8115
956 222 1147 278 Manli
1189 218 1626 275 MiiRCA'l‘URlS
1666 217 2232 276 TRANSLATIONES
2275 219 2631 277 γΑιιιοιιιλΜ
2671 219 3200 280 OPUSCULORUM.
3618 223 3751 278 8οι

445 350 570 396 ante
594 336 823 394 tribunal
863 333 1079 395 Christi,
1117 341 1210 386 aut
1247 331 1511 386 rationem
1562 346 1669 385 non
1720 330 2024 395 reddemus,
2057 333 2296 392 Aeliam
2343 333 2410 388 de
2457 335 2829 390 incarnatione
2871 334 3147 391 Bominica
3199 343 3457 390 tractatus
3508 336 3754 393 uberior

447 442 721 501 tamquam
763 425 1032 499 praepositi
1061 424 1129 479 ad
1167 422 1513 494 loquendum,
1556 422 1624 478 de
1663 423 1880 478 silentio
1922 439 2030 478 non
2135 425 2468 490 continetur,
2495 434 2550 481 et
2577 426 2661 481 bis
2685 441 2804 494 qua:
2830 442 2970 481 nunc
2998 426 3220 497 scripsi,
3267 442 3538 482 consonus
3577 428 3758 482 inve-

447 524 790 596 opportuno‘!
2134 516 2298 572 nitur.
2332 517 2514 586 Relegi
2547 517 2690 572 hunc
2719 518 2987 589 episcopis
3021 527 3076 573 et
3102 518 3268 584 clero,
3303 534 3511 574 necnon
3542 527 3594 574 et
3620 528 3756 573 stu-

517 613 569 666 4-
613 610 749 677 Quid
781 615 1055 680 ροειτθιηο
1085 606 1316 662 faciam?
1345 605 1579 675 Tempus
1606 605 1748 659 enim
1779 604 2032 675 loquendi
2132 609 2297 666 diosis
2323 611 2656 668 auditoribus
2684 612 2885 682 plebis;
2917 611 3058 666 edidi
3083 628 3210 667 vero
3239 612 3369 666 nulli
3394 631 3406 665 :
3435 612 3667 668 forsitan
3701 629 3760 666 st

443 714 546 769 est,
571 702 655 757 vel
672 699 983 756 conferendi
1006 715 1130 754 cum
1153 697 1504 753 veneratione
1526 704 1635 762 tua,
1666 698 2031 764 interrogante
2133 693 2352 756 edidero
2374 718 2516 764 eum,
2550 717 2667 756 esse
2697 702 2722 740 δ
2751 717 2836 756 me
2866 702 3059 756 iterum
3087 702 3322 756 arbitror
3343 703 3755 766 accusandum,

443 795 511 848 de
539 791 796 848 chartulis
823 789 1164 860 quibusdam,
1212 804 1330 858 qua:
1371 789 1555 842 nescio
1587 804 1690 857 quo
1719 788 1880 844 modo
1923 789 2032 844 Ro-
2133 807 2254 847 cum
2284 803 2462 848 tamen
2491 793 2680 848 librum
2709 794 3104 863 composuerim
3129 793 3292 848 etiam
3340 804 3466 848 ante
3505 795 3763 848 ordiun-

441 900 585 939 mam
614 883 834 954 perlatae
863 889 1006 947 sunt,
1053 881 1349 935 reverendo
1391 896 1454 935 ac
1490 880 1890 949 religiosissima
1919 879 2031 934 Ro-
2133 885 2335 940 tionem
2365 887 2725 942 venerationis
2773 896 2892 941 tuae.
2943 885 3130 941 Saluta
3169 886 3558 942 fraternitatem
3606 902 3759 956 quae

442 991 724 1030 manorum
754 975 1009 1044 episcopo
1036 969 1348 1038 leestino,
1374 988 1494 1027 cum
1517 974 1767 1027 omnibus
1788 973 1880 1042 qui
1910 989 2033 1028 cum
2133 977 2274 1046 apud
2322 987 2375 1033 te
2421 987 2534 1046 est;
2583 987 2638 1034 te
2680 979 2732 1033 in
2781 978 3008 1033 Domino
3051 977 3142 1047 qui
3181 976 3460 1034 nobiscum
3484 988 3610 1033 sunt
3646 993 3760 1032 sa-

444 1083 510 1121 eo
538 1075 664 1120 sunt
707 1065 976 1135 episcopis
1022 1063 1358 1129 venerandis,
1393 1063 1518 1132 quia
1567 1071 1743 1117 utrum
1773 1063 1880 1118 sint
1909 1063 2034 1118 reli-
2133 1065 2328 1122 lutant.

444 1160 619 1229 gionis
643 1168 765 1222 tua},
795 1174 862 1212 an
885 1174 1012 1222 non,
1043 1157 1273 1211 habetur
1297 1155 1558 1210 incertmn
1584 1174 1595 1208 :
1621 1155 1862 1210 scribunt
1890 1157 2034 1211 enim

447 1250 605 1304 nobis
635 1249 757 1302 inde
784 1249 1135 1302 vehementer
1161 1245 1370 1301 oll'ensi.

517 1341 566 1394 ὕ.
610 1341 726 1408 Quo
755 1349 914 1411 pacto
943 1341 1104 1394 etiam
1129 1340 1196 1394 de
1224 1337 1442 1394 Oriente
1468 1356 1536 1395 ex
1557 1341 1807 1396 omnibus
1845 1340 2034 1397 Eccle-

444 1435 537 1489 siis
566 1433 904 1488 venientibus
926 1433 1337 1498 satisfaciemus,
1364 1447 1564 1501 eosque
1593 1434 1919 1497 curabimus,
1943 1434 2033 1503 qui

444 1536 631 1580 contra
661 1524 875 1580 easdem
919 1523 1187 1579 chartulas
1221 1525 1592 1578 murmurant?
1640 1524 1719 1578 Au
1760 1526 2038 1580 arbitraris

443 1633 664 1689 parvam
693 1615 947 1670 Ecclesiis
993 1630 1114 1670 esse
1160 1625 1333 1669 ortam
1361 1615 1429 1669 de
1458 1614 1762 1683 huiusmodi
1793 1617 2034 1671 tractati-

443 1711 542 1764 bus
572 1706 1074 1778 perturbationem?
1113 1702 1312 1759 Omnes
1350 1721 1533 1758 sumus
1564 1705 1615 1759 in
1651 1705 2030 1770 sollicitudine,
2068 1709 2110 1767 Β

445 1803 574 1856 etin
605 1800 885 1871 procinctu
913 1798 1113 1852 laboris
1136 1797 1415 1852 constituti
1446 1797 1510 1851 ad
1539 1797 1638 1852 hos
1665 1798 2031 1867 corrigendos,

445 1900 504 1946 ut
531 1892 599 1946 ad
645 1899 846 1945 rectum
889 1890 1159 1942 tramitem
1203 1895 1565 1955 revocentur,
1612 1889 1807 1958 quibus
1851 1890 2034 1945 nescio

445 1981 717 2052 quomodo
745 1996 1057 2049 persuasum
1087 1980 1155 2033 sit
1185 1979 1341 2033 aliter
1367 1994 1578 2048 sapere.

519 2075 569 2128 6.
611 2072 743 2128 Cum
769 2072 928 2139 igitur
957 2073 1142 2125 harum
1188 2072 1614 2126 susurrationum
1657 2074 2034 2129 necessitatem

447 2180 501 2224 et
533 2185 749 2224 causam
782 2177 869 2222 tua
893 2167 1078 2236 religio
1109 2165 1380 2230 attulerit,
1412 2165 1684 2235 quomodo
1715 2183 1814 2222 nos
1851 2169 2037 2223 existi-

447 2276 562 2313 mas
592 2258 712 2326 jure
743 2256 1084 2325 arguendos?
1112 2257 1197 2310 vel
1224 2271 1331 2324 quo
1355 2253 1475 2325 jure
1515 2255 1800 2311 adversum
1827 2273 1914 2313 me
1941 2274 2037 2313 vo-

446 2349 688 2405 ciferaris
730 2348 784 2401 in
833 2363 1050 2411 vanum,
1100 2354 1155 2401 et
1195 2361 1302 2402 non
1347 2347 1526 2417 potius
1554 2363 1858 2403 sermonem
1887 2357 2036 2403 tuum

447 2440 702 2506 ωτι-ἱεὶς,
746 2446 803 2491 ιιι
852 2432 1015 2492 totius
1044 2437 1190 2491 orbis
1217 2436 1284 2490 de
1315 2446 1366 2492 te
1396 2435 1620 2492 ollcnsio
1654 2439 2038 2506 conquiescat?

520 2530 570 2582 7.
611 2528 667 2583 Si
701 2529 750 2581 in
782 2527 936 2598 plebe
966 2527 1148 2596 lapsus
1176 2534 1260 2581 est
1301 2541 1515 2593 sermo,
1559 2527 1612 2581 in
1659 2529 2039 2583 retractatibus

448 2621 764 2687 corrigatur.
799 2619 1029 2687 Dignare
1055 2633 1216 2688 unam
1249 2617 1574 2674 locutionem
1597 2619 1799 2674 donare
1823 2618 2040 2677 ollensis

449 2713 685 2775 auribus,
719 2711 812 2764 Dei
838 2725 1175 2780 puerperam,
1208 2710 1260 2764 id
1291 2719 1400 2775 est,
1428 2712 1660 2768 Θεοτὸκον
1687 2715 2041 2782 pronuntians

452 2801 711 2868 virginem
741 2809 1002 2862 sanctam,
1033 2808 1091 2853 ut
1117 2800 1316 2854 curatis
1346 2801 1410 2854 iis
1437 2801 1527 2868 qui
1561 2802 1774 2856 tristitia
1809 2803 2040 2877 obnubi-

453 2894 546 2947 lati
585 2901 710 2947 sunt
733 2933 747 2958 ,
795 2901 996 2946 rectam
1027 2891 1167 2962 apud
1197 2908 1385 2947 omnes
1431 2893 1498 2946 de
1528 2893 1787 2961 religione
1815 2885 2040 2963 gloriam

455 2994 719 3051 tenentes,
747 2985 796 3039 in
828 3000 958 3055 pace
981 2994 1035 3039 et
1065 2986 1415 3041 unanimitate
1443 2995 1615 3041 CCL-tus
1639 2987 1874 3057 plebium
1897 2989 2041 3046 cele-

452 3080 687 3134 bremus.
2069 3073 2116 3136 C

2138 1178 2543 1252 Religiosissimo
2572 1191 2647 1252 _gt
2695 1180 3024 1252 auuctissirpo
3085 1180 3433 1252 comminiatro
3485 1177 3707 1251 ϐριήαο
3735 1218 3756 1243 ,

2561 1249 2834 1305 Nestorius
2863 1253 2917 1304 in
2945 1247 3168 1304 Domino
3196 1251 3296 1304 sal.

2208 1384 2348 1439 Nihil
2377 1400 2506 1440 sane
2533 1383 2833 1441 Christiana
2862 1385 3124 1440 modestia
3153 1385 3426 1457 potentius
3457 1394 3559 1450 est,
3589 1386 3758 1440 nihil

2138 1476 2358 1531 ﬁrmius.
2392 1476 2467 1532 Ea
2496 1486 2555 1531 ut
2584 1477 2634 1531 in
2664 1478 2947 1547 pnesentia
2974 1493 3072 1547 per
3094 1477 3423 1547 Lamponem
3443 1478 3758 1549 presbyte-

2136 1584 2254 1623 rum
2275 1569 2733 1637 religiosissimum
2754 1570 3129 1632 scriberemus,
3149 1585 3247 1624 nos
3264 1572 3574 1624 commovit.
3588 1569 3761 1623 Cum

2137 1661 2280 1716 enim
2312 1661 2401 1716 ille
2421 1661 2487 1715 de
2509 1669 2598 1715 tua
2625 1662 2825 1730 pietate
2851 1661 3020 1716 multa
3061 1659 3305 1725 referret,
3348 1661 3624 1730 multaque
3661 1663 3758 1717 vi-

2137 1750 2315 1804 cissim
2347 1749 2577 1812 audiret,
2608 1759 2882 1819 postremo
2909 1750 3132 1818 urgendi
3162 1749 3320 1804 linem
3351 1751 3555 1805 nullum
3577 1751 3754 1817 fecit,

2135 1843 2310 1898 donec
2337 1843 2498 1898 hasce
2521 1859 2552 1898 a
2584 1843 2739 1898 nobis
2764 1843 3088 1912 impetravit.
3121 1841 3459 1912 Quapropter
3491 1843 3756 1898 hominis

2137 1932 2529 2002 importunitati
2557 1949 2748 1988 manus
2773 1932 3018 1988 dedimus
3047 1950 3060 1986 :
3093 1948 3238 1996 nam,
3262 1942 3322 1987 ut
3345 1933 3485 2002 quod
3522 1949 3611 1987 res
3652 1942 3756 1987 est

2137 2025 2365 2092 ingenue
2394 2023 2595 2090 fatear,
2639 2039 2746 2078 non
2787 2023 3113 2078 mediocrem
3161 2022 3544 2092 cujuscumque
3571 2021 3756 2076 Chri-

2136 2114 2293 2169 stiani
2321 2113 2420 2167 viri
2447 2113 2708 2168 modestia
2739 2113 2950 2184 (utpote
2975 2113 3030 2167 in
3054 2112 3208 2182 cujus
3227 2122 3447 2183 pectore
3475 2113 3614 2167 Deus
3649 2113 3755 2168 in-

2137 2204 2362 2274 habitet)
2395 2205 2643 2258 timorem
2672 2205 2803 2258 mihi
2828 2202 3020 2258 afferre
3050 2205 3268 2258 assolet.

2211 2294 2446 2351 Proinde
2481 2293 2624 2364 quod
2659 2295 2725 2349 ad
2752 2311 2853 2350 nos
2895 2296 3040 2364 ipsos
3069 2303 3358 2364 nostraque
3386 2295 3593 2358 attinet,
3631 2295 3757 2348 etsi

2139 2404 2247 2442 non
2270 2396 2499 2456 pauca'a
2526 2387 2729 2458 pietate
2754 2395 2843 2441 tua
2883 2387 3164 2456 designata
3193 2387 3300 2440 sint
3327 2385 3572 2440 fraterna:
3598 2385 3759 2440 clua—

2138 2479 2283 2532 ritati
2313 2493 2502 2546 parum
2537 2479 2886 2546 congruentia
2917 2479 3157 2548 (oportet
3197 2477 3337 2531 enim
3367 2477 3606 2530 modeste
3659 2476 3759 2530 lo-

2139 2570 2275 2641 qui),
2303 2570 2376 2623 ita
2406 2569 2751 2623 nihilominus
2779 2565 2955 2638 allecti
2976 2584 3180 2634 sumus,
3214 2577 3271 2622 ut
3302 2567 3527 2622 solidam
3565 2567 3758 2622 animi

2141 2662 2414 2716 lenitatem
2465 2675 2806 2726 conservare,
2860 2676 3070 2715 necnon
3114 2662 3167 2714 in
3215 2660 3439 2729 pristino
3467 2659 3757 2716 benevole

2141 2754 2418 2822 amicoque
2444 2769 2540 2822 per
2564 2752 2768 2807 litteras
2797 2753 3061 2806 salutandi
3086 2751 3266 2807 oliicio
3291 2767 3605 2822 permanere
3642 2751 3758 2805 de-

2141 2843 2487 2898 creverimus.
2537 2843 2806 2910 Quantum
2843 2860 2972 2898 vero
3017 2842 3306 2914 Lamponis
3350 2844 3756 2912 religiosissimi

2141 2934 2440 3006 presbyteri
2471 2935 2759 2989 vehemens
2785 2934 3046 3003 impulsus
3095 2935 3185 2989 ille
3221 2933 3450 2989 fructum
3479 2935 3636 2990 nobis
3667 2936 3755 2989 ai-

2144 3027 2350 3081 laturus
2377 3027 2465 3089 sit,
2489 3025 2820 3096 experientia
2847 3026 2960 3095 ipsa
2983 3025 3387 3080 demonstrabit.
3424 3024 3754 3081 Universum

523 3171 576 3224 8.
619 3170 769 3236 Quod
802 3186 928 3225 vero
969 3186 1068 3240 pro
1110 3169 1210 3224 lide
1251 3185 1370 3238 qua:
1397 3169 1449 3223 in
1478 3169 1695 3225 Christo
1741 3180 1824 3226 cst
1861 3174 2044 3228 omnia

454 3278 637 3317 sumus
666 3263 837 3331 parati
865 3262 1128 3324 tolerare,
1171 3268 1228 3314 et
1254 3260 1485 3323 vincula,
1517 3267 1571 3314 et
1599 3276 1844 3316 carceres
1880 3278 2046 3333 expe-

453 3353 548 3409 riri
571 3393 587 3417 ,
629 3360 685 3407 et
725 3353 895 3420 ipsam
925 3362 1153 3404 mortem
1184 3350 1416 3404 libenter
1442 3351 1643 3414 subire,
1675 3367 1780 3406 non
1810 3353 2047 3422 ambigat

455 3445 643 3513 religio
674 3452 783 3498 tua.

526 3535 579 3590 9.
619 3534 676 3589 ln
706 3534 933 3588 veritate
961 3541 1138 3587 autem
1170 3533 1319 3598 dico,
1351 3533 1526 3603 quod,
1559 3534 1734 3591 adhuc
1763 3537 1922 3594 beato
1951 3538 2048 3594 At-

457 3625 565 3680 tico
593 3624 886 3679 constituto
918 3624 970 3677 in
1012 3623 1172 3678 rebus
1201 3623 1478 3689 humanis,
1525 3625 1592 3680 de
1619 3635 1806 3681 sancta
1835 3636 1891 3682 et
1918 3645 2048 3685 con—

453 3715 792 3771 substantiali
821 3713 1080 3768 Trinitate
1115 3713 1252 3768 liber
1289 3723 1372 3770 est
1411 3715 1749 3781 elaboratus,
1783 3727 1807 3755 ⁸
1839 3719 1892 3774 in
1937 3735 2047 3790 quo

2145 3133 2265 3188 quae
2287 3128 2464 3174 tecum
2487 3125 2568 3173 est
2596 3117 2986 3172 fraternitatem
3014 3131 3114 3187 ego
3143 3119 3341 3187 quique
3372 3133 3580 3172 mecum
3612 3127 3754 3171 sunt

2145 3209 2433 3264 salutatam
2457 3209 2726 3279 cupimus.
2832 3198 2836 3203 ’

2152 3377 2176 3405 ε
2230 3363 2599 3419 ΕΡιδΤοιΑ
2657 3361 2998 3434 SECUNDA
3049 3362 3110 3418 S.
3165 3359 3464 3417 CYRILLI
3519 3363 3754 3434 ερὶετορὶ

2217 3435 2580 3503 Alexandrini,
2600 3435 2668 3486 ad
2692 3431 3022 3496 Neslorium;
3045 3435 3126 3487 cui
3155 3434 3458 3503 impiissin
3477 3431 3756 3486 contradi-

2220 3523 2339 3560 cens
2368 3505 2501 3558 idem
2519 3502 2807 3574 iNestorius
2838 3502 3246 3574 respondendum
3274 3519 3386 3556 esse
3406 3504 3618 3574 patara.
3661 3503 3753 3556 Ea:

2222 3575 2401 3631 erco
2423 3577 2477 3629 in
2505 3573 2768 3628 Latinum.

2223 3720 2273 3773 1.
2299 3715 2326 3757 ἀ
2349 3717 2624 3782 Garriunt,
2652 3715 2792 3770 sicut
2815 3713 2994 3779 audio,
3012 3712 3228 3783 quidam
3250 3712 3317 3767 de
3337 3711 3752 3767 existimatione

1619 3805 2166 3870 CASTIGATIONES
2205 3811 2292 3865 ΕΤ
2331 3807 2559 3864 NOTAE.

527 3875 953 3952 f_Pa_rte_pri_ma
994 3875 1144 3952 tomi
1173 3875 1349 3952 quarti
1389 3874 1624 3952 Operam
1659 3880 1829 3952 sancti
1858 3880 2044 3952 Cyrilli

455 3947 706 4002 editionis
748 3943 1064 4000 Parisiensis
1104 3943 1528 4000 Grieco-Latina:
1556 3943 2046 4008 continentur'dia-

456 4018 560 4085 logi
591 4033 822 4090 novem1
847 4016 1152 4090 inquibus
1174 4015 1496 4090 inducuntur
1523 4017 1890 4090 colloquentes
1917 4036 2044 4090 per-

454 4103 600 4158 sona:
618 4087 754 4151 dure,
785 4086 1014 4158 Cyrinus
1033 4094 1088 4140 et
1111 4085 1380 4148 Hermias;
1409 4097 1634 4158 octavus
1655 4085 1961 4145 inscribitur
1981 4093 2046 4147 de

457 4153 1150 4228 lrrcamatiorte'Unigeniti,
1195 4165 1244 4208 et
1281 4155 1416 4226 quod
1455 4153 1688 4210 Christus
1721 4160 1788 4212 sit
1819 4177 1950 4214 unus
1981 4179 2045 4216 ac

457 4227 730 4298 Dominus,
755 4227 1032 4281 secundum
1067 4227 1368 4295 Scripturas
1385 4243 1402 4290 ;
1434 4241 1626 4291 nonus,
1663 4230 1800 4298 quod
1825 4247 1956 4284 unus
1978 4234 2047 4286 sit

458 4295 689 4350 Christus
711 4313 800 4368 per
819 4298 1216 4368 oppositionem;
1239 4305 1424 4368 sextus
1449 4305 1627 4351 tamen
1650 4295 1876 4368 plurima
1898 4317 2047 4356 com-

457 4366 717 4436 plectitur
736 4367 788 4419 in
819 4366 957 4438 idem
987 4375 1378 4438 argumentum.
1407 4366 1670 4422 Incertum
1690 4384 1821 4424 vero
1849 4385 1956 4438 quo
1978 4373 2046 4426 de

461 4443 690 4508 tractatu
718 4451 894 4508 sermo
917 4437 1008 4489 liat
1030 4438 1080 4489 in
1103 4437 1379 4505 pncscnti;
1405 4439 1598 4506 opinor
1616 4454 1716 4507 ego
1739 4437 1909 4508 magis
1931 4441 2046 4497 lieri

458 4506 527 4560 de
572 4513 736 4576 sexto,
771 4503 984 4572 dialogo
1016 4522 1028 4556 :
1064 4503 1186 4576 nam
1232 4515 1401 4576 totum
1443 4503 1577 4576 opus
1605 4503 1674 4563 de
1699 4503 2046 4566 consubstan-

460 4576 572 4648 tiali
595 4574 857 4630 Trinitate
878 4576 1097 4648 videtur
1125 4575 1425 4628 absolutum
1447 4574 1650 4646 septem
1672 4580 1913 4648 dialogis,
1946 4598 2047 4636 nec

496 4647 639 4700 iures
667 4661 697 4700 a
725 4645 992 4700 veteribus
1021 4653 1366 4716 recensentur
1389 4684 1402 4706 ,
1453 4645 1522 4699 et’
1547 4663 1664 4716 qua:
1702 4651 1754 4702 in
1795 4645 1950 4706 sexto
1978 4653 2046 4706 de

486 4717 851 4789 ncarnatione,
883 4715 1124 4789 apprime
1144 4724 1441 4769 consonant
1465 4715 1583 4770 cum
1607 4720 1819 4789 scriptis
1841 4722 1908 4776 ad
1931 4738 2049 4777 mo-

460 4788 680 4842 nachos.
711 4785 1002 4857 Quidquod
1022 4792 1245 4839 octavus
1287 4792 1341 4837 et
1369 4802 1555 4857 nonus
1582 4785 1778 4857 dialogi
1807 4809 1912 4845 non
1951 4807 2046 4847 ca-

458 4867 580 4912 rent
619 4858 767 4912 onmi
812 4855 1118 4926 suspicione
1164 4855 1576 4926 suppositionis,
1610 4868 1668 4913 ut
1705 4855 2048 4917 ostendemus

459 4928 592 4982 alias
621 4927 709 4996 (In
733 4923 935 4982 disseri.
970 4926 1033 4979 de
1061 4923 1202 4979 libris
1231 4923 1457 4996 Cyrilli).

529 4997 557 5035 δ
595 4993 712 5052 Non
742 5013 805 5052 ea
832 4999 900 5052 de
939 5013 1098 5051 causa
1137 4993 1464 5066 conquestus
1491 5007 1572 5052 est
1598 4998 1894 5063 Nestorius,
1926 5016 2046 5055 cum

458 5066 598 5138 liber
621 5067 795 5122 editus
819 5077 948 5122 tunc
977 5067 1233 5138 temporis
1257 5083 1361 5138 non
1391 5067 1596 5136 legatur
1627 5088 1638 5122 :
1671 5079 1888 5138 questus
1914 5087 2044 5125 vero

461 5145 544 5190 est
570 5137 642 5210 de
655 5138 846 5210 haece
869 5137 1112 5206 epistola,
1155 5137 1306 5210 quasi
1345 5138 1662 5194 immodeste
1687 5137 1905 5210 scripta,
1938 5142 2048 5195 cui-

460 5222 565 5276 que
590 5207 722 5280 nihil
749 5208 959 5280 idcirco
976 5209 1402 5280 respondendum
1433 5220 1680 5280 putaret,
1727 5207 2046 5266 vaticinatus

459 5275 604 5346 quod
626 5279 824 5343 evenit,
856 5275 1088 5345 majores
1116 5277 1238 5333 inde
1283 5275 1462 5333 turbas
1491 5282 1755 5347 orituras;
1787 5283 1882 5336 sed
1921 5280 2048 5336 fecit

459 5348 1074 5420 presbyteriibamponis
1103 5350 1383 5412 instantia,
1434 5360 1490 5405 ut
1530 5352 1692 5420 animi
1721 5351 2043 5406 sententiam

463 5419 713 5492 mutaret.
745 5419 867 5492 Fuit
887 5426 1066 5492 autem
1095 5421 1376 5492 presbyter
1399 5421 1487 5476 ille
1516 5419 1936 5485 Alexandrinus,
1967 5422 2049 5475 vir

463 5489 752 5562 industrius
781 5491 832 5544 in
856 5489 1110 5560 gerendis
1126 5489 1473 5562 rebustquod
1501 5501 1708 5546 constat
1733 5509 1798 5547 ex
1819 5492 2046 5562 epistola

463 5569 586 5629 post
612 5561 791 5632 plures
829 5559 1002 5617 annos
1029 5563 1096 5618 ad
1124 5577 1245 5616 eum
1293 5559 1758 5632 constantinpoli
1802 5559 2047 5617 commm-

464 5641 670 5704 rantem
691 5649 721 5686 a
743 5631 944 5704 Cyrillo
965 5633 1119 5696 data;
1151 5634 1343 5688 missus
1370 5648 1501 5688 vero
1531 5631 1704 5704 fuerat
1729 5648 1759 5686 a
1788 5649 1888 5688 suo
1913 5647 2050 5704 prte-

461 5703 579 5757 sulc
605 5704 670 5758 ad
695 5701 1053 5775 deportandus
1082 5704 1285 5758 litteras
1309 5743 1323 5772 ,
1374 5713 1428 5757 et
1467 5703 1729 5770 agendum
1775 5717 1898 5757 cmn
1941 5701 2045 5755 Nc-

2150 3883 2320 3938 storio
2358 3881 2424 3934 de
2466 3880 2701 3933 motibus
2735 3877 2978 3932 exortis:
3009 3877 3152 3946 quod
3196 3876 3307 3946 ipse
3345 3874 3617 3929 Nestorius
3661 3875 3752 3928 in-

2153 3953 2267 4008 nuit
2296 3952 2349 4006 in
2378 3951 2488 4023 suis
2519 3950 2725 4011 litteris,
2755 3963 2890 4023 quas
2917 3947 3041 4023 quia
3064 3949 3264 4023 breves
3283 3955 3428 4009 sunt,
3455 3955 3511 4000 et
3540 3946 3750 4023 negotii

2150 4023 2316 4143 totittis
2343 4021 2535 4143 solt-ient
2568 4035 2676 4072 non
2715 4015 3056 4072 mediocriter
3093 4016 3437 4071 manifestam
3459 4056 3474 4080 ,
3517 4015 3750 4082 subjun-

2151 4108 2256 4143 uen
2298 4107 2358 4143 as
2384 4108 2396 4140 t
2422 4105 2531 4143 11111.

2191 4092 2358 4148 endas
2384 4085 2534 4144 cluin

2384 4109 2396 4140 1
2462 4109 2531 4142 XI.

2151 4109 2994 4216 geTliiﬁioiiizilioChalcedonensi
3019 4157 3151 4228 (Act.
3181 4155 3236 4228 9.)
3250 4155 3474 4228 epistola
3492 4155 3750 4210 luecdata

2147 4233 2344 4289 dicitur
2359 4245 2541 4284 mense
2567 4228 2783 4293 Mechir,
2804 4228 3092 4282 indictione
3122 4227 3541 4281 15.7Extenditur
3560 4234 3748 4278 autem

2149 4303 2348 4357 mensis
2387 4299 2589 4354 Mechir
2615 4298 2899 4369 Egyptius
2926 4313 2956 4352 a
2985 4297 3073 4351 die
3091 4297 3161 4350 26
3187 4296 3424 4351 Januarii
3454 4293 3750 4369 adﬁﬁil’e-

2148 4372 2369 4428 bruarii.
2402 4369 2625 4424 lndictio
2674 4365 2801 4423 vero
2850 4368 2918 4421 15
2963 4369 3148 4421 incidit
3197 4369 3248 4421 in
3291 4383 3418 4420 ann.
3450 4365 3572 4419 450.
3605 4365 3747 4420 Data

2148 4459 2276 4498 vero
2305 4441 2517 4496 videtur
2539 4439 2768 4510 ipsoldie
2788 4439 2960 4507 primo
2981 4437 3201 4510 Meehir,
3233 4447 3396 4510 atque
3416 4452 3485 4491 ex
3511 4435 3746 4510 synodo,

2171 4522 2295 4567 uxta
2311 4506 2570 4566 canouetn
2590 4506 2876 4569 Nidennm,
2898 4508 3228 4577 prteccdente
3243 4506 3744 4577 Quadragesimam.

2171 4529 2295 4567 υΧῑὶΙ
2311 4529 2570 4566 031101ιῦ111
2590 4529 2628 4562 1‘
2637 4529 2876 4569 ιωξιιιιηι,
2898 4529 3228 4577 νηεωυθηιε
3243 4529 3744 4576 ullauragestmam.

2075 4611 2124 4671 n
2143 4529 2206 4671 li
2386 4587 2624 4671 εοηξωιι
2641 4579 2814 4671 var?
2845 4576 3744 4671 auersaecaesariem

2149 4654 2291 4708 diem
2331 4651 2533 4705 mensis
2560 4647 2667 4704 non
2697 4650 2801 4702 alia
2842 4649 3157 4715 consignare
3194 4656 3319 4702 nota
3348 4663 3509 4715 quam
3545 4647 3749 4700 mensis

2150 4724 2426 4793 ipsiusmet
2462 4721 2679 4793 nomine
2694 4718 2946 4793 ;__de_inde
2971 4734 3133 4793 anno
3162 4718 3258 4793 illo
3295 4717 3748 4793 jejuniijnitium

2149 4780 2350 4848 factum
2380 4799 2461 4846 est
2490 4791 2577 4844 die
2605 4788 2672 4841 19
2697 4780 2920 4852 Mccbir,
2953 4789 3044 4857 qui
3075 4787 3141 4840 14
3170 4780 3468 4842 Februarii.
3501 4786 3749 4854 Denique

2151 4863 2422 4918 ordinaria
2460 4860 2696 4932 synodus
2728 4867 2851 4932 ante
2883 4857 3374 4928 Quadragesimam,
3403 4873 3485 4932 eo_
3499 4866 3748 4932 tempore

2151 4925 2505 4996 habebaturf
2529 4946 2636 5000 quo
2666 4929 2788 4984 inde
2833 4937 3055 4998 possent
3100 4925 3401 5000 opportune
3448 4925 3638 5000 Patres
3673 4925 3747 5000 ad

2151 5019 2300 5058 suam
2328 4997 2562 5071 quisque
2581 4997 2876 5071 Ecclesiam
2896 5000 3072 5055 redire
3092 4997 3229 5071 ante
3238 4999 3490 5071 inchoata
3512 4997 3745 5071 jejunia.

2151 5072 2306 5139 Quod
2346 5068 2525 5142 autem
2555 5087 2622 5125 ex
2649 5069 2858 5142 synodo
2890 5071 3166 5142 scripserit
3191 5068 3440 5142 Cyrinus,
3471 5069 3659 5138 aper'te
3693 5068 3746 5118 in

2149 5145 2293 5198 notis
2314 5143 2381 5196 ad
2404 5141 2615 5197 tertiam
2642 5139 2921 5210 epistolam
2941 5139 3413 5196 dentonstrabitur.

2222 5213 2344 5268 Haec
2380 5227 2545 5280 porro
2573 5205 2808 5266 secunda
2847 5211 3073 5280 epistola
3116 5210 3228 5265 fere
3270 5217 3384 5264 tota
3421 5205 3744 5264 contradicit

2149 5278 2487 5339 sermonibus
2506 5281 2735 5336 Nestorii
2757 5278 3011 5335 adversus
3031 5278 3297 5343 Proclum,
3322 5287 3373 5334 et
3397 5287 3594 5348 quarto
3607 5291 3746 5346 prte-

2149 5355 2354 5416 sertim,
2387 5355 2539 5421 cujus
2576 5352 2783 5405 initium
2818 5369 2830 5403 :
2883 5351 3227 5421 (έοηεηηιειὶᾷε
3257 5350 3480 5420 quidem,
3511 5357 3638 5408 etc.,
3685 5352 3745 5398 ut

2149 5424 2346 5495 merito
2393 5420 2649 5495 appellari
2683 5422 2855 5495 possit
2903 5420 3079 5495 Procli
3103 5420 3378 5495 defensio;
3416 5430 3742 5495 quamquam

2149 5493 2312 5548 habet
2341 5489 2500 5547 etiam
2532 5489 2785 5546 nonnulla
2825 5493 3114 5560 pugnantia
3143 5491 3317 5559 primo
3357 5489 3620 5560 sermoni,
3645 5489 3745 5560 qui

2150 5563 2218 5617 de
2257 5563 2499 5629 virgineo
2536 5570 2693 5632 partu
2733 5557 2956 5630 aliisque
2996 5557 3208 5616 duobus
3248 5561 3525 5615 homiliam
3563 5557 3742 5611 Procli

2152 5633 2594 5703 pnccedentibus.

2227 5701 2250 5739 ἀ
2294 5703 2633 5757 lntcllcxcrat
2655 5701 2883 5773 Cyrillus
2909 5717 2975 5756 ex
3015 5702 3204 5756 litteris
3232 5716 3447 5756 suormn
3474 5697 3747 5753 Constan-
