3960 6184
292 189 396 244 803

1479 188 1639 244 llll’ll
1677 187 1991 244 Νιεδτυιιιι
2031 187 2263 244 ΞΕΒΜΟ
2307 187 2420 242 VII.

3479 189 3582 249 806

287 317 410 358 mea
439 299 579 371 apud
609 300 922 369 religionem
952 309 1127 365 tuam,
1165 308 1220 355 et
1249 300 1353 355 hoc
1381 299 1708 370 frequenter,
1739 300 1878 374 [Ba—
1907 301 1956 363 Α
1984 300 2198 354 unicum
2223 299 2438 361 Filium,
2471 297 2638 351 Deum
2661 297 2729 351 de
2752 297 2862 352 Deo
2886 314 3034 363 vero,
3052 298 3234 354 lumen
3262 297 3331 354 de
3360 299 3584 366 lumine,

289 392 392 448 fus.
412 391 534 446 add.
561 391 964 462 processionum
993 388 1266 461 videlicet]
1287 399 1652 445 conventuum
1686 405 1887 460 oppor-

288 495 420 538 tuna
447 493 688 553 tempora
711 492 1040 554 aucupantes
1069 482 1288 557 [Βαιιιι.
1321 482 1702 554 occupantes],
1731 483 1887 538 forsi—

286 588 379 632 tan
404 579 728 633 arbitrantes
755 577 1028 632 delectare
1056 592 1114 631 se
1141 591 1299 632 aures
1321 584 1456 641 tuas,
1485 576 1766 632 adversum
1789 591 1887 630 nos

288 669 592 724 inconditas
618 683 781 724 voces
827 668 1110 734 emittunt;
1153 668 1243 736 qui
1272 667 1384 723 laesi
1411 667 1627 736 quidem
1657 668 1708 722 in
1737 669 1886 724 nullo

286 767 433 822 sunt,
467 757 733 826 objurgati
763 767 947 812 autem
977 772 1007 811 a
1048 758 1222 823 nobis,
1266 767 1320 812 et
1354 759 1456 813 hoc
1485 759 1677 813 leniter
1709 778 1722 812 :
1748 776 1888 816 unus

284 848 432 916 quod
463 863 637 904 czecos
663 856 719 902 et
757 861 1024 918 pauperes
1050 848 1284 904 vexabat
1322 849 1545 919 injuria;
1575 851 1712 904 alter
1741 851 1886 920 quod

291 949 487 993 contra
528 948 754 994 matrem
808 939 1187 1007 evaginaverat
1226 939 1492 1008 gladium;
1540 942 1728 996 tertius
1760 944 1886 1012 quia

281 1047 408 1085 cum
439 1031 631 1085 ancilla
662 1045 851 1085 aurum
881 1030 1088 1088 furatus
1113 1031 1183 1085 sit
1216 1031 1471 1096 alienum,
1503 1040 1560 1086 et
1585 1033 1710 1101 quia
1741 1033 1884 1106 [Ba-

281 1123 388 1176 tuz.
423 1121 535 1194 qui]
561 1123 721 1178 talem
750 1137 966 1192 semper
987 1122 1236 1178 habuerit
1255 1123 1728 1191 existimationem,
1753 1141 1887 1194 qua—

283 1215 397 1268 lem
428 1215 606 1270 nullus
631 1215 938 1285 provenire,
965 1215 1047 1270 vel
1080 1215 1408 1283 gravissimis
1435 1215 1665 1271 inimicis
1682 1255 1696 1281 ,
1727 1225 1885 1287 opta-

283 1309 443 1362 verit.

357 1399 413 1452 ‘2.
459 1398 654 1453 Verum
683 1414 792 1452 non
815 1397 946 1452 mihi
975 1398 1043 1453 de
1072 1398 1270 1453 talibus
1290 1414 1470 1454 sermo
1498 1406 1600 1467 est,
1633 1408 1691 1455 ut
1711 1416 1886 1470 neque

281 1503 448 1557 supra
477 1487 752 1542 dominum
795 1497 850 1542 et
879 1488 1214 1556 magistrum,
1261 1503 1438 1558 neque
1481 1505 1640 1560 supra
1681 1501 1882 1561 patres,

281 1579 614 1649 pusillitatis,
641 1593 759 1646 qua:
799 1578 933 1633 mihi
970 1579 1131 1645 inest,
1182 1579 1374 1634 modus
1411 1590 1691 1636 excrescat
1723 1599 1738 1635 :
1776 1599 1883 1637 non

1990 406 2086 460 per
2113 406 2274 460 quem
2303 389 2483 444 omnia
2513 388 2717 444 creavit
2746 387 2925 453 Pater,
2958 389 3318 454 descendisse,
3343 391 3584 446 incarna-

1991 492 2102 536 tum
2126 497 2263 547 esse,
2293 489 2454 550 atque
2495 481 2770 536 hominem
2811 479 3007 535 factum
3033 482 3392 538 resurrexisse
3427 485 3588 539 tertia

1988 573 2094 637 die,
2124 582 2178 626 et
2207 573 2259 626 in
2288 573 2482 627 cmlum
2510 572 2835 638 ascendisse,
2858 571 3117 627 definivit.

2060 663 2112 716 6.
2155 662 2278 718 llazc
2308 664 2470 718 etiam
2494 679 2593 718 nos
2613 664 2747 719 scita
2767 663 2867 719 hac
2883 666 3092 720 ratione
3120 674 3427 734 sequentes,
3454 665 3582 736 quid

1988 752 2271 823 signiﬁcet,
2303 756 2630 809 incarnatum
2671 772 2781 810 esse
2809 756 2941 810 illud
2977 756 3074 810 Dei
3111 756 3332 812 Verbum
3362 759 3426 813 de
3451 757 3583 823 Deo,

1991 847 2288 901 videamus.
2338 847 2524 916 Neque
2563 863 2691 902 vero
2729 847 2954 902 dicimus
3004 849 3128 918 quia
3171 859 3193 888 ο
3240 850 3334 904 Dei
3392 859 3583 906 natura

1989 939 2365 993 transformata
2396 938 2534 993 facta
2569 939 2637 994 sit
2665 955 2823 1005 caro;
2852 953 3024 1008 neque
3053 941 3178 1009 quia
3215 942 3267 994 in
3293 951 3461 996 totum
3485 943 3585 997 ho-

1988 1030 2206 1094 minem,
2230 1030 2320 1099 qui
2343 1037 2511 1085 estex
2532 1031 2710 1084 anima
2743 1040 2798 1084 et
2837 1044 3082 1100 corpore,
3115 1041 3440 1087 commutata
3464 1034 3534 1088 sit
3563 1049 3579 1086 :

1987 1124 2081 1178 sed
2123 1123 2249 1177 illud
2298 1124 2480 1193 potius
2509 1123 2769 1177 sentimus
2799 1121 3006 1196 [Butam
3039 1122 3408 1194 sentiendum]
3437 1125 3583 1193 quod

1988 1231 2205 1270 carnem
2248 1215 2560 1280 animatam,
2589 1215 2766 1267 anima
2811 1213 3063 1268 videlicet
3091 1214 3360 1278 rationali,
3393 1217 3584 1271 unicus

1989 1305 2240 1363 sibimetd
2259 1309 2702 1373 substantialiter,
2718 1308 2802 1361 vel
2827 1309 3204 1372 essentialiter,
3223 1309 3360 1363 Deus
3374 1309 3579 1381 [Baluz.

1989 1397 2118 1468 Dei]
2158 1397 2425 1464 Verbum,
2473 1399 2904 1452 inenarrabiliter
2957 1407 3118 1467 atque
3165 1398 3583 1453 inscrutabiliter

1988 1489 2160 1543 factus
2196 1488 2382 1556 homo,
2408 1490 2707 1560 appellatus
2729 1499 2812 1544 est
2837 1489 3002 1544 Filius
3031 1491 3290 1554 hominis,
3330 1507 3436 1545 non
3460 1500 3582 1545 tan-

1988 1586 2102 1634 tum
2132 1579 2426 1634 secundum
2454 1580 2787 1635 voluntatem
2818 1589 2911 1634 aut
2937 1581 3136 1636 bonum
3166 1582 3441 1651 placitum,
3479 1599 3581 1638 nec

286 1672 436 1726 enim
476 1670 630 1725 facile
675 1679 760 1725 est
804 1671 1072 1739 cuiquam,
1107 1671 1233 1727 licet
1271 1673 1439 1728 vitam
1486 1687 1640 1730 suam
1692 1673 1888 1728 habeat
1919 1686 1966 1745 Β
1993 1669 2130 1722 sicut
2159 1669 2212 1722 in
2247 1684 2493 1739 personae
2523 1669 2897 1724 tantummodo
2943 1671 3302 1740 susceptione,
3335 1673 3428 1727 sed
3457 1674 3581 1741 quia

282 1763 754 1831 circumspectare,
789 1777 1020 1830 nequam
1067 1762 1344 1817 hominum
1372 1764 1654 1819 maledicta
1694 1765 1885 1834 vitare,

285 1855 388 1911 sed
412 1855 484 1909 illi
506 1856 866 1910 maledictione
887 1863 938 1910 et
956 1858 1304 1912 amaritudine
1331 1860 1536 1929 plenum
1565 1876 1621 1914 os
1643 1859 1886 1914 habentes

291 1944 416 2016 (Ps.
451 1961 564 2008 xm,
597 1943 682 2016 5),
705 1945 932 2000 reddent
969 1946 1293 2016 quandoque
1341 1948 1580 2003 omnium
1603 1948 1771 2018 judici
1800 1966 1887 2004 ra-

282 2038 514 2092 tionem.

363 2129 416 2183 3.
441 2127 743 2184 Convertar
761 2135 939 2184 autem
956 2145 1097 2185 nunc
1117 2144 1218 2198 ego
1233 2130 1298 2185 ad
1311 2129 1362 2184 id
1376 2131 1520 2199 quod
1543 2147 1628 2186 me
1653 2133 1884 2188 maxime

279 2219 474 2284 decet;
505 2227 560 2274 et
585 2218 941 2274 commonebo
982 2228 1051 2285 te,
1088 2219 1250 2274 etiam
1279 2236 1438 2285 nunc,
1473 2227 1742 2290 tamquam
1772 2222 1881 2276 fra-

281 2316 426 2363 trem
452 2309 504 2364 in
551 2307 785 2374 Christo,
816 2309 884 2364 de
923 2310 1182 2365 doctrina:
1209 2312 1437 2374 ratione,
1469 2321 1524 2367 et
1561 2328 1722 2368 sensu
1760 2313 1882 2370 fidei

279 2416 412 2454 cum
442 2400 586 2454 omni
610 2401 818 2454 cautela
861 2399 1105 2469 plebibus
1145 2400 1521 2470 praedicando:
1555 2403 1883 2459 exhortabor

277 2505 506 2558 quoque
543 2491 780 2559 cogitare
807 2491 1006 2546 debere
1028 2491 1153 2560 quia
1173 2493 1218 2546 si
1237 2493 1530 2562 o/fendatur
1549 2511 1680 2549 unus
1703 2496 1766 2550 de
1791 2513 1891 2568 pu-

277 2581 417 2634 sillis
464 2580 590 2646 illis,
631 2581 718 2650 qui
767 2579 982 2634 credunt
1024 2582 1076 2635 in
1107 2579 1365 2640 Christum
1396 2582 1604 2652 (Marc.
1639 2601 1712 2650 ιχ,
1751 2585 1875 2653 4-1),

285 2688 450 2739 quam
473 2672 545 2726 sit
571 2671 926 2727 intolerabilis
948 2672 1245 2742 indignatio
1275 2675 1390 2730 Dei.
1417 2675 1474 2730 Si
1495 2692 1624 2732 vero
1645 2677 1716 2732 sit
1735 2679 1876 2733 mul-

281 2763 460 2818 titudo
486 2765 750 2830 laesorum,
775 2765 1068 2833 quomodo,
1097 2781 1301 2836 quaeso,
1325 2783 1432 2823 non
1457 2771 1602 2825 omni
1622 2783 1739 2826 arte
1759 2781 1875 2826 stu-

276 2852 516 2907 dendum
538 2861 642 2916 est,
666 2861 724 2907 ut
753 2853 1046 2923 prudenter
1073 2855 1346 2911 auferatur
1374 2856 1619 2925 offensio,
1650 2868 1706 2915 et
1731 2876 1876 2918 sanae

277 2944 408 2998 lidei
437 2946 574 3000 ratio
605 2946 904 3001 insinuetur
921 2949 1332 3018 exposcentibus
1353 2951 1672 3008 veritatem?

1992 1757 2216 1812 diversae
2241 1758 2308 1812 ad
2338 1775 2519 1813 veram
2549 1761 2805 1814 unitatem
2837 1777 3138 1815 convenere
3168 1771 3386 1825 natum,
3418 1780 3582 1818 unus-

1990 1865 2096 1919 que
2119 1852 2326 1905 exstitit
2353 1851 2558 1924 [Baluz.
2595 1869 2730 1906 unus
2757 1850 2960 1924 autem]
2987 1869 3054 1906 ex
3083 1860 3310 1922 utraque
3337 1853 3582 1908 Christus

1988 1954 2043 1996 ct
2060 1941 2254 1996 Filius:
2277 1959 2381 1996 non
2404 1943 2549 2011 quod
2571 1952 2880 1997 naturarum
2906 1959 3002 2012 per
3021 1943 3279 1997 unitatem
3301 1945 3583 2000 diversitas

1988 2041 2305 2102 consumpta
2327 2035 2414 2098 sit,
2447 2034 2542 2088 sed
2584 2033 2772 2088 iisdem
2803 2036 3008 2089 naturis
3039 2034 3246 2090 Dcitatc
3288 2043 3450 2105 atque
3479 2038 3581 2090 lm—

1988 2123 2247 2178 manitate
2283 2139 2380 2194 per
2419 2123 2742 2178 ineffabilem
2789 2134 2844 2178 et
2888 2135 3156 2179 secretum
3207 2127 3271 2181 ad
3321 2129 3579 2182 unitalem

1987 2229 2328 2279 concursum,
2352 2213 2755 2284 perﬁcientibus
2775 2231 2938 2269 unum
2955 2225 3007 2270 et
3026 2216 3329 2283 Dominum,
3355 2228 3410 2272 et
3426 2217 3580 2272 Chri-

1985 2313 2146 2371 stum,
2171 2313 2227 2360 et
2255 2305 2446 2360 Filium
2480 2316 2525 2358 ⁸.

2057 2397 2107 2450 7.
2149 2395 2217 2450 Et
2239 2397 2317 2454 sic
2345 2398 2591 2467 quamvis
2608 2405 2734 2454 ante
2754 2397 2948 2452 saecula
2978 2397 3170 2452 habeat
3201 2399 3538 2454 existentiam
3559 2438 3576 2462 ,

1984 2491 2108 2560 quia
2139 2499 2222 2545 est
2252 2502 2408 2545 natus
2455 2507 2522 2545 ex
2563 2490 2675 2547 Deo
2719 2489 2909 2558 Patre;
2960 2491 3156 2546 dicitur
3199 2501 3374 2547 tamen
3425 2505 3582 2548 natus

1983 2582 2149 2636 etiam
2177 2597 2244 2636 ex
2275 2582 2499 2637 muliere
2528 2582 2825 2637 secundum
2852 2598 3070 2637 carnem
3107 2602 3119 2637 :
3155 2600 3262 2638 non
3291 2585 3432 2653 quod
3465 2584 3580 2652 ejus

1982 2671 2163 2727 divina
2199 2682 2411 2733 natura,
2445 2673 2499 2726 in
2546 2688 2652 2742 qua
2674 2673 3178 2740 consubstantivus,
3215 2675 3298 2729 vel
3327 2689 3580 2729 coessen-

1983 2764 2144 2828 tialis,
2179 2764 2230 2818 id
2257 2773 2359 2831 est,
2402 2763 2673 2836 ὁμοούσιος
2703 2773 2786 2818 est
2832 2762 2998 2828 Patri,
3033 2765 3085 2817 in
3129 2773 3313 2818 sancta
3360 2763 3578 2832 Virgine

1943 2907 1952 2913 .
1981 2856 2212 2924 initium,
2257 2866 2315 2911 ut
2342 2866 2505 2923 esset,
2531 2857 2834 2927 acceperit;
2864 2871 3037 2924 neque
3065 2856 3208 2924 quod
3232 2872 3298 2910 ex
3339 2858 3576 2911 necessi-

1983 2957 2094 3004 tate
2124 2957 2348 3019 propter
2365 2949 2599 3018 seipsum
2630 2947 2866 3002 secunda
2897 2947 3103 3014 eguerit
3129 2947 3423 3013 nativitate,
3455 2956 3577 3017 post

351 3034 404 3086 4.
449 3034 542 3088 Est
568 3043 748 3092 autem
777 3037 881 3092 hoc
899 3046 1045 3093 recte
1073 3037 1408 3106 faciendum,
1444 3041 1537 3095 ltsi
1566 3051 1875 3099 sanctorum
1903 3065 1948 3127 ο
1979 3041 2208 3116 primam
2247 3057 2314 3095 ex
2353 3039 2516 3094 Patre
2562 3039 2780 3112 [Baluz.
2827 3045 2951 3108 post
2991 3035 3270 3108 Patrem]:
3308 3045 3390 3092 est
3429 3038 3575 3092 enim

281 3122 501 3179 Patrum
543 3126 709 3189 libros
740 3127 997 3196 legentes,
1021 3128 1200 3196 magni
1229 3144 1326 3184 eos
1353 3132 1613 3186 momenti
1636 3147 1756 3188 esse
1793 3133 1876 3188 fa-

280 3224 519 3281 teamur;
542 3225 596 3270 et
615 3216 888 3287 probantes
926 3222 1260 3291 nosmetipsos
1275 3263 1290 3289 ,
1311 3225 1358 3278 si
1382 3240 1558 3279 sumus
1576 3226 1630 3279 in
1650 3226 1756 3296 [ide
1784 3225 1869 3298 (ll

281 3306 403 3360 Cor.
441 3323 552 3372 xm,
580 3306 667 3377 5),
717 3309 1009 3364 secundum
1055 3313 1202 3380 quod
1228 3315 1485 3384 scriptum
1513 3323 1623 3383 est,
1655 3317 1870 3374 illorum

275 3397 439 3452 dictis
473 3406 528 3452 et
565 3399 1125 3469 irreprehensibilibus
1163 3403 1399 3462 deﬁnitis
1425 3416 1643 3464 nostros
1679 3424 1872 3466 sensus

273 3489 442 3560 plene
460 3501 621 3558 atque
648 3491 850 3560 optime
878 3493 1216 3550 roboremus.

352 3577 406 3635 ὅ.
449 3581 474 3618 δ
504 3579 758 3636 Sanctum
788 3597 917 3650 ergo
940 3583 1068 3638 illud
1091 3593 1146 3639 et
1173 3600 1423 3655 magnum
1449 3585 1667 3644 Patrum
1686 3592 1872 3647 conci-

277 3673 432 3739 lium,
464 3672 636 3740 ipsum
656 3673 723 3727 de
745 3671 856 3728 Deo
873 3672 1032 3729 Patre
1046 3676 1283 3744 genitum
1316 3679 1610 3734 secundum
1624 3689 1869 3737 naturam

1985 3132 2226 3202 impium,
2261 3130 2676 3202 imperitumque
2723 3129 2776 3184 id
2799 3129 3021 3194 sentire,
3063 3136 3188 3182 ante
3228 3127 3418 3182 sarcula
3461 3128 3576 3182 cxi-

1976 3231 2211 3278 stentem
2239 3231 2294 3278 et
2323 3222 2815 3292 consempiternum
2847 3219 3022 3286 Patri,
3055 3228 3113 3274 ut
3141 3227 3304 3284 esset,
3336 3215 3574 3275 secundo

1976 3316 2157 3372 dicere
2195 3316 2348 3371 initio
2378 3315 2624 3385 eguisse;
2655 3313 2749 3369 sed
2789 3312 2934 3382 quod
2963 3319 3188 3382 propter
3213 3327 3332 3376 nos,
3363 3321 3418 3365 et
3445 3327 3574 3382 pro-

1977 3416 2098 3478 pter
2126 3416 2367 3462 nostram
2397 3407 2646 3472 salutem,
2683 3405 3128 3481 substantialiter,
3157 3405 3242 3459 vel
3265 3405 3572 3461 cssentiali-

1977 3507 2079 3565 ter,
2128 3500 2278 3554 unito
2306 3498 2408 3553 sibi
2448 3497 2686 3563 homine,
2715 3512 2783 3552 ex
2823 3497 3047 3552 muliere
3081 3497 3435 3567 processerit,
3468 3497 3571 3554 hoc

1976 3590 2140 3645 modo
2164 3589 2362 3644 dicitur
2383 3596 2540 3642 natus
2561 3602 2681 3643 esse
2714 3587 2876 3642 etiam
2903 3585 3208 3642 carnaliter.

2037 3665 2101 3735 ’8.
2148 3679 2167 3719 ί
2202 3680 2318 3735 Νοιι
2347 3680 2491 3734 enim
2540 3679 2608 3733 de
2653 3686 2840 3733 sancta
2876 3677 3096 3747 Virgine
3143 3677 3307 3732 homo
3337 3678 3566 3748 primum

1441 3771 1980 3831 CASTIGATIONES
2017 3773 2104 3827 ET
2145 3772 2374 3827 NOTAE.

275 3838 508 3914 tinens-di
549 3840 1017 3914 commorandum,
1046 3854 1206 3908 quam
1228 3842 1548 3898 calumniam
1591 3853 1869 3914 pateretur

273 3909 347 3961 ab
377 3909 747 3986 Alexaudrinis
770 3911 937 3986 tribus
959 3913 1228 3986 (quartum
1250 3914 1395 3986 enim
1406 3909 1863 3986 postea—absolvit)

272 3987 334 4031 ct
367 3979 516 4042 cujus
544 3979 772 4048 impulsu
817 3979 1077 4035 auderent
1114 3979 1683 4040 facinerosi—homines
1707 3979 1863 4041 suum

268 4049 558 4120 prmsnlem
588 4049 772 4120 virum
786 4051 1178 4105 sanctissimum
1206 4054 1478 4108 criminari
1503 4071 1516 4120 ;
1548 4056 1724 4111 nullus
1761 4071 1860 4111 au-

267 4127 386 4171 tem
416 4117 526 4193 scio
555 4120 679 4186 quid
701 4118 949 4193 fefellerit
975 4121 1295 4193 Baropium,
1329 4132 1385 4179 et
1411 4117 1670 4193 sequaces
1700 4127 1856 4190 alios,

263 4195 340 4266 ut
356 4187 704 4266 opinarentur
717 4191 938 4266 erimina
959 4206 1077 4266 quze
1100 4187 1337 4266 Cyrinus
1353 4187 1576 4266 perditis
1599 4196 1704 4250 illis
1731 4187 1862 4266 obji-

264 4255 593 4337 citna’bipsis
610 4255 810 4337 C_yrillo
835 4255 998 4337 fuisse
1025 4255 1236 4337 objecta
1259 4255 1428 4337 (γῐιιε
1444 4276 1593 4320 notas
1613 4266 1685 4320 ad
1709 4255 1859 4337 epist.

263 4344 304 4380 η
335 4325 530 4403 Cyrillo
557 4325 800 4403 scriptam
827 4331 898 4383 ad
923 4347 1040 4403 suos
1069 4325 1324 4403 clericos).

358 4396 412 4474 ﬂ
426 4396 472 4474 ᾼ
491 4396 837 4466 scriptbrihus
854 4402 1240 4474 ecclesiasticis
1259 4396 1540 4459 accusatur
1564 4404 1859 4474 Nestorius,

262 4467 415 4534 quod
444 4468 498 4521 in
526 4479 831 4543 sanctorum
854 4469 1075 4543 Patrum
1104 4473 1252 4528 libris
1281 4490 1467 4543 parum
1498 4484 1641 4530 esset
1669 4467 1858 4532 versa-1

265 4546 396 4615 t_us,_
421 4538 670 4615 quodque
715 4554 810 4615 eos
837 4557 945 4615 prie
972 4538 1392 4615 animi_tuniore
1436 4545 1588 4615 parvi
1624 4545 1855 4614 faceret;

261 4607 522 4685 factionis
543 4609 632 4662 ille
658 4607 876 4685 spiritus
897 4611 1108 4685 impulit
1135 4607 1454 4669 Eutheriuni
1476 4624 1535 4669 ut
1554 4617 1730 4685 primo
1766 4607 1855 4673 se;

261 4677 553 4756 cnndoqne
581 4677 828 4756 sermone
856 4677 1199 4756 inveheretur
1219 4685 1270 4738 in
1300 4701 1395 4756 eos
1421 4688 1506 4756 qui
1534 4677 1858 4741 multitudine

259 4747 381 4834 {eia
420 4752 680 4834 veri-tatem
720 4750 1036 4834 dijudicant,
1079 4747 1463 4834 quiquejuben't
1499 4772 1593 4809 sua
1614 4774 1858 4830 quemque

260 4818 374 4886 ﬁde
411 4828 701 4901 contentum
723 4818 843 4901 non
889 4818 1110 4876 scrutari
1157 4818 1474 4895 Scripturas,
1497 4837 1548 4880 et
1583 4818 1649 4881 ea:
1680 4818 1857 4882 earum

259 4891 570 4958 praescripto
598 4891 755 4961 loqui.
1277 4891 1286 4895 ’
1463 4891 1469 4892 ⁷

259 4957 376 5049 .--Σ
398 4956 851 5049 {remrem}?
879 4961 1320 5049 ινιίιυγςπίιιιξετ
1351 4974 1465 5049 “en
1500 4967 1553 5020 ίη
1581 4968 1851 5049 mser“,

257 5028 465 5118 {me
501 5029 845 5118 suam
883 5028 1178 5118 monachis
1214 5028 1464 5118 esp“.
1507 5028 1854 5118 quaecum

259 5098 468 5170 abusus
495 5107 610 5152 erat
635 5099 911 5156 Nestorius
938 5117 1186 5157 sermone
1210 5098 1390 5170 tertio,
1436 5098 1557 5161 cum
1605 5107 1812 5162 diceret
1835 5127 1849 5162 :

271 5166 378 5244 Vos
402 5177 570 5221 autem
602 5181 801 5244 eportet
837 5187 1003 5244 nosse,
1034 5173 1170 5244 quod
1192 5175 1344 5229 modo
1377 5166 1512 5230 uenit
1535 5179 1591 5231 in
1612 5179 1855 5232 recorda-

261 5238 464 5316 tioiiem.
476 5238 681 5316 concilii
702 5239 924 5316 iVicwni,
949 5238 1084 5313 quod
1097 5259 1347 5316 nusquam
1359 5262 1548 5316 ausum
1562 5256 1640 5302 est
1659 5248 1848 5313 dicere,

260 5309 387 5388 quia
423 5306 645 5390 Verbum
691 5309 828 5390 Deus
874 5306 1052 5390 gntum
1070 5324 1165 5390 με
1205 5306 1271 5368 ea:
1315 5315 1492 5371 Maria
1518 5319 1732 5390 uirgine.
1765 5306 1852 5374 Ait

260 5375 444 5458 enim;
475 5375 742 5458 Credimus
863 5380 1031 5458 Deum
1060 5382 1271 5439 Patrem
1291 5375 1710 5458 omnipotentem,
1742 5398 1848 5444 etc.

338 5457 361 5486 ε
404 5446 769 5529 Reprehendit
795 5451 1198 5529 inscriptionem
1223 5446 1610 5513 calumn'iosam
1637 5446 1854 5529 septimi

260 5519 527 5596 sermonis
559 5519 857 5596 :_r_ldeersus
893 5519 978 5596 eos
1006 5524 1093 5595 qui
1117 5535 1326 5596 propter
1348 5530 1612 5594 unionem,
1648 5519 1740 5583 aut
1767 5531 1851 5585 di-

255 5586 525 5714 igélila‘lem
587 5589 738 5645 Verbi
789 5586 1142 5664 mortiﬁcavit,
1183 5586 1274 5650 aut
1328 5586 1697 5655 humanitatem
1745 5603 1855 5656 dei-

333 5672 402 5711 ακ
429 5697 442 5710 .

299 5667 442 5711 σακε.

1884 4666 1934 4725 D

2043 3843 2070 3882 ά
2109 3844 2166 3897 ln
2187 3843 2375 3899 Graeco
2404 3849 2504 3906 est,
2536 3841 2645 3896 καθ’
2665 3837 2972 3902 ὑπόστασιν,
3003 3851 3164 3906 quam
3185 3853 3370 3893 vocem
3393 3839 3562 3894 inter-

1971 3923 2213 3986 pretatus
2237 3922 2321 3969 est
2349 3913 2615 3986 Mercator
2649 3910 2855 3986 duabus
2884 3909 3107 3963 vocibus
3122 3909 3424 3986 admodum
3453 3911 3563 3964 nsi-

1969 3977 2096 4041 iatis
2140 3985 2246 4040 hoc
2283 3986 2337 4040 in
2367 3983 2604 4052 negotio,
2651 3981 2964 4052 quibusque
2998 3978 3138 4048 apud
3180 3979 3312 4052 alios
3351 3977 3557 4043 Patres,

2005 4056 2265 4112 mserum
2286 4049 2634 4120 recentiores,
2665 4051 2848 4106 Gneca
2878 4049 3038 4118 vulgo
3059 4049 3348 4120 respondet
3376 4052 3559 4106 οὐσιω-

2001 4137 2086 4189 ῶς.
2119 4127 2368 4182 Dicturus
2390 4133 2473 4182 est
2499 4125 2599 4179 sub
2622 4117 2786 4178 linem
2811 4117 3076 4175 Mercator
3109 4136 3123 4171 :
3164 4117 3379 4172 Verbum
3409 4122 3556 4173 carni

1963 4201 2162 4270 unitum
2177 4198 2454 4252 secundum
2469 4196 2760 4270 essentiam:
2784 4191 3088 4270 Notandum
3107 4204 3233 4270 vero
3256 4189 3352 4270 has
3369 4205 3552 4256 voces,

1967 4283 2088 4322 cnim
2109 4268 2285 4323 forent
2311 4282 2484 4328 nova),
2507 4275 2676 4333 atque,
2694 4264 2830 4318 adeo
2858 4262 3034 4333 minus
3063 4259 3364 4333 intellectae,
3398 4275 3554 4315 occa-

1963 4337 2172 4392 sionem
2199 4338 2408 4392 dedisse
2433 4330 2696 4389 haereiicis
2709 4330 2975 4388 struendae
2998 4331 3276 4386 calumnia:
3299 4331 3554 4386 adversus

1961 4407 2242 4463 catholica:
2271 4406 2392 4462 fidei
2430 4404 2759 4469 defensores,
2789 4402 2940 4472 quasi
2972 4401 3266 4471 Apollinari
3304 4410 3395 4454 aut
3423 4401 3552 4455 Ario

1962 4475 2764 4546 consentirentopinantibusin
2782 4475 3040 4546 unitatem
3072 4480 3292 4546 natum,
3323 4473 3551 4546 coivisse

1958 4547 2092 4602 duas
2120 4548 2170 4601 in
2193 4543 2404 4602 Christo
2428 4554 2665 4612 naturas,
2688 4544 2865 4600 Verbo
2893 4559 2994 4614 pro
3019 4543 3192 4596 anima
3215 4557 3431 4596 carnem
3462 4543 3546 4596 in-

1957 4616 2243 4693 formante.
2280 4689 2290 4693 _
2629 4686 2680 4693 __
2764 4686 2774 4693 _
2809 4687 2820 4693 _
3033 4683 3044 4693 .
3224 4681 3235 4693 ,

2037 4698 2059 4726 ο
2099 4685 2322 4743 Omissis
2345 4686 2712 4758 supraverbis
2739 4686 2929 4758 deitate
2948 4693 2996 4738 et
3025 4681 3358 4758 (maximitate,
3391 4680 3550 4758 Balu-

1963 4758 2075 4834 lius
2099 4751 2496 4834 hicaddidiﬁex
2509 4755 2984 4834 Vaticano-codice,
3009 4753 3284 4832 deitatis_et
3304 4751 3546 4834 Immani—

1963 4830 2103 4903 tetis,
2118 4830 2192 4883 ita
2212 4837 2267 4884 ut
2289 4822 2526 4903 haberet,
2544 4827 2636 4882 sed
2655 4822 2817 4903 magis
2839 4825 3035 4903 (Iisdem
3056 4823 3254 4903 nqt‘uris
3277 4822 3548 4903 perﬁciam

1961 4899 2159 4952 tibus...
2191 4916 2348 4953 unum
2373 4898 2645 4953 Dominum
2664 4907 2713 4952 et
2732 4892 2991 4950 Christum
3017 4903 3065 4946 et
3091 4892 3258 4962 ﬁlium
3282 4893 3483 4945 deitatis
3497 4902 3548 4945 et

1961 4969 2318 5035 humanitatis,
2335 4970 2428 5024 sed
2442 4984 2549 5024 non
2562 4978 2728 5024 recte.
2746 4963 3141 5035 Bellovacensis
3158 4971 3385 5035 nontam
3404 4964 3546 5018 male

1959 5039 2270 5106 neglexerat
2286 5031 2572 5108 utrumque
2601 5037 2899 5092 membrum
2932 5054 2944 5086 :
2969 5031 3236 5108 sufﬁciunt
3257 5033 3397 5108 enim
3424 5047 3544 5085 om-

1960 5101 2089 5164 nino
2110 5111 2289 5165 sensui
2308 5110 2472 5164 verba
2484 5101 2673 5184 iisdem
2698 5108 2916 5184 naturis,
2939 5105 3055 5184 sine
3079 5104 3267 5184 deitate
3292 5101 3546 5184 etjzuma-

1957 5180 2146 5244 uitate;
2177 5195 2295 5248 quae
2334 5188 2513 5235 tamen
2533 5179 2769 5234 restituit
2795 5174 3105 5239 Garnerius,
3139 5183 3198 5228 ut
3225 5174 3393 5242 magis
3414 5189 3546 5228 con-

1955 5258 2174 5320 sonaret
2212 5248 2418 5315 Graeco,
2470 5251 2522 5304 in
2554 5265 2663 5320 quo
2691 5257 2821 5304 est:
2854 5251 2974 5318 Οὐχ
3002 5249 3189 5320 ὠςντῆς
3214 5253 3312 5320 τῶν
3340 5248 3540 5320 φύσεσιν

1953 5319 2200 5397 διαφορᾶς
2223 5314 2532 5397 ἀνῃρημένῃς
2562 5314 2649 5397 dici
2685 5314 3009 5397 τήν-ἕνωσίν·
3065 5314 3454 5397 ἀποτελεσαᾲῶν

1956 5388 2140 5465 uicinos
2175 5388 2296 5464 ἡμῖῦ
2316 5388 2419 5448 ’τὸν
2463 5393 2550 5447 ἵνα
2589 5390 2762 5465 κύριον
2787 5392 2980 5465 ἰησρῆν
3026 5391 3374 5465 ΧρίσίτονΔκαὶ
3434 5388 3543 5465 υἱὸξ

1951 5462 2179 5524 θεότητὸς
2208 5459 2280 5519 ’τε
2327 5466 2414 5518 καὶ
2456 5459 2838 5534 direpto-norma;
2882 5459 2964 5514 διὰ
3013 5459 3108 5519 τῆς
3150 5459 3416 5534 ἀφράστου
3462 5459 3543 5512 ml

1955 5532 2246 5580 ἆποὸἆήτου
2269 5535 2400 5580 «ad:
2427 5534 2636 5580 ένότητα
2657 5532 2968 5580 συνδοοιιῆε.
2997 5526 3151 5580 ΕΒΙΤ.

1955 5534 2090 5604 ἀποῤ
2111 5532 2246 5592 cri‘t'ou
2269 5535 2400 5610 πρὸς
2427 5532 2638 5592 ἑνότὴτα
2657 5532 2968 5609 συνδρομῆς.
2997 5532 3151 5583 19011‘-
3218 5532 3228 5534 ν
3355 5597 3386 5610 u

2035 5601 2054 5640 τ
2083 5554 2216 5658 Eum
2248 5605 2484 5660 nondum
2513 5606 2644 5659 satis
2678 5611 2959 5675 perspecta
2988 5606 3132 5654 esset
3158 5597 3386 5675 Nestore
3417 5611 3542 5651 sen-

1959 5675 2143 5744 tentia,
2176 5675 2320 5730 visus
2348 5684 2429 5730 est
2457 5665 2717 5745 pluribus,
2753 5665 2899 5731 omni
2927 5690 2992 5730 ex
3021 5679 3174 5746 parte
3200 5685 3320 5725 cum
3349 5665 3541 5722 Samo-
