3958 6178
428 250 531 305 si)?

941 247 1132 303 MAR"
1175 245 1616 300 MIQRCATORIS
1657 239 2232 299 TRANSLATIUNES
2274 238 2632 295 VARIORUM
2671 237 3206 295 OPUSCULORL'M.

3615 237 3718 292 8L8

432 361 647 434 lBaluz.
681 383 782 421 om.
811 362 1063 436 primum]
1089 372 1170 417 est
1192 370 1372 425 natus,
1398 370 1490 414 aut
1511 361 1673 415 etiam
1703 361 1755 413 iu
1779 360 1866 412 illa
1899 374 2027 413 con-
2055 360 2103 416 Α
2135 354 2393 408 unitatem
2421 362 2691 422 tamquam
2713 353 2797 408 vel
2822 352 3226 423 impossibilem,
3250 351 3335 406 vel
3364 351 3720 416 indecentem,

428 468 638 528 ceptus,
671 467 830 525 atque
858 456 910 508 in
957 469 1078 508 eum
1123 453 1192 506 ita
1225 460 1409 506 natum
1448 451 1756 520 supervenit
1783 448 2019 504 Verbum

428 549 631 610 Patris;
664 547 754 599 sed
777 561 844 598 ex
880 545 996 613 ipso
1027 553 1187 612 atque
1217 545 1267 597 in
1292 545 1406 612 ipso
1430 550 1584 596 utero
1613 542 1821 596 unitum
1861 542 2022 596 susti-

428 641 607 692 nuisse
636 636 870 691 creditur
897 643 950 688 et
984 635 1180 688 dicitur
1212 635 1544 688 nativitatem
1573 633 1862 696 carnalem,
1896 646 2013 701 pro-

426 732 598 800 priam
653 726 891 795 ejusdem
945 725 1124 780 carnis
1180 726 1517 784 nativitatem
1577 724 1791 778 sibimet
1846 723 2018 792 depu-

427 833 566 875 tatis.

498 912 548 965 8.
593 911 682 966 Sic
722 913 897 982 ipsum
943 911 1196 975 dicimus,
1226 918 1279 963 et
1319 927 1533 980 passum
1579 923 1718 973 esse,
1749 916 1804 962 et
1833 922 2016 961 resur-

422 1007 645 1071 rexisse,
681 1022 786 1060 non
810 1006 956 1074 quod
979 1005 1213 1059 Verbum
1237 1005 1329 1058 Dei
1363 1005 1414 1058 in
1445 1019 1541 1057 sua
1577 1011 1764 1056 natura
1792 1001 1861 1054 sit
1890 1015 2016 1069 pas-

419 1113 556 1158 sum,
583 1106 675 1149 aut
697 1096 880 1164 plagas
903 1095 1284 1150 autclavorum
1309 1095 1413 1147 vim
1443 1093 1690 1156 senserit,
1710 1100 1800 1146 attt
1821 1099 2017 1146 extera

426 1188 710 1241 vulnerum
733 1196 998 1242 tormenta
1032 1188 1309 1258 pertulerit
1336 1186 1695 1256 (iinpassibilis
1716 1192 1793 1237 est
1817 1184 2016 1252 quippe

420 1275 698 1342 Divinitas,
723 1277 985 1344 siquidem
1010 1278 1169 1329 etiam
1203 1275 1579 1345 incorporea),
1613 1273 1704 1328 sed
1737 1273 2011 1341 quoniam,

420 1367 565 1433 quod
585 1368 635 1420 ei
656 1370 931 1436 proprium
966 1368 1161 1421 factum
1185 1375 1286 1430 est,
1316 1383 1512 1435 corpus
1536 1375 1614 1419 est
1641 1380 1876 1434 passum,
1902 1363 2017 1418 lucc

420 1457 535 1524 ipse
561 1472 657 1526 pro
680 1458 836 1511 nobis
866 1457 1062 1511 dicitur
1093 1473 1278 1526 passus
1305 1475 1317 1508 :
1351 1467 1466 1511 erat
1496 1457 1638 1510 enim
1675 1456 1762 1510 ille
1787 1455 1877 1523 qui
1909 1454 2012 1508 im-

419 1548 685 1616 passibilis
707 1558 786 1602 est
810 1549 858 1602 in
885 1564 949 1602 eo
976 1565 1205 1617 corpore
1232 1548 1375 1617 quod
1402 1549 1722 1617 patiebatur.

481 1638 531 1692 9.
575 1639 689 1694 Hoc
725 1641 886 1694 modo
934 1648 988 1694 ct
1027 1650 1293 1692 mortuum
1340 1639 1714 1705 intelligimus,
1756 1635 2006 1704 quamvis

2121 445 2470 507 declinemus,
2505 444 2790 513 incipimus
2824 443 2960 497 duos
3001 444 3137 497 ﬁlios
3175 442 3424 497 conﬁteri
3457 461 3470 496 :
3501 445 3725 498 omnino

2121 539 2262 592 enim
2296 552 2515 591 necesse
2545 543 2626 590 est
2648 551 2920 605 separare,
2939 536 3186 590 etdicere
3214 536 3485 589 hominem
3505 537 3724 605 quidem

2122 629 2342 698 speciali
2398 627 2660 682 vocabulo
2711 625 2803 679 ﬁlii
2850 627 3210 690 honoratum;
3263 625 3390 680 illud
3443 642 3569 680 vero
3628 626 3726 681 Dei

2122 721 2355 776 Verbum
2402 721 2619 792 proprie
2659 719 2752 774 ﬁlii
2782 736 2983 774 nomen
3012 719 3190 789 reipsa
3243 719 3553 773 naturaliter
3597 734 3727 789 pos-

2120 813 2314 866 sidere.

2193 902 2276 955 12.
2321 903 2437 956 Non
2462 903 2621 970 igitur
2652 902 2706 956 in
2727 902 2863 957 duos
2898 900 3036 956 ﬁlios
3061 902 3380 957 dividendus
3407 911 3488 956 est
3506 917 3649 956 unus
3670 912 3725 956 et

2121 994 2259 1048 idem
2312 994 2568 1049 Dominus
2614 1001 2802 1049 noster
2845 993 2998 1049 Iesus
3045 994 3336 1050 Christus:
3380 997 3523 1052 nullo
3572 997 3722 1051 enim

2119 1085 2279 1139 modo
2315 1093 2518 1140 rectam
2565 1085 2688 1140 ﬁdei
2729 1087 3027 1152 rationem,
3055 1088 3134 1142 sic
3181 1103 3240 1142 se
3289 1087 3487 1143 habere
3537 1099 3597 1143 et
3643 1089 3724 1144 sic

2118 1177 2338 1241 sentire,
2391 1176 2606 1245 adjuvat
2643 1176 2850 1250 [Baluz.
2901 1179 3023 1232 add.
3075 1178 3461 1250 quemquam];
3501 1181 3723 1238 etiamsi

2092 1271 2380 1351 quispiam
2415 1280 2438 1306 ι
2460 1285 2813 1348 personarum
2843 1271 3219 1326 diﬂ'amandam
3249 1275 3512 1343 putaverit
3534 1275 3724 1328 unita-

2117 1369 2244 1424 tem,
2276 1361 2399 1430 quia
2423 1376 2532 1414 non
2556 1361 2690 1414 dixit
2717 1359 3012 1431 Scriptura,
3045 1363 3192 1431 quod
3225 1363 3317 1418 Dei
3346 1364 3578 1419 Verbum
3610 1366 3720 1422 bo-

2115 1452 2276 1505 minis
2304 1451 2404 1505 sibi
2427 1466 2712 1520 personam
2737 1452 2926 1517 univit,
2952 1453 3048 1507 sed
3066 1453 3192 1520 quia
3216 1452 3415 1508 factum
3437 1463 3515 1509 est
3534 1472 3677 1510 caro
3702 1475 3716 1510 :

2117 1543 2314 1598 factum
2345 1551 2524 1596 autem
2548 1557 2692 1597 .esse
2732 1542 2968 1598 Verbum
2998 1559 3236 1610 carnem,
3272 1546 3400 1599 nihil
3427 1555 3506 1602 est
3539 1549 3717 1614 aliud,

2116 1633 2214 1686 nisi
2245 1633 2369 1702 quia
2420 1633 2576 1687 nobis
2614 1632 2641 1670 δ
2671 1633 2862 1688 similis
2909 1643 2965 1689 et
3005 1634 3224 1706 [Butuz.
3260 1653 3362 1691 om.
3406 1637 3596 1692 similis
3627 1639 3711 1711 et]

416 1731 736 1785 immortalis
764 1733 831 1785 sit
864 1733 1153 1788 secundum
1189 1743 1452 1791 muni-am,
1485 1740 1538 1784 et
1563 1729 1996 1797 incorruptibilis,
2031 1729 2076 1788 Β
2105 1732 2466 1793 comparatus,
2492 1724 2669 1778 carnis
2689 1737 2906 1793 quoque
2932 1734 2987 1780 et
3008 1727 3284 1794 sanguinis
3306 1729 3599 1799 particeps,
3635 1728 3717 1783 fa-

416 1831 473 1874 et
502 1822 630 1885 vita,
663 1829 716 1875 et
743 1821 1054 1884 viviﬁcator,
1077 1821 1214 1873 Deus
1240 1820 1442 1890 multa.
1463 1818 1582 1870 add.
1613 1816 1726 1885 Dei]
1757 1817 2010 1882 Verbum;

412 1910 506 1964 sed
546 1911 798 1978 quoniam
850 1911 1043 1964 iterum
1096 1910 1367 1978 proprium
1417 1907 1533 1976 ejus
1581 1923 1808 1975 corpus,
1841 1908 2013 1977 gratia

416 2002 533 2064 Dei,
567 2002 706 2056 sicut
732 2002 865 2054 dixit
894 2002 1172 2070 apostolus
1204 1999 1417 2063 Paulus,
1451 2015 1543 2067 pro
1575 1997 1808 2050 omnibus
1830 2005 2010 2065 gusta-

413 2097 477 2148 rit
505 2106 718 2148 mortem
750 2093 938 2162 (Hebr.
964 2109 1019 2156 ιι,
1045 2093 1136 2160 9);
1171 2108 1276 2144 non
1305 2089 1448 2159 quod
1473 2088 1534 2142 ad
1561 2092 1675 2154 ejus
1706 2089 1815 2141 lucc
1846 2088 2012 2156 perti-

411 2199 606 2244 nerent
661 2200 906 2243 inituram
949 2189 1222 2254 (namque
1264 2184 1366 2238 hoc
1417 2183 1617 2237 sentire
1665 2182 1747 2233 vei
1795 2180 2007 2245 dicere,

411 2294 630 2333 summa:
677 2277 960 2332 deiuentim
1001 2284 1138 2338 est).
1172 2275 1266 2328 sed
1312 2273 1457 2342 quia,
1510 2280 1646 2327 sicut
1697 2270 1856 2340 paulo
1883 2277 2010 2325 ante

413 2371 543 2436 dixi,
569 2386 696 2425 caro
734 2370 850 2439 ejus
879 2369 1112 2438 gustavit
1137 2377 1385 2421 mortem.

483 2461 567 2514 10.
611 2459 700 2516 Sic
729 2461 890 2515 etiam
923 2468 1234 2526 rcsnrgentc
1262 2472 1442 2518 carne,
1468 2455 1658 2509 iterum
1683 2452 1796 2518 ejus
1825 2467 2007 2507 resur-

410 2552 582 2606 rectio
629 2551 843 2614 dicitur,
880 2566 985 2604 non
1032 2548 1174 2616 quod
1207 2546 1452 2601 inciderit
1493 2547 1544 2598 in
1587 2542 2004 2613 corruptionem,

410 2644 580 2707 absit,
613 2641 707 2697 sed
737 2643 860 2710 quia
889 2641 1035 2710 quod
1063 2639 1378 2704 resurrexit,
1410 2654 1606 2708 corpus
1625 2637 1739 2704 ejus
1769 2647 1846 2691 est
1872 2635 2005 2710 [Ba-

410 2735 516 2787 luz.
550 2750 652 2788 om.
685 2741 768 2787 est
788 2732 822 2801 _].

482 2825 567 2878 il.
611 2824 701 2880 Sic
725 2839 890 2878 unum
919 2820 1190 2880 Christum
1233 2831 1288 2876 et
1335 2822 1617 2876 Dominum
1663 2819 2003 2885 conﬁtemur,

409 2933 517 2972 non
549 2923 818 2984 tamquam
841 2912 1200 2968 coadorantes
1230 2914 1496 2965 hominem
1532 2915 1546 2982 ζ
1561 2909 1740 2963 Baluz.
1771 2926 1890 2964 eum
1916 2908 2002 2981 in]

410 3007 588 3062 Verbo
612 3005 726 3068 Dei,
763 3021 829 3058 ne
871 3004 1026 3058 unius
1055 3001 1271 3075 syllaba:
1314 3002 1618 3060 oetasiooe.
1651 3001 1720 3052 id.
1742 3007 1842 3064 est,
1875 3015 1998 3065 ceu,

411 3099 556 3155 ﬁctio
578 3097 786 3172 [Baluz.
813 3095 1068 3152 sectiouis
1091 3093 1102 3165 Ι
1132 3095 1430 3148 intellectus
1456 3093 1536 3147 ve!
1567 3094 1821 3158 cogitatio
1850 3091 2004 3163 nobis

411 3193 666 3262 obrepat;
699 3189 794 3245 sed
823 3199 1093 3256 tamquam
1127 3203 1287 3239 unum
1330 3195 1380 3238 et
1417 3187 1661 3239 enrndem
1696 3187 1744 3238 in
1779 3194 2010 3250 utroque;

407 3283 714 3347 adoremus,
737 3281 861 3350 quia
885 3297 990 3334 non
1012 3288 1094 3333 est
1115 3278 1346 3331 alienum
1377 3292 1569 3345 corpus
1601 3291 1629 3328 a
1663 3273 1858 3333 Verbo.
1885 3289 2000 3329 cum

407 3391 518 3444 quo
538 3373 692 3429 sedet
709 3372 776 3426 ad
814 3371 1092 3426 dexteram
1133 3367 1329 3421 l’atris.
1358 3365 1469 3419 Non
1511 3376 1702 3419 iterum
1735 3374 2006 3433 tamquam

405 3467 616 3522 duobus
643 3463 1044 3520 considentibus
1075 3461 1212 3523 libis,
1245 3458 1337 3514 sed
1372 3471 1639 3525 tamquam
1682 3475 1788 3512 uno
1817 3473 2010 3512 secun-

409 3561 537 3615 dum
560 3559 818 3614 unitatem
840 3573 962 3612 cum
985 3571 1166 3611 carne.
1192 3554 1246 3610 Si
1269 3554 1411 3609 cuin.
1438 3553 1576 3607 iilam
1602 3555 2004 3608 substantialem

2117 1827 2238 1870 ctus
2281 1825 2365 1871 est
2397 1825 2600 1881 noster,
2633 1833 2895 1887 suumque
2940 1819 3066 1874 fecit
3111 1835 3307 1890 corpus
3352 1829 3631 1888 nostrum,
3662 1830 3723 1877 et

2117 1909 2379 1977 processit
2401 1909 2583 1964 homo.

2190 1999 2273 2052 l5.
2315 1999 2490 2069 Super
2517 2000 2620 2054 hoc
2647 2011 2666 2037 ε
2693 1999 2960 2069 legatione
2979 2003 3133 2070 quasi
3161 2002 3368 2074 [Balu:..
3393 2021 3494 2058 om.
3525 2003 3718 2075 quasi]

2116 2091 2354 2159 fungitur
2381 2091 2578 2159 ubique
2607 2106 2752 2145 sana:
2793 2108 2856 2146 ac
2884 2091 3246 2161 liquidissima:
3275 2093 3395 2148 ﬁdei
3423 2095 3560 2149 ratio
3584 2113 3595 2161 ε
3633 2096 3718 2150 sic

2116 2182 2415 2236 invenimus
2443 2189 2658 2236 sanctos
2687 2183 2928 2252 sapuisse
2954 2181 3170 2249 Patres;
3201 2182 3228 2222 ἀ
3257 2185 3336 2240 sic
3358 2185 3587 2240 ﬁdenter
3613 2185 3717 2242 Dei

2115 2289 2452 2344 puerperam,
2471 2274 2522 2328 id
2543 2283 2643 2338 est,
2675 2275 2912 2330 Θεοτὸκον
2934 2276 3414 2344 pronuntiaverunt
3433 2275 3717 2344 Virginem

2112 2376 2352 2421 sanctam
2388 2383 2400 2418 :
2430 2383 2537 2421 non
2585 2366 2728 2434 quod
2775 2375 2966 2420 natura
3011 2367 3174 2422 Verbi
3203 2367 3296 2423 Dei
3329 2369 3408 2424 vel
3445 2369 3718 2424 Divinitas

2112 2459 2226 2528 ejus
2248 2475 2310 2514 ex
2345 2460 2452 2525 illa,
2485 2468 2718 2523 utesset,
2752 2459 2962 2513 initium
2990 2461 3295 2528 sumpserit,
3319 2460 3409 2516 sed
3429 2469 3716 2529 tamquam

2111 2566 2177 2606 ex
2211 2567 2322 2620 ipsa
2353 2557 2564 2620 sumpto
2594 2566 2824 2620 corpore
2845 2551 3022 2604 anima
3057 2552 3306 2606 rationali
3334 2549 3547 2625 [Belua
3575 2568 3713 2608 cum

2113 2637 2360 2712 ratione]
2389 2642 2654 2705 animato,
2711 2641 2794 2696 cui
2837 2637 3131 2696 secundum
3179 2643 3464 2697 essentiam
3516 2644 3714 2700 unitas

2111 2730 2252 2787 Deus
2285 2730 2533 2796 Verbum,
2566 2731 2857 2785 secundum
2877 2747 3093 2786 carnem
3121 2733 3358 2787 creditur
3380 2741 3550 2788 natus.

2182 2823 2267 2876 Η.
2313 2822 2437 2879 Ilaec
2465 2831 2625 2892 atque
2655 2823 2956 2893 bujusmodi
2978 2840 3046 2878 ex
3071 2825 3334 2880 charitate
3362 2825 3554 2881 Christi
3576 2828 3714 2882 seri-

2107 2915 2198 2979 bo,
2251 2925 2303 2970 te
2334 2914 2540 2987 [8111112.
2571 2931 2674 2969 om.
2700 2913 2775 2986 te]
2803 2916 3102 2986 deprecans
3149 2925 3417 2986 tamquam
3457 2918 3708 2984 lratrem,

2111 3017 2166 3064 et
2194 3010 2469 3064 obtestans
2499 3009 2549 3062 in
2578 3017 2869 3079 conspectu
2911 3009 3024 3076 Dei,
3057 3018 3112 3064 et
3147 3011 3440 3066 electorum
3478 3013 3712 3082 angelo-

2110 3116 2226 3155 rum
2255 3102 2463 3166 bortor,
2503 3101 2612 3155 lucc
2645 3110 2695 3155 te
2725 3101 3036 3161 nobiscum,
3070 3111 3124 3155 et
3171 3101 3363 3172 sapere
3391 3112 3446 3157 et
3471 3104 3708 3173 docere,

2108 3203 2166 3247 ut
2193 3191 2551 3247 Ecclesiarum
2578 3192 2724 3246 salva
2772 3192 2840 3245 sit
2887 3208 2992 3261 pax
3039 3201 3093 3246 et
3132 3194 3440 3259 concordia,
3469 3196 3712 3250 charita-

2102 3291 2282 3357 tisque
2321 3287 2589 3340 vinculum
2625 3286 2989 3341 indissolubile
3017 3294 3330 3356 permaneat
3359 3288 3499 3344 inter
3517 3305 3712 3346 sacer-

2102 3378 2261 3433 dotes
2293 3377 2405 3432 Dei.

2114 3561 2137 3590 ε
2155 3550 2515 3607 EPISTULA
2564 3550 2624 3605 S.
2652 3550 2948 3606 CYRILLI
2963 3551 3305 3608 Alexandrini
3326 3557 3553 3627 episcopi
3583 3555 3601 3594 ί
3625 3558 3707 3612 ad

1588 3680 2132 3740 CASTICATIOSES
2172 3684 2259 3739 ET
2299 3684 2530 3740 NOTAE.

405 3815 592 3862 sateno
617 3804 834 3867 sentire,
862 3810 1022 3868 atque
1051 3800 1186 3854 adeo
1208 3801 1343 3854 velle
1373 3811 1682 3872 naturarum
1715 3800 1989 3872 ambarum

406 3879 656 3932 unionem
689 3876 739 3928 in
769 3875 884 3943 ipso
928 3872 1156 3940 Virginis
1187 3881 1339 3924 utero
1370 3871 1472 3924 non
1506 3887 1622 3923 esse
1655 3872 1865 3943 factam.
1886 3871 1990 3943 sed

410 3950 568 4015 longo
610 3954 733 4015 post
764 3940 1191 4015 tempore,‘cum
1236 3957 1424 4010 nempe
1466 3945 1626 4015 homo
1660 3940 1991 4015 beneﬁcium

407 4011 534 4072 illud
559 4011 762 4070 tantum
785 4011 894 4068 suis
916 4013 1168 4082 operibus
1207 4012 1611 4082 promeruisset.
1650 4012 1779 4082 Qtla:
1809 4011 1990 4082 opinio

405 4089 472 4143 de
520 4087 767 4141 Nestorio
816 4080 1038 4137 adhaesit
1090 4082 1336 4134 omnibus
1381 4080 1490 4133 fere
1537 4081 1987 4141 tieeidenlalilms,

404 4158 682 4222 Cassiano,
708 4156 992 4223 Prospero,
1010 4163 1134 4223 etc,
1170 4153 1331 4204 immo
1360 4151 1600 4219 pluribus
1627 4151 1788 4223 etiam
1810 4148 1994 4204 Orien-

405 4230 634 4290 talibus,
672 4220 977 4293 antequam
1030 4221 1304 4276 Neslorius
1351 4230 1595 4293 mentem
1635 4220 1990 4293 aperiret_d_e

406 4300 602 4352 unione
623 4297 781 4350 Verbi
809 4289 942 4348 facta
973 4293 1024 4346 iu
1051 4294 1278 4361 ipsumet
1299 4301 1564 4360 conieeptu
1585 4289 1813 4361 hominis
1831 4289 1990 4361 (l'ide

404 4369 605 4420 dissert.
658 4366 718 4418 de
765 4366 945 4417 limi-es.
996 4359 1252 4420 Nestora).
1290 4362 1410 4415 llaec
1449 4359 1754 4413 observatio
1794 4359 1989 4413 mirum

404 4445 660 4504 quantum
684 4435 933 4488 conducit
960 4433 1026 4504 ad
1056 4433 1393 4500 intelligenda
1433 4430 1650 4484 Patrum
1696 4429 1837 4504 dicta
1866 4444 1985 4498 qua!

406 4501 457 4559 in
506 4505 769 4576 speciem,
811 4511 920 4556 tam
966 4503 1106 4554 inter
1133 4518 1221 4565 se,
1251 4518 1411 4570 quam
1459 4517 1579 4555 cum
1618 4501 1845 4554 veritate
1893 4516 1991 4569 pu-

404 4587 586 4645 gnant.

477 4663 498 4682 ει
529 4646 712 4700 Cncce
758 4645 911 4698 εἶκαὶ
946 4645 1239 4716 προσώπων
1282 4642 1443 4716 ἔνοᾳιγ
1488 4662 1614 4700 τινες
1643 4639 1986 4716 quantumvis

402 4719 563 4788 aliqui
605 4717 862 4770 unitatem
913 4711 1266 4784 personarum
1308 4711 1600 4773 celebrent,
1643 4727 1737 4764 seu
1779 4711 1984 4779 jactent

405 4790 456 4842 in
488 4789 694 4853 vulgus.

470 4859 494 4896 δ
528 4851 640 4912 vox
681 4855 841 4926 paulo
881 4852 1532 4926 audacior,_eomparatus
1572 4851 1888 4926 diciturpro
1917 4867 1983 4905 eo

397 4929 538 4996 quod
571 4919 878 4998 par-factus.
913 4923 1136 4998 Videtur
1167 4919 1853 4998 Mcreatornparaphrastiee
1882 4937 1983 4998 po-

400 4989 503 5052 tius
533 4989 692 5066 quam
725 4996 789 5049 ad
817 4995 1038 5066 verbum
1067 4991 1388 5066 sententiam
1414 4989 1653 5066 Ciuicam
1679 4992 1980 5066 espressis-

396 5084 453 5121 se
476 5087 486 5120 :
507 5061 584 5121 sic
605 5069 745 5120 enim
774 5065 957 5136 habet,
986 5065 1042 5117 τὸ
1063 5063 1113 5117 δέ
1136 5064 1304 5136 capita:
1324 5063 1548 5132 γενέσθαι
1571 5066 1657 5116 τὸν
1679 5063 1821 5136 λᾲγον
1843 5061 1981 5136 οὐδὲ)

395 5139 565 5208 ἕτερόν
597 5140 726 5197 ἐστι,
757 5139 799 5189 εἰ
829 5140 899 5206 μὴ
929 5132 1009 5208 ὅτέ
1047 5132 1584 5208 παραὶτιλησίωςῂμῖν
1611 5135 1868 5208 siAt-riast
1895 5133 1979 5186 αἷ-

391 5201 550 5280 ,m'o;
599 5212 692 5280 nati
723 5201 934 5280 σαρόερς.
969 5201 1220 5280 Quin'ct_
1256 5201 1515 5280 nomiulla
1552 5201 1732 5280 omisit
1767 5201 1974 5271 postea,

392 5272 542 5346 quasi
574 5272 830 5345 colligens
844 5276 912 5346 _in
940 5273 1314 5346 compendium
1335 5272 1519 5346 Cvrilli
1542 5273 1705 5346 dicta.

465 5361 486 5387 ο
518 5342 783 5420 Ιὶςτιὶεἱὸςο
833 5342 1032 5420 Graeca:
1071 5343 1217 5420 vocis
1245 5342 1522 5420 πρεσϐεύει
1564 5343 1671 5396 vim
1714 5343 1971 5420 retinuit;

391 5420 472 5472 sin
504 5413 678 5472 minus
699 5425 886 5471 exacte
911 5414 978 5468 ad
1003 5413 1366 5474 Latinitate'm,
1399 5422 1545 5468 certe
1571 5413 1976 5468 accommodate

390 5489 456 5543 ad
486 5488 885 5559 exprimendam
908 5486 1091 5559 Cyrilli
1115 5493 1366 5559 mentem.

459 5559 484 5598 ἀ
517 5555 744 5614 Intendit
769 5559 820 5611 in
850 5555 1079 5627 primum
1117 5564 1171 5610 et
1200 5555 1815 5627 qttintttmsermonetn;
1845 5568 1971 5627 nam

376 5625 442 5685 'iu
487 5632 577 5685 illo
611 5621 885 5685 Nestorius
929 5636 1088 5693 negat
1123 5621 1309 5695 aperte
1338 5625 1592 5693 virginem
1613 5621 1736 5695 Adici
1771 5623 1973 5677 debere

390 5702 628 5758 Θεοτόκον
657 5720 669 5766 ;
705 5702 758 5754 iu
782 5699 883 5751 isto
908 5698 1092 5750 metuit
1128 5693 1225 5749 hac
1249 5709 1380 5749 voce
1412 5695 1508 5758 ttti,
1533 5693 1734 5762 quippe
1761 5694 1974 5764 pericu—

2101 3801 2214 3854 losa
2243 3799 2742 3872 :proptereajquod
2768 3800 2918 3854 abusi
2947 3810 3069 3856 sunt
3092 3803 3346 3866 hmretiei,
3373 3806 3695 3872 quibuscum

2102 3871 2315 3924 vitanda
2347 3869 2630 3924 consensio
2659 3869 2745 3931 sit,
2777 3872 2938 3925 etiam
2972 3874 3258 3928 sermonis.
3288 3869 3422 3929 Hinc
3460 3875 3699 3934 Cvrillus

2099 3943 2344 4014 Θεᾳτὸκον
2372 3957 2402 3993 a
2431 3940 2678 3994 Patribus
2713 3948 2769 3995 et
2793 3941 3010 4008 quidem
3035 3941 3261 3998 ﬁdenter
3285 3937 3693 4014 pronuniiatam

2099 4012 2210 4065 rel'e
2218 4020 2281 4063 rt.

2173 4092 2195 4118 ο
2229 4081 2369 4153 Inter
2409 4079 2666 4153 epistolas
2710 4080 2882 4153 sancti
2921 4080 3125 4152 Cyrilli,
3171 4098 3288 4150 qua:
3317 4085 3588 4153 pertinent
3615 4090 3690 4143 ad

2098 4152 2382 4228 concilium
2397 4150 2904 4228 ⁸βῃιιιξξίηιιιη,-ίξιίῖιξ
2933 4150 3060 4228 sunt
3087 4150 3373 4228 historica).
3397 4156 3522 4228 alize
3550 4159 3690 4228 dog-

2102 4223 2328 4293 maticm.
2361 4221 2476 4293 aliae
2511 4220 2691 4293 mixtze
2723 4239 2735 4272 :
2771 4222 3049 4293 historicas
3074 4222 3214 4286 dico,
3245 4240 3364 4293 qua:
3397 4225 3567 4281 lucem
3602 4220 3690 4282 a7-

2103 4292 2278 4345 l'eruut
2316 4291 2474 4366 rebus
2513 4291 2714 4357 gestis;
2755 4291 3110 4366 dogmaticas,
3152 4291 3294 4366 q_ua_i_
3318 4293 3476 4349 ﬁdem
3517 4314 3690 4366 expo—

2101 4370 2264 4423 nunt;
2314 4361 2524 4418 mixtas.
2571 4376 2690 4427 qua!
2739 4363 3015 4429 utriusque
3053 4364 3216 4417 modi.
3250 4364 3376 4418 Haec
3417 4375 3529 4420 tota
3573 4361 3690 4423 fere

2098 4431 2356 4485 historica
2389 4438 2488 4484 est.
2524 4429 2706 4498 Neque
2738 4431 2786 4483 id
2819 4432 3010 4484 mirum
3045 4450 3056 4484 :
3092 4434 3254 4488 habet
3282 4436 3424 4490 enim
3455 4435 3686 4493 formam

2097 4502 2496 4555 commonitorii
2528 4498 2644 4553 ﬁdis
2678 4501 2982 4555 hominibus
3009 4503 3139 4567 dati,
3165 4505 3232 4557 ad
3263 4508 3480 4572 negotia
3510 4509 3564 4562 in
3587 4526 3684 4562 ur-

2098 4573 2165 4626 be
2194 4572 2335 4640 regia
2366 4587 2466 4641 pro
2494 4579 2736 4639 tempore
2766 4580 2820 4625 et
2843 4573 2961 4626 loco
2985 4574 3282 4628 tractanda.

2169 4642 2336 4715 Porro
2369 4649 2547 4715 autem
2579 4641 2768 4694 mirum
2798 4650 3054 4715 quantum
3084 4643 3368 4714 discrepat,
3403 4655 3567 4715 prout
3594 4649 3684 4703 hic

2093 4729 2122 4785 a
2147 4711 2447 4766 Mercatore
2476 4711 2826 4785 interpretata
2851 4712 3060 4785 legit_ur,
3086 4715 3153 4767 ab
3182 4729 3245 4768 ea
3263 4711 3389 4785 qua:
3406 4711 3685 4785 reperitur

2087 4783 2140 4835 in
2180 4792 2406 4851 utraque
2434 4780 2683 4835 versione
2718 4782 2931 4836 concilii
2960 4781 3231 4851 Ephesini.
3271 4780 3489 4840 Peltana
3529 4790 3678 4843 scili-

2086 4861 2173 4906 cet
2200 4869 2262 4922 ac
2294 4845 2554 4913 Romana,
2590 4867 2815 4919 qumque
2845 4853 2896 4906 in
2927 4845 3162 4909 edi-tione
3193 4856 3425 4922 Uperum
3467 4855 3674 4922 Cyrilli,

2089 4931 2198 4976 tum
2231 4921 2417 4976 Latina
2450 4929 2650 4982 vetere,
2687 4930 2795 4974 tum
2826 4925 3128 4978 recentiore
3150 4919 3583 4992 Graeco-Latina;
3615 4939 3680 4984 ut

2087 4993 2288 5067 ideirco
2326 4993 2591 5067 diversam
2635 4999 2817 5067 posset
2845 4994 3053 5067 opinari
3092 4995 3376 5067 quispiam,
3421 4998 3521 5052 nisi
3552 5016 3678 5067 pars

2085 5063 2253 5130 prior,
2283 5061 2579 5130 majorque,
2605 5063 2790 5131 paucis
2817 5061 3446 5128 admodum'immutatis,
3483 5061 3672 5123 eadem

2086 5133 2245 5187 foret.
2286 5131 2436 5186 Unde
2463 5132 2550 5184 vix
2581 5147 2686 5184 non
2718 5132 2953 5187 adducor
2982 5142 3040 5186 ut
3067 5135 3281 5189 credam
3319 5135 3579 5198 Gnecam,
3613 5149 3674 5193 ut

2089 5219 2231 5257 nunc
2270 5203 2484 5270 quidem
2523 5202 2768 5264 habetur,
2807 5214 3116 5270 corruptam
3146 5220 3285 5266 esse,
3327 5217 3382 5260 et
3409 5222 3477 5262 ex
3521 5207 3672 5262 Marii

2087 5273 2402 5328 Mercatoris
2422 5271 2668 5326 versione
2695 5273 3083 5338 corrigendam.
3119 5273 3351 5328 Mariana
3373 5287 3524 5332 certe
3553 5279 3672 5332 lon-

2083 5357 2149 5411 ge
2173 5343 2290 5412 plus
2319 5343 2533 5396 luminis
2560 5341 2714 5395 allert
2743 5343 2980 5397 historiae
3007 5360 3167 5412 quam
3197 5345 3430 5413 vulgata,
3463 5351 3669 5403 minus-

2083 5428 2187 5480 que
2205 5413 2370 5484 habet
2398 5413 2833 5484 perturbationis,
2867 5421 2924 5466 ut
2945 5430 3012 5468 ex
3038 5417 3387 5484 sequentibus
3413 5419 3667 5475 observa-

2083 5483 2317 5537 tionibus
2338 5482 2579 5550 liquebit.

2158 5552 2177 5590 τ
2209 5552 2775 5624 ιηίοόἰιίοηρῌνιιιετιιτι
2805 5554 3016 5608 concilii
3037 5553 3289 5624 Ephesini
3315 5557 3617 5615 inscribitur
3645 5579 3660 5613 :

2081 5624 2161 5676 Ad
2235 5623 2445 5677 clericos
2517 5622 3116 5688 Consumtinopolitnno's
3180 5630 3368 5681 mutuis
3435 5629 3658 5685 discidiis

2080 5695 2453 5765 ronﬂiclantes.
2484 5692 2577 5747 llic
2609 5709 2674 5746 an
2705 5694 2792 5748 ille
2823 5695 3004 5748 titulus
3029 5694 3188 5750 falsus
3211 5697 3298 5760 sit,
3332 5698 3548 5756 dubium
3578 5698 3654 5752 ᾗ.
