3958 6178
251 269 349 327 809

1156 259 1482 318 EPISTOLA
1515 259 1572 315 S.
1612 258 1879 316 CYRILLI
1917 261 2009 316 AD
2047 259 2397 320 CLERICOS.
2437 261 2540 318 (ΞΡ.

3392 261 3496 315 810

317 381 528 436 clericos
557 395 676 434 suos
706 379 1006 433 constitutos
1035 375 1512 446 Constantinopoli;
1541 392 1607 429 ex
1636 374 1816 430 erco
1843 385 1890 444 Α
1921 379 2138 432 eosdem
2167 380 2291 447 quia
2313 387 2367 434 et
2395 379 2508 447 ipse
2530 377 2754 432 dixerim
2786 383 3029 432 sanctum
3057 375 3342 432 concilium
3389 392 3496 430 non

315 467 548 506 sermone
571 466 717 503 versa
743 467 775 502 a
804 448 978 503 Mario
1005 447 1313 501 Mercatore.

319 560 370 614 l.
403 558 528 628 Legi
564 558 768 612 litteras
805 557 996 613 missas
1027 572 1056 611 a
1082 557 1253 620 vobis,
1277 556 1472 624 quibus
1503 555 1663 610 didici
1691 557 1815 624 quia

248 659 273 687 ⁸
295 649 461 704 invidi
488 647 677 710 nostri,
709 645 1078 702 conveniendo
1104 661 1218 709 vos,
1252 644 1520 713 fingebant
1543 659 1602 698 se
1631 660 1815 714 pacem

244 750 406 810 atque
446 739 736 793 amicitiam
775 751 1037 806 quaerere,
1087 744 1142 790 et
1186 736 1364 790 dicere
1404 736 1420 807 [
1454 735 1636 789 Batuz.
1689 736 1813 789 add.

243 830 415 901 quia],
439 831 578 885 sicut
604 828 838 897 bscripsi
868 826 935 880 ad
958 827 1266 888 monachos,
1298 825 1375 879 sic
1398 840 1456 879 se
1484 825 1639 879 fidem
1669 834 1820 880 tene-

243 939 333 978 re:
365 920 558 977 deinde
585 919 652 974 ad
692 918 967 989 proprium
995 931 1210 972 sensum
1242 915 1610 985 respicientes,
1642 913 1820 972 dicere

1919 467 2224 522 meminisse
2251 469 2390 522 illius
2420 467 2700 522 locutionis
2723 477 2745 506 σ
2776 482 2892 536 quae
2921 476 3004 520 est
3021 467 3280 527 Θεοςὸκος.

1988 556 2042 610 2.
2090 557 2202 626 Ego
2241 567 2422 612 autem
2466 558 2682 628 scripsi,
2721 555 2865 626 quod
2909 557 3118 611 etiamsi
3166 573 3270 610 non
3322 557 3502 626 posuit

1921 649 2204 703 concilium
2233 651 2479 704 voculam
2521 650 2678 715 hanc,
2718 648 3101 703 convenienter
3147 655 3324 701 tamen
3375 648 3499 700 fecit

1923 737 2127 810 [Baluz.
2172 757 2274 794 om.
2317 741 2698 795 convenienter
2725 746 2903 792 tamen
2949 737 3094 810 fecit]
3129 757 3140 790 :
3186 738 3314 791 nihil
3356 738 3497 791 enim

1922 843 2108 882 eorum
2137 838 2265 884 tunc
2303 829 2476 884 fuerat
2497 838 2720 892 motum,
2752 843 2851 881 nec
2878 827 2933 880 in
2971 827 3202 881 medium
3233 827 3327 880 fuit
3365 843 3501 895 opus

1924 920 2103 976 all'erri
2123 923 2266 992 quod
2297 923 2387 977 illo
2418 923 2470 977 in
2499 930 2740 991 tempore
2769 919 2986 974 minime
3012 920 3367 987 quaerebatur.
3399 919 3500 972 \‘c-

1409 1045 1950 1108 CASTIGATIONES
1987 1053 2075 1108 ET
2111 1052 2339 1108 NOTAE.

241 1170 392 1225 ciunt
428 1165 771 1234 conjecturae
799 1161 851 1216 in
906 1168 1188 1234 utramque
1219 1168 1431 1234 partem
1488 1177 1595 1234 non
1635 1163 1818 1234 leves.

311 1237 420 1291 Pro
449 1231 652 1303 vulgari
677 1232 820 1297 facit,
843 1231 1070 1303 primum
1093 1231 1234 1298 quod
1264 1239 1507 1303 repertus
1534 1233 1603 1285 sit
1631 1232 1682 1287 in
1706 1249 1822 1286 om-

243 1309 402 1362 nibus
429 1299 629 1360 Graa'cis
648 1299 938 1363 codicibus,
961 1300 1074 1353 sive
1101 1315 1237 1368 quos
1260 1299 1510 1354 Peltanus
1529 1303 1818 1368 consuluit,

239 1379 355 1432 sive
382 1377 578 1444 quibus
604 1384 838 1444 est_usus
862 1370 1150 1444 Autbertus
1186 1371 1236 1444 i_u
1261 1371 1570 1444 accuranda
1588 1369 1820 1444 Operum

239 1439 426 1518 Cyrill'i
463 1442 874 1518 Graeco-Latina
905 1439 1160 1518 editione.
1192 1439 1391 1518 Deinde
1429 1441 1574 1518 quod
1603 1439 1668 1495 ex
1704 1443 1820 1518 ipso

241 1507 396 1571 initio
418 1513 658 1580 epistola:
679 1511 868 1579 conjici
891 1509 1058 1580 possit
1077 1507 1701 1579 Constantinopolitanos
1721 1507 1824 1566 cle-

239 1588 383 1640 ricos
411 1580 480 1638 ad
507 1582 762 1653 Cyrillum
791 1581 992 1649 scripto
1029 1589 1248 1653 questos
1283 1594 1401 1634 esse
1440 1580 1533 1653 de_
1547 1580 1815 1646 Nestorio,

240 1671 340 1710 nec
367 1655 470 1707 alia
501 1649 696 1719 printer
724 1652 861 1704 hanc
888 1650 1166 1718 responsio
1193 1658 1468 1718 appareat.
1491 1649 1644 1714 Tum,
1676 1653 1818 1719 quod

241 1725 330 1778 libi
361 1725 429 1778 de
472 1719 718 1776 Nestorio
755 1735 933 1774 sermo
961 1726 1060 1783 est,
1095 1719 1176 1773 bis
1203 1719 1502 1787 appelletur
1529 1734 1713 1773 eorum
1752 1721 1819 1775 ad

238 1810 380 1862 quos
413 1792 666 1862 scribitur
693 1791 996 1862 episcopus:
1026 1788 1284 1862 Denique,
1317 1789 1460 1862 quod
1489 1790 1691 1862 mentio
1729 1789 1822 1862 fiat

240 1857 407 1917 libelli
440 1857 929 1930 cujusdam—contra
956 1858 1255 1930 Nestorium
1284 1859 1357 1930 ab
1386 1857 1450 1912 iis
1462 1859 1661 1930 quibus
1689 1861 1821 1914 scri-

239 1933 386 1986 bitur
405 1926 710 1999 compositi,
734 1938 787 1983 et
810 1927 1221 1996 imperatoribus
1240 1926 1515 1982 ofl'erendi.
1551 1927 1819 1999 llunc‘au-

243 2012 354 2055 tem
394 1997 682 2056 crediderit
719 1999 910 2068 aliquis
945 1999 1190 2068 eumdem
1221 2011 1352 2068 esse
1392 2011 1455 2052 ac
1491 1998 1581 2066 qui
1621 1997 1822 2068 aiCono

239 2069 735 2140 stantinopolitanis
773 2064 984 2123 oblatus
1012 2064 1179 2121 fertur
1208 2067 1247 2138 (l
1280 2075 1415 2136 part.
1446 2064 1590 2121 conc.
1627 2067 1818 2138 Ephes.

239 2158 288 2194 ο.
319 2143 400 2194 5).

311 2145 457 2264 gent
483 2224 610 2263 vero
643 2207 801 2276 longe.
844 2207 996 2275 plura
1025 2205 1375 2274 gravioraque
1412 2206 1677 2261 rationum
1707 2223 1824 2262 mo-

237 2289 450 2341 menta,
475 2295 572 2349 pro
595 2277 924 2349 restituendo
942 2277 996 2349 in
1021 2277 1195 2349 locum
1216 2276 1454 2349 alterius,
1477 2276 1568 2344 qui
1595 2277 1821 2349 subrep-

236 2353 312 2404 sit
337 2344 578 2402 Mariano
608 2348 762 2401 titulo
788 2364 807 2416 7:
842 2345 902 2397 l0
932 2344 1161 2416 Cyrill_us
1188 2361 1314 2416 suos
1336 2385 1352 2409 ,
1374 2347 1506 2416 sive
1534 2344 1823 2415 apocrisia-

236 2423 373 2482 rios,
401 2420 515 2473 sive
537 2425 756 2484 agentes
783 2415 837 2470 in
864 2414 1022 2470 rebus
1055 2414 1318 2485 [Egyptian
1353 2414 1619 2478 diiecesis,
1650 2416 1819 2470 babe-

241 2493 340 2544 bat
360 2503 574 2553 semper
595 2487 646 2540 iu
669 2487 798 2540 urbe
812 2485 977 2553 regia,
993 2491 1046 2538 et
1069 2484 1132 2538 iis
1151 2484 1486 2553 potissimum
1509 2485 1826 2540 turbulentis

243 2504 340 2544 nat
360 2505 473 2542 sem
515 2504 574 2542 er
595 2504 646 2540 ιιι
669 2504 798 2540 urne
812 2504 977 2553 regia,
993 2504 1046 2538 ει
1069 2504 1132 2538 us
1151 2504 1486 2553 pOtlSStmum
1509 2504 1822 2540 llll'DlllcnllS

238 2504 576 2628 temporibus
616 2556 887 2624 indigebat
930 2554 1046 2608 fidis
1084 2561 1245 2628 atque
1273 2554 1548 2628 industriis
1575 2555 1664 2624 qui
1694 2570 1822 2624 pru-

237 2623 440 2683 denter
480 2623 842 2696 explorarent,
881 2632 937 2678 et
971 2639 1150 2696 rerum
1189 2623 1823 2696 incl_iuationes,’ctiqua

236 2699 459 2753 ratione
485 2692 882 2768 deciiiiarentur
903 2692 1322 2768 artesNestorii,
1357 2711 1462 2768 non
1493 2703 1698 2768 tant_um
1719 2692 1824 2768 Cy-

241 2769 392 2832 rillo,
417 2767 510 2821 sed
532 2767 691 2820 etiam
717 2764 837 2818 ﬁdei
865 2764 1153 2835 perniciem
1186 2764 1470 2835 molientis.
1503 2764 1565 2817 2°
1587 2764 1823 2835 Episto'la

237 2839 475 2891 formam
504 2837 666 2889 habet
693 2832 1108 2904 commonitorii,
1151 2832 1309 2900 eique
1339 2835 1496 2902 plane
1534 2832 1826 2904 respondet

235 2907 392 2976 quod
422 2905 648 2976 Cyrillus
688 2903 835 2958 dedit
865 2901 1090 2976 Eulogio
1128 2901 1440 2976 presbytero
1469 2920 1566 2959 suo
1607 2901 1659 2959 Ill
1692 2907 1824 2961 urbe

277 2985 373 3031 ost
426 2973 696 3046 peractum
750 2973 1039 3028 concilium
1085 2974 1317 3027 versanti
1358 2974 1457 3094 ἧιιι
1496 2983 1630 3045 part.
1676 2991 1820 3029 conc.

277 3046 445 3094 .‘nhes.
479 3063 522 3094 ι’.
557 3045 666 3094 37).
695 3042 923 3094 Suberat
945 3058 1074 3094 vero
1113 3057 1326 3094 omnem
1395 3043 1514 3094 dem
1544 3044 1610 3094 ab
1649 3044 1820 3094 alieno

277 2993 373 3031 OSI
426 2993 696 3046 pernotum
750 2993 1039 3028 COIICIIIUIII
1085 2993 1317 3027 γει-δριηιι

237 2993 445 3125 ἓρὴεεε
479 3063 522 3098 c.
557 3045 666 3114 37).
695 3042 923 3125 Superat
945 3058 1074 3124 vero
1113 3057 1326 3125 omnem

236 3113 475 3186 przesule
504 3113 1014 3186 commonitorium,
1049 3113 1318 3186 immomet
1357 3114 1818 3186 procurationem,

235 3181 367 3240 dari
388 3185 595 3239 clericis
618 3183 838 3237 alterius
860 3181 1127 3253 Ecclesiae,
1153 3189 1208 3253 et
1229 3181 1371 3253 illius
1390 3183 1679 3252 praesertim
1705 3199 1824 3253 qua:

238 3254 452 3310 invidia
494 3253 762 3307 laboraret
799 3266 924 3319 erga
963 3251 1401 3322 Alexandrinam,
1428 3253 1480 3306 Ill
1527 3264 1631 3322 qua
1677 3251 1825 3310 certe

235 3325 405 3379 multi
446 3323 618 3376 adhuc
655 3323 947 3392 existerent
991 3321 1188 3374 addicti
1225 3319 1628 3392 Chrysostomo,
1672 3324 1824 3392 cujus

241 3409 450 3448 nomen
479 3392 694 3446 vixdum
724 3391 952 3461 Cyrillus
981 3399 1273 3461 receperat.
1299 3391 1360 3444 ὖδ
1392 3391 1466 3446 De
1490 3393 1600 3446 suis
1623 3391 1825 3448 calum-

242 3463 550 3518 niatoribus
579 3459 952 3514 Alexandrinis
979 3459 1207 3530 Cyrillus
1243 3461 1462 3529 perinde
1493 3463 1727 3530 loquitur
1762 3479 1826 3518 ac

237 3534 321 3587 de
342 3532 646 3585 hominibus
667 3531 822 3585 valde
844 3530 983 3583 uotis
1004 3529 1143 3598 apud
1165 3545 1260 3583 eos
1284 3531 1477 3598 quibus
1498 3529 1700 3584 scribit.
1727 3531 1826 3587 Us-

239 3617 358 3671 que
395 3602 602 3655 adeone
630 3615 758 3671 vero
797 3598 1137 3671 Alexandrini
1167 3599 1560 3671 innotescerent
1599 3601 1827 3671 homini-

241 3669 354 3726 bus
382 3672 539 3738 longe
569 3670 774 3740 positis,
811 3677 870 3722 ut
896 3669 1058 3740 verbo
1095 3669 1315 3723 indicari
1342 3671 1593 3740 possent?
1621 3669 1682 3722 4ο
1713 3671 1826 3726 Etsi

241 3743 436 3812 plures
461 3737 674 3812 exstant
700 3738 881 3812 Cyrilli
920 3738 986 3792 ad
1009 3737 1640 3812 Constantinopolitanos
1666 3741 1825 3795 cleri-

243 3810 346 3865 cos
385 3810 644 3879 epistolae,
677 3810 778 3862 alia
808 3817 986 3862 tamen
1027 3810 1171 3862 nulla
1201 3810 1564 3879 responsionis
1603 3810 1824 3865 formam

245 3881 418 3934 habet
441 3895 600 3948 quam
628 3895 747 3948 qua:
792 3879 1008 3948 scripta,
1028 3886 1108 3932 est
1136 3895 1258 3932 ann.
1290 3879 1412 3945 430,
1448 3880 1588 3934 circa
1618 3887 1829 3934 autum-

248 3966 404 4014 num,
436 3947 501 4003 ex
531 3947 1138 4020 concilio‘Alexandrino
1169 3949 1361 4020 (lipa‘rt.
1391 3966 1534 4004 conc.
1562 3949 1752 4020 Ep/ies.
1779 3967 1823 4004 τ.

242 4020 368 4087 27),
403 4020 566 4072 immo
600 4033 698 4072 nec
727 4017 828 4070 alia
857 4017 1031 4086 potuit
1066 4031 1184 4071 esse
1213 4017 1532 4086 bujusmodi,
1567 4017 1688 4074 cum
1719 4021 1830 4076 hinc

249 4092 394 4158 ipsa.
419 4088 569 4156 Cujus
590 4088 748 4142 modo
774 4087 1129 4158 meminimus,
1147 4087 1391 4142 videatur
1411 4089 1587 4145 dicere
1607 4099 1830 4146 eatenus

246 4156 288 4212 εἰ
327 4157 529 4229 Cyrillo
568 4173 880 4229 responsum
917 4173 1023 4210 non
1051 4156 1210 4212 fuisse
1237 4158 1551 4229 clericorum
1581 4160 1724 4214 urbis
1746 4176 1831 4214 re-

249 4230 356 4296 gize
377 4227 668 4297 'querelis.’
691 4227 814 4280 llzec
841 4236 1018 4280 autem
1055 4241 1215 4298 quam
1244 4228 1500 4298 habemus
1526 4245 1634 4298 prie
1663 4231 1830 4284 mani-

249 4302 377 4362 bus,
405 4296 554 4368 anno
570 4306 682 4350 toto
703 4298 848 4366 prius
869 4298 1029 4368 missa
1049 4306 1150 4351 est.
1176 4296 1230 4346 5°
1252 4297 1308 4350 ln
1329 4298 1430 4351 hac
1451 4296 1561 4368 ipsa
1583 4299 1826 4368 epistola,

250 4378 423 4440 prout
440 4383 482 4440 _a
513 4366 807 4440 Mercatore
835 4382 991 4420 versa
1019 4367 1229 4440 legitur,
1265 4366 1644 4440 tantum—abest
1664 4369 1830 4440 utidi-

248 4417 414 4493 Eatur
436 4436 708 4491 Nestorius
735 4417 1828 4506 eoniii"maiestatijaiinggain;
1859 4417 1908 4477 ι)

250 4509 440 4586 batur,
475 4516 530 4560 ut
571 4507 748 4576 potius
785 4522 892 4559 uno
936 4507 986 4560 in
1030 4503 1148 4586 loco
1186 4503 1608 4586 de’sepjrillus
1633 4508 1836 4565 diserte.

253 4579 530 4645 loquatur,
569 4591 732 4646 seque
779 4591 964 4629 eorum
1003 4577 1069 4628 ad
1107 4591 1242 4646 quos
1277 4576 1479 4639 scribit,
1521 4578 1830 4646 episcopum

252 4656 438 4700 vocet.
470 4646 531 4697 6°
555 4645 737 4700 Nullus
759 4661 975 4715 precum
997 4645 1204 4699 libellus
1233 4645 1595 4715 imperatoria
1623 4645 1832 4701 clericis

255 4717 411 4770 urbis
448 4715 604 4783 regia:
638 4715 848 4770 oblatus
878 4715 1100 4783 legitur;
1128 4715 1220 4769 sed
1258 4715 1435 4784 potius
1477 4732 1507 4769 a
1535 4717 1828 4781 monachis,

231 4779 493 4854 ‘quorum
511 4779 626 4839 dux
651 4785 872 4839 Basilius
901 4779 1333 4839 archimandrita.
1357 4785 1531 4850 Quare
1558 4787 1724 4854 siqua
1749 4779 1830 4840 foé

253 4865 345 4910 ret
374 4856 664 4926 necessitas
685 4855 882 4926 fatendi
911 4856 1189 4926 epistolam
1211 4871 1241 4908 a
1262 4855 1461 4926 Cyrillo
1483 4855 1733 4926 scriptam
1761 4855 1832 4926 ad

253 4941 358 5005 eos
377 4925 475 5005 _qui
512 4923 747 5005 libelium
780 4923 1009 5005 oblaturi
1042 4933 1239 5005 esseni,
1268 4923 1517 5005 scriptam
1543 4923 1724 5005 utique
1752 4924 1830 4976 fa-

259 4995 483 5048 tendum
516 5001 677 5056 esset,
705 5009 809 5046 nou
844 4993 908 5046 ad
938 4993 1162 5048 clericos
1185 4993 1826 5063 Constantinopolitanos,

255 5079 370 5132 qua
411 5063 760 5131 generalitate
802 5064 964 5127 vocis,
1009 5072 1101 5116 aut
1144 5073 1285 5118 totus
1323 5063 1514 5128 clerus,
1557 5073 1648 5118 aut
1687 5072 1831 5118 certe

258 5149 391 5203 pars
429 5134 618 5203 melior
652 5132 982 5199 intelligitur,
1025 5134 1118 5187 sed
1146 5133 1210 5187 ad
1241 5134 1548 5197 monachos,
1586 5149 1616 5188 e
1641 5134 1832 5202 quibus

262 5202 410 5259 inter
433 5202 708 5263 diaconos,
732 5203 1174 5270 quemadmodum
1205 5212 1260 5256 et
1281 5203 1422 5256 inter
1445 5204 1691 5263 lectores,
1714 5204 1832 5271 qui-

257 5276 387 5329 dam
412 5280 581 5326 erant.
611 5271 866 5339 Denique,
891 5272 1153 5325 minorem
1181 5272 1334 5326 fidem
1367 5282 1637 5326 merentur
1663 5272 1832 5327 Gnnci

258 5342 480 5398 codices
519 5341 678 5407 longo
705 5350 824 5410 post
861 5350 1102 5410 tempore
1137 5342 1407 5410 exscripti,
1440 5357 1598 5410 quam
1639 5342 1835 5396 Marius

263 5413 536 5467 Mercator
563 5411 842 5481 epistolam
864 5420 988 5465 tunc
1018 5426 1154 5480 pene
1181 5426 1301 5465 cum
1329 5411 1652 5466 scriberetur
1679 5413 1836 5466 inter-

303 5491 526 5536 retatus.

264 5500 573 5620 Ψῗὲξιῖιῖίις
599 5550 903 5620 scriptionis
932 5565 998 5603 ex
1031 5565 1097 5604 eo
1125 5549 1278 5604 facile
1307 5549 1636 5619 intelligitur.
1667 5550 1751 5604 Fit
1781 5551 1833 5604 in

268 5636 387 5701 Ipsa
414 5621 634 5701 mentio,
653 5629 714 5701 et.
731 5636 924 5701 sparsae
945 5621 995 5673 ili
1012 5621 1142 5673 urbe
1160 5620 1612 5701 Cyrilliepistoim
1632 5621 1696 5674 ad
1718 5637 1835 5674 mo—

270 5681 473 5747 nacbos
504 5689 737 5758 A'ngpti,
762 5681 984 5756 indeque
1014 5681 1317 5744 exacerbati
1343 5681 1597 5757 Ne'storii;
1631 5702 1682 5745 et
1717 5705 1831 5745 res-

557 5779 823 5838 Pnnoc.
872 5779 1152 5840 XLVIII.

1925 1167 2202 1236 pousionis
2224 1183 2252 1220 a
2277 1165 2469 1220 Photio
2499 1167 2566 1221 ad
2595 1167 2876 1236 epistolam
2906 1165 3093 1236 editae;
3119 1174 3171 1236 et
3195 1164 3498 1236 libellorum

1923 1234 1990 1290 ab
2021 1236 2394 1290 Alexandrinis
2423 1234 2897 1290 calumniatoribus
2937 1236 2987 1288 iu
3025 1234 3279 1304 Cyrillum
3313 1234 3521 1287 Nesto-“

1923 1306 2004 1386 rio
2025 1314 2428 1386 ροῐϊυοιοτυῐεμ
2460 1315 2514 1359 et
2536 1306 2700 1386 habiti
2726 1321 2754 1358 a
2779 1306 3024 1386 Nestorio
3047 1304 3326 1384 sermonis,
3347 1304 3501 1372 cujus

1923 1374 2131 1430 initium
2173 1385 2256 1431 est
2301 1394 2312 1428 :
2357 1374 2724 1439 Contumelias,
2768 1384 2872 1430 etc.
2918 1374 3048 1428 Eam
3089 1374 3249 1440 igitur
3288 1384 3501 1443 oportet

1923 1454 2045 1516 post
2068 1447 2177 1516 ista
2205 1447 2459 1516 scriptam
2489 1445 2679 1516 fuisse._
2701 1454 2859 1513 atque
2882 1444 3021 1516 adeo
3052 1460 3154 1496 non
3180 1450 3304 1496 ante
3349 1460 3499 1516 men-

1922 1513 2036 1570 Isem
2067 1513 2412 1569 Februarium
2435 1530 2560 1568 ann.
2588 1513 2709 1578 430,
2734 1530 2854 1568 cum
2877 1515 2988 1582 ipsa
3021 1528 3086 1567 eo
3117 1529 3284 1580 usque
3315 1515 3501 1581 perdi:-

1925 1593 2008 1639 cta
2038 1586 2177 1649 sint;
2207 1586 2368 1638 immo
2391 1599 2508 1638 cum
2533 1584 2670 1638 idem
2694 1592 3066 1652 argumentum
3095 1584 3384 1643 contineat,
3415 1595 3499 1637 at-

1852 1675 1894 1733 B
1923 1669 2028 1722 que
2053 1654 2284 1733 secunda
2311 1652 2492 1733 Cyriiii
2517 1654 2580 1706 ad
2612 1653 3178 1733 Nestorilim'epistola,
3211 1653 3502 1733 necipsiils

1923 1721 2101 1778 tamen
2125 1725 2283 1779 faciat
2310 1721 2656 1785 mentionem,
2691 1739 2810 1776 cum
2842 1721 3066 1777 faciendi
3097 1723 3388 1774 necessitas
3421 1722 3502 1774 fo-

1922 1801 2024 1857 ret,
2056 1795 2102 1847 si
2126 1795 2285 1848 modo
2313 1793 2513 1847 veritas
2545 1801 2837 1861 pateretur,
2866 1793 3104 1861 oportuit
3131 1790 3390 1860 profecto,
3418 1793 3501 1844 vel

1923 1871 2047 1917 ante
2069 1865 2236 1932 ipsam
2259 1863 2438 1926 scribi,
2465 1863 2548 1916 vel
2569 1878 2689 1932 cum
2712 1863 2826 1930 ipsa
2848 1862 3100 1916 secunda.
3126 1861 3284 1928 Atqui
3308 1863 3502 1930 episto-

1925 1932 1974 1986 la
2008 1930 2307 1987 Nestorium
2338 1930 2808 2002 monuitCyrillus
2845 1932 2944 1986 sub
2984 1931 3191 2002 initium
3223 1946 3348 1984 ann.
3375 1932 3496 1992 430,

1923 2017 2108 2056 mense
2137 2002 2356 2066 Mecbir,
2400 2017 2495 2057 seu
2529 2001 2849 2067 Februario;
2879 2002 2946 2056 ad
2966 2002 3069 2057 hoc
3097 2001 3255 2070 igitur
3294 2009 3503 2070 tempus

1923 2072 2067 2140 quod
2097 2081 2220 2141 ante
2247 2072 2476 2126 diximus
2504 2071 2753 2141 pertinet.

1997 2150 2024 2179 ἰ
2050 2141 2106 2194 lu
2123 2140 2313 2196 Cra-co
2335 2150 2484 2196 textu
2505 2138 2604 2210 pro
2629 2141 2818 2194 invidis
2838 2141 3147 2195 nominatur
3167 2138 3498 2205 Anastasius,

1925 2210 2163 2281 impurus
2183 2212 2270 2265 ille
2293 2213 2586 2282 presbyter,
2613 2210 2841 2264 Nestorii
2862 2211 3157 2282 syncellus,
3178 2211 3502 2282 etcousilio-

1924 2279 2040 2333 rum
2063 2279 2348 2349 particeps,
2374 2279 2695 2348 bairesisque
2723 2279 3034 2349 spargendze
3055 2279 3379 2340 administer,
3404 2281 3493 2346 qui

1925 2364 2045 2403 cum
2076 2349 2353 2404 Antiochia
2376 2350 2676 2404 venientem
2700 2349 3001 2403 Nestorium
3023 2349 3305 2402 comitatus
3334 2357 3494 2410 esset,

1924 2419 2144 2542 Erimus,
2178 2420 2223 2473 si
2251 2435 2353 2488 qua
2384 2419 2514 2474 fides
2543 2419 2810 2472 historicis
2846 2417 3065 2481 Graecis,
3105 2434 3264 2472 ausus
3290 2428 3372 2472 est
3401 2435 3499 2487 pu-

1963 2489 2063 2542 lice
2093 2489 2144 2542 in
2173 2490 2397 2542 ecclesia
2441 2502 2634 2542 neaare
2663 2488 2872 2542 beatam
2902 2487 3172 2542 Virginem
3215 2503 3332 2542 esse
3373 2488 3499 2541 Dei--

1963 2489 2063 2543 lice
2093 2489 2144 2542 in
2173 2487 2397 2543 ecclesia
2441 2502 2634 2556 negare
2663 2488 2872 2542 beatam
2902 2487 3172 2555 Virginem
3215 2503 3332 2542 esse
3373 2488 3500 2541 Dei--

1926 2573 2130 2627 param,
2162 2559 2275 2613 sive
2303 2559 2355 2613 id
2391 2559 2442 2613 in
2471 2558 2758 2627 collatione
2793 2556 3070 2627 ell‘udcrit,
3090 2566 3220 2627 :estu
3263 2558 3502 2626 disputa-

1928 2626 2090 2682 tionis
2131 2629 2402 2699 abreptus,
2419 2637 2492 2699 fut
2531 2628 2703 2699 innuit
2740 2626 3157 2699 Soc_ratcs_(Lib.
3193 2643 3278 2690 vn,
3311 2646 3361 2699 r.
3387 2629 3498 2694 57),

1926 2699 2039 2753 sive
2066 2695 2320 2768 scriptam
2354 2713 2383 2752 a
2415 2697 2660 2768 Nestorio
2689 2697 2963 2768 homiliam
2993 2695 3365 2768 legerit,_quod
3393 2707 3500 2750 tra-

1927 2768 2004 2823 dit
2033 2765 2386 2838 Theophanes
2425 2767 2861 2838 (Inchronolog.
2881 2765 2951 2838 ad
2978 2783 3102 2838 ann.
3125 2765 3281 2838 Διίέ8).

1998 2838 2115 2892 Dixi
2145 2834 2292 2904 vero,
2323 2836 2366 2892 si
2391 2834 2495 2906 qua
2527 2835 2655 2891 fides
2678 2834 2946 2906 historicis
2967 2835 3166 2906 (ἔπτηξε
3198 2853 3210 2887 :
3246 2851 3365 2888 nam
3395 2834 3500 2906 Cy-

1927 2908 2076 2962 rillus
2115 2908 2228 2962 vult
2269 2924 2298 2961 a
2341 2905 2612 2962 Do’rotheo
2641 2905 3043 2974 Martianopolis
3080 2921 3125 2973 ei
3151 2905 3332 2972 ἱεροί-ο
3364 2905 3501 2960 hanc

1927 2978 2326 3059 blasphemiam'
2352 2977 2773 3059 pronuntiatam,
2820 2975 3066 3055 Nerlf'II‘IO
3105 2984 3364 3059 plu-sciite
3402 2991 3502 3029 nec

1395 3043 1514 3096 dem
1544 3044 1620 3124 ab.
1649 3044 1822 3100 alieno
1850 3044 1896 3107 C
1927 3043 2280 3124 improbante.
2306 3043 2395 3100 Lis
2415 3055 2702 3124 utcumque
2725 3044 2973 3124 componi
3002 3045 3505 3124 putestLSiAnasla-

1926 3113 2036 3172 sius
2055 3118 2264 3171 dicatur
2284 3129 2506 3184 negasse
2528 3115 2731 3184 primus
2751 3113 3021 3182 Virginem
3045 3129 3163 3167 esse
3190 3115 3498 3183 Deiparam;

1926 3189 2130 3257 primus
2170 3187 2453 3241 anathema
2493 3185 2793 3240 Dorotheus
2833 3185 3260 3252 prouuntiavcrit
3304 3185 3354 3238 in
3406 3203 3502 3238 eos

1926 3259 2018 3326 qui
2048 3257 2098 3311 id
2123 3265 2441 3312 assererent.

1997 3325 2307 3381 Anastasius
2327 3342 2488 3398 porro
2510 3326 2597 3398 ille
2625 3333 2708 3398 est
2729 3338 2886 3398 quem
2910 3321 3190 3398 Charisius
3211 3324 3390 3398 retulit
3408 3323 3506 3398 dc-

1927 3396 2068 3451 disse
2095 3414 2198 3452 una
2220 3393 2343 3452 cum
2367 3396 2556 3450 Photio
2586 3397 2764 3450 itidem
2794 3393 3022 3448 Nestorii
3053 3393 3384 3456 administro,
3412 3394 3503 3448 lit-

1928 3474 2072 3520 teras
2092 3467 2573 3521 commendatorias
2593 3465 2796 3520 Jacobo
2818 3472 2872 3516 et
2893 3463 3122 3517 Antonio
3145 3464 3212 3516 ad
3238 3462 3504 3517 Philadel-

1926 3537 2198 3606 phienses,
2229 3545 2288 3588 ut
2315 3551 2410 3590 eos
2452 3537 2519 3589 ab
2547 3534 2758 3606 haeresi
2779 3532 3382 3606 Quartadecimauol-um
3414 3550 3502 3606 re;

1927 3601 2440 3683 iocarentjnnpart.
2473 3603 2790 3683 conc._l§ph.
2835 3613 2933 3682 act.
2964 3601 3048 3683 6);
3083 3619 3186 3683 non
3229 3612 3403 3683 tamen
3434 3603 3502 3683 ad

1931 3673 2086 3729 fidem
2109 3672 2448 3734 catholicam,
2468 3673 2560 3726 sed
2583 3673 2647 3725 ad
2670 3672 2894 3724 Nestorii
2920 3681 3118 3738 partes.
3141 3672 3350 3725 incauta
3373 3673 3470 3724 sub
3485 3702 3501 3712 -

1929 3745 2218 3813 scriptione
2237 3743 2462 3813 symboli
2491 3759 2520 3813 a
2552 3741 2834 3813 Theodoro
2864 3739 3240 3808 Mopsuestcuo
3264 3743 3500 3806 conficti,

1929 3813 1995 3868 de
2023 3812 2130 3882 quo
2163 3812 2346 3882 postea
2383 3812 2536 3882 nobis
2563 3812 2667 3882 erit
2695 3823 2889 3882 sermo.

2001 3883 2026 3921 δ
2044 3876 2287 3952 Epistula
2307 3881 2489 3952 Cyrilli
2512 3881 2577 3934 ad
2599 3878 2889 3952 monachos
2911 3876 3126 3952 {Egypti
3152 3879 3190 3947 (l
3207 3888 3342 3952 pari.
3357 3896 3499 3952 conc.

1929 3947 2122 4024 Ephesi
2157 3969 2203 4006 c.
2234 3951 2312 4024 ἓ),
2353 3947 2475 4024 qua;
2508 3957 2618 4024 tota
2657 3948 2767 4024 fere
2805 3947 2857 4000 in
2898 3947 3146 4024 dogmate
3185 3947 3502 4024 expliezlnlo

1931 4016 2194 4083 versatur,
2222 4016 2424 4091 primus
2452 4019 2548 4074 fuit
2566 4019 2732 4074 sancti
2763 4017 3001 4091 priusulis
3032 4016 3286 4091 adversus
3317 4016 3503 4091 Nesto-

1930 4094 2067 4147 rium
2110 4086 2306 4147 labor:
2347 4106 2505 4160 quem
2533 4105 2637 4158 qua
2678 4086 2958 4160 occasione
2999 4086 3504 4160 su_scepcrit,__tr:ulit

1933 4163 2046 4232 ipse
2085 4178 2206 4217 cum
2248 4164 2300 4216 in
2338 4155 2489 4231 parte
2528 4155 2759 4232 secunda
2803 4155 3248 4232 h_ujus_epistul:e,
3280 4155 3504 4232 aliisque

1932 4225 2128 4301 passim
2159 4233 2211 4286 in
2241 4225 2390 4291 locis,
2425 4239 2534 4301 tum
2569 4227 2882 4301 maximein
2912 4225 3505 4301 prioribus_inon7t_l_iriis

1933 4293 2000 4354 ad
2022 4301 2322 4356 Nestorium
2353 4300 2560 4353 litteris.
2582 4297 2715 4350 Cum
2738 4297 2876 4349 enim
2899 4309 3154 4362 exegeses
3176 4293 3424 4358 Nestor-ii,
3451 4303 3506 4347 et

1932 4371 2224 4440 priesertim
2260 4384 2438 4440 sermo
2466 4365 2760 4440 primus_de
2799 4365 3040 4440 virgineo
3074 4373 3228 4433 partu
3270 4366 3506 4440 venisset

1934 4434 1987 4494 in
2008 4455 2198 4493 manus
2225 4434 2606 4492 monachorum
2633 4434 2870 4504 Egypti,
2896 4443 3205 4504 mentesque
3229 4436 3505 4488 nonnullu-

1931 4525 2049 4563 rum
2076 4511 2148 4562 ita
2170 4509 2530 4578 pervertissct,
2557 4514 2614 4559 ut
2633 4501 2887 4578 audacter
2909 4501 3238 4578 afﬁrmarent
3266 4520 3365 4578 nec
3385 4505 3503 4578 \er

1882 4633 1892 4644 ,
1930 4580 2108 4648 ginem
2137 4572 2254 4634 esse
2293 4578 2592 4646 Deiparam,
2623 4591 2726 4634 nec
2757 4572 3024 4648 Christum
3056 4573 3242 4648 Deum,
3275 4574 3503 4648 sed_l)ci

1933 4643 2137 4703 tantum
2178 4643 2606 4709 instrumentum,
2637 4653 2729 4698 aut
2765 4644 3032 4697 hominem
3063 4645 3339 4718 erogiépoii;
3379 4643 3504 4718 huic

1933 4721 2076 4772 malo
2103 4719 2426 4789 Cyrillusuut
2464 4722 2788 4789 occurreret,
2828 4728 3128 4789 sermonem
3166 4713 3235 4766 de
3264 4714 3501 4789 virgineo

1932 4797 2087 4858 partu
2116 4782 2186 4842 ita
2218 4786 2429 4858 refellit,
2472 4792 2530 4838 ut
2566 4783 2892 4858 ostenderet,
2928 4783 3156 4858 primum
3185 4782 3504 4858 auctoritate

1935 4850 2209 4912 Athanasii
2249 4857 2581 4922 rationeque,
2608 4853 2877 4922 Virginem
2918 4850 3023 4906 dici
3052 4850 3502 4922 idebereiDeipa-

1934 4943 2070 4988 ram.
2095 4927 2350 4996 siquidem
2371 4919 2639 4996 Christum
2656 4919 2821 4978 Deum
2844 4921 3105 4996 genuerit.
3129 4919 3503 4996 DeindeCliri-

1935 5005 2074 5052 stum
2109 4989 2225 5052 esse
2267 4997 2432 5050 Deum
2469 4994 2776 5053 conficeret,
2816 4989 3010 5063 partim
3039 5007 3102 5046 ex
3141 4989 3503 5063 syinboloiNi-

1935 5082 2103 5131 carne,
2137 5067 2328 5136 partim
2363 5065 2648 5134 Scriptum:
2685 5060 3022 5136 testimoniis,
3065 5068 3119 5116 et
3157 5060 3246 5136 illo
3270 5061 3504 5136 _pot_issi-

1939 5128 2098 5190 mum‘
2125 5128 2151 5188 τ’
2178 5135 2396 5188 Verbum
2435 5128 2554 5186 cciro
2591 5136 2781 5201 factum
2821 5143 2897 5186 est
2937 5133 3113 5202 (Joan.
3147 5146 3183 5197 ι,
3226 5128 3333 5202 14).
3367 5128 3500 5183 Tum

1938 5205 2359 5260 cavillationibus
2388 5204 2756 5272 luereticorum
2786 5201 3150 5272 responderet,
3183 5201 3505 5270 modumque

1939 5283 2243 5345 exponeret
2267 5273 2476 5345 unionis
2504 5271 2745 5345 Verbum
2769 5271 2906 5327 inter
2933 5288 2995 5345 ac
3021 5273 3305 5345 humanam
3345 5280 3503 5323 natu—-

1941 5339 2075 5398 ram.
2101 5343 2337 5398 Tandem
2364 5341 2544 5396 multis
2564 5343 2942 5410 quiestionibus
2971 5343 3042 5394 ita
3071 5339 3418 5410 satisfaceret.
3447 5349 3506 5391 ut

1941 5416 2222 5483 peritiores
2256 5413 2470 5480 quidem
2512 5409 2894 5483 monachorum
2931 5411 3185 5483 adversus
3222 5409 3503 5483 Ιιςιςιεςιίοος

1942 5479 2058 5536 rum
2080 5479 2312 5551 argutias
2334 5483 2635 5542 instrueret.
2653 5482 3004 5551 simpliciores
3019 5480 3230 5548 juberet
3252 5479 3318 5531 ab
3340 5479 3508 5546 inqui-

1941 5553 2136 5607 sitione
2163 5553 2439 5607 subtiliore
2468 5551 2752 5606 abstinere.

2015 5635 2037 5661 ο
2072 5621 2196 5678 Post
2237 5623 2454 5675 verbum
2495 5619 2793 5684 locutionis,
2829 5620 3074 5675 Baluzius
3129 5619 3275 5675 addit
3320 5637 3333 5650 ι

1941 5703 2106 5746 autem
2133 5707 2393 5763 puerpera:
2418 5688 2533 5756 Dei,
2563 5691 2614 5742 id
2636 5701 2728 5753 est,
2755 5700 2854 5743 etc.
2885 5690 3012 5744 Et)”

3168 5781 3246 5835 9.6

3379 5619 3504 5671 Dira
