3958 6178
480 259 573 312 Sil

990 256 1177 312 Milli!
1220 252 1654 310 MERCATURIS
1693 255 2260 312 TRANSLA-TIONES
2304 258 2655 318 VARIURUM
2697 263 3223 319 OPUSCULUllUM.

3634 267 3729 318 812

477 381 797 436 rumtamen,
829 370 1068 440 polentia
1111 377 1167 423 et
1194 369 1245 422 vi
1284 367 1602 430 intellectus,
1636 368 1868 422 arbitror
1905 369 2056 436 geni-
2089 378 2132 433 Α
2161 370 2463 441 Scripturas
2497 391 2507 426 :
2540 390 2768 446 corpore
2800 377 2941 431 enim
2971 377 3086 446 ejus
3111 378 3368 447 patiente,
3403 379 3575 448 ipsum
3603 380 3726 436 ἀίει-

478 463 664 518 tricem
717 462 828 526 Dei,
872 460 924 514 id
971 467 1071 523 est,
1121 460 1380 518 Θεοτὸκον.
1432 460 1500 512 ab
1549 459 1640 514 illo
1681 459 1887 532 [Baluz.
1933 460 2056 531 illis]

475 561 712 609 san‘ctam
739 551 1010 617 Virginem
1031 550 1256 616 dictam;
1282 551 1451 619 ipsum
1483 550 1625 604 enim
1647 551 1774 605 dicit
1798 569 1809 603 :
1836 548 1935 614 Qui
1960 567 2057 604 na-

475 659 552 701 tus
574 657 648 699 est
673 645 734 699 de
772 643 881 697 Deo
915 643 1102 708 Patre,
1133 661 1223 714 per
1243 661 1386 716 quem
1423 645 1597 697 omnia
1637 645 1776 714 facta
1809 654 1944 710 sunt,
1968 645 2053 697 in-

471 749 758 800 cantatam,
789 737 1045 790 hominem
1069 737 1282 807 factum,
1306 751 1534 806 passum,
1552 737 1836 789 surrexisse
1856 753 1889 789 a
1913 753 2052 789 mor-

471 831 589 893 tuis,
630 829 683 881 in
711 827 888 882 cazlu—m
931 826 1250 892 ascendisse,
1287 825 1515 898 judicent
1553 842 1748 897 quoque
1785 842 1894 880 esse
1929 843 2051 880 ven-

469 929 654 972 turum.

537 1011 588 1063 5.
622 1010 738 1064 Non
766 1009 911 1078 quod
939 1007 1250 1064 omnimodo
1279 1007 1534 1073 Verbum,
1575 1007 1720 1076 quod
1757 1007 2049 1062 secundum
2082 1005 2092 1018 '

465 1111 712 1154 naturam
737 1100 804 1154 de
833 1100 944 1154 Deo
973 1099 1209 1168 genitum
1239 1107 1340 1164 est,
1372 1108 1641 1152 mortuum
1672 1113 1791 1152 esse
1820 1097 2048 1152 creden-

464 1194 591 1247 dum
616 1194 704 1256 sit,
737 1202 830 1246 aut
852 1192 1037 1246 lancea
1068 1191 1120 1246 in
1143 1191 1312 1245 latere
1355 1189 1688 1244 vulneratum
1715 1190 1877 1261 (quod
1907 1190 2048 1243 enim

463 1285 624 1338 habet
652 1285 789 1337 latus
817 1291 1005 1336 natura
1034 1280 1384 1350 incorporea?
1417 1287 1509 1332 aut
1528 1295 1634 1347 quo
1655 1287 1810 1348 pacto
1840 1286 2048 1332 mortua

463 1384 547 1430 est
576 1376 684 1429 vita
729 1376 957 1428 vitarum
977 1372 1045 1444 ?),
1080 1382 1107 1410 ⁸
1137 1371 1232 1427 sed
1259 1371 1512 1440 quoniam
1541 1370 1747 1424 unitum
1770 1369 1918 1424 carni
1948 1370 2050 1424 hoc

462 1469 693 1523 Verbum
716 1476 817 1533 est,
845 1467 965 1521 ideo
987 1481 1049 1519 ea
1073 1479 1234 1519 carne
1255 1463 1513 1532 patiente,
1541 1471 1810 1530 tamquam
1835 1460 2041 1533 [Βαιιιι.

457 1562 771 1631 patientiam
814 1558 998 1628 quaml
1027 1556 1247 1626 proprio
1288 1554 1404 1623 ejus
1430 1555 1678 1609 videlicet
1702 1569 1948 1624 corpore,
1992 1553 2043 1607 in

456 1669 514 1708 se
543 1654 679 1706 hanc
706 1658 926 1706 revocat
953 1648 1159 1722 [Baluz.
1192 1647 1313 1700 add.
1345 1645 1500 1718 inire]
1530 1647 1852 1717 passionem.

523 1741 574 1794 4.
608 1742 936 1810 Argutantur
975 1739 1157 1808 igitur,
1188 1746 1243 1792 et
1271 1737 1479 1808 seipsos
1503 1737 1781 1801 seducunt,
1810 1751 1931 1790 cum
1959 1735 2038 1790 di-
2071 1740 2116 1799 B

451 1842 580 1888 cunt
606 1848 794 1903 pacem
816 1846 875 1886 se
900 1831 1056 1895 velle,
1088 1837 1142 1884 et
1173 1830 1419 1884 sensibus
1440 1828 1771 1882 mentiuntur
1796 1846 1806 1881 :
1840 1825 2039 1882 habere

451 1925 593 1977 enim
615 1939 710 1978 eos
737 1921 1013 1992 proprium
1039 1921 1187 1974 virus
1208 1920 1262 1974 in
1287 1918 1468 1983 corde,
1495 1933 1562 1972 ex
1583 1933 1650 1972 eo
1674 1917 1828 1972 facile
1848 1927 1931 1972 est
1959 1919 2040 1972 in-

451 2013 710 2080 telligere.
736 2009 996 2064 Misernnt
1023 2009 1149 2064 huic
1175 2007 1422 2072 diacono,
1467 2007 1558 2075 qui
1587 2021 1764 2062 rerum
1785 2007 2039 2062 ecclesia-

450 2105 708 2159 sticarum
733 2117 918 2157 curam
947 2101 1103 2170 gerit,
1137 2099 1269 2154 duas
1293 2099 1563 2154 chartulas
1589 2117 1600 2150 :
1634 2113 1794 2153 unam
1821 2098 2036 2168 quidem

447 2195 798 2266 compositam
825 2210 856 2248 a
882 2193 909 2232 ι’
941 2193 1132 2247 Photio
1162 2191 1368 2264 [Bolae
1407 2189 1684 2261 Photino],
1715 2200 1809 2246 aut
1839 2192 1908 2246 ab
1931 2191 2038 2246 alio

450 2287 708 2355 quolibet,
738 2285 993 2339 adversus
1027 2283 1221 2337 librum
1250 2296 1429 2337 meum
1464 2295 1623 2352 quem
1650 2281 1716 2334 ad
1745 2281 2039 2336 monachos

447 2379 586 2434 edidi
611 2397 626 2443 ;
661 2382 683 2410 ⁸
725 2387 781 2433 et
809 2378 968 2431 aliam
998 2375 1159 2431 veluti
1191 2375 1244 2429 in
1272 2375 1506 2444 speciem
1535 2373 1923 2444 quatemionis,
1958 2374 2037 2426 in-

447 2471 856 2526 convenientem
895 2468 1187 2522 habentem
1227 2467 1388 2520 etiam
1429 2464 1661 2529 titulum,
1697 2464 1803 2518 hoc
1828 2461 1989 2518 modo
2020 2482 2031 2516 :

447 2562 698 2616 Adversus
719 2577 804 2614 eos
825 2561 909 2632 qui
931 2567 1137 2630 propter
1158 2557 1590 2627 conjunctionem,
1609 2556 1684 2609 vel
1707 2554 2035 2609 Divinitatem

447 2643 650 2725 [Balaam
681 2652 999 2706 divinitatem
1021 2649 1098 2704 rel
1115 2644 1434 2716 societatem]
1456 2647 1554 2718 ﬁlii
1570 2646 1888 2716 mortiﬁcant
1909 2645 2035 2718 [Ba-

447 2748 548 2801 luz.
568 2740 910 2816 morti/iacti],
928 2743 1002 2796 vel
1033 2741 1403 2795 humanitatem
1424 2740 1477 2792 in
1500 2737 1666 2792 Deum
1698 2739 2031 2808 transferunt.

445 2835 694 2890 Praefatio
719 2841 897 2887 autem
926 2831 1004 2885 sic
1043 2830 1206 2885 habet
1230 2847 1243 2881 :
1273 2823 1621 2883 Contumeliai
1650 2826 1852 2898 quidem
1879 2829 1933 2880 in
1955 2844 2036 2882 me

446 2926 820 2988 horreticorum,
848 2929 954 2975 etc.

515 3013 568 3068 5.
597 3012 800 3068 Deinde
819 3019 1082 3067 conantur
1101 3007 1404 3072 ostendere,
1427 3007 1572 3078 quod
1593 3023 1791 3078 corpus
1818 3022 2030 3078 passum

2161 469 2246 516 tur
2274 479 2507 532 passum,
2530 467 2655 535 quia
2683 475 2739 522 et
2766 469 2974 524 animus
2995 469 3245 533 hominis,
3271 484 3393 524 cum
3413 469 3545 523 nihil
3575 470 3624 524 in
3639 487 3729 527 sua

2157 554 2452 610 substantia
2480 564 2535 611 et
2554 568 2745 613 natura
2769 561 3020 630 patiatur,
3043 561 3156 631 pati
3183 569 3362 616 tamen
3383 563 3497 632 ipse
3523 561 3724 629 dicitur,

2154 661 2253 702 suo
2282 662 2508 718 corpore
2534 650 2792 718 patiente.

2223 759 2276 813 6.
2308 758 2414 815 Sed
2451 763 2705 832 quoniam
2745 765 3082 834 propositum
3109 765 3238 835 ipsis
3275 773 3360 819 est
3407 764 3546 819 duos
3596 765 3728 820 tilios

2151 859 2206 906 et
2232 851 2368 917 duos
2394 851 2635 910 Christos
2656 854 2995 911 introducere
3028 873 3040 909 :
3075 871 3239 910 unum
3267 852 3484 926 quidem
3513 856 3721 926 specia-

2151 941 2274 998 liter
2318 944 2621 1010 hominem,
2659 945 2888 1001 alterum
2927 961 3056 1001 vero
3095 947 3312 1017 proprie
3349 945 3558 1010 Deum;
3607 943 3635 982 ἀ
3676 947 3725 1000 in

2149 1034 2394 1102 personis
2435 1042 2640 1091 tantum
2667 1034 2868 1091 faciunt
2914 1036 3120 1109 [Baluz.
3170 1036 3292 1089 add.
3343 1036 3429 1090 vel
3468 1036 3724 1107 sentiunt]

2149 1125 2428 1192 unitatem,
2458 1126 2626 1180 Deum
2668 1127 2870 1200 [_Baluz.
2904 1128 3027 1181 add.
3064 1126 3184 1198 Dei}
3218 1127 3454 1182 Verbum
3487 1129 3726 1182 nolentes

2148 1215 2364 1284 proprie
2407 1224 2462 1270 et
2505 1217 2925 1272 substantialiter
2972 1218 3178 1272 unitum
3227 1217 3428 1272 homini
3455 1218 3724 1276 hominem

2146 1303 2345 1359 factum
2382 1305 2759 1377 hominemque
2799 1309 3138 1377 suscepisse:
3171 1316 3456 1378 propterea
3483 1317 3536 1362 et
3560 1312 3722 1378 tergi-

2145 1405 2444 1463 versantur,
2473 1408 2529 1453 et
2553 1401 2925 1464 excusationes,
2944 1401 3081 1455 sicut
3108 1401 3363 1471 scriptum
3389 1409 3490 1466 est,
3522 1403 3726 1474 ﬁngunt

2143 1486 2196 1538 in
2223 1489 2446 1556 peccatis
2468 1487 2584 1558 (Ps.
2618 1504 2740 1555 CXL,
2774 1487 2850 1558 4).

2215 1597 2266 1650 7.
2299 1597 2408 1653 Vos
2453 1599 2615 1667 igitur
2657 1600 3040 1654 convenientes
3079 1615 3201 1655 cum
3240 1600 3338 1666 eis,
3371 1601 3484 1656 haec
3512 1602 3676 1659 dicite
3706 1623 3718 1656 :

2143 1686 2343 1743 Facere
2389 1685 2484 1744 eos
2517 1689 2688 1755 'male,
2722 1700 2745 1728 ο
2783 1689 2925 1760 quod
2955 1689 3294 1745 introducunt
3330 1692 3592 1761 quosdam
3642 1694 3719 1746 lo-

2141 1793 2339 1847 quaces
2363 1787 2418 1833 et
2445 1779 2688 1847 garrulos
2715 1775 2998 1835 adversum
3025 1796 3144 1846 nos,
3190 1791 3245 1836 et
3272 1783 3370 1838 hos
3395 1783 3629 1838 fovendo
3660 1801 3720 1840 ac

2140 1867 2493 1932 defendendo,
2518 1883 2735 1924 causam
2762 1868 2962 1925 faciunt
2989 1870 3194 1942 [Butae
3225 1887 3388 1927 causa
3415 1873 3570 1944 liuntj
3602 1891 3716 1929 ma-

2140 1958 2396 2028 lignitatis
2422 1974 2549 2014 suae.

2209 2071 2262 2125 8.
2285 2069 2391 2125 Sed
2420 2087 2526 2126 non
2549 2071 2664 2126 btet:
2686 2071 2916 2142 propria:
2941 2081 3138 2127 nostra:
3166 2073 3397 2128 lwsionis
3423 2082 3506 2129 est
3533 2089 3714 2129 causa.

2140 2163 2309 2217 Dicite
2335 2177 2420 2217 me
2449 2177 2546 2217 nec
2575 2163 2715 2228 huic,
2746 2163 2838 2233 qui
2867 2163 2938 2218 ibi
2961 2163 2977 2201 ί
3003 2163 3204 2232 degens
3232 2174 3444 2234 prmest,
3477 2181 3601 2220 esse
3630 2167 3719 2220 ini-

2139 2255 2335 2311 micum
2359 2273 2373 2322 ;
2399 2255 2517 2309 hcdi
2545 2263 2726 2310 autem
2751 2267 2972 2326 propter
2992 2257 3094 2312 hoc
3115 2266 3222 2311 tam
3237 2256 3537 2312 Orientales
3558 2274 3716 2328 quam

2138 2343 2508 2403 Oecidentales
2555 2349 2891 2404 venerandos
2928 2351 3230 2420 episcopos,
3261 2353 3403 2421 quod
3447 2361 3629 2406 rectus
3655 2353 3719 2408 de

2136 2437 2350 2495 Christo
2380 2439 2634 2495 doctrina:
2662 2455 2842 2496 sermo
2879 2455 2986 2496 non
3028 2441 3152 2508 tiat,
3203 2442 3296 2498 sed
3337 2445 3558 2499 omnino
3597 2460 3718 2513 per-

2137 2546 2342 2586 versus.

2206 2641 2258 2696 9.
2291 2642 2497 2699 Suﬂicit
2517 2651 2705 2698 autem
2725 2644 2828 2698 hoc
2850 2643 3229 2700 documentum
3271 2645 3338 2700 ad
3366 2645 3719 2701 confutandos

2135 2749 2248 2799 eos,
2273 2734 2416 2804 quod
2440 2749 2729 2804 numquam
2749 2750 2778 2788 a
2809 2750 3080 2805 quoquam
3107 2735 3213 2790 tale
3241 2737 3366 2806 quid
3388 2737 3440 2790 in
3464 2737 3718 2793 Ecclesiis

2136 2824 2335 2880 dictum
2365 2826 2452 2891 sit,
2503 2827 2661 2896 quale
2695 2826 2749 2880 in
2777 2825 2892 2894 ejus
2935 2828 3360 2896 expositionibus
3387 2831 3714 2896 continetur,
3767 2828 3774 2835 ’

2095 2907 2098 2910 ’
2136 2916 2279 2986 quod
2305 2917 2384 2972 sic
2424 2933 2483 2973 se
2521 2919 2680 2972 habet
2711 2937 2722 2972 :
2757 2928 2782 2966 ε
2825 2916 2949 2973 Non
2976 2920 3284 2975 clamoribus
3325 2922 3555 2992 approbo
3597 2941 3718 2996 erga

2135 3024 2216 3062 me
2242 3009 2467 3063 studium
2487 3019 2721 3075 vestrum,
2754 3011 2846 3065 sed
2881 3011 3036 3065 laudo
3065 3014 3201 3066 circa
3241 3014 3482 3084 dogmata
3519 3017 3720 3070 deside-

444 3107 533 3172 sit,
562 3113 618 3159 et
645 3119 754 3159 non
799 3103 941 3158 Deus
978 3101 1231 3166 Verbum,
1262 3099 1438 3170 quasi,
1470 3099 1556 3154 vel
1582 3099 1758 3161 nobis,
1792 3099 1875 3153 vel
1913 3098 2032 3169 qui-
2059 3112 2104 3174 ρ
2135 3100 2288 3165 rium,
2301 3109 2350 3153 et
2375 3100 2512 3170 quod
2531 3098 2748 3154 Deitatis
2779 3110 2828 3154 et
2859 3102 3194 3156 humanitatis
3232 3101 3446 3158 Domini
3479 3109 3716 3160 memini-

444 3195 674 3251 buslibet
701 3192 1023 3258 dicentibus,
1055 3189 1289 3245 Verbum
1318 3188 1465 3254 illud,
1496 3188 1643 3259 quod
1677 3197 1760 3243 est
1787 3189 2033 3259 impassi-

445 3287 569 3353 bile,
617 3284 989 3357 passibilitatis
1032 3295 1207 3353 capax
1246 3295 1367 3335 esse
1410 3279 1692 3350 potuisset.
1735 3275 1904 3335 Nemo
1953 3291 2035 3336 est

443 3393 665 3448 prorsus
711 3376 804 3446 qui
841 3374 920 3429 sic
954 3372 1224 3436 insaniat;
1269 3369 1383 3436 sed,
1428 3369 1568 3424 sicut
1605 3385 1747 3439 saepe
1779 3369 2028 3435 diximus,

445 3475 686 3523 sanctum
715 3465 1002 3522 concilium
1042 3461 1196 3525 dixit,
1230 3461 1404 3531 ipsum
1444 3460 1698 3526 Verbum,
1748 3477 1846 3532 per
1886 3463 2030 3532 quod

444 3560 581 3615 facta
605 3567 730 3614 sunt
757 3556 958 3623 omnia,
991 3568 1165 3624 carne.
1193 3567 1289 3608 sua
1315 3567 1433 3608 esse
1471 3567 1707 3623 passum,
1737 3552 2028 3608 secundum

2135 3190 2246 3243 stis.
2274 3187 2340 3243 Et
2368 3199 2489 3259 post
2516 3205 2688 3260 pauca
2707 3190 2806 3244 :Et
2826 3193 3018 3262 aspicio
3039 3194 3250 3263 populos
3271 3196 3486 3249 multam
3513 3200 3718 3268 quidem

2135 3281 2466 3334 reverentiam
2529 3289 2578 3334 et
2641 3281 2880 3351 pietatem
2931 3282 3380 3353 prudentissimum
3419 3287 3716 3356 possidere,

2133 3369 2427 3441 ignorantia
2456 3388 2572 3426 vero
2594 3371 2845 3442 dogmatis
2866 3375 3102 3428 ca'cutire
3123 3393 3140 3438 ;
3161 3375 3256 3428 hoc
3285 3387 3454 3431 autem
3476 3395 3586 3432 non
3617 3383 3719 3433 cii-

2131 3478 2248 3515 men
2269 3472 2344 3514 est
2364 3461 2603 3532 plebium,
2631 3463 2739 3525 sed,
2762 3473 2819 3516 ut
2845 3465 3120 3518 verecunde
3153 3477 3241 3519 aut
3261 3467 3497 3522 decenter
3528 3470 3714 3534 dicant,

2134 3553 2160 3590 ιι
2191 3563 2462 3624 propterea
2501 3554 2636 3626 quod
2667 3554 2897 3610 doctores
2932 3558 3189 3610 elimatius
3222 3568 3270 3611 et
3307 3559 3554 3630 liquidius
3584 3564 3717 3617 rubis

1610 3643 2149 3702 CASTIGATIONES
2189 3644 2274 3699 ET
2314 3642 2542 3698 ΝΟΤιιΕ.

517 3751 540 3778 α
574 3739 820 3794 Baluzius
851 3735 1110 3800 ediderat,
1135 3733 1227 3787 sed
1249 3734 1492 3806 quoniam
1521 3734 1723 3786 unitum
1752 3735 1899 3787 carni
1931 3734 2026 3788 hoc

453 3811 675 3866 Verbum
717 3820 811 3868 est,
850 3808 965 3860 ideo
1001 3822 1062 3858 ea
1093 3803 1582 3874 carne'patientiam
1623 3821 1776 3874 quam
1819 3806 2027 3874 proprio

442 3885 552 3952 ejus
580 3880 809 3952 videlicet
828 3892 1040 3946 corpore
1059 3875 1115 3952 in
1126 3875 1336 3952 selhanc
1352 3883 1552 3952 reuocat
1565 3875 1700 3952 inire
1712 3876 2022 3952 passionem.

445 3942 594 4006 lianc
622 3942 928 4005 lectionem:
949 3946 1164 4015 repetiit
1189 3942 1496 4015 Gallandius
1518 3943 1571 3996 in
1597 3942 1780 4015 textu;
1813 3945 1864 3996 in
1887 3946 2028 4015 notis

448 4039 576 4075 vero
608 4022 678 4073 ita
717 4018 955 4075 correxit
993 4010 1064 4067 ;“‹
1101 4013 1275 4067 Locus
1316 4014 1624 4066 mendosus.
1657 4010 1775 4076 Gr.,
1813 4015 1918 4068 ἀλλ’
1948 4013 2025 4070 ὅτι

445 4095 636 4152 ἱνωθεὶς
659 4095 704 4144 ἐν
733 4100 789 4165 τῇ
811 4091 984 4163 σαρκὶ,
1008 4082 1118 4140 εἶτα
1138 4082 1468 4165 pas-xedor):
1488 4085 1663 4165 οεῦτςῆς.
1686 4087 1758 4165 fit;
1785 4091 1875 4140 τοῦ
1893 4083 2022 4165 ἰδίοιέ

444 4166 739 4234 πάσχοντος
766 4155 1060 4242 ’σὼμαῖρςκ
1092 4157 1246 4215 αὐτὸς
1283 4156 1414 4229 πρὸς
1463 4155 1617 4235 adi-ou
1651 4155 1922 4242 ?ixﬂoﬁ‘rat
1965 4158 2024 4210 τὸ

443 4221 604 4293 πάοᾶξ
639 4250 651 4284 :
690 4221 753 4283 At
785 4221 906 4300 quia
942 4223 1158 4280 Verbum
1187 4221 1336 4277 carni
1367 4239 1421 4275 se
1449 4225 1610 4304 univit
1645 4225 1838 4293 factum
1863 4233 2026 4304 est-ut

441 4306 557 4372 ipsa
593 4318 746 4372 carne
785 4296 1009 4372 patiente
1053 4306 1310 4366 tamquam
1344 4296 1553 4372 proprio
1591 4310 1802 4372 corpore
1826 4296 2028 4347 crucia-

446 4365 549 4425 tum
581 4365 845 4433 subeunte,
876 4371 1042 4438 ipsum
1067 4365 1260 4438 quoque
1284 4365 1512 4487 corporis
1543 4365 1921 4434 perpessionem
1944 4381 2026 4418 re-

450 4444 538 4487 bm'
567 4441 828 4487 nranriam
858 4441 907 4487 in
931 4453 984 4487 se
1007 4443 1330 4487 transferret.
1414 4433 1497 4487 ide
1526 4451 1651 4487 oon.
1677 4431 1858 4487 Cvrilli
1888 4443 2017 4487 tom.

450 4444 538 4497 luti
565 4431 907 4510 prOpriainjii
931 4431 1330 4510 se_trinzs,“erret.
1364 4431 1497 4488 Vide
1526 4431 1651 4504 app.
1677 4431 1858 4505 Cyrilli
1888 4443 2017 4489 tom.

449 4513 510 4573 γ,
634 4504 772 4580 It,p.
805 4507 890 4580 5S.
933 4504 1140 4580 i___Ei_nT.

521 4573 559 4618 δ’
589 4573 779 4633 δοιοίἱιε
813 4577 915 4646 l'uit
950 4574 1055 4646 ille,
1080 4584 1146 4646 ut
1174 4573 1421 4646 diximus.
1455 4573 1716 4627 Anastasii
1743 4575 2049 4646 presbyte-,

446 4653 509 4708 ri.
545 4651 760 4720 quicum
803 4644 1342 4712 Philadelphiensium
1375 4645 1778 4765 COI‘I'UéHOI‘iDUS
1819 4644 2025 4700 litteras

446 4725 607 4765 mulir
653 4733 878 4765 nnarinn
910 4715 1111 4765 mentio
1147 4714 1203 4764 lit
1239 4714 1290 4765 in
1321 4728 1479 4765 causa
1565 4714 1744 4765 harisii
1778 4727 1858 4765 tm
1887 4727 2022 4765 part.

443 4714 610 4782 dedit,
653 4733 878 4790 quarum
910 4715 1111 4790 mentio
1147 4714 1203 4764 lit
1239 4714 1290 4765 in
1321 4728 1483 4790 causa
1517 4714 1744 4790 Charisii
1778 4727 1860 4790 (ιιι
1885 4727 2022 4784 part.

443 4809 588 4845 conc.
623 4783 758 4860 Eph.
779 4784 1004 4860 μεθ-(ᾇ).
1033 4785 1200 4860 Quam
1229 4799 1355 4860 vero
1383 4783 1594 4860 scripsit
1621 4783 2025 4860 responsiquem

445 4864 509 4914 ad
545 4853 732 4915 librum
756 4856 953 4928 Cyl-illi
981 4855 1047 4908 ad
1075 4853 1384 4928 monachos,
1418 4867 1502 4928 ea.
1537 4853 1833 4928 nisifallor,
1870 4855 2028 4928 periit

445 4935 725 4997 absumpta
749 4921 995 4989 ﬂainmis,
1020 4921 1575 4997 quibus‘Nestorianos
1598 4924 1764 4997 lib_r_os_
1782 4921 2025 4997 comburi

442 5002 599 5066 jussit
628 4993 964 5053 Theodosius
993 4993 1170 5050 edicto
1201 4993 1288 5066 (ιιι
1321 5001 1455 5066 part.
1481 5009 1638 5066 conc.
1661 4994 1795 5064 Eph.
1823 5012 1867 5047 c.
1900 4994 2022 5063 48),

445 5062 587 5138 quod
612 5071 804 5124 lectum
834 5068 1030 5138 dicitur
1057 5062 1445 5138 monachis
1469 5063 1544 5138 Ξῖ)
1585 5062 1912 5138 Pharmuthi,
1945 5062 2026 5117 in-

446 5132 679 5195 dictione
713 5139 763 5198 l,
797 5153 938 5190 anno
970 5134 1282 5190 Diocletiani
1314 5132 1433 5197 164,
1468 5134 1517 5186 id
1540 5143 1639 5194 est,
1673 5150 1814 5187 anno
1846 5134 2024 5188 Theo-

446 5211 578 5264 tiosii
610 5209 698 5275 4i,
723 5207 1082 5261 Valentiniani
1103 5204 1192 5275 2i,
1217 5203 1411 5258 Christi
1442 5203 1567 5268 448,
1595 5203 1808 5259 Zenone
1833 5214 1887 5258 et
1917 5203 2024 5258 Po-

444 5274 750 5334 sthumiano
776 5294 942 5340 coss.,
973 5277 1059 5331 die
1081 5274 1146 5328 l8
1174 5275 1401 5345 Aprilis:
1434 5289 1756 5342 quamquam
1780 5286 2025 5330 anteces—

442 5353 512 5406 sit
555 5351 782 5404 altcrum
820 5348 1051 5402 edictum
1093 5347 1281 5401 eadem
1326 5346 1393 5399 de
1437 5362 1511 5408 re,
1562 5345 1704 5413 quod
1743 5345 1794 5398 in
1835 5346 2018 5399 codice

444 5421 818 5475 'l‘heodosiano
852 5418 1036 5472 datum
1062 5417 1309 5471 scribitur
1335 5415 1799 5483 Constantinopoli
1831 5432 1885 5470 ιιι
1917 5431 2016 5469 no-

443 5509 538 5546 nas
568 5491 806 5559 Augusti,
850 5488 1156 5543 Theodosio
1192 5495 1368 5559 κηρὶ
1395 5486 1485 5556 qui
1523 5484 1682 5539 fuerit
1720 5487 2014 5547 nuntiatus,

444 5580 604 5625 ωδε..
640 5556 688 5614 id
719 5570 820 5620 est,
845 5576 993 5624 anno
1018 5559 1214 5612 Christi
1247 5556 1369 5610 4535.

514 5643 535 5667 α
566 5633 762 5686 Charta
806 5632 894 5685 illa
934 5631 986 5684 in
1027 5629 1260 5698 speciem
1297 5627 1670 5697 quaternionis
1708 5626 1792 5680 cui
1833 5626 2019 5680 titulus

443 5702 726 5772 inscriptus
755 5712 869 5756 erat
898 5720 908 5752 :
949 5701 1202 5752 Adversus
1230 5713 1316 5750 eos
1343 5699 1426 5768 qui
1457 5708 1663 5767 propter
1699 5698 2018 5766 conjunctio—

2131 3751 2274 3808 nem.
2300 3733 2379 3808 rel
2406 3732 2738 3787 Dirinitatem
2774 3733 2902 3788 Filii
2931 3739 3264 3808 mortiﬁcant,
3301 3741 3378 3794 vel
3416 3742 3714 3797 humanita-

2134 3815 2232 3859 tem
2259 3807 2313 3858 in
2341 3803 2502 3857 Deum
2534 3807 2868 3873 transferunt,
2895 3803 3194 3862 nullatenus
3215 3811 3391 3864 dill'ert
3413 3828 3443 3864 a
3465 3829 3715 3868 sermone

2129 3883 2323 3945 quarto
2351 3874 2605 3946 adversus
2634 3872 2901 3940 Proclum,
2934 3877 3086 3946 cujus
3116 3880 3321 3933 initium
3351 3890 3434 3935 est
3463 3900 3475 3934 :
3518 3881 3715 3937 Contu-

2131 3944 2310 4014 melias
2337 3944 2561 4014 quidem,
2587 3953 2692 3998 etc.

2203 4012 2230 4052 εὶ
2259 4012 2434 4083 Super
2468 4030 2534 4085 ea
2574 4014 2803 4068 Nestorii
2833 4015 3088 4085 opinione
3131 4018 3250 4073 vide
3276 4020 3712 4078 dissertationem

2130 4085 2231 4139 hac
2253 4085 2320 4138 de
2348 4099 2407 4137 re
2435 4084 2778 4150 singularem.

2204 4165 2227 4192 θ
2249 4153 2304 4208 ω
2327 4153 2498 4222 ipsum
2525 4155 2770 4226 queritur
2792 4152 3020 4226 Cyrillus
3048 4158 3189 4226 apud
3219 4158 3547 4215 Nestorium.
3581 4160 3714 4215 Gar-

2129 4225 2287 4301 riunt,
2323 4226 2452 4277 sicut
2481 4224 2657 4289 audio,
2687 4225 2894 4301 quidam
2927 4226 2991 4278 de
3021 4224 3401 4283 existimatione
3426 4247 3543 4284 mea
3574 4233 3713 4301 apud

2128 4296 2425 4364 religionem
2455 4304 2612 4354 luant,
2656 4305 2706 4348 et
2740 4295 2836 4349 hoc
2865 4297 3172 4366 frequenter,
3213 4295 3710 4368 processionum'rel

2130 4373 2463 4437 convintuum
2491 4373 2778 4437 opportuna
2809 4375 3037 4437 tempora
3066 4379 3400 4437 aucupantes,
3431 4382 3482 4424 et
3515 4389 3575 4424 eo
3602 4389 3711 4424 ma-

2059 4458 2102 4518 D
2127 4437 2206 4504 gis
2239 4436 2456 4517 forsitan
2485 4435 2794 4518 arbitrantes
2825 4435 3076 4518 delectare
3107 4455 3161 4490 se
3174 4435 3336 4518 .uures
3365 4443 3710 4518 tuas._ad:e_r-

2124 4520 2240 4582 sum
2268 4521 2360 4558 nos
2390 4505 2681 4582 inconditas
2711 4522 2853 4582 uoces
2883 4507 3137 4582 emittunt.
3167 4506 3266 4570 Qui
3289 4509 3399 4562 lazsi
3431 4513 3636 4582 quidem
3659 4514 3709 4564 in

2127 4575 2269 4628 nullo
2300 4584 2435 4636 sunt,
2467 4572 2723 4646 objurgati
2745 4586 2912 4628 autem
2940 4593 2971 4628 a
3000 4577 3145 4629 nobis
3165 4595 3317 4647 stupe,
3342 4572 3560 4634 sed'hoc
3582 4584 3712 4635 leni-

2131 4654 2236 4721 ter;
2259 4661 2388 4721 unus
2417 4661 2610 4721 eorum,
2643 4646 2778 4714 quod
2799 4662 2958 4699 ctecos
2983 4657 3031 4698 et
3060 4646 3306 4721 pauperes
3335 4649 3555 4703 vexabat
3577 4653 3632 4704 in
3632 4653 3712 4721 ju-

2129 4715 2242 4790 ria;
2272 4715 2583 4790 allen-quod
2611 4725 2795 4790 contra
2822 4727 3035 4769 matrem
3055 4715 3413 4786 eraginurerat
3442 4715 3709 4790 gladium:

2131 4787 2328 4846 tertius,
2351 4786 2479 4856 quia
2501 4801 2614 4837 cum
2639 4785 2828 4838 ancilla
2859 4803 3040 4839 aurum
3067 4785 3264 4856 furatus
3287 4800 3361 4842 est
3389 4785 3641 4854 alienum,
3666 4803 3711 4844 et

2129 4856 2248 4930 quia
2288 4854 2438 4907 talem
2475 4870 2675 4930 semper
2711 4856 2962 4930 habuerit
2991 4854 3450 4930 existimationem.
3507 4864 3710 4930 qualem

2129 4925 2300 4978 nullus
2311 4925 2577 5002 provenire
2593 4925 2666 5002 ιρι
2676 4926 2989 4996 gravissimis
3003 4928 3220 4980 inimicis
3236 4933 3485 4998 aptaverit
3509 4925 3547 5002 (ι
3568 4944 3708 5001 part.

2126 5009 2268 5046 conc.
2304 4993 2492 5059 Ephes.
2527 5010 2572 5047 c.
2603 4994 2678 5061 6).

2204 5063 2220 5100 ῐ
2266 5063 2433 5136 Nemo
2469 5073 2552 5117 est
2585 5065 2676 5132 qui
2715 5080 2821 5119 non
2862 5065 3039 5122 videat
3075 5065 3160 5120 hic
3203 5067 3473 5136 designari
3518 5071 3711 5124 Nesto-

2126 5133 2284 5187 rium.
2318 5134 2514 5188 BALUZ.

2199 5213 2224 5249 ις
2254 5203 2376 5257 "RBG
2415 5205 2527 5278 ipsa
2557 5205 2718 5259 verba
2750 5205 2998 5278 leguntur
3026 5206 3078 5260 in
3120 5206 3189 5259 ‘20
3228 5222 3391 5262 execr
3432 5218 3487 5262 to
3530 5209 3712 5278 Εμιιρο

2125 5274 2243 5347 sino
2277 5292 2288 5326 :
2321 5275 2598 5347 continent
2638 5275 3014 5347 vero_iiiitiuin
3053 5279 3335 5339 sermonis,
3374 5289 3429 5331 ut
3457 5293 3556 5346 ego
3578 5274 3709 5347 ἰιιιί-

2125 5343 2248 5397 dem
2278 5345 2487 5414 opinor,
2512 5345 2748 5398 secundi.
2783 5344 2914 5400 Vide
2940 5347 3342 5403 observationes
3375 5349 3441 5402 ad
3470 5343 3716 5417 e'um'ip-

2125 5429 2243 5468 sum
2273 5429 2594 5468 sermonem.

2200 5482 2225 5520 ιι
2258 5484 2409 5557 Hunc
2440 5485 2614 5538 locum
2635 5493 2790 5552 urget
2809 5482 3094 5557 Cassianus
3119 5485 3254 5554 (Lib.
3289 5505 3380 5550 vn,
3413 5506 3458 5541 c.
3492 5488 3604 5557 '50).
3645 5486 3714 5540 Et

2126 5562 2198 5616 tu,
2232 5571 2262 5608 ο
2289 5555 2588 5627 impiissime
2613 5565 2765 5627 atque
2791 5555 3228 5624 impudentissime
3278 5560 3541 5627 prteclara'
3561 5555 3716 5611 urbis

2126 5626 2526 5699 contaminator,
2559 5626 2826 5699 catholica:
2832 5643 2906 5699 _ac
2926 5637 3121 5699 sancta;
3147 5626 3307 5697 plebis
3328 5630 3496 5699 gravis
3521 5637 3572 5699 et
3603 5630 3720 5681 exi-

2129 5697 2260 5750 tiosa
2293 5697 2550 5767 contagio,
2577 5705 2714 5750 stare
2740 5697 2794 5749 in
2821 5694 3054 5749 Ecclesia
3089 5694 3185 5751 Dei
3209 5715 3270 5752 ac
3291 5694 3427 5771 loqui
3453 5698 3644 5766 audes,
3669 5707 3721 5751 et
