3958 6178
229 330 330 385 815

1141 292 1469 377 Episrom
1513 323 1567 377 s.
1609 322 1879 377 CYmLLl
1920 302 2008 377 Ᾰυ
2048 320 2402 378 CLERICOS.
2444 322 2550 379 cr.

3365 333 3468 386 8H

222 442 416 515 aliquid
434 442 589 495 etiam
617 440 679 494 de
698 438 1018 511 dogmatibus
1050 446 1242 508 tempus
1271 453 1372 491 non
1404 436 1672 490 habuerint
1705 453 1799 506 ap-
1830 443 1875 498 Α
1905 436 2137 491 tionibus
2182 437 2530 506 respondere,
2577 437 2621 491 si
2662 444 2870 509 tempus
2906 439 3011 495 hoc
3048 440 3245 511 exigat.
3286 440 3471 499 Potest

221 532 462 602 ponendi.

292 622 377 675 10.
410 621 581 690 Rogo,
612 621 821 675 dicatur
840 620 1108 689 quomodo
1132 634 1240 673 non
1266 617 1552 672 habuerint
1582 626 1796 685 tempus

217 714 447 770 docendi
470 713 889 782 prmdecessores
913 711 1062 780 ejus?
1088 710 1507 779 Eloquentiorne
1532 717 1614 764 est
1633 708 1797 763 Joan-

219 820 309 872 ne,
342 813 433 859 aut
451 806 610 859 beato
641 805 816 859 Attico
846 786 1272 873 comparandus?
1302 802 1407 855 Aut
1442 803 1662 871 aequalis
1691 801 1791 865 eis,

215 906 310 953 aut
338 897 651 967 prudentior
678 896 980 950 invenitur?
1003 905 1027 932 α
1064 894 1200 961 Quid
1226 895 1329 949 hoc
1357 901 1440 949 est
1472 894 1796 963 superbius?

216 987 427 1059 [Baluz.
447 987 590 1055 quod
612 995 695 1041 est
715 988 819 1041 hoc
838 986 1179 1055 supercilium
1198 984 1241 1055 ?]
1266 986 1369 1039 Aut
1398 984 1666 1053 quomodo
1689 1001 1797 1040 non

213 1080 494 1134 evidenter
520 1078 823 1143 conﬁtetur,
859 1077 972 1131 hinc
992 1076 1195 1139 dicens,
1222 1091 1416 1129 novam
1441 1090 1499 1129 se
1527 1082 1581 1128 et
1610 1074 1796 1129 incon-

214 1178 427 1225 suetam
456 1169 646 1224 afferre
674 1170 991 1233 doctrinam,
1016 1176 1071 1222 et
1090 1182 1308 1236 prorsus
1331 1166 1566 1233 ignotam
1593 1167 1797 1236 praede-

211 1260 519 1314 cessoribus
546 1259 686 1325 suis,
727 1266 782 1313 et
808 1259 912 1313 hoc
945 1258 1120 1327 ipsum
1160 1256 1466 1317 nefandum,
1495 1256 1636 1311 hanc
1660 1257 1797 1312 velle

212 1349 268 1404 in
298 1348 593 1403 Ecclesiam
620 1347 994 1402 introducere?

289 1439 375 1492 11.
403 1438 530 1492 Mihi
560 1446 738 1492 autem
760 1438 934 1492 nullus
955 1436 1211 1491 adversus
1233 1450 1354 1489 eum
1375 1450 1553 1489 sermo
1582 1435 1648 1488 de
1676 1436 1795 1489 aliis

210 1531 392 1587 causis
421 1538 503 1584 est
536 1547 548 1582 :
589 1528 683 1583 sed
711 1528 987 1597 contingat
1019 1543 1141 1581 eum
1178 1527 1461 1597 paenitere,
1504 1534 1559 1579 et
1588 1535 1790 1580 rectam

212 1623 504 1692 aliquando
525 1621 766 1677 conﬁteri
788 1620 978 1685 fidem;
1010 1620 1077 1674 de
1111 1620 1175 1673 iis
1204 1627 1383 1673 autem
1417 1633 1536 1687 qua:
1556 1617 1583 1655 ι’
1608 1618 1796 1671 adver-

212 1729 335 1768 sum
364 1728 449 1767 me
477 1713 713 1777 molitur,
746 1712 960 1766 irritans
991 1710 1236 1765 inimicos
1268 1716 1323 1763 et
1356 1723 1673 1778 provocans,
1705 1723 1794 1762 sa-

210 1803 447 1859 tisfaciet
477 1803 609 1858 Deo.

284 1894 373 1948 12.
398 1894 534 1948 Nihil
558 1901 733 1948 autem
763 1893 975 1958 mirum,
1006 1903 1027 1931 ο
1053 1893 1098 1947 si
1126 1892 1267 1948 male
1297 1892 1364 1947 de
1393 1892 1547 1947 nobis
1567 1893 1793 1961 loquan-

211 1994 303 2040 tur
339 1986 369 2026 (ι
406 1985 736 2053 sterquilinia
774 1984 1007 2039 civitatis
1041 1982 1359 2039 Chaeremon
1400 1995 1455 2039 et
1493 1983 1696 2050 Victor,
1739 1994 1795 2039 et

207 2077 545 2147 Sophronas,
585 2085 640 2131 et
684 2076 985 2131 decoctoris
1024 2076 1228 2149 [Βαιιιπ.
1274 2076 1399 2129 add.
1437 2075 1514 2147 et]
1554 2076 1794 2133 Flaviani

208 2166 572 2235 mancipium;
595 2180 807 2235 semper
828 2164 971 2220 enim
999 2171 1053 2219 et
1074 2165 1217 2220 circa
1245 2180 1303 2220 se
1326 2164 1559 2230 fuerunt,
1583 2176 1639 2219 et
1665 2179 1793 2233 erga

207 2257 354 2311 alios
382 2272 632 2325 nequam.
674 2255 895 2311 Noverit
934 2264 1114 2310 autem
1150 2256 1242 2325 qui
1284 2271 1378 2311 eos
1422 2257 1614 2322 irritat,
1645 2255 1789 2326 quod

207 2363 316 2403 nos
342 2362 632 2415 numquam
664 2346 1066 2402 formidavimus
1091 2348 1579 2417 peregrinationem
1617 2349 1790 2404 susci-

208 2454 343 2509 pere
374 2437 577 2510 [Batuz.
604 2454 703 2492 om.
736 2437 1045 2508 suscipere],
1074 2438 1169 2492 sed
1198 2453 1297 2492 nec
1327 2438 1534 2492 illorum
1564 2454 1786 2494 accusa-

1896 527 2038 579 enim
2087 527 2321 592 evenire,
2376 526 2669 583 Salvatoris
2714 530 2887 584 nostri
2939 530 3339 601 dispensatione
3389 534 3469 588 fa-

1895 618 2089 680 ciente,
2134 618 2203 672 ob
2257 619 2398 673 leves
2446 617 2583 672 forte
2629 620 2791 673 etiam
2839 627 2893 674 et
2939 622 3223 677 vilissimas
3259 640 3465 691 causas,

1896 710 1964 763 ad
2001 710 2330 779 purgandam
2366 710 2683 775 Ecclesiam,
2724 710 2900 780 juberi
2941 714 3226 768 concilium
3266 726 3467 769 convu-

1895 799 2028 853 cari.

1967 891 2051 944 l5.
2081 889 2195 945 Non
2226 891 2386 960 igitur
2404 902 2584 962 speret
2611 893 2776 948 miser
2814 894 2901 949 ille
2931 894 3137 967 [Batuz.
3173 914 3275 949 om.
3309 897 3470 950 miser

1895 980 2034 1052 ille],
2068 981 2276 1035 etiamsi
2311 982 2484 1037 adhuc
2510 998 2608 1036 nos
2636 983 2816 1051 plures
2846 992 2900 1037 et
2944 982 3044 1037 ﬁde
3080 985 3349 1052 digniores
3380 1002 3469 1041 ac-

1896 1077 2099 1134 cusent,
2126 1085 2184 1124 se
2213 1079 2453 1125 nostrum
2476 1070 2709 1140 judicem
2734 1068 2879 1137 fore;
2902 1073 3024 1140 quia
3052 1074 3259 1127 etiamsi
3278 1074 3469 1142 jubea-

1896 1169 1984 1217 tur
2004 1164 2068 1217 ad
2089 1163 2237 1217 illum
2259 1179 2356 1218 nos
2377 1164 2560 1218 venire
2588 1163 2802 1229 debere,
2830 1172 2854 1229 ς
2880 1163 3228 1218 refutabimus
3252 1166 3469 1219 audien-

1896 1253 2025 1306 tiam
2065 1253 2268 1325 [Baluz.
2310 1253 2433 1306 add.
2462 1254 2546 1307 vel
2570 1253 2848 1325 judicium]
2880 1253 3015 1323 ejus,
3060 1263 3115 1309 et
3156 1255 3248 1309 Dei
3290 1255 3471 1310 favore

1894 1343 2302 1398 dilucidabimus
2326 1360 2414 1398 res
2453 1345 2641 1413 magis,
2673 1353 2937 1413 quatenus
2965 1344 3033 1399 de
3069 1346 3178 1399 suis
3220 1346 3471 1415 blasphe-

1895 1440 2016 1493 miis
2044 1439 2237 1493 debeat
2259 1438 2590 1494 satisfacere.

1970 1529 2055 1582 M.
2090 1530 2273 1598 Neque
2294 1530 2454 1598 igitur
2475 1544 2659 1599 pacem
2684 1528 2989 1597 refugimus,
3014 1529 3107 1584 sed
3130 1538 3183 1584 et
3205 1531 3466 1599 cupimus,

1896 1622 1940 1675 si
1973 1620 2103 1675 ﬁdes
2131 1629 2277 1675 recta
2303 1620 2465 1675 fuerit
2500 1620 2813 1674 annuntiata
2844 1628 3003 1689 atque
3028 1621 3287 1690 professa,
3314 1623 3396 1676 vel
3427 1625 3468 1679 si

1895 1712 2023 1766 talia
2070 1720 2245 1767 cesset
2281 1711 2493 1765 tandem
2540 1711 2827 1779 aliquando
2878 1711 3188 1780 praedicare.
3246 1711 3470 1766 Tantam

1828 1806 1872 1864 B
1900 1803 2041 1857 enim
2088 1803 2495 1858 perversitatem
2538 1802 2626 1857 ille
2666 1801 2783 1871 ejus
2816 1800 2835 1839 τ
2867 1803 3152 1871 quaternio
3191 1803 3371 1865 habet,
3416 1814 3470 1859 ut

1900 1894 2091 1947 merito
2120 1891 2188 1947 de
2223 1893 2307 1946 his
2345 1892 2434 1961 qui
2462 1893 2789 1962 scripserunt
2816 1892 3024 1947 dicatur
3051 1893 3175 1962 quia
3200 1894 3491 1965 principa--

1901 1992 2010 2039 tum
2040 1984 2092 2038 in
2119 1984 2467 2054 blasphemiis
2496 1991 2700 2038 tenent.

1969 2073 2056 2128 15.
2097 2074 2229 2140 Quia
2255 2090 2384 2130 vero
2424 2083 2692 2138 causatur,
2736 2074 3062 2129 locutionem
3104 2073 3471 2129 inconsuetam

1897 2164 2145 2234 ﬂagitari,
2180 2165 2275 2218 Dei
2311 2166 2623 2233 genitricem
2659 2164 2865 2237 [Baluz.
2903 2165 3264 2237 puerperam],
3305 2166 3358 2219 id
3392 2176 3474 2221 est

1898 2258 2443 2327 azoréxov,Virginem
2464 2267 2724 2323 sanctam,
2748 2272 2908 2325 quam
2938 2271 3037 2310 nec
3057 2256 3350 2325 Scriptura,
3375 2273 3467 2311 nc-

1892 2366 1997 2419 que
2017 2361 2203 2406 sancta
2229 2350 2464 2422 synodus
2486 2349 2736 2420 protulit;
2769 2358 2794 2395 ε
2817 2347 2960 2402 dicat
2979 2347 3134 2402 nobis
3162 2347 3276 2416 ipse
3305 2347 3466 2400 inter-

1893 2450 2130 2508 rogatus,
2174 2441 2265 2495 ubi
2305 2441 2618 2509 genitricem
2656 2437 2872 2502 Christi,
2916 2438 2969 2492 id
3006 2446 3111 2501 est,
3144 2428 3468 2513 Χριστοτόκοὲο

1400 2571 1936 2630 CASTIGATlONES
1976 2576 2061 2633 ET
2098 2576 2329 2630 NO'UE.

208 2682 523 2755 blasphemis
562 2700 625 2736 ac
655 2683 863 2755 furiosis
893 2682 1094 2755 vocibus
1136 2683 1234 2736 tuis
1273 2683 1561 2737 sacerdotes
1589 2701 1788 2755 semper

206 2754 396 2806 illwste
426 2753 545 2822 ﬁdei
585 2764 632 2806 et
661 2754 925 2825 catholicae
959 2754 1301 2825 confessionis
1332 2754 1588 2825 infames;
1623 2753 1788 2825 magi-

206 2820 439 2876 strorum
467 2825 693 2893 priorum
720 2824 839 2876 uitio
867 2820 1069 2893 plebem
1090 2820 1671 2893 Constantinopolitanae
1700 2820 1789 2877 ur-

208 2892 293 2946 bis
314 2894 527 2962 errare?
557 2892 630 2944 Tu
663 2909 783 2962 ergo
803 2892 1098 2962 emendator
1126 2892 1703 2962 priorumantistitum;
1736 2904 1788 2945 tu

208 2961 588 3033 condemnator
612 2960 830 3015 veterum
856 2960 1210 3033 sacerdotum;
1233 2972 1307 3033 _tu
1338 2960 1582 3033 Gregorio
1622 2964 1791 3016 excel-

208 3033 435 3102 lentior;
470 3041 519 3083 tu
537 3029 780 3102 Nectario
810 3030 1103 3102 probatior;
1136 3040 1187 3083 tu
1216 3029 1418 3085 Joanne
1440 3029 1788 3102 prtestantior,

206 3096 920 3170 amnibusque_0rientalium
948 3100 1148 3153 urbium
1175 3096 1562 3154 sacerdotibus?

288 3156 515 3240 Oportet
540 3168 849 3240 Cassianum
880 3171 1072 3224 vidisse
1100 3170 1237 3224 hanc
1264 3171 1793 3240 epistolam:!quippe
1819 3156 1864 3215 Ο

208 3256 240 3292 τι
258 3238 464 3309 Cyrillo
480 3240 547 3293 ad
562 3238 907 3293 Caelestinum
929 3241 1145 3294 missam
1166 3255 1264 3308 per
1284 3238 1651 3295 Possidonium
1673 3238 1794 3295 cum

207 3308 353 3389 aliis.
373 3308 613 3377 ejusdem
652 3309 851 3377 negotii
890 3309 1121 3389 chartis;
1164 3310 1246 3363 vel
1285 3309 1795 3389 Nestoriumtqupd
1826 3356 1849 3375 ,

206 3379 387 3447 magis
414 3394 558 3450 reor,
601 3395 769 3450 suum
795 3379 1089 3450 secundum
1123 3393 1428 3434 sermonem
1469 3395 1566 3450 per
1607 3381 1793 3436 Antio-

207 3450 377 3505 chum
404 3447 694 3502 leestino
721 3448 998 3503 direxisse.

288 3528 314 3555 ι
344 3517 645 3572 Nestorium
674 3518 923 3572 Socrates
954 3525 1168 3572 accusat
1195 3518 1475 3586 superbia},
1512 3519 1605 3573 sed
1635 3528 1689 3573 et
1716 3520 1792 3573 si-

207 3588 327 3641 mul
364 3587 694 3658 ignorantiae.
732 3586 820 3658 S_i_c
858 3588 1001 3642 enim
1040 3588 1224 3658 scribit
1254 3586 1390 3658 (Lib.
1430 3604 1517 3648 vn,
1561 3604 1605 3641 c.
1640 3588 1740 3657 52)
1776 3607 1788 3642 :

209 3658 331 3726 Ego
367 3657 487 3710 dum
510 3656 665 3711 libros
689 3674 721 3710 a
750 3656 802 3708 Ν
806 3659 988 3711 estorio
1018 3657 1178 3710 editos
1208 3656 1340 3727 lego,
1364 3657 1619 3727 hominem
1646 3656 1790 3727 repe-

210 3725 295 3781 rio
324 3728 635 3797 imperitum,
666 3736 717 3779 et
748 3727 996 3781 doctrina:
1027 3728 1227 3796 penitus
1259 3725 1534 3797 expertem.
1566 3725 1634 3779 Et
1674 3725 1794 3796 post

211 3812 390 3865 pauca
425 3815 437 3848 :
480 3796 665 3867 Vocem
706 3797 857 3860 hanc,
903 3798 1162 3862 Θεοτόκος,
1197 3796 1687 3867 tamquamlarvam
1713 3814 1792 3849 re-

210 3866 509 3938 formidans
535 3866 777 3938 declinat.
812 3867 1004 3938 hocque
1039 3868 1115 3920 illi
1149 3883 1256 3938 pra:
1288 3866 1713 3938 insigniinscitia
1745 3876 1791 3921 et

210 3934 541 4006 ignoratione
567 3937 798 4006 contigit.
831 3934 971 3990 Nam
1007 3934 1213 4006 tametsi
1244 3934 1429 3988 natura
1459 3934 1648 4005 linguw
1682 3946 1794 3989 erat

210 3954 227 3989 ι
271 3954 541 3991 noranone
567 3954 798 4006 contigit.
831 3954 971 3990 nam
1007 3954 1207 3989 tametsi
1244 3954 1429 3988 natura
1459 3954 1648 4005 ungua:
1682 3954 1793 3989 erat

210 3954 444 4067 ἐξιεῖ-ιε,
482 4015 531 4058 et
563 4016 830 4076 propterea
863 4007 1039 4059 doctus
1076 4005 1369 4074 putabatur.
1411 4014 1579 4057 tamen
1619 4022 1793 4059 revera

209 4076 482 4146 imperitus
508 4076 650 4146 fuit:
675 4077 795 4146 quin
824 4078 979 4129 etiam
998 4086 1225 4146 peterum
1248 4076 1793 4146 interpretumscripta

210 4142 516 4215 perdiscere
530 4142 830 4215 dedignatus
862 4155 954 4199 est.
989 4142 1204 4214 Lingua:
1235 4142 1715 4197 enitn'volubilitate'
1743 4154 1793 4200 et

210 4215 475 4285 elegantia
521 4215 799 4267 insolenter
848 4231 903 4269 se
945 4216 1203 4285 efferens,
1258 4230 1372 4267 cum
1410 4223 1597 4285 veteres
1634 4230 1793 4283 prape

210 4282 471 4354 neglexit,
527 4292 631 4336 tum
675 4300 730 4337 se
783 4285 952 4353 ipsum
977 4282 1236 4338 omnibus
1277 4283 1578 4338 antecellere
1614 4282 1793 4337 existi-

211 4356 395 4407 «tavit.

290 4423 317 4461 δ
340 4422 651 4477 Consonant
681 4436 798 4490 quae
828 4421 1094 4476 habentur
1122 4422 1173 4475 in
1216 4421 1371 4476 tertia
1402 4422 1625 4490 epistola
1661 4420 1793 4477 Nes-

210 4493 347 4547 torii
396 4492 463 4545 ad
506 4489 850 4546 leestinum
896 4491 965 4546 de
1013 4492 1203 4546 libellis
1248 4491 1501 4544 adversus
1537 4489 1791 4546 Cvrillum

210 4562 379 4617 datis.
413 4560 604 4625 Didici,
630 4562 817 4629 inquit,
848 4561 1256 4630 honestissimum
1284 4558 1533 4630 Cyrillum
1561 4551 1787 4613 Alexan-

212 4632 391 4685 drinis
414 4631 554 4684 urbis
583 4632 889 4701 episcopum,
915 4641 1119 4701 propter
1138 4629 1334 4684 libellos
1355 4639 1531 4701 contra
1556 4646 1669 4701 eum
1695 4648 1791 4701 no:

213 4703 295 4755 bis
328 4702 546 4764 oblatos,
588 4698 886 4754 exterritum
916 4698 982 4753 ac
1008 4698 1113 4753 sibi
1148 4709 1411 4753 venantem
1444 4698 1684 4761 latebras,
1720 4700 1791 4752 ad

210 4772 513 4826 evitandum
551 4786 753 4823 sacram
779 4770 1029 4839 synodum
1058 4779 1263 4838 propter
1302 4768 1393 4822 Itos
1430 4769 1565 4837 ipsos
1595 4768 1791 4822 libellos

215 4845 470 4913 futuram,
501 4839 749 4911 quasdam
777 4840 907 4893 alias
936 4841 1129 4893 interea
1150 4839 1480 4909 cogitationes
1501 4840 1792 4909 excogitare

215 4910 521 4973 uerborum,
540 4917 643 4964 etc.
670 4928 675 4931 ‘

297 4991 320 5019 ε
362 4980 561 5036 Horum
605 4978 971 5034 accusationes
1003 4977 1279 5032 Nestorius
1314 4977 1380 5031 ad
1416 4977 1793 5045 imperatorem

211 5051 447 5106 detulit:
481 5050 619 5104 unde
648 5048 747 5102 fuit
771 5050 1058 5103 necessitas
1089 5048 1333 5115 imposita
1367 5054 1554 5116 sancto
1584 5049 1795 5116 prazsuli

211 5121 516 5176 scribendae
554 5120 622 5174 ad
663 5118 1018 5173 Theodosium
1056 5113 1397 5171 defensionis.
1438 5113 1667 5171 Nestorii
1699 5118 1795 5171 do-

214 5200 451 5262 gmatum
474 5198 903 5262 propugnatores,
930 5188 1223 5262 inquitA(tu
1258 5196 1392 5257 part.
1413 5201 1569 5262 _conc.
1601 5188 1794 5262 [ip/tes.

214 5256 264 5314 ἒ.
303 5259 415 5326 15),
446 5256 655 5313 invidia?
686 5258 887 5329 odiique
916 5275 1091 5311 arcum
1112 5256 1274 5329 inme
1304 5256 1594 5329 tendentes,
1628 5256 1797 5326 impo-

218 5324 472 5399 tentisque
490 5330 708 5382 insania:
734 5324 842 5383 sua:
875 5345 1027 5381 ausus
1059 5328 1213 5381 variis
1240 5326 1404 5399 modis
1427 5324 1801 5380 adversum’me

217 5395 611 5461 concinnitates,
643 5399 776 5452 viros
804 5399 1067 5468 quosdam,
1104 5413 1316 5468 quorum
1345 5395 1488 5468 deus_
1506 5407 1677 5468 venter
1702 5408 1798 5468 est,

215 5480 268 5522 et
290 5468 461 5538 gloria
480 5470 535 5521 in
555 5463 853 5538 confusione
872 5484 1062 5529 eorum,
1098 5463 1227 5520 sicut
1247 5464 1418 5517 beatus
1450 5463 1645 5519 Paulus
1676 5467 1798 5520 dicit

223 5537 479 5608 (Philipp.
526 5554 600 5603 ιιι,
644 5537 754 5605 19),
795 5538 1022 5590 mercede
1059 5542 1344 5608 pararunt,
1373 5542 1444 5608 _et
1475 5546 1795 5608 accusatores

222 5602 567 5670 adornarunt,
589 5602 657 5661 ac
680 5602 735 5659 ut
761 5616 922 5661 vestro
946 5602 1159 5675 imperio
1187 5602 1430 5657 molestia:
1456 5604 1581 5669 sint,
1611 5614 1661 5659 et
1684 5608 1797 5677 qui-

224 5679 343 5748 dem
372 5679 691 5748 frequenter,_
708 5686 1028 5748 curaverunt,
1053 5681 1154 5729 etc.

298 5747 325 5783 ιι
371 5742 567 5803 Eorum
598 5745 826 5803 nefanda
865 5746 1086 5803 crimina
1116 5742 1274 5812 paulo
1304 5749 1428 5798 ante
1466 5758 1531 5797 ex
1569 5745 1795 5815 epistola

1892 2684 2075 2757 Cyrilli
2104 2686 2171 2741 ad
2199 2685 2499 2740 Nestorium
2540 2685 2707 2739 relata
2747 2692 2890 2757 sunt.
2924 2684 3053 2757 Fuit
3089 2694 3267 2741 tamen
3305 2702 3334 2740 a
3372 2702 3467 2757 ca-

1893 2755 2271 2810 lu'mniatorum
2295 2772 2517 2809 numero
2546 2755 2859 2810 eximendus
2887 2756 2967 2809 vir
2995 2757 3359 2811 sanctissimus
3378 2756 3472 2811 Vi-

1893 2834 2031 2893 ctor,
2072 2825 2224 2894 cujus
2261 2826 2560 2895 apologiam
2602 2826 2940 2894 postmodum
2988 2826 3205 2895 scripsit
3245 2824 3472 2895 Cyrillus

1895 2844 2031 2893 utor,
2072 2844 2224 2894 culus
2261 2844 2560 2895 apmogiam
2602 2844 2940 2894 pOStmouum
2992 2844 3205 2894 scrtpsrt
3245 2844 3284 2879 υ
3323 2844 3472 2881 l'lllllS

1895 2895 2010 2963 ipse
2037 2897 2104 2949 ad
2128 2896 2503 2965 imperatorem
2535 2896 2609 2964 (ιιι
2641 2904 2774 2965 part.
2802 2911 2945 2948 conc.
2978 2894 3116 2965 Eph.
3149 2912 3193 2948 c.
3226 2844 3335 2964 ιδζ.
3360 2894 3472 2949 Eat-
3530 2938 3533 2939 ν

1894 2975 2065 3033 pertus
2086 2975 2160 3019 est
2180 2982 2398 3025 mecum,
2416 2965 2605 3031 inquit,
2622 2966 2896 3087 igﬁenatw
2916 2964 3109 3035 lingua:
3121 2964 3299 3035 jacula
3320 2966 3472 3017 etiam

1897 3034 2109 3087 dilectus
2131 3037 2392 3087 solitarius
2431 3034 2623 3087 Victor.
2696 3044 2966 3087 aurserant
2997 3050 3133 3087 entm
3157 3034 3219 3087 de
3245 3034 3334 3086 illo
3360 3036 3472 3087 uui-

1897 3034 2109 3087 dilectus
2131 3037 2392 3088 solitarius
2431 3034 2623 3091 Victor.
2650 3034 2967 3104 Sparserant
2997 3034 3133 3087 enim
3157 3034 3219 3087 de
3245 3034 3334 3086 illo
3360 3036 3474 3104 qui—

1900 3104 2040 3161 dam.
2073 3107 2157 3175 qui
2176 3105 2386 3175 mentiri
2421 3102 2806 3162 consueverunt,
2833 3102 2968 3171 quod
3002 3104 3042 3175 is
3063 3120 3259 3174 quoque
3290 3102 3471 3175 contra

1896 3189 1977 3226 me
1997 3171 2216 3226 absurda
2238 3173 2471 3243 quendam
2495 3181 2885 3243 nugatusesset,
2905 3181 2959 3223 ut
2977 3171 3132 3225 etiam
3157 3171 3272 3243 eum
3299 3171 3471 3243 Ephe-

1894 3258 2008 3296 sum
2041 3244 2109 3295 ad
2141 3259 2222 3295 me
2250 3241 2485 3305 uenisset,
2516 3241 2747 3295 nonnulli
2779 3258 2844 3293 ea:
2871 3250 3048 3294 sancta
3086 3241 3281 3311 synodo
3302 3241 3469 3311 pluri—

1900 3330 2035 3365 mum
2074 3314 2241 3382 ipsum
2281 3322 2579 3366 accusarent
2614 3328 2630 3364 :
2668 3313 2823 3364 immo
2862 3328 2974 3382 vero
3020 3312 3273 3373 universi,
3302 3311 3471 3382 (uelud

1894 3398 2049 3434 unum
2071 3380 2135 3435 ea
2162 3383 2433 3451 impiorum
2463 3398 2669 3435 numero
2703 3382 2891 3451 perosi,
2916 3380 3060 3434 illum
3093 3381 3309 3451 auersati
3344 3382 3469 3441 :int,

1894 3450 2320 3522 perstiteruntque
2339 3452 2653 3522 parricidam
2674 3450 3066 3522 etfratricidam
3080 3450 3308 3522 aliisque
3334 3451 3472 3519 ejus—

1894 3518 2032 3575 modi
2070 3518 2358 3575 nominibus
2398 3522 2675 3591 appellare.
2709 3518 2834 3573 Cum
2864 3531 3032 3574 autem
3071 3520 3158 3573 ille
3184 3518 3473 3573 senes/ioc

1890 3592 2245 3653 intellexisset,
2282 3591 2454 3644 multis
2484 3591 2761 3644 admodum
2790 3592 2982 3644 sanctis
3011 3591 3262 3660 episcopis
3302 3591 3471 3660 ipsum

1893 3660 2358 3723 circumstantibus,
2377 3660 2592 3713 sublatis
2613 3662 2663 3712 in
2684 3660 2863 3729 caelum
2886 3660 3140 3722 manibus,
3160 3671 3346 3729 prwter
3367 3675 3471 3711 mo-

1893 3746 1998 3799 rem
2041 3746 2186 3781 suum
2230 3746 2319 3799 per
2356 3738 2740 3799 sacrosanctum
2779 3727 3050 3797 baptisma,
3095 3727 3473 3799 etivencranda

1895 3796 2084 3851 Christi
2106 3796 2369 3867 mysteria,
2396 3798 2586 3850 nullius
2608 3798 2787 3867 horum
2816 3796 3064 3850 scelerum
3093 3798 3189 3849 sibi
3213 3800 3472 3851 conscium

1892 3884 2001 3920 esse
2025 3866 2251 3938 jurauit;
2287 3884 2351 3938 ac
2392 3867 2603 3936 denique
2640 3866 2951 3938 offensorum
2975 3868 3178 3938 animos
3212 3883 3347 3936 aegre
3376 3883 3470 3936 ego

1892 3946 1941 3989 et
1968 3936 2075 4005 ipse
2093 3937 2245 3991 simul
2274 3937 2369 3988 hac
2392 3939 2590 3989 ratione
2612 3937 2818 4005 placare
2843 3936 3117 4004 potuimus.

2011 4008 2116 4061 irca
2144 4008 2241 4061 hos
2269 4006 2512 4059 homines
2542 4003 2646 4060 non
2677 4004 2805 4059 satis
2833 4003 2931 4057 sibi
2968 4011 3177 4057 c0nstat
3206 4003 3468 4056 Christia-

1894 4092 1994 4130 nus
2023 4076 2231 4159 _Lupus;
2256 4091 2350 4130 eos
2372 4076 2518 4159 enim.
2536 4074 2833 4159 facitmodo
2853 4072 3472 4159 Conptantin‘qpolitanos

1894 4142 2255 4217 presbyteros,
2288 4162 2409 4217 eum
2438 4143 2629 4199 Ph‘otio
2661 4142 3170 4217 adj‘ungitadversus
3192 4142 3469 4217 Cyrillum;

1893 4211 2073 4271 inodo'
2085 4216 2493 4278 Alexandrinos,
2526 4232 2647 4269 cum
2669 4211 2879 4282 objecta
2909 4212 3036 4282 ipsis
3064 4227 3188 4282 vere
3217 4211 3250 4265 a
3271 4211 3471 4282 Cyrillo

1893 4287 2133 4350 crimina,
2158 4285 2382 4340 credidit
2404 4286 2546 4353 ipsos
2574 4280 2751 4353 potius
2782 4280 2980 4352 Cyrillo
3010 4281 3290 4353 objecisse.
3341 4280 3473 4346 Qua:

1894 4371 2057 4424 porro
2099 4355 2256 4409 fuerit
2284 4352 2442 4424 causa
2482 4352 2811 4424 credulitatis
2858 4358 2965 4424 tam
3011 4352 3199 4424 aliena:
3241 4367 3269 4404 a
3316 4368 3468 4414 vero,

1893 4421 1991 4477 etsi
2020 4425 2317 4479 communis
2341 4422 2490 4491 Lupo
2520 4438 2641 4477 cum
2667 4422 2782 4474 aliis
2801 4421 3136 4489 quibusdam,
3171 4438 3274 4474 non
3298 4423 3469 4489 potui,

1894 4495 1994 4548 etsi
2022 4494 2113 4548 diu
2140 4493 2487 4561 cogitaverim
2511 4534 2525 4555 ,
2567 4492 2830 4561 divinare:
2864 4499 2989 4561 sunt
3017 4491 3156 4561 epjm
3197 4500 3379 4559 aperta
3418 4491 3473 4543 in

1893 4558 2233 4617 contrarium'
2257 4561 2439 4632 Cyrilli
2470 4561 2628 4616 verba
2659 4559 2848 4632 (Epist.
2884 4559 2918 4612 Ξ).
2951 4560 3018 4612 ad
3042 4558 3250 4615 Nestor.
3283 4576 3300 4613 ι
3329 4570 3467 4630 part.

1891 4649 2034 4687 conc.
2064 4632 2196 4701 Epit.
2229 4648 2272 4684 c.
2304 4631 2381 4701 8).

1969 4712 1991 4738 θ
2038 4699 2413 4825 ReJutabimus,
2451 4701 2501 4755 id
2525 4708 2605 4755 est
2634 4700 3015 4755 recusabimus.
3057 4699 3146 4753 Sic
3184 4700 3234 4752 in
3277 4699 3469 4754 concil.

1969 4771 2091 4825 lalce
2130 4771 2343 4825 onensi.
2376 4786 2472 4825 pro
2500 4786 2566 4825 eo
2601 4770 2742 4825 quod
2770 4778 2921 4823 vetus
2955 4770 3218 4825 interpres
3247 4767 3469 4825 loquens

1894 4767 2343 4840 Chalcedonensi,
2376 4786 2472 4840 pro
2500 4786 2566 4825 eo
2601 4770 2742 4840 quod
2770 4778 2921 4823 vetus
2955 4770 3218 4840 interpres
3247 4767 3474 4840 loquens

1896 4840 1962 4894 de
1991 4856 2149 4895 causa
2183 4838 2418 4893 Flaviani
2442 4840 2675 4909 episcopi
2701 4838 3273 4909 Constantinopglitani
3296 4840 3474 4907 posuit

1896 4910 2109 4980 Appello
2136 4928 2167 4963 a
2202 4920 2246 4963 te
2268 4950 2281 4972 ,
2312 4907 2562 4964 Rusticus
2593 4907 2847 4980 diaconus
2884 4907 3267 4980 vertit’fiefuto
3290 4918 3367 4971 te,
3398 4911 3474 4962 uti

1899 4977 2211 5034 annotatu'm
2242 4988 2323 5035 est
2352 4980 2402 5033 in
2447 4996 2583 5034 nova
2614 4979 2930 5034 collectione
2957 4977 3318 5031 Conciliorum
3348 4992 3471 5047 pag.

1898 5047 2052 5102 “54.
2105 5049 2404 5104 Alexander
2440 5051 2720 5119 episcopus
2758 5047 3186 5119 Hierapolitauus
3222 5047 3275 5100 in
3313 5063 3474 5119 syno-

1895 5118 2014 5174 dico
2055 5120 2309 5173 adversus
2350 5115 2659 5188 tragoediam
2698 5117 2880 5188 Irentci
2923 5115 3047 5188 cap.
3092 5116 3142 5178 6',
3187 5132 3308 5186 pag.
3345 5115 3469 5188 (iiii.

1898 5188 2122 5271 lﬂxstant
2149 5205 2311 5271 porro
2335 5186 2453 5271 alia
2485 5196 2736 5271 excerpta
2771 5187 3006 5271 Nestor-ii
3037 5187 3086 5239 in
3118 5188 3345 5271 concilio
3368 5186 3474 5271 La.-

1898 5257 2169 5381 granensi
2217 5259 2425 5312 Martini
2476 5257 2725 5328 papm'et
2770 5258 2823 5311 in
2878 5257 3012 5311 actis
3053 5258 3267 5311 concilii
3313 5258 3471 5311 sexti.

1944 5345 2095 5381 ALUZ.

1944 5345 2095 5382 ALUZ.

1977 5397 1997 5435 ί
2038 5399 2057 5452 l
2065 5414 2155 5467 pse
2178 5407 2260 5453 est
2280 5406 2498 5467 quartus
2517 5412 2693 5453 sermo
2715 5397 2993 5453 adversum
3016 5395 3282 5461 Proclum,
3315 5411 3475 5467 quem

1902 5465 2081 5533 specie
2109 5465 2473 5537 quaternionis
2503 5469 2736 5521 oblatum
2767 5468 2993 5523 diacono
3023 5482 3122 5520 suo
3136 5467 3333 5537 scribit
3369 5465 3476 5536 Cy-

1902 5538 2050 5609 rillus
2099 5536 2293 5609 (Num.
2328 5538 2360 5590 '5
2385 5538 2533 5609 hujus
2553 5540 2700 5609 epist.
2721 5541 2757 5604 ),
2789 5538 2985 5609 quique
3019 5536 3299 5609 in_Gr-.eco
3347 5551 3475 5589 vere

1902 5606 2385 5679 dicitur‘quaternio
2407 5606 2834 5679 blasphemiarum
2862 5606 3114 5679 estorii.

1976 5687 2000 5725 ε
2041 5676 2228 5732 Mirum
2274 5676 2527 5745 quantum
2577 5678 2689 5731 hrcc
2733 5684 2788 5730 et
2827 5676 2927 5729 alia
2972 5691 3091 5742 qum
3119 5681 3411 5745 sequuntur
3439 5687 3468 5724 a

1900 5745 2099 5803 Graecis
2120 5744 2452 5816 discrepant;
2478 5747 2568 5801 sed
2594 5748 2777 5815 procul
2798 5746 2958 5801 dubio
2979 5745 3161 5798 Gnnca
3180 5745 3263 5794 vix
3288 5744 3470 5802 ullum,
