3958 6178
531 229 638 286 815

1042 223 1233 281 MAR”
1272 221 1701 279 MERCATORIS
1739 220 2295 278 TRANSLATIONES
2334 219 2689 277 VARIORUM
2727 219 3241 280 OPL‘SCULORUM.
3605 241 3684 296 είς

529 339 806 412 scriptura
843 336 1130 406 loquatur?
1167 333 1246 387 An
1285 333 1450 388 ullum
1489 331 1791 402 episcopale
1819 331 2101 386 concilium
2135 337 2178 392 Α
2207 329 2476 399 quomodo
2511 329 2702 384 saltem
2739 329 2988 401 θεοδόχος
3023 341 3120 396 cst,
3161 332 3186 371 δ
3213 343 3267 388 ut
3293 336 3380 406 ipsi
3407 339 3570 398 iterum
3599 347 3691 416 pla-

531 440 632 494 est,
660 428 802 500 quod
830 425 1090 497 θεοδόχον,
1122 423 1174 477 id
1202 430 1302 487 est,
1327 422 1708 491 susceptricem
1735 424 1818 477 vel
1847 436 2100 492 capacem

530 522 743 579 deitatis
769 519 1012 581 formam,
1055 515 1412 570 nominaverit
1437 514 1747 569 Christum?

600 611 688 664 16.
721 619 747 648 ι
776 609 832 662 1η
872 608 962 662 illo
991 606 1133 661 enim
1170 606 1540 673 quaternione,
1587 621 1745 674 quem
1792 607 1898 660 huc
1936 606 2098 669 misit,

527 714 734 768 nosque
765 699 1110 752 vehementer
1139 695 1378 760 otl'cndit,
1420 696 1492 749 ita
1521 705 1621 757 est,
1645 702 1734 756 τὴν
1762 695 2005 766 θεοδὸχον
2029 705 2102 769 τῷ

462 854 469 859 ,
527 797 638 863 Θεῷ
664 789 809 861 Λόγῳ
837 787 1230 859 συνθιολογῶμεν
1265 787 1474 862 μόρφην,
1501 787 1563 842 Μ’
1589 794 1692 850 est,
1723 788 2102 857 susceptricem

526 881 625 936 Dei
649 879 878 934 formam
906 893 1013 933 una
1035 893 1098 932 ac
1117 877 1250 946 pari,
1281 893 1384 946 qua
1413 877 1580 932 Deum
1601 878 1854 944 Verbum,
1879 879 2102 934 Deitatis

527 970 738 1024 ratione
760 983 1096 1023 veneremur.
1128 966 1400 1031 Similiter,
1436 967 1504 1041 de
1531 968 1617 1021 illa
1645 982 1860 1037 quoque
1879 983 2102 1023 venera-

527 1060 623 1115 bili
650 1073 864 1128 semper
895 1057 1109 1126 Virgine
1147 1058 1218 1112 ita
1240 1058 1437 1127 posuit,
1470 1063 1561 1118 ﬂiv
1587 1057 1827 1130 θεοδόχον
1855 1061 2101 1137 παρθένον

529 1159 602 1220 τῷ
631 1157 740 1222 euq»
769 1153 838 1220 μή
865 1149 1286 1220 συνθεολογῶμευ,
1321 1148 1372 1201 id
1395 1156 1496 1212 est,
1525 1150 1903 1218 susceptricem
1930 1150 2102 1205 deita-

529 1242 599 1294 tis
624 1239 895 1308 Virginem
922 1253 1046 1294 cum
1077 1238 1187 1292 Deo
1215 1238 1281 1292 ad
1305 1238 1481 1292 divina
1503 1255 1610 1293 non
1639 1240 1964 1294 attollamus.

601 1328 688 1383 i7.
720 1328 897 1384 Nescit
927 1344 1057 1385 vero
1095 1328 1220 1398 quid
1259 1329 1524 1397 loquatur.
1557 1328 1612 1384 Si
1655 1330 1799 1384 enim
1827 1329 2008 1399 Virgo,
2046 1339 2104 1385 ut

529 1422 663 1484 vult,
715 1437 822 1477 non
853 1423 1063 1492 peperit
1101 1421 1300 1487 Deum,
1352 1437 1452 1476 nec
1497 1430 1580 1476 est
1621 1423 1882 1484 Θεοτὸκος,
1927 1438 2100 1491 neque

530 1513 801 1583 suscipere
838 1511 1013 1582 potuit
1052 1511 1221 1566 Deum
1259 1511 1312 1565 in
1353 1519 1526 1576 utero,
1566 1511 1657 1580 qui
1707 1520 1790 1567 est
1835 1510 2096 1580 Christus,

2209 424 2333 479 cet?

2279 513 2365 566 18.
2403 524 2424 552 α
2455 511 2592 579 Quid
2623 513 2675 566 in
2707 512 2864 566 dictis
2901 513 3009 567 suis
3035 512 3238 570 Patrem
3259 521 3474 574 Θεοτὸκον
3497 523 3583 576 dici
3607 542 3696 580 ma-

2206 607 2340 668 vult,
2365 620 2522 674 quam
2553 605 2695 658 illam
2725 604 2996 670 Virginem
3021 618 3266 670 sanctam,
3290 624 3434 677 quem
3459 615 3626 668 rectius
3652 627 3695 671 et

2208 695 2598 765 competentius
2624 697 2981 771 θεογεννήτορα
3008 695 3206 761 (Latini
3233 697 3321 751 Dci
3352 701 3608 766 genitorem
3635 706 3697 758 di-

2209 789 2414 857 cerent)
2437 787 2720 842 enuntiare
2746 787 3028 841 debuerit?
3056 787 3200 841 Dicat
3224 803 3343 856 ergo
3371 791 3520 851 nobis,
3543 793 3613 845 ubi
3635 795 3698 848 le-

2201 879 2339 947 gerit
2378 878 2493 932 hznc
2530 877 2714 941 verba,
2745 877 2831 931 vel
2869 891 2899 930 a
2942 877 3132 946 quibus
3171 877 3402 932 audierit.
3429 879 3571 933 Multa
3604 891 3702 935 sunt

2202 973 2426 1028 crimina
2455 971 2848 1041 expositionum
2882 969 3014 1039 ejus,
3047 970 3139 1025 sed
3166 971 3508 1033 servabuntur,
3535 983 3580 1027 et
3601 989 3702 1042 pro-

2203 1063 2442 1119 ferentur
2470 1064 2522 1118 in
2562 1072 2807 1133 tempore
2834 1070 3156 1134 opportuno,
3188 1063 3286 1118 nisi
3317 1062 3444 1118 forte
3478 1065 3704 1134 paenitudo

2208 1154 2386 1223 aliqua
2418 1154 2792 1223 subsequatur.

2277 1241 2364 1296 l9.
2399 1240 2422 1280 ἀ
2453 1241 2679 1313 Oportet
2705 1250 2884 1297 autem
2913 1257 2999 1296 me
3037 1257 3213 1296 meum
3251 1241 3396 1296 vobis
3430 1243 3708 1311 propositum

2205 1334 2380 1390 facere
2420 1335 2779 1398 manifestum,
2816 1341 2872 1388 et
2909 1333 3029 1388 ideo
3065 1333 3254 1386 iterum
3281 1333 3462 1396 scribo,
3487 1333 3608 1400 quod
3631 1335 3710 1388 etsi

2204 1441 2303 1495 ego
2332 1426 2433 1480 sim
2462 1434 2649 1479 natura
2673 1422 2946 1494 paciﬁcus,
2965 1431 3019 1478 et
3040 1424 3208 1477 litium
3237 1424 3360 1478 satis
3387 1424 3591 1489 ignarus,
3611 1434 3714 1492 opto

2203 1527 2382 1573 tamen
2404 1517 2670 1572 Ecclesias
2689 1517 2925 1585 quietem
2946 1515 3168 1579 habere,
3191 1523 3245 1569 et
3272 1514 3552 1569 sacerdotes
3571 1515 3647 1568 Dei
3673 1515 3716 1568 in

1680 1641 2222 1703 CASTIGATIONES
2263 1647 2350 1702 ET
2392 1646 2615 1702 NOTAE.

530 1737 721 1792 saltem
750 1733 934 1814 iuitio,
969 1733 1167 1814 iaciunt
1193 1732 1523 1814 probabilem
1561 1748 1794 1814 sensum.
1833 1731 1994 1787 Certe
2011 1735 2103 1814 Ain-7
2134 1745 2180 1802 Β
2207 1752 2389 1814 assero
2430 1737 2659 1814 primum
2697 1734 2807 1814 falli
2846 1735 3102 1805 opinione
3141 1751 3268 1814 sua,
3298 1735 3405 1814 sive
3430 1735 3511 1803 qui
3530 1735 3647 1789 hunc
3663 1735 3717 1814 li-

534 1819 739 1888 terpres
767 1805 1072 1888 Romanus,
1113 1802 1215 1888 etsi
1251 1802 1406 1888 v'alde
1448 1811 1750 1888 couaretur,
1796 1818 1901 1888 non
1930 1804 2105 1888 potuit

532 1871 664 1932 satis
692 1875 815 1930 huic
853 1873 982 1927 vitio
1011 1871 1233 1926 mederi.
1272 1871 1454 1940 Longe
1491 1872 1714 1926 clariora
1742 1879 1866 1926 sunt
1893 1871 1950 1927 et
1975 1874 2102 1927 reli-

531 1947 651 2016 quis
671 1943 1086 2016 consonantiora
1113 1956 1233 2010 qua:
1259 1941 1522 2016 Mercator
1541 1942 1722 2016 habet.

604 2027 630 2053 ιι
669 2012 917 2080 lntelligit
969 2026 1270 2066 sermonem
1320 2011 1548 2080 primum
1604 2011 1671 2066 de
1716 2011 2101 2075 incarnatione,

530 2101 626 2142 seu
665 2084 732 2140 de
763 2082 1002 2151 virgineo
1036 2093 1190 2151 partu
1209 2121 1225 2145 ,
1273 2081 1328 2151 in
1355 2094 1462 2148 quo
1483 2081 1825 2136 continentur
1850 2081 1963 2136 haec
1991 2082 2102 2150 ipsa

529 2157 694 2211 verba
724 2149 907 2224 (Nunt.
942 2149 1186 2224 ‘12)_:_‘rriv
1212 2149 1451 2221 θεοδόχον
1483 2158 1700 2224 ’τῷ-Θεῷ
1725 2152 1871 2224 ξόγῳ
1888 2149 2103 2224 ⁸συνθια-

529 2220 751 2299 λογῶμεὺ
790 2220 1019 2303 nimi,
1064 2220 1123 2303 id
1168 2228 1301 2303 est,’
1325 2220 2104 2303 suscepi-uicem.Deilformam

529 2290 635 2352 un'a
663 2290 726 2348 ac
763 2290 910 2363 pari,
932 2305 1036 2360 qua
1064 2290 1231 2345 Deum
1259 2290 1510 2356 Verbum,
1535 2290 1754 2346 Deitatis
1781 2291 1988 2346 ratione
2017 2306 2106 2347 ve-

536 2380 805 2421 ueremur.

602 2434 718 2488 Non
741 2431 1080 2487 mediocriter
1109 2430 1206 2484 ista
1224 2429 1412 2497 juvant
1438 2429 1785 2494 sententiam,
1811 2429 1936 2484 licet
1961 2429 2106 2484 inso-

532 2507 762 2568 lentem,
796 2501 1033 2556 auctoris
1073 2499 1437 2568 Pnedestinati
1477 2499 1618 2554 hunc
1653 2499 1706 2552 in
1734 2499 1951 2568 modum
1980 2515 2104 2553 nar-

531 2575 698 2630 rantis
742 2567 1020 2626 exordium
1057 2569 1182 2638 rnati
1227 2567 1480 2638 Cyrillum
1527 2568 1667 2622 inter
1710 2575 1766 2622 et
1803 2567 2104 2623 Nestorium

531 2642 737 2699 dissidii
761 2641 838 2711 (Η
843 2641 987 2711 (greci
1008 2637 1131 2711 89);
1176 2637 1553 2711 Octegesimam
1581 2647 1630 2691 et
1659 2654 1848 2711 nonam
1873 2639 2106 2711 [neresim

529 2708 808 2768 Nestorias
845 2708 1362 2777 Constantinopolites
1395 2708 1658 2777 episcopus
1706 2708 1892 2760 dicitur
1929 2709 2104 2762 incur-

532 2785 678 2837 risse.
722 2778 1042 2834 Consuetudo
1068 2786 1144 2831 est
1164 2792 1382 2846 namque
1400 2785 1456 2828 ut
1482 2793 1639 2829 unum
1664 2785 1934 2830 tractatum
1957 2794 2104 2832 suum

521 2856 795 2921 episcopus
842 2847 1227 2921 Alexandrinus
1265 2846 1432 2899 mittat
1471 2847 1541 2898 ad
1585 2846 2099 2921 ConstantinOpolim,

531 2914 616 2993 q'ui
649 2914 883 2993 recitatur
909 2919 964 2993 in
994 2915 1221 2993 Pascha,
1255 2925 1303 2993 et
1326 2924 1595 2993 tractatum
1625 2932 1771 2993 suum
1805 2914 2102 2971 Constanti;

531 2984 818 3062 tippolites,
859 2986 1316 3062 quin/ilegaitdrite
1351 2987 1603 3062 recitetur.
1627 2984 1714 3062 λη
1746 2995 1969 3062 _tractatu
2009 3004 2102 3042 suo

533 3053 1050 3128 Constantinopolim
1080 3053 1132 3108 Ν
1136 3056 1350 3128 estorius
1370 3056 1594 3126 scripsit,
1619 3054 1843 3128 ligariam
1864 3073 1967 3111 non
1993 3074 2103 3111 esse

533 3131 786 3202 Θεοτρκον,
810 3123 898 3182 δρᾶ
911 3123 1343 3202 lima-cortinas,
1359 3133 1434 3202 est
1453 3123 1482 3190 ,’
1499 3141 1604 3179 non
1633 3124 1797 3202 _Deu_m
1829 3129 2099 3202 peperisse,

531 3202 621 3255 sed
653 3200 923 3254 hominem.
953 3194 966 3202 ’
984 3198 1044 3267 Si
1080 3205 1217 3249 enim
1257 3195 1534 3267 dixerimus
1562 3197 1681 3267 quia
1711 3194 2099 3267 Deum'genuit,

534 3272 748 3342 facimus
770 3278 983 3342 matrem
1012 3265 1238 3330 deorum,
1263 3265 1399 3342 sicut
1419 3264 1647 3342 gentiles.

601 3338 837 3393 Observa
859 3337 996 3389 hanc
1015 3349 1200 3404 vocem
1219 3374 1232 3398 ,
1257 3334 1311 3404 in
1335 3333 1537 3404 Pascha
1554 3374 1569 3396 ,
1596 3351 1700 3388 non
1733 3335 2102 3404 itaiaccipien-

530 3409 654 3463 dam
676 3447 690 3470 ,
739 3415 797 3459 nt
825 3412 1081 3459 tractatus
1119 3403 1442 3470 intelligatur
1475 3403 1642 3457 lectus
1679 3404 1765 3458 die
1803 3403 2096 3470 Paschatis,

525 3478 623 3600 scld
651 3478 712 3600 iéll
733 3475 955 3597 lfafcha,
989 3473 1040 3527 id
1069 3481 1168 3538 est,
1201 3472 1269 3526 ad
1297 3472 1500 3527 Pascha
1530 3473 1868 3528 indicendum
1888 3475 1975 3530 die
2004 3490 2101 3529 na-

530 3557 582 3600 ta
611 3564 620 3599 l
715 3563 804 3600 ms
832 3562 864 3597 ι.

530 3548 620 3602 tali
651 3545 864 3600 Christi.

602 3617 628 3655 ι’
660 3616 718 3670 In
748 3616 852 3670 alio
885 3613 1132 3667 nimirum
1171 3626 1416 3666 sermone
1443 3626 1599 3680 quam
1629 3613 1779 3680 cujus
1817 3613 1976 3671 modo
2007 3614 2101 3668 lie-

530 3687 621 3740 bat
649 3685 870 3740 mentio.
909 3683 960 3737 ls
988 3691 1162 3736 autem
1191 3688 1514 3751 estquartus
1546 3683 1801 3737 adversus
1833 3681 2098 3748 Proclum,

533 3756 588 3811 in
605 3772 711 3826 qno
731 3754 996 3826 sunthaec
1022 3753 1182 3826 verba
1209 3769 1220 3803 :
1247 3750 1391 3826 unus
1412 3759 1488 3804 est
1505 3754 1642 3826 enim
1660 3791 1674 3814 ,
1707 3761 1761 3826 at
1791 3769 1884 3820 ego
1921 3769 2102 3826 secan-

532 3820 653 3880 dam
676 3827 811 3895 ipsos
835 3824 1022 3886 dicam,
1054 3821 1209 3895 Pater
1236 3820 1376 3895 Deus
1416 3823 1680 3895 esui-6on,
1706 3822 1761 3875 id
1788 3824 2104 3895 est_,_genitor

528 3896 647 3960 Dei,
679 3889 764 3961 qui
790 3895 883 3948 hoc
904 3908 1087 3946 nomen
1116 3892 1407 3961 impositum
1432 3889 1582 3944 habet
1604 3890 1789 3961 (Nam.
1816 3889 1928 3961 47):

602 3959 642 4004 πί
667 3959 802 4019 "me.
836 3965 1027 4018 iterum
1066 3977 1095 4014 a
1123 3959 1322 4015 Gnecis
1368 3961 1523 4028 longe
1563 3959 1846 4024 differunt,
1888 3959 1989 4015 sed
2015 3961 2098 4026 iis,

529 4036 741 4105 opinor,
775 4041 925 4105 tanto
966 4031 1186 4105 meliora
1205 4038 1464 4105 ,“quanto
1489 4031 1694 4105 aptiora
1731 4030 2102 4105 orationisse-

528 4098 625 4161 ri'ei
644 4145 658 4168 ,
689 4113 744 4174 et
775 4103 1170 4174 explicantiora
1197 4099 1478 4174 dictorum.
1520 4098 1630 4153 Cur
1658 4107 1834 4153 autem
1875 4098 2102 4174 Cyr-illus

529 4177 693 4230 Deum
717 4170 930 4228 Patrem
953 4172 1102 4226 malit
1122 4170 1226 4224 dici
1250 4175 1610 4244 etoyevwiropa
1636 4185 1797 4244 quam
1837 4171 2098 4236 Θεοτὸκον,

527 4246 581 4300 in
606 4253 860 4315 promptu
881 4257 1042 4296 causa
1077 4250 1187 4315 est;
1217 4239 1401 4315 agt-gem
1421 4239 1583 4302 enim,
1614 4239 1758 4315 quod
1786 4256 1975 4310 parere
1997 4249 2096 4315 est,

525 4310 810 4369 de_matre
846 4311 1172 4380 frequentius
1218 4310 1411 4365 dicitur
1436 4325 1596 4379 quam
1614 4310 1702 4380 _de
1731 4318 1912 4379 patre,
1949 4311 2101 4380 cujus

525 4384 800 4454 proprium
829 4389 911 4454 est
944 4378 1146 4454 3ymg’zv,
1177 4396 1271 4435 seu
1293 4378 1566 4454 generare.
1605 4378 1765 4434 Jubet
1795 4388 1973 4434 autem
2002 4378 2098 4454 es-

524 4450 725 4510 eellens
745 4452 883 4506 ratio
905 4450 1176 4519 principii,
1207 4465 1325 4517 qua:
1346 4450 1529 4518 prima:
1557 4465 1798 4519 persona:
1826 4452 2095 4514 convenit,

524 4532 583 4579 ut
624 4521 1042 4594 appellationem
1087 4534 1116 4571 a
1155 4528 1308 4594 patre
1347 4519 1521 4587 potius
1564 4534 1724 4587 quam
1762 4535 1791 4572 a
1833 4529 2003 4594 matre
2030 4521 2098 4574 ad

520 4588 756 4649 divinam
787 4604 1068 4662 personam
1091 4588 1498 4662 transferamus;
1521 4603 1842 4662 quamquam
1865 4606 1962 4662 nec
1983 4590 2097 4659 ipsa

521 4657 801 4735 Scriptura
843 4674 1055 4735 semper
1097 4659 1169 4712 ita
1208 4657 1519 4735 scrupulose
1559 4658 1792 4735 loquitur
1811 4657 2091 4735 eadere,

526 4726 739 4789 Patrem
778 4732 921 4787 enim
959 4726 1218 4784 internum
1252 4727 1388 4781 Filio
1434 4726 1701 4781 dicentem
1741 4728 1977 4787 inducit:
2025 4730 2093 4782 In

519 4802 1188 4925 splfgdoribasssrnctorum
1214 4813 1278 4851 ea:
1315 4806 1456 4851 utero
1485 4806 1604 4851 ante
1635 4798 1903 4870 luciferum
1941 4801 2094 4870 genui

521 4885 566 4925 te
670 4891 715 4925 ι.
747 4889 852 4925 cxx.
943 4909 956 4922 .

521 4885 566 4927 te
598 4873 715 4929 (Ps.
747 4889 852 4929 Ctx.
880 4873 956 4929 5)-

1011 4938 1077 4992 ad
1106 4950 1272 5006 nsque
1301 4934 1458 4990 linem
1481 4935 1847 4991 desiderantur
1867 4937 1920 4991 in
1940 4935 2089 4992 Gne-

518 5028 603 5076 co,
635 5029 734 5082 pro
759 5013 949 5082 finibus
986 5010 1232 5082 leguntur
1263 5007 1513 5082 nonnulla
1544 5005 1611 5060 de
1639 5006 1818 5082 libello
1850 5023 2086 5082 precum,

517 5083 608 5150 qui
635 5077 937 5136 oll‘erendus
961 5087 1102 5134 esset
1131 5077 1434 5150 Theodosio
1465 5077 1804 5146 imperatori,
1835 5079 2032 5150 quique
2059 5095 2090 5132 a

517 5149 717 5222 Cyrillo
757 5152 931 5222 lectus
971 5149 1420 5222 emendatusque,
1469 5155 1522 5200 et
1557 5161 1677 5222 cum
1716 5149 1978 5202 mandatis
2006 5163 2091 5202 re-

518 5216 711 5275 missus
738 5221 947 5281 dicitur,
981 5228 1039 5273 ut
1066 5220 1147 5273 sin
1175 5217 1348 5272 minus
1377 5216 1665 5272 necessitas
1696 5225 1936 5287 urgeret,
1968 5233 2090 5287 pre-

518 5300 780 5354 meretur;
825 5292 870 5344 si
918 5289 1191 5344 Nestorius
1214 5288 1446 5343 insanire
1477 5294 1751 5356 pergeret,
1785 5285 2084 5341 oll'erretur.

518 5359 685 5414 Porro
715 5372 891 5416 autem
914 5358 1094 5431 Cyrilli
1121 5359 1336 5431 nomine
1363 5355 1697 5431 offerendum
1720 5355 1898 5431 fuisse,
1927 5373 2088 5431 esteo

514 5431 676 5486 credo
702 5432 906 5499 aliquos
934 5426 1156 5492 dixisse,
1198 5428 1420 5499 quodin
1451 5427 1547 5499 illo
1567 5427 1835 5499 videretur
1861 5426 2089 5499 Cyrillus

514 5509 698 5572 petcrc
717 5496 804 5572 ali
827 5503 1147 5571 imperatore
1176 5496 1242 5553 ne
1275 5497 1506 5572 judicem
1537 5497 1757 5551 haberet
1786 5496 2087 5552 Nestorium

511 5567 579 5626 de
607 5571 794 5626 libellis
813 5567 948 5640 qitos
975 5577 1312 5625 accusatores
1340 5567 1627 5640 dedissent.

586 5640 782 5696 Verum
814 5635 870 5695 tit
899 5642 997 5696 hac
1026 5641 1092 5694 de
1140 5655 1197 5694 re
1225 5646 1337 5693 tota
1387 5638 1622 5706 aperiam
1670 5635 1798 5705 quid
1837 5637 2082 5700 sentiam,

2206 1807 2360 1876 brum
2381 1805 2573 1876 putant
2591 1805 2835 1876 eumdem
2857 1821 2976 1860 esse
2995 1820 3118 1876 cum
3140 1806 3480 1876 obtestatione
3496 1805 3720 1876 proposita

2205 1873 2693 1944 Constantinopoli,
2738 1875 2804 1929 dc
2825 1875 3180 1929 consensione
3202 1875 3422 1928 Nestorii
3449 1873 3554 1928 cum
3571 1873 3722 1944 Sanin-

2205 1956 2426 2010 sateno;
2470 1941 2583 2000 sive
2611 1947 2699 2014 qui
2729 1944 3108 1998 obtestationis
3137 1953 3401 2014 auctorem
3429 1943 3604 1997 faciunt
3633 1941 3718 2011 Cy-

2205 2016 2414 2080 rillum;
2439 2031 2561 2069 nam
2581 2012 2847 2084 publicata
2882 2023 2965 2069 est
2986 2014 3096 2079 illa,
3121 2022 3177 2068 et
3197 2029 3302 2068 uno
3324 2012 3426 2084 fere
3452 2028 3578 2066 anno
3597 2019 3719 2084 ante-

2205 2100 2365 2154 quam
2403 2080 2726 2140 scriberetur
2771 2085 2997 2153 epistola
3044 2084 3113 2138 de
3159 2097 3262 2151 qua
3309 2082 3500 2149 agimus
3519 2121 3544 2154 ,_
3571 2089 3624 2154 _e_t
3670 2080 3723 2133 ab

2206 2150 2693 2225 EusebioDorylasi
2721 2150 3066 2225 postmodum
3096 2150 3374 2225 episcopo,
3414 2159 3466 2205 et
3490 2151 3548 2204 ad
3571 2150 3721 2225 Nesto-

2203 2225 2343 2279 rium
2371 2216 2592 2294 publjce'
2613 2216 2827 2278 haeresis
2859 2216 3294 2294 postulandum._'
3309 2220 3436 2274 Cum
3462 2216 3721 2294 tamcn_Cy-

2204 2295 2356 2349 rillus
2372 2288 2439 2348 'in
2471 2292 2657 2349 Grzeco
2686 2301 2833 2348 textu
2859 2288 3018 2347 "dicat
3052 2308 3113 2347 se
3141 2292 3373 2346 libellum
3399 2288 3721 2359 suppressisse,

2206 2364 2477 2433 quomodo
2507 2363 2574 2417 ab
2603 2364 2722 2418 aliis
2748 2362 3085 2432 compositus
3113 2361 3286 2415 fuerat
3308 2399 3322 2423 ,
3363 2357 3566 2433 aliisque
3580 2357 3725 2433 verbis

2205 2427 2546 2488 emendatum
2592 2427 2890 2496 dictassef
2918 2447 2988 2486 ne
3046 2438 3363 2500 quereretur
3406 2427 3654 2500 Nestorius
3680 2440 3727 2478 se

2205 2504 2344 2572 apud
2366 2505 2742 2573 imperatorem
2771 2501 2990 2557 haeresis
3015 2497 3278 2573 postulari
3287 2517 3308 2573 _;
3337 2499 3456 2573 quid
3476 2497 3598 2566 quod
3615 2497 3730 2573 obtc:

2205 2563 2365 2627 siatio
2405 2563 2505 2628 nec
2550 2573 2718 2643 ullam,
2748 2573 2910 2626 habet
2957 2563 3201 2643 speciem
3249 2563 3409 2623 libeili
3455 2563 3642 2643 precum
3671 2563 3727 2643 ad

2205 2643 2497 2713 principem
2517 2682 2532 2706 ,
2582 2658 2680 2696 nec
2709 2639 3024 2713 imperatori
3043 2641 3227 2694 oblata
3249 2647 3359 2713 est,
3393 2639 3482 2713 sed
3503 2639 3729 2706 proposita

2204 2709 2652 2783 palam—omnibus
2672 2713 2725 2766 in
2754 2709 2885 2765 urbe
2913 2711 3066 2783 regia
3095 2709 3460 2783 versantibus?
3480 2775 3492 2783 _
3626 2770 3664 2783 η
3717 2769 3727 2780 ,

2276 2782 2472 2836 Assero
2495 2782 2715 2844 deinde,
2748 2790 2916 2834 totam
2945 2770 3091 2834 bime
3121 2779 3287 2833 libelli
3316 2775 3572 2831 historiam
3595 2770 3730 2825 videri

2203 2867 2362 2923 posse
2401 2867 2525 2923 non
2551 2852 3076 2923 neminiAsusprctam
3096 2891 3111 2913 ,
3145 2863 3248 2923 nec
3266 2848 3382 2902 sine
3408 2846 3612 2923 ratione,
3638 2855 3732 2923 cuiu

2206 2913 2351 2976 nullo
2381 2921 2486 2975 alio
2515 2921 2567 2974 in
2594 2921 2714 2975 loco
2744 2919 2834 2973 ﬁat
2856 2913 2970 2986 ejus
3001 2920 3210 2973 mentio
3239 2937 3252 2971 :
3297 2933 3415 2971 nam
3443 2913 3571 2986 quod
3591 2913 3732 2986 veniat

2203 2991 2342 3046 forte
2367 2991 2421 3045 in
2458 2998 2690 3044 mentem
2729 2978 2919 3051 alicui",
2952 2989 3006 3042 id
3038 2996 3213 3043 totum
3245 2978 3475 3054 intelligi
3498 2983 3666 3054 debere
3681 2978 3733 3030 de

2205 3061 2593 3133 supplicatione
2620 3059 2819 3133 Basilii
2830 3049 3172 3133 aliarumque
3193 3049 3565 3133 monachorum
3590 3049 3734 3131 Theo-

2204 3127 2358 3185 dosio
2384 3131 2537 3194 data,
2572 3129 2768 3183 nullam
2806 3129 2969 3183 habet
3007 3127 3417 3184 similitudinem
3455 3127 3737 3185 veri;siqut-

2205 3199 2325 3253 dem
2351 3200 2403 3254 in
2429 3199 2608 3254 libello
2636 3206 2856 3253 cavetur
2877 3213 2944 3252 ne
2967 3197 3221 3252 accusari
3243 3197 3384 3268 apud
3411 3194 3741 3268 imperatorem

2205 3269 2420 3341 haeresis
2459 3268 3020 3341 Nestoriusvideatur,
3045 3261 3346 3341 accusatur
3373 3261 3548 3341 aperte
3572 3261 3627 3341 iu.
3643 3273 3743 3341 ξηρή

2204 3339 2511 3461 ᾓιὶοειῑὶᾳοηθ.
2590 3337 2647 3391 In
2707 3337 2885 3419 Iibelio
2908 3336 3172 3418 .Cyrillns
3234 3329 3494 3413 detrectat
3531 3329 3741 3412 judicium

2251 3416 2431 3461 estorn
2451 3423 2742 3461 .exnresso
2776 3416 3184 3461 tmnncmarum
3216 3406 3410 3461 modo:
3447 3401 3569 3455 nihil
3589 3399 3741 3452 horum

2251 3409 2431 3463 estorii
2451 3423 2742 3477 ,.expresso
2776 3399 3184 3461 inimicitiarum
3216 3406 3377 3477 modo
3393 3401 3569 3477 ;__nihil
3589 3399 3743 3452 horum

2204 3474 2672 3550 in‘supplicati'one
2718 3477 2926 3550 legitur.
2969 3477 3024 3529 ln
3083 3477 3271 3550 libello
3301 3474 3524 3546 Cyrillus
3558 3483 3644 3523 suo
3669 3482 3743 3550 no:

2203 3541 2366 3601 mine'
2389 3541 2666 3603 iocuturus
2706 3541 2849 3610 erat,
2883 3546 2935 3600 in
2974 3541 3380 3616 supplicatione
3406 3559 3501 3614 pro
3527 3555 3581 3594 se
3613 3541 3742 3604 agniti

2204 3620 2471 3673 monachi.

2273 3671 2468 3758 Siquis
2490 3695 2666 3758 tamen
2693 3691 2844 3758 putet
2878 3692 3052 3739 totum
3086 3685 3140 3758 id
3182 3685 3332 3753 quod
3354 3683 3422 3736 de
3460 3678 3625 3758 libello

2201 3757 2346 3812 bitur
2368 3744 2433 3826 ad
2462 3744 2900 3826 supplicationem
2920 3744 3617 3826 monachorumupertinere,
3637 3744 3750 3797 dicat

2203 3827 2370 3881 visam
2397 3819 3206 3893 fuisseConstantinopolitanis
3229 3819 3576 3893 omittendam
3601 3827 3751 3891 emet]-

2204 3895 2474 3951 dationem
2502 3895 2712 3966 Cyrilli,
2743 3889 2964 3966 propter
3001 3894 3259 3966 insanam
3303 3889 3565 3966 Nestorii,_
3596 3889 3750 3966 tumin

2203 3966 2502 4036 spargendo
2525 3958 2725 4029 errore,
2746 3958 2869 4018 ἰιιηὶ
2899 3963 2966 4036 in_
2977 3964 3251 4036 vexandis
3280 3958 3596 4036 adversariis
3618 3958 3751 4036 perte

2203 4021 2429 4102 n'acia'm,
2461 4035 2530 4091 ob
2551 4021 2724 4104 quam,
2739 4042 2923 4104 aperte
2954 4032 3007 4087 in
3029 4035 3250 4088 crimen
3282 4030 3502 4087 haeresis
3526 4021 3755 4082 vocandus

2203 4112 2364 4160 esset.
2995 4139 2999 4142 -

2274 4175 2425 4228 Dicat
2445 4181 2500 4228 et
2520 4173 2934 4243 postulationem
2956 4171 3289 4243 mcumenici
3310 4168 3530 4243 concilii
3547 4165 3756 4243 idoneam

2202 4259 2320 4299 esse
2339 4231 2750 4299 declinetionem
2789 4257 2964 4297 causa:
2993 4241 3140 4309 apud
3183 4241 3500 4296 Nestorium
3539 4231 3755 4309 dicende.

2203 4312 2469 4383 fuisseque
2495 4313 2788 4383 prudentia:
2811 4302 3115 4383 singularis,
3151 4327 3266 4364 non
3301 4320 3507 4383 tantum
3529 4302 3757 4383 postulate

2197 4366 2462 4450 judicitim
2484 4366 2867 4438 monachorum
2892 4366 3150 4450 nomine,
3167 4397 3284 4435 non
3308 4381 3441 4434 item
3465 4366 3667 4449 Cvrilli;
3688 4366 3761 4424 sed

2205 4449 2391 4526 etiam_
2410 4452 2683 4526 Cyrillum
2706 4452 2847 4505 inter
2875 4449 3077 4526 ‘Patres
3102 4449 3261 4526 ﬁdei
3291 4458 3462 4504 testes
3501 4454 3758 4526 numerare:

2201 4537 2309 4590 quo
2347 4509 2576 4577 Nesiorii
2622 4521 2954 4576 adversarius
2999 4519 3409 4590 declararetur,
3450 4527 3616 4590 atque
3655 4509 3760 4590 adgo

2201 4577 2421 4646 alterius
2445 4591 2644 4660 judicio
2673 4591 2955 4650 obnoxius.
3003 4588 3167 4661 Quod
3197 4577 3766 4661 autem'sine'_nia_guiﬁf

2200 4661 2295 4726 cis,
2328 4670 2386 4716 ut
2416 4652 2590 4715 tamen
2621 4676 2738 4715 mos
2777 4667 2893 4714 erat
2915 4701 2929 4724 ,
2971 4652 3148 4730 titulis
3185 4660 3521 4730 appelletur,
3550 4652 3763 4730 indicium

2199 4719 2305 4784 non
2328 4731 2542 4785 dubium
2563 4731 2700 4785 forte
2728 4719 3010 4794 videbitur,
3043 4719 3280 4782 visam-2'
3303 4719 3766 4799 Cyrillosupplica:

2197 4801 2398 4855 tionem
2428 4800 2587 4856 fuisse
2605 4841 2619 4864 ,
2651 4799 2744 4855 sed
2779 4815 2887 4870 prae
2914 4799 3185 4854 modestia
3215 4799 3338 4854 suis
3356 4797 3615 4853 laudibus
3647 4801 3768 4860 quas'

2196 4879 2556 4940 repurgatam.

2270 4931 2527 4994 Existimo
2573 4939 2803 5007 denique
2827 4978 2842 5001 ,
2886 4954 2985 4993 nec
3021 4938 3143 4992 sine
3184 4938 3437 5000 ratione,
3462 4931 3725 5006 epistolam
3746 4938 3768 4977 ι

2195 5007 2393 5081 Cyrillo
2421 5009 2642 5078 perinde
2672 5010 2924 5078 scriptam
2952 5008 3129 5077 reipsa
3158 5049 3174 5071 ,
3210 5018 3391 5077 atque
3440 5024 3472 5062 a
3512 5007 3772 5081 Mercatore

2196 5072 2256 5132 in'
2298 5072 2543 5134 Latinum
2587 5093 2741 5132 versa
2781 5072 2898 5144 est;
2943 5072 3334 5132 assumentum
3383 5093 3517 5132 vero
3561 5072 3770 5144 (ἱῃθριιῐη

2195 5150 2326 5203 nihil
2346 5150 2487 5203 aliud
2509 5163 2627 5202 esse
2649 5164 2807 5217 quam
2827 5139 3321 5217 commonitorium
3350 5162 3455 5203 seu
3475 5139 3774 5217 schedulant.

2194 5233 2354 5289 quam
2380 5219 2552 5273 eidem
2575 5213 2770 5282 libello,
2814 5226 2871 5272 ut
2893 5217 2969 5280 lit,
3009 5215 3292 5289 Cyrinus,
3326 5233 3459 5289 cum
3490 5213 3775 5289 remitteret.

2191 5284 2532 5356 adjnnxerit,
2572 5303 2840 5357 quamque
2881 5284 3071 5357 aliquis
3110 5302 3231 5340 non
3281 5284 3778 5357 intelligentissimus

2191 5349 2394 5426 partem
2417 5349 2534 5413 esse
2562 5349 2802 5426 epistolie
2829 5349 3131 5417 crediderit,
3158 5358 3282 5419 cui,
3311 5373 3386 5411 ne
3417 5349 3556 5412 duas
3590 5349 3784 5426 haberei

2189 5423 2471 5492 elausulas,
2504 5423 2774 5498 propriam
2803 5427 3519 5498 sustulerit._utinsereret
3563 5423 3780 5498 alienam.

2265 5497 2456 5551 Verum
2498 5492 2564 5552 ne
2588 5492 2716 5566 quid
2755 5512 2938 5566 eorum
2963 5512 3079 5564 qua:
3110 5495 3229 5566 legi
3253 5497 3450 5551 solent
3479 5492 3786 5566 desideretur

2191 5567 2293 5621 hoc
2324 5568 2375 5620 in
2402 5569 2539 5628 loco,
2570 5562 2877 5621 sehedulam
2898 5562 3082 5621 Grzece
3111 5562 3452 5637 Latineque
3476 5563 3788 5622 exhibemus,

2192 5637 2286 5692 sed
2315 5652 2414 5693 suo
2445 5638 2661 5693 nomine
2692 5637 3021 5705 inscriptam.
