3958 6178
266 352 359 410 87

1044 343 1354 402 δεςυΝω
1396 340 1711 399 NESTORI!
1755 339 2086 394 EPISTULA
2129 340 2217 393 AD
2247 338 2305 395 S.
2345 337 2721 395 CYRILLUM.

3397 345 3515 399 818‘

264 476 386 533 pace
408 460 660 527 degentes
690 456 855 512 nostri
885 470 1149 509 memores
1177 469 1313 519 esse,
1344 453 1555 509 dicente
1589 453 1825 508 omnium
1855 460 1901 515 Α
1929 452 2211 520 diligenter
2254 454 2586 523 perscribitc.
2665 452 2869 521 Eligam
2919 456 3061 510 enim
3098 456 3243 511 viros
3286 457 3405 528 pios
3441 476 3504 515 ac

261 554 521 609 salvatore
544 550 772 604 Domino
809 547 935 602 Jesu
960 547 1173 601 Christo
1206 564 1218 599 :
1245 545 1433 600 Pacem
1454 563 1616 600 meam
1646 546 1710 600 do
1736 562 1822 599 vo-

261 644 350 705 bis,
376 658 551 713 pacem
572 656 737 695 meam
769 638 994 707 relinquo
1022 635 1161 690 vobis
1184 635 1363 707 (Joan.
1396 653 1500 700 xxv,
1531 635 1642 707 2'7).

323 732 411 786 20.
444 740 471 769 α
494 730 551 784 1η
582 727 861 796 colloquiis
888 740 1014 793 ergo
1043 726 1147 781 hoc
1167 725 1345 792 dicite,
1368 726 1491 795 quia
1520 725 1683 779 multa
1706 723 1824 792 qui-

258 822 374 876 dem
407 820 473 874 ab
503 819 581 873 eis
615 832 735 886 qua:
764 832 862 870 nos
890 815 1142 870 lzederent
1170 824 1577 885 processerunt;
1608 830 1822 869 verum-

260 920 435 965 tamen
467 910 569 964 erit
601 924 724 977 pax,
760 921 882 961 eum
909 906 997 960 ille
1024 906 1219 961 docere
1257 906 1522 961 destiterit
1560 906 1707 966 talia,
1740 904 1825 958 vel

256 1002 451 1056 sentire
482 1018 495 1053 :
529 998 658 1053 ﬁdes
685 998 828 1053 enim
860 1012 979 1053 cum
1013 997 1239 1064 laeditur,
1272 997 1576 1052 inimicitias
1603 996 1822 1060 excitat,

258 1093 417 1145 immo
446 1097 501 1145 et
524 1096 829 1157 exaggerat.

322 1171 410 1234 21.
439 1179 499 1234 Si
538 1188 737 1235 rectam
772 1177 1087 1248 proﬁteatur
1125 1176 1300 1241 ﬁdem,
1333 1175 1424 1230 ﬁet
1456 1176 1612 1245 plena
1647 1183 1700 1229 et
1737 1172 1826 1227 ﬁr-

255 1270 488 1324 missima
515 1284 639 1339 pax,
680 1284 843 1337 quam
874 1268 919 1322 si
959 1268 1014 1321 in
1041 1273 1168 1321 voto
1196 1266 1348 1341 gerit,
1372 1265 1570 1319 scribat
1596 1262 1827 1317 catholi-

253 1378 373 1417 cam
398 1359 574 1426 ﬁdem,
600 1368 654 1415 et
680 1361 857 1413 mittat
885 1357 1260 1413 Alexandriam
1292 1375 1304 1409 :
1336 1356 1381 1410 si
1402 1356 1515 1410 haec
1543 1370 1611 1409 ex
1632 1352 1826 1408 all‘ectu

252 1451 427 1506 cordis
455 1450 626 1505 intimi
660 1449 979 1513 scribantur,
1010 1453 1226 1516 paratus
1256 1460 1373 1499 sum
1413 1451 1467 1499 et
1498 1456 1598 1511 ego
1620 1458 1719 1512 pro
1745 1441 1827 1494 vi-

253 1545 399 1601 ribus
428 1542 581 1605 meis,
617 1541 806 1595 similia
837 1540 1090 1601 scribere,
1129 1546 1183 1592 et
1211 1536 1367 1591 edere
1404 1536 1615 1600 librum,
1648 1548 1711 1588 ac
1744 1533 1826 1586 di-

252 1649 395 1697 cere,
439 1632 638 1687 nullum
667 1630 862 1685 debere
891 1628 1100 1698 gravari
1138 1625 1582 1681 consacerdotum
1609 1632 1825 1677 nostro-

249 1742 389 1787 rum,
429 1725 551 1793 quia
591 1723 706 1791 ejus
742 1737 904 1776 voces
941 1720 1193 1775 discimus
1230 1718 1429 1771 habere
1466 1714 1817 1770 intentionem

1926 543 2242 612 prudentes,
2291 558 2413 597 cum
2440 544 2754 613 episcopos,
2798 552 2910 598 tum
2950 546 3240 601 monachos
3266 562 3500 616 quoque,

1929 647 2067 700 quos
2095 634 2254 686 etiam
2295 633 2470 703 primo
2514 648 2729 702 quoque
2764 643 3003 704 tempore
3042 636 3108 690 ad
3137 652 3234 691 vos
3272 638 3501 690 mittam.

1926 721 2109 792 Neque
2145 726 2279 776 enim
2320 724 2479 778 oculis
2510 726 2652 789 meis,
2706 730 2765 777 ut
2801 726 3055 794 scriptum
3103 734 3220 791 est,
3269 743 3503 780 somnum

1926 814 2078 878 dabo,
2111 831 2271 885 neque
2306 814 2564 885 palpebris
2592 817 2715 869 meis
2761 817 3203 884 dormitationem,
3237 835 3396 890 neque
3426 836 3507 872 re-

1926 904 2092 974 quiem
2131 905 2435 974 temporibus
2474 906 2599 958 meis
2640 904 2753 974 (Ps.
2780 921 2960 971 cxxxt,
2986 906 3072 977 4),
3124 907 3295 963 donec
3323 919 3501 963 certa-

1928 996 2070 1049 mine
2118 1010 2216 1063 pro
2255 995 2494 1048 omnium
2534 996 2708 1050 salute
2750 996 3058 1066 perfunctus
3098 996 3268 1052 fuero.
3329 998 3507 1064 Quare

1928 1101 2049 1141 cum
2070 1102 2243 1140 meam
2272 1102 2412 1141 nunc
2433 1090 2754 1141 sententiam
2788 1088 3109 1155 didiceritis,
3142 1090 3366 1143 viriliter
3382 1092 3505 1158 agi-

1929 1182 2000 1228 te.
2032 1174 2201 1240 Quam
2231 1175 2458 1244 primum
2482 1176 2624 1229 enim
2654 1177 2984 1246 parabuntur
3010 1193 3041 1232 a
3082 1192 3168 1233 me
3209 1178 3423 1243 litterae,-
3450 1188 3506 1231 ct

1927 1264 2114 1332 quales
2135 1272 2367 1333 oportet,
2394 1272 2449 1317 et
2470 1265 2536 1319 ad
2555 1280 2690 1333 quos
2718 1276 2950 1335 oportet.
2993 1267 3165 1321 Statui
3206 1268 3349 1323 enim
3378 1284 3503 1337 pro-

1927 1361 2049 1422 pter
2078 1352 2275 1407 Christi
2306 1353 2461 1408 ﬁdem
2490 1356 2731 1422 quemvis
2770 1357 3007 1411 laborem
3047 1357 3227 1412 subire
3251 1399 3265 1424 ,
3301 1359 3503 1427 quasvis

1925 1456 2139 1529 quoque
2161 1442 2397 1511 perferre
2425 1452 2689 1499 tormenta
2711 1487 2725 1510 ,
2758 1447 2919 1501 etiam
2959 1462 3021 1502 ea
3059 1463 3178 1517 quae
3206 1449 3344 1503 inter
3370 1465 3499 1520 sup-

1923 1531 2082 1601 plicia
2119 1541 2410 1588 censentur
2435 1536 2775 1603 gravissima,
2812 1538 3223 1594 donec‘tandem
3252 1550 3497 1608 mortem,

1923 1623 2023 1678 hac
2049 1622 2116 1678 de
2145 1639 2304 1679 causa
2334 1637 2655 1697 susceptam,
2681 1630 2807 1683 mihi
2831 1630 3121 1699 jucundam
3143 1633 3435 1702 pertulere.

249 1824 452 1871 rectam
490 1823 545 1868 et
577 1813 906 1884 propositum
937 1808 1293 1864 manifestum.
1316 1807 1373 1862 Si
1404 1822 1532 1861 vero
1562 1806 1614 1859 in
1643 1805 1816 1876 pravi-
1853 1812 1897 1870 Β
1925 1796 2264 1853 SECUNDA
2312 1800 2677 1857 NESTORII
2704 1802 2733 1842 ιι
2764 1804 3126 1861 EPISTULA
3148 1808 3217 1860 ad
3245 1808 3304 1862 S.
3329 1808 3499 1878 Cyril-

249 1915 361 1960 tate
407 1905 576 1960 inanis
612 1904 792 1972 glorim
831 1906 1125 1971 permanet,
1168 1899 1408 1968 petitque
1435 1911 1641 1966 pacem,
1687 1895 1818 1949 nihil

246 2004 436 2061 restat,
474 1997 574 2050 nisi
614 2005 672 2050 ut
699 1996 972 2048 obstemus
1003 1991 1129 2045 totis
1154 1990 1374 2054 viribus,
1417 2003 1484 2042 ne
1516 1988 1820 2043 consentire

246 2088 327 2142 illi
378 2098 625 2157 putemur
672 2085 886 2157 [Butam
945 2082 1067 2135 add.
1128 2088 1184 2135 et
1237 2095 1355 2148 qua:
1412 2086 1537 2132 sunt
1592 2075 1819 2131 nefanda

244 2175 489 2246 sentire].
540 2175 670 2229 Nam
719 2174 849 2228 mihi
893 2189 990 2242 pro
1040 2171 1139 2225 ﬁde
1190 2185 1309 2239 qum
1357 2169 1408 2223 in
1454 2168 1668 2223 Christo
1715 2175 1816 2231 est,

243 2276 301 2321 et
342 2268 611 2331 laborare,
654 2273 709 2319 et
754 2264 960 2328 vivere,
1007 2270 1062 2317 et
1098 2261 1263 2326 mori,
1308 2260 1595 2314 maximum
1638 2266 1821 2313 votum

242 2366 351 2411 est.

494 2486 1138 2545 COMMONITORIUM
1177 2483 1570 2540 EPISTULA?

780 2576 1287 2635 SUBJUNCTUM.

316 2693 575 2748 Libellum
602 2691 895 2760 supplicem
924 2706 954 2743 a
977 2689 1126 2743 vobis
1147 2687 1213 2742 ad
1240 2701 1326 2741 me
1345 2686 1587 2751 missum,
1614 2684 1705 2753 qui
1720 2685 1821 2738 im-

238 2782 482 2854 peratori
522 2780 873 2852 porrigendus
918 2786 1038 2842 est,
1092 2794 1200 2833 non
1249 2787 1427 2831 tamen
1480 2777 1597 2831 sine
1636 2783 1821 2829 nostra

238 2872 531 2934 sententia,
565 2870 745 2939 accepi
774 2878 829 2924 et
847 2870 950 2938 legi
976 2886 988 2921 :
1012 2884 1197 2923 verum
1218 2866 1362 2937 quod
1382 2867 1590 2937 prolixe
1622 2867 1676 2920 in
1697 2881 1822 2921 eum

239 2964 548 3027 invehatur,
579 2963 669 3029 qui
693 2961 812 3015 istic
839 2960 965 3028 agit,
1008 2960 1122 3013 sive
1162 2957 1371 3021 fratris,
1402 2957 1516 3011 sive
1551 2956 1658 3010 alio
1686 2969 1822 3024 quo-

238 3069 475 3122 cumque
522 3053 736 3107 nomine
780 3059 1079 3117 censeatur,
1112 3051 1369 3105 hactenus
1404 3048 1703 3118 suppressi,
1752 3062 1822 3102 ne

1992 1891 2095 1944 tum
2133 1891 2542 1947 Alexandrinum
2568 1896 2921 1961 rescribentis;
2944 1898 3181 1952 similiter
3212 1914 3276 1951 ea:
3316 1897 3506 1954 Graeco

1990 2000 2222 2038 sermone
2243 1986 2491 2040 translata
2518 1988 2573 2040 in
2595 1986 2838 2041 Latinum
2866 2005 2897 2042 a
2920 1988 3090 2043 Mario
3116 1988 3422 2045 Mercatore.

1992 2139 2045 2192 l.
2075 2139 2298 2207 lnjurias
2315 2141 2529 2209 quidem
2558 2152 2769 2197 tuarum
2789 2143 3070 2198 adversum
3094 2162 3193 2200 nos
3209 2146 3501 2201 admirabi-

1920 2229 2048 2297 lium
2075 2231 2389 2296 litterarum,
2419 2242 2692 2302 tamquam
2717 2235 3019 2290 medicinali
3061 2238 3250 2305 dignas
3287 2242 3496 2308 patien-

1920 2322 2015 2384 tia,
2055 2329 2111 2375 et
2142 2337 2239 2391 pro
2267 2338 2327 2377 re
2354 2338 2418 2377 ac
2447 2332 2688 2393 tempore
2716 2335 3015 2395 opportuna
3043 2329 3109 2382 ad
3137 2331 3234 2384 has
3274 2346 3497 2400 respou-

1920 2413 2074 2468 sione
2119 2415 2414 2483 relinquam
2444 2435 2455 2469 :
2487 2417 2631 2483 quod
2655 2434 2785 2472 vero
2811 2419 3080 2474 silentium
3110 2438 3217 2476 non
3260 2424 3499 2492 patitur,

1921 2507 2045 2571 quia
2074 2502 2228 2559 aﬁ‘ert
2275 2506 2586 2573 periculum,
2618 2507 2664 2561 si
2708 2514 2968 2575 taceatur,
3015 2521 3034 2548 ι
3066 2520 3227 2579 prout
3273 2529 3408 2579 sum,
3440 2524 3495 2569 et

1920 2597 2049 2650 mihi
2080 2594 2302 2650 facultas
2323 2596 2490 2662 adest,
2516 2598 2583 2652 ad
2605 2599 2678 2652 tui
2707 2600 3068 2668 prolixitatem
3089 2606 3351 2661 sermonis
3379 2616 3492 2662 teu-

1923 2687 2047 2740 tabo
2073 2686 2308 2741 breviter
2349 2696 2404 2741 et
2427 2689 2743 2758 compendio
2767 2693 3112 2760 respondere,
3144 2696 3412 2766 refugiens
3440 2709 3495 2754 et

1920 2780 2191 2834 declinans
2214 2777 2239 2817 ἀ
2271 2781 2613 2836 tenebrosum
2628 2781 3051 2854 indigestutuque
3065 2787 3208 2857 longi
3230 2794 3499 2848 sermonis

1920 2871 2220 2925 horrorem.

1989 2965 2043 3019 2.
2070 2966 2323 3037 Incipiam
2350 2982 2580 3036 namque
2604 2982 2634 3022 a
2655 2969 3062 3038 sapientissimis
3089 2974 3363 3030 eharitatis
3390 2984 3513 3030 tum:

1922 3056 2161 3121 vocibus,
2191 3057 2331 3125 ipsas
2356 3057 2731 3127 interponens,
2754 3060 2838 3114 vel
2858 3062 3037 3129 potius
3068 3063 3136 3117 ad
3169 3065 3386 3119 verbum
3413 3067 3499 3120 in-

236 3143 528 3199 adversum
568 3158 668 3198 nos
706 3143 1003 3211 insurgens,
1044 3156 1103 3196 se
1128 3156 1226 3211 per
1252 3147 1351 3195 nos
1386 3141 1652 3194 haereseos
1680 3138 1819 3208 apud
1846 3180 1890 3239 Ο
1922 3153 2135 3200 struens
2160 3164 2173 3197 :
2208 3146 2458 3200 Sanctum
2479 3164 2715 3219 namque,
2739 3149 2838 3212 ais,
2869 3160 2919 3203 et
2937 3168 3179 3222 magnum
3200 3156 3499 3221 concilium,

235 3238 626 3306 imperatorem
671 3234 906 3289 delatum
942 3234 1238 3289 cavillelur.
1278 3233 1464 3301 Itaque
1491 3232 1607 3286 aliis
1644 3231 1822 3285 verbis

236 3327 395 3381 illum
419 3326 752 3388 dictavimus,
795 3339 917 3379 eum
955 3338 1169 3392 quoque
1208 3323 1363 3377 nobis
1385 3321 1619 3390 judicem
1645 3320 1822 3376 detre-

235 3425 474 3480 ctantes,
498 3431 750 3484 expresso
779 3413 1173 3469 inimicitiarum
1210 3412 1390 3476 modo,
1423 3420 1477 3466 et
1504 3418 1819 3481 praesentem

232 3507 685 3571 controversiam,
727 3505 773 3559 si
819 3505 1038 3559 omnino
1086 3503 1372 3572 importuni
1411 3517 1531 3556 esse
1567 3515 1821 3571 perrem-

232 3600 371 3661 rint,
406 3598 469 3652 ad
492 3597 633 3657 aliud
653 3596 827 3651 forum
856 3593 1131 3649 transferri
1168 3600 1440 3661 rogantes.
1481 3591 1614 3645 Cum
1643 3592 1821 3659 itaque

233 3688 484 3743 libellum
528 3687 891 3757 perlegeritis,
923 3686 970 3741 si
1009 3701 1113 3754 qua
1159 3684 1453 3739 necessitas
1490 3684 1816 3753 poposcerit,

234 3783 473 3847 tradite;
506 3789 558 3836 et
585 3782 631 3836 si
651 3795 773 3835 eum
794 3780 848 3833 in
877 3779 1024 3833 hisce
1052 3777 1256 3832 insidiis
1282 3781 1735 3846 perseverantem,
1767 3783 1823 3829 et

236 3874 380 3929 nihil
403 3889 510 3929 non
540 3874 820 3929 adversum
848 3888 947 3929 nos
974 3872 1284 3927 molientem
1314 3867 1817 3931 animadverteritis,

1924 3236 2091 3307 ipsum
2111 3253 2175 3289 ea:
2200 3234 2310 3290 Deo
2348 3236 2511 3292 Patre
2537 3241 2759 3310 genitum
2784 3242 3060 3296 secundum
3096 3255 3349 3311 naturam,
3374 3250 3496 3301 uni-

1924 3343 2038 3380 cum
2053 3325 2268 3393 Filium,
2290 3327 2456 3382 Deum
2474 3345 2642 3382 verum
2658 3329 2721 3383 de
2740 3329 2850 3385 Deo
2871 3349 3004 3397 vero,
3023 3335 3193 3389 lumen
3209 3337 3270 3390 de
3284 3338 3491 3403 lumine,

1925 3435 2016 3489 per
2034 3435 2181 3489 quem
2201 3421 2372 3473 omnia
2395 3422 2583 3474 crearit
2608 3420 2789 3488 Pater,
2815 3423 3152 3490 descendisse,
3169 3430 3494 3485 incarnatum

1921 3526 2048 3574 esse,
2069 3519 2217 3583 atque
2236 3511 2488 3565 hominem
2519 3514 2729 3584 factum,
2761 3532 3063 3588 passamque
3091 3524 3502 3577 et‘resurrerisse

1924 3601 2170 3670 deﬁnivit.

1994 3692 2045 3744 5.
2088 3692 2210 3745 Haec
2239 3700 2343 3744 tua:
2388 3692 2663 3759 religionis
2683 3694 2847 3747 verba
2883 3703 3127 3759 sunt,et
3154 3703 3504 3768 recognoscis

1924 3780 2162 3849 prolecto
2188 3788 2461 3847 tamquam
2484 3788 2575 3833 tua
2609 3798 2621 3833 :
2655 3790 2678 3818 ο
2701 3781 2823 3835 audi
2842 3799 2989 3838 nunc
3004 3792 3058 3838 et
3084 3802 3181 3840 nos
3205 3787 3493 3844 fraternam

1924 3883 2022 3938 pro
2046 3868 2247 3937 pietate
2272 3867 2558 3924 offerentes
2580 3870 3008 3927 exhortationem
3023 3913 3037 3939 ,
3062 3875 3201 3931 hanc
3229 3878 3492 3941 videlicet,

1414 3978 1953 4036 CASTIGATIONES
1991 3980 2079 4035 ET
2119 3979 2341 4034 NOTAE.

318 4088 345 4117 ⁸
389 4079 573 4132 Baluz.
611 4096 623 4149 ς
660 4078 720 4132 Si
757 4078 878 4149 quid
905 4095 1024 4148 ergo
1053 4087 1128 4131 est
1155 4094 1251 4149 quo
1280 4076 1533 4149 stabilitas
1562 4074 1827 4129 roboretur

235 4152 387 4222 (rere
408 4151 543 4222 enim
585 4148 698 4222 dico
738 4147 859 4222 quia
894 4147 972 4222 sic,
995 4147 1183 4222 adopto
1209 4147 1332 4222 milii
1370 4147 1642 4201 sanitatem
1668 4155 1717 4222 et
1745 4163 1825 4198 me

234 4217 464 4292 probum
485 4218 858 4292 inueniriapud
884 4217 1047 4271 Deum
1077 4220 1208 4271 sicut
1239 4220 1391 4271 etiam
1430 4232 1603 4270 omnes
1631 4217 1827 4287 episco-

234 4287 466 4361 pos),_in
489 4287 769 4361 colloquiis,
797 4296 898 4361 etc.

318 4354 351 4397 Β
380 4356 507 4411 llaec
543 4354 767 4425 epistola
810 4357 968 4409 missa
1008 4365 1091 4411 est
1130 4373 1253 4410 ann.
1283 4356 1404 4421 450,
1433 4363 1555 4425 post
1599 4354 1819 4425 Pascha.

236 4424 589 4496 Respondet
615 4427 756 4480 enim
802 4426 1045 4496 secundis
1087 4427 1305 4491 litteris,
1337 4424 1470 4495 quas
1510 4424 1823 4478 Alexandria

1928 4077 2168 4148 dogmata
2208 4078 2737 4144 anathematizamus;
2760 4096 2932 4133 omnes
2964 4079 3261 4134 Nestorium
3290 4083 3495 4137 haerent

1928 4163 2039 4221 eum
2069 4148 2575 4221 anathematizamus
2606 4149 2794 4220 (Part.
2828 4166 2891 4221 tt,
2925 4150 3236 4221 concaEplt.
3269 4163 3368 4205 not.
3403 4153 3424 4204 1
3452 4154 3490 4221 ).

1926 4214 2147 4297 Reiecta
2190 4234 2404 4287 quoque
2450 4227 2505 4273 et
2545 4214 2794 4273 damnata
2837 4220 2889 4272 in
2918 4214 3156 4274 concilio
3195 4214 3494 4276 Chalcede-

1928 4302 2096 4339 nensn.

1997 4354 2075 4426 Ex
2099 4370 2161 4407 ea
2188 4370 2318 4408 vero
2347 4355 2624 4426 verbisque
2652 4363 2928 4409 auctorum
2971 4357 3132 4426 ipsius
3169 4362 3499 4417 mentionem

1929 4422 2251 4487 facientium,
2282 4425 2445 4477 multa
2486 4422 2778 4492 intelligere
2808 4426 2931 4480 licet
2968 4422 3033 4481 ad
3064 4428 3276 4485 haeresis
3304 4432 3494 4487 Nesto-

231 4486 480 4564 Cyrillus
506 4494 1021 4564 Constantinopolim
1048 4496 1193 4551 dedit
1212 4497 1278 4550 ad
1296 4486 1627 4559 Nestorium,
1646 4510 1828 4549 mense
1860 4486 1904 4543 D
1930 4495 2089 4548 riana:
2115 4503 2170 4547 et
2188 4493 2421 4547 historiae
2436 4486 2748 4563 penitiorem
2772 4496 3169 4564 intelligentiam
3196 4486 3498 4557 conducen-

230 4558 475 4630 M'echir,
506 4565 794 4620 indictione
823 4558 908 4618 l3.

315 4638 400 4690 De
420 4637 521 4689 hac
547 4636 659 4704 ipsa
702 4635 1031 4705 Nicephorus
1055 4636 1237 4705 scribit
1267 4636 1461 4705 inhibe
1484 4633 1664 4705 verba,
1697 4633 1827 4686 alias

230 4703 615 4774 scrupulosius
633 4703 985 4759 examinanda
1011 4723 1023 4756 :
1057 4704 1281 4775 Cyrillus
1304 4704 1354 4757 Ν
1360 4706 1531 4758 estorii
1553 4703 1731 4755 litteris
1744 4705 1826 4755 in-

230 4787 428 4849 gentes
464 4775 894 4849 [mmsis/luctus
919 4774 1261 4849 eructantibus
1290 4776 1528 4849 acceptis,
1545 4790 1671 4849 _cum
1698 4790 1824 4849 qna-

234 4843 569 4900 iernionibus
597 4844 898 4915 quibusdam
925 4844 1043 4897 aliis
1061 4884 1074 4907 ,
1103 4843 1462 4914 provincialem
1491 4844 1822 4915 Alexandria:

223 4915 504 4986 synodum
532 4911 869 4986 congregavit,
902 4924 1051 4986 atque
1078 4911 1278 4986 mutuas
1305 4916 1562 4986 utriusque
1581 4911 1820 4986 epistolas

223 4980 500 5055 cibibnit,
531 4980 743 5054 quarum
767 4980 1015 5055 exempla
1028 4984 1307 5055 synodique
1334 4980 1499 5055 ipsius
1519 4982 1728 5055 decreta
1760 4980 1827 5033 ad

223 5055 433 5107 steteris
462 5050 639 5107 Roma:
659 5050 949 5123 episcopum
977 5050 1297 5107 Caelestinum
1318 5050 1457 5105 misit
1485 5050 1620 5120 (Lib.
1649 5067 1753 5115 xiv,
1778 5067 1824 5104 ε.

226 5125 335 5193 35,
370 5124 573 5176 dissert.
608 5123 915 5193 desynod.).

313 5192 576 5272 Ejusdem
604 5189 906 5272 exemplqu
935 5207 965 5272 a
992 5190 1436 5272 Cyrillqprimum
1462 5189 1826 5272 per_Possido-

226 5257 399 5316 nium
437 5261 717 5315 diaconum
738 5257 813 5325 ,'a
844 5257 1088 5316 Nestorio
1116 5257 1306 5316 deinde
1334 5261 1399 5315 ad
1426 5257 1665 5316 sanctum
1699 5257 1823 5313 (Σω-

234 5332 502 5385 lestinum
524 5333 889 5385 transmissum
915 5340 1035 5385 est:
1078 5331 1205 5384 illud
1249 5331 1461 5399 quidem
1489 5347 1556 5385 ex
1601 5330 1823 5399 epistola

229 5401 528 5471 Cyrilliiad
560 5401 933 5471 Gmlestinum;
966 5401 1106 5455 istud
1153 5417 1221 5455 ex
1259 5398 1413 5455 tertia
1444 5400 1666 5465 epistola
1697 5398 1823 5452 Nes-

231 5470 372 5524 ιω·Ῑί
397 5470 464 5523 ad
493 5470 735 5524 eumdem
757 5478 984 5525 constat.

310 5539 485 5593 Lecta
514 5548 594 5593 est
617 5540 667 5593 in
698 5540 926 5593 concilio
950 5538 1237 5609 Ephesino,
1270 5546 1323 5590 et
1340 5537 1823 5609 _cu1n_anathemate

224 5609 291 5661 in
315 5618 598 5663 auctorem
619 5624 649 5662 a
670 5606 1026 5679 metropolitis
1052 5606 1607 5679 primumsingulatim
1637 5606 1818 5679 dicen-

222 5679 391 5731 tibus
435 5679 757 5733 sententiam
802 5676 1113 5739 reprobata;
1142 5677 1208 5730 ab
1251 5677 1367 5729 aliis
1392 5676 1581 5729 deinde
1609 5676 1821 5729 concla-

226 5749 519 5805 mantibus
550 5748 603 5804 in
632 5750 744 5804 haec
770 5744 933 5806 verba
959 5767 969 5802 :
1004 5747 1192 5803 Omnes
1224 5744 1453 5801 Nestorii
1486 5747 1752 5817 epistolam
1773 5755 1821 5800 et

1932 4566 2024 4628 tia,
2056 4580 2172 4634 qum
2192 4564 2301 4617 suis
2322 4564 2524 4632 singula
2555 4565 2686 4619 locis
2714 4566 3024 4634 exponenda
3053 4577 3205 4621 sunt-

2005 4646 2026 4673 ε
2067 4634 2382 4706 Legendurn
2399 4645 2547 4706 prout
2567 4652 2790 4705 possum,
2819 4645 2873 4688 ut
2897 4645 3043 4704 patet
3070 4653 3135 4690 ex
3156 4639 3369 4706 antiqua
3385 4656 3499 4695 ver-

1930 4706 2079 4757 sione
2106 4704 2314 4757 concilii
2344 4702 2614 4773 Ephesini,
2641 4713 2695 4759 et
2721 4720 2785 4758 ex
2815 4720 2876 4758 ea
2898 4702 3025 4774 qua:
3054 4714 3226 4760 exstat
3254 4702 3304 4761 in
3334 4710 3497 4765 colla-

1932 4774 2075 4842 tione
2102 4782 2250 4826 scxta
2280 4773 2491 4842 concilii
2520 4775 2709 4842 quinti.
2742 4774 2935 4831 waz.

2000 4840 2024 4878 ἀ
2067 4842 2251 4911 Arguit
2277 4841 2459 4918 Cyrilli
2489 4840 2789 4918 epistolam,
2809 4846 2958 4918 quasi
2980 4853 3169 4913 quater
3192 4846 3244 4899 in
3268 4847 3358 4901 illo
3379 4865 3497 4918 pce-

1930 4922 2103 4967 catum
2150 4922 2308 4977 esset,
2367 4914 2688 4967 obscuritate
2740 4914 3009 4977 nimirum,
3072 4914 3493 4983 perturbatione,

1928 4984 2253 5052 prolixitate,
2312 4992 2366 5037 et
2420 4983 2732 5053 horriditate
2781 4986 3073 5047 sermonis;
3104 4985 3366 5053 simulque
3398 4990 3496 5042 sibi

1927 5053 2172 5125 adulatur
2198 5070 2294 5122 per
2313 5052 2723 5125 oppositionem,
2756 5053 3121 5125 quippecujus
3148 5052 3321 5109 oratio
3351 5072 3502 5125 peis-

1930 5124 2081 5190 picua
2112 5126 2199 5185 sit,
2241 5123 2521 5184 concinna,
2556 5123 2732 5175 brevis
2758 5131 2812 5177 et
2841 5124 3059 5175 nimium
3098 5122 3234 5177 forte
3263 5122 3472 5179 exculta

1928 5192 2078 5262 Quod
2101 5200 2277 5245 autem
2306 5192 2507 5261 objicit,
2541 5190 2756 5246 Asiatici
2778 5190 3148 5247 Alexandrinis
3169 5195 3492 5262 exprobrare

1926 5261 2065 5316 soliti
2096 5268 2268 5314 erant.
2542 5314 2549 5319 ,

2000 5340 2023 5367 ο
2062 5329 2272 5383 Crimen
2303 5345 2332 5382 a
2360 5328 2559 5400 Cyrillo
2604 5330 2704 5383 sibi
2757 5330 3025 5400 objectum
3080 5330 3200 5386 ﬁcta
3247 5333 3500 5387 exhorta-

1926 5401 2072 5453 tione
2126 5413 2371 5470 regerere
2410 5398 2642 5470 conatur
2685 5400 2736 5453 in
2776 5398 3052 5470 Cyrillum,
3092 5402 3184 5455 sed
3228 5419 3331 5455 non
3382 5403 3495 5470 pari

1922 5470 2043 5536 jurc
2069 5486 2079 5519 :
2106 5483 2227 5520 nam
2260 5469 2557 5521 Nestorium
2587 5484 2773 5522 omnes
2802 5469 3055 5525 accusant
3075 5469 3409 5537 negligentia!
3445 5473 3494 5523 in

1928 5536 2200 5609 versandis
2247 5537 2461 5609 Patrum
2473 5607 2480 5609 ξ
2509 5537 2672 5609 libris,
2706 5539 2871 5609 immo
2909 5548 2961 5593 et
2989 5536 3297 5609 eorumdcm
3320 5541 3494 5609 despi—

1925 5607 2149 5669 cientiae,
2185 5608 2324 5673 quod
2352 5607 2510 5660 tradit
2530 5606 2797 5677 Socrates.
2839 5608 3067 5677 Cyrillus
3094 5624 3223 5662 vero
3252 5606 3497 5662 laudatur

1924 5677 2069 5729 velut
2097 5677 2562 5744 πολυμαθέστατος,
2583 5686 2635 5729 et
2666 5675 3297 5732 Patrumcntriosissimus
3324 5687 3496 5730 secta-

1925 5754 2036 5812 tor;
2085 5755 2138 5801 ct
2167 5762 2294 5801 vero
2332 5746 2606 5802 Nestorius
2645 5746 2897 5817 Cyrillum
2946 5748 3018 5803 ita
3063 5748 3392 5812 criminatur,
3438 5753 3501 5799 ut
