3958 6178
474 251 578 305 819

977 246 1167 302 MAR“
1208 247 1649 315 MERCAT—ORIS
1685 246 2250 303 TRANSLATIONES
2289 246 2649 304 VARIORUM
2689 245 3203 305 OPUSCULORUM.

3550 262 3635 327 820

472 380 634 434 quam
678 373 703 401 ἰ
730 377 891 418 senex
923 362 1010 415 ille
1044 360 1239 415 Paulus
1264 362 1579 417 charissima
1616 378 1715 417 suo
1764 361 2044 415 Timotheo
2072 365 2122 421 Α
2149 376 2292 424 nem,
2324 369 2383 414 ut
2408 376 2477 414 ne
2509 362 2630 429 quis
2657 361 2779 416 hinc
2822 360 3053 416 Verbum
3080 362 3236 418 Deum
3261 368 3525 434 passibilem
3545 391 3638 432 sus.

408 454 411 455 ⁷
471 463 801 527 protestatus
828 461 909 508 est
927 452 1112 507 dicens
1138 470 1150 505 :
1181 453 1399 508 Attende
1428 456 1651 521 lectioni,
1675 456 2040 520 exhortationi,

472 548 752 608 doctrinae;
783 545 876 597 hoc
901 545 1037 596 enim
1058 544 1272 613 faciens,
1296 555 1346 599 et
1375 553 1421 599 te
1442 546 1684 610 salvabis,
1711 556 1761 599 et
1786 562 1871 600 eos
1886 546 1971 616 qui
2000 554 2046 598 te

470 637 687 690 audiunt
708 634 750 705 (Ι
774 633 904 687 Tim.
936 649 1003 697 Iv,
1038 632 1147 702 l6).
1179 632 1317 699 Quid
1346 635 1524 703 igitur,
1566 635 1651 691 dic
1678 636 1807 689 mihi
1835 643 1910 700 tu,
1934 634 2047 689 vult

468 727 569 779 ista
590 740 695 778 vox
713 723 957 778 attende?
985 722 1303 778 Sanctorum
1333 740 1526 795 nempe
1548 726 1757 781 illorum
1779 727 1832 780 in
1861 740 2047 795 super-

467 816 587 869 ticie
617 816 801 882 legens
847 815 1221 879 traditionem,
1268 816 1423 870 venia
1469 816 1682 883 dignam
1729 818 1823 871 tibi
1872 818 2046 871 inesse

468 906 824 972 ignorantiam
872 902 1146 975 ignorasti,
1180 907 1433 976 passibile
1458 923 1552 963 eos
1588 909 1786 963 dixisse
1815 908 2043 963 arbitra-

468 1007 556 1051 tus
583 997 837 1063 Verbum,
868 997 1011 1065 quod
1040 996 1185 1051 Patri
1216 1006 1298 1052 est
1321 1007 1664 1053 co:eternum.

539 1088 592 1142 4.
623 1088 892 1143 Attentius
922 1101 1070 1156 ergo,
1102 1089 1147 1143 si
1174 1090 1366 1159 placet,
1396 1090 1510 1145 bam
1549 1090 1713 1144 verba
1748 1089 1961 1153 rimare,
1994 1097 2048 1143 et

473 1178 715 1233 invenies
758 1178 995 1233 divinum
1033 1179 1178 1233 illum
1205 1178 1422 1233 Patrum
1444 1191 1767 1235 conventum
1795 1178 1822 1217 δ
1845 1194 1951 1233 non
1981 1180 2048 1233 il-

472 1267 580 1321 lam
593 1267 1080 1322 consubstantivam
1098 1268 1360 1324 Deitatem
1377 1269 1573 1325 dixisse
1588 1285 1705 1323 esse
1714 1270 2047 1338 passibilem;

480 1370 502 1396 ε
529 1374 703 1427 neque
726 1359 794 1413 de
828 1360 1031 1414 recenti
1061 1367 1243 1413 natam
1270 1360 1429 1424 hanc,
1461 1375 1580 1428 quae
1611 1359 1756 1413 Patri
1798 1368 1879 1414 est
1917 1375 2049 1414 con-

474 1450 831 1519 sempiterna;
864 1464 1039 1518 neque
1061 1450 1218 1505 istam
1244 1451 1621 1515 resurrexisse,
1654 1464 1773 1519 qua:
1797 1450 2052 1520 templum

474 1540 750 1594 suscitavit
778 1538 1030 1594 solutum.

544 1628 601 1682 Si
634 1629 762 1682 mihi
789 1630 1108 1684 medicinam
1156 1630 1446 1685 fraternam
1493 1630 1738 1685 offerenti
1775 1646 1931 1686 aures
1960 1632 2045 1686 ad-

2145 450 2435 519 picaretur,
2476 451 2654 519 posuit
2676 449 2928 515 Christus,
2959 458 3214 519 tamquam
3239 456 3473 523 passibiis
3494 472 3539 516 et
3561 466 3639 520 im-

2143 540 2409 609 passibilis
2437 540 2700 606 essentne,
2730 539 2747 577 ί
2776 541 2826 593 in
2848 540 3204 609 singularitate
3227 559 3461 612 personae,
3482 551 3643 619 signiﬁ-

2146 630 2377 685 cativum
2405 630 2745 696 vocabulum,
2777 640 2835 685 ut
2856 632 3185 700 impassibilis
3208 644 3259 687 et
3276 638 3506 703 passibilis
3520 640 3644 699 Chri-

2144 728 2259 775 stus
2300 721 2416 776 sine
2456 721 2696 791 periculo
2739 721 3084 776 nominetur:
3126 723 3437 793 impassibilis
3471 732 3643 799 quidem

2147 809 2373 875 Deitate,
2401 811 2668 880 passibilis
2693 826 2820 866 vero
2842 820 3029 865 natura
3056 828 3321 881 corporea.

2218 898 2269 951 8.
2303 898 2467 953 Multa
2518 915 2679 969 super
2718 901 2822 955 hoc
2849 916 2969 955 cum
3013 903 3205 969 possim
3238 903 3417 970 dicere,
3446 916 3492 962 et
3510 911 3651 978 primo

2147 989 2359 1058 quidem
2386 990 2642 1054 omnium,
2685 989 2830 1058 quod
2872 1006 2978 1043 non
3026 991 3311 1047 Divinitatis
3349 995 3396 1048 in
3422 996 3649 1066 dispensa~

2149 1081 2315 1146 tione,
2335 1080 2429 1134 sed
2453 1080 2804 1149 susceptionis
2829 1079 3171 1135 humanitatis
3193 1090 3384 1136 tantum
3402 1088 3654 1143 meminisse

2148 1177 2362 1226 sanctos
2390 1169 2510 1224 illos
2538 1168 2744 1235 Patres,
2776 1170 3058 1225 ostendere
3084 1171 3314 1236 valeam;
3340 1173 3424 1228 sed
3446 1177 3654 1232 recordor

2149 1260 2465 1315 brevitatem
2488 1261 2745 1316 orationis
2765 1262 2818 1314 in
2845 1261 3153 1331 prmfatione
3179 1263 3658 1332 promissam,eteam

2150 1352 2323 1408 sentio
2352 1351 2561 1407 frenare
2589 1368 2913 1407 sermonem.
2987 1370 2989 1373 ·

2223 1444 2275 1497 9.
2316 1445 2487 1499 Venio
2511 1460 2653 1500 nunc
2679 1454 2733 1499 et
2751 1445 2819 1499 ad
2855 1445 3145 1500 secundum
3167 1461 3196 1500 a
3223 1447 3465 1502 cbaritate
3496 1457 3573 1503 tua
3593 1465 3661 1505 ar-

2154 1537 2372 1592 ticulum
2400 1545 2623 1602 motum,
2656 1538 2709 1590 in
2728 1552 2835 1606 quo
2866 1546 3173 1591 naturarum
3201 1538 3405 1606 quidem
3430 1539 3662 1594 laudabam

2154 1628 2349 1682 factam
2385 1626 2763 1682 discretionem
2807 1628 3099 1683 secundum
3140 1628 3352 1682 Deitatis
3388 1636 3440 1682 et
3464 1628 3664 1683 humani-

474 1732 714 1780 moveas,
734 1719 874 1786 ipsas
900 1718 993 1773 tibi
1021 1732 1183 1774 voces
1209 1719 1420 1773 illorum
1442 1720 1788 1788 interponens
1815 1719 2054 1787 Patrum,
2091 1727 2132 1786 Β
2161 1720 2286 1773 tatis
2324 1719 2607 1784 rationem,
2661 1727 2712 1773 et
2754 1720 2807 1772 in
2841 1735 2945 1773 una
2977 1735 3205 1788 persona
3233 1721 3565 1775 consortium:
3592 1736 3668 1775 nec

477 1825 507 1861 a
535 1808 813 1862 calumnias
842 1817 896 1863 te
940 1824 1100 1873 nexu,
1135 1824 1298 1877 quam
1325 1810 1429 1864 illis
1477 1809 1720 1877 ingerere
1764 1811 1971 1877 niteris,
2003 1820 2059 1866 et

477 1914 575 1968 per
602 1900 721 1953 illos
749 1897 1063 1969 scripturisd
1090 1900 1307 1972 [Baluz.
1325 1899 1447 1952 add.
1482 1898 1737 1970 moliris],
1757 1900 2051 1954 absolvam.

551 1989 601 2044 5.
635 1991 920 2057 Credimus,
948 1993 1194 2060 inquiunt
1220 1992 1312 2057 illi,
1344 1993 1471 2046 etin
1498 1991 1779 2046 Dominum
1825 2002 2056 2046 nostrum

469 2080 655 2152 .Jesum
702 2080 991 2147 Christum,
1034 2081 1230 2136 Filium
1285 2083 1394 2153 ejus
1450 2084 1787 2153 unigenitum.
1832 2081 2057 2138 Pervide

479 2171 748 2238 quomodo
791 2173 1019 2239 Domini,
1050 2181 1104 2226 et
1125 2170 1249 2227 Jesu
1276 2170 1492 2236 Christi,
1526 2179 1581 2227 et
1603 2181 1625 2209 ο
1651 2172 1910 2240 unigeniti
1936 2171 2057 2226 Filii

476 2262 642 2328 prius,
674 2264 975 2317 communia
996 2263 1218 2317 Deitatis
1239 2262 1442 2334 [‘Baluz.
1467 2262 1589 2315 add.
1614 2270 1669 2316 et
1689 2260 2055 2331 humanitatis]

476 2350 711 2415 nomina,
731 2360 1000 2421 tamquam
1020 2351 1363 2407 fundamenta
1383 2360 1665 2422 ponentes,
1691 2360 1803 2406 tum
1824 2351 2056 2420 suscepti

475 2440 736 2507 hominis,
781 2448 836 2496 et
863 2442 1306 2507 resurrectionis,
1334 2450 1390 2496 et
1424 2442 1690 2512 passionis
1727 2442 2055 2511 superteditl-

476 2538 601 2583 cant
627 2531 985 2596 traditionem,
1017 2538 1076 2585 ut
1105 2532 1410 2587 nominibus
1434 2531 1752 2601 quibusdam
1780 2533 2056 2600 utriusque

405 2659 410 2665 .
478 2627 681 2672 natura:
701 2621 1072 2674 communibus
1101 2628 1156 2674 et
1183 2620 1547 2688 signiﬁcativis
1566 2621 1774 2690 positis,
1800 2636 1971 2690 neque
1988 2637 2052 2675 ea

474 2722 594 2774 quae
628 2709 990 2776 generationis
1036 2708 1130 2763 lilii
1174 2716 1231 2763 et
1272 2709 1678 2774 dominationis,
1724 2709 2055 2764 dissecentur

477 2796 680 2865 |Baluz.
713 2797 1123 2868 dijudicentur];
1156 2813 1329 2866 neque
1356 2814 1574 2868 ea,qu:n
1597 2808 1904 2855 naturarum
1929 2810 2055 2855 sunt

477 2887 693 2955 propria
714 2887 767 2941 in
787 2888 1157 2955 singularitate
1179 2889 1472 2943 nativitatis
1498 2889 1637 2954 Filii,
1656 2890 1762 2944 ulla
1779 2890 2052 2946 confusio-

476 2977 559 3029 nis
597 2977 887 3033 abolitione
906 2977 1109 3050 [Baluz.
1135 2978 1494 3051 absolutione]
1524 2980 1916 3049 periclitentur,
1954 2996 2052 3036 no-

475 3068 619 3123 mine
640 3069 870 3123 unionis.

545 3158 596 3210 ti.
626 3156 684 3211 In
724 3158 826 3213 hoc
851 3158 990 3228 apud
1015 3158 1134 3214 illos
1159 3157 1355 3214 Paulus
1394 3158 1585 3215 doctor
1630 3169 1710 3214 est
1740 3160 1925 3226 factus,
1955 3162 2049 3229 qui

474 3265 595 3303 cum
611 3248 802 3304 divin:e
823 3250 1202 3304 incarnationis
1221 3251 1534 3306 memoriam
1556 3251 1772 3316 faceret,
1791 3252 2050 3321 incipiens

474 3339 794 3408 subiungere
820 3355 939 3408 quas
966 3348 1091 3394 sunt
1118 3341 1399 3409 passionis,
1416 3342 1564 3411 prius
1593 3343 1772 3411 posuit
1794 3341 2045 3407 Christus,

474 3444 775 3494 commune,
809 3438 866 3483 ut
911 3431 1071 3499 paulo
1117 3439 1241 3485 ante
1283 3431 1415 3497 dixi,
1460 3447 1656 3487 nomen
1703 3440 2044 3498 naturarum;

475 3529 603 3574 tunc
622 3520 899 3574 decentem
921 3520 1079 3575 infert
1094 3536 1399 3575 sermonem
1427 3523 1540 3577 sive
1569 3522 1833 3575 rationem
1859 3522 2050 3575 utrius-

472 3626 610 3679 que;
638 3612 836 3665 etenim
875 3612 950 3665 ait
992 3630 1004 3664 :
1037 3611 1154 3666 Hoc
1190 3614 1515 3667 seutiaturiu
1542 3613 1700 3679 vobis,
1732 3613 1867 3685 quod
1902 3623 1953 3667 et
1994 3615 2050 3667 in

474 3700 676 3755 Christo
699 3700 842 3766 Iesu,
867 3703 953 3773 qui
983 3719 1096 3756 cum
1115 3705 1170 3756 in
1201 3704 1369 3774 [arma
1389 3702 1486 3757 Dei
1514 3713 1661 3767 esset,
1686 3720 1789 3757 non
1812 3706 2048 3774 rapinam

474 3789 752 3843 arbitratus
777 3799 852 3844 est
883 3807 993 3845 esse
1017 3808 1073 3844 se
1100 3793 1350 3863 aqualem
1380 3792 1523 3857 Dea;
1554 3793 1647 3847 sed
1674 3809 1742 3848 ne
1771 3795 1838 3848 ad
1863 3810 2046 3861 unum,

471 3879 720 3947 quodque
762 3881 982 3949 loquar,
1016 3883 1183 3952 factus
1224 3882 1463 3936 obediens
1504 3900 1661 3954 usque
1707 3884 1775 3937 ad
1813 3894 2044 3950 mortem,

472 3980 684 4024 mortem
714 3981 882 4026 autem
906 3974 1069 4026 crucis
1102 3971 1319 4043 (Philip.
1353 3991 1407 4039 li,
1443 3973 1517 4044 5).

546 4061 593 4113 7.
628 4059 890 4127 Quoniam
938 4062 1096 4130 igitur
1120 4072 1357 4133 creperat
1384 4065 1571 4119 mortis
1598 4066 1774 4120 facere
1816 4067 2047 4121 mentio-

2158 1826 2266 1864 non
2296 1818 2350 1863 et
2376 1809 2524 1872 illud,
2555 1809 2699 1877 quod
2732 1810 2897 1864 Deum
2928 1809 3161 1863 Verbum
3191 1808 3413 1864 secunda
3442 1809 3669 1863 nativitate

2158 1916 2227 1955 ex
2274 1900 2497 1955 muliere
2542 1901 2762 1954 minime
2808 1900 3022 1954 dicebas
3065 1900 3299 1967 eguisse;
3338 1899 3560 1968 quodque
3577 1914 3670 1967 pas-

2158 1992 2324 2046 sionis
2362 1992 2669 2061 incapacem
2721 1990 3060 2060 proﬁtebaris
3112 1990 3399 2055 Deitatem;
3455 1987 3672 2042 catholica

2157 2082 2299 2137 enim
2319 2096 2504 2136 revera
2532 2087 2654 2134 sunt
2680 2080 2812 2145 hmc,
2838 2087 2893 2134 et
2912 2080 3137 2133 omnino
3154 2080 3312 2134 sectis
3331 2077 3554 2133 omnibus
3571 2091 3674 2130 con-

2155 2180 2238 2226 tra
2260 2172 2563 2226 Dominicas
2582 2178 2800 2224 naturas
2828 2170 3073 2223 adversa.

2228 2262 2314 2316 l0.
2353 2261 2411 2315 in
2439 2260 2657 2329 reliquis
2684 2276 2832 2325 vero,
2864 2261 2907 2313 si
2930 2260 3167 2328 aliquam
3210 2259 3472 2320 latentem,
3500 2265 3548 2311 et
3582 2270 3677 2323 pro-

2154 2351 2390 2415 fundam,
2423 2358 2584 2419 atque
2613 2349 3208 2418 incomprehensibilem
3254 2348 3499 2400 rationem
3537 2345 3677 2411 legem

2156 2441 2284 2494 tium
2320 2439 2536 2494 auribus
2576 2437 2786 2503 afferas,
2840 2445 2941 2491 tua:
2966 2438 3036 2491 sit
3080 2437 3386 2492 examinare
3414 2432 3681 2504 prudentia.

2154 2531 2297 2586 Scite
2318 2532 2461 2584 enim
2490 2530 2617 2583 mihi
2638 2530 2815 2599 priora
2839 2530 3111 2583 videbaris
3132 2529 3421 2588 destruere,
3443 2542 3549 2580 cum
3566 2540 3681 2585 eum,

2153 2622 2243 2689 qui
2265 2622 2318 2674 in
2344 2620 2530 2689 primis
2556 2619 2912 2689 impassibilis,
2944 2627 2999 2672 et
3024 2617 3315 2673 secundam
3358 2632 3458 2671 non
3488 2615 3685 2683 recipere

2154 2711 2485 2764 nativitatem
2514 2708 2685 2763 fuerat
2711 2709 3047 2778 praedicatus,
3083 2709 3280 2762 iterum
3308 2706 3603 2769 passibilem,
3644 2712 3686 2756 et

2153 2801 2363 2854 noviter
2401 2807 2656 2863 creatum,
2716 2798 2896 2854 nescio
2942 2798 3221 2867 quomodo
3268 2798 3551 2851 inferebas:
3579 2803 3688 2847 tam-

2152 2904 2311 2958 quam
2340 2905 2459 2957 qua:
2481 2890 2591 2943 Deo
2613 2888 2791 2942 Verbo
2820 2889 3145 2943 naturaliter
3191 2888 3423 2942 inessent
3461 2885 3689 2940 consortio

2152 2980 2333 3048 templi
2355 2987 2603 3048 corrupta
2624 2979 2748 3042 sint,
2781 2986 2873 3032 aut
2900 2984 3155 3047 oporteat
3184 2977 3403 3031 forsitan
3424 2991 3514 3045 pro
3557 2972 3690 3026 nihilo

2073 3083 2119 3143 ρ
2152 3072 2219 3124 ab
2239 3070 2540 3124 hominibus
2559 3070 2736 3138 putari
2758 3069 2883 3123 illud
2907 3069 3084 3137 ipsum
3108 3069 3314 3136 absque
3343 3075 3549 3137 peccato
3585 3074 3693 3117 tem-

2151 3161 2315 3230 plum,
2346 3168 2401 3213 et
2429 3160 2782 3229 inseparabile
2801 3175 2831 3212 a
2859 3159 3041 3213 divina
3072 3168 3288 3223 natura,
3332 3156 3632 3210 nativitatem
3652 3157 3694 3207 et

2150 3258 2379 3306 mortem
2416 3266 2515 3320 pro
2560 3249 2930 3319 peccatoribus
2978 3265 3089 3303 non
3122 3249 3439 3319 pertulisse;
3466 3256 3697 3313 tamquam

2150 3342 2310 3395 etiam
2356 3340 2476 3394 voci
2517 3340 2802 3394 Dominictc
2840 3340 2904 3393 ad
2953 3338 3177 3394 Judaeos
3223 3339 3507 3394 clamanti:
3539 3335 3701 3389 Solvite

2152 3435 2389 3505 templum
2410 3434 2523 3499 hoc,
2555 3443 2604 3487 et
2629 3434 2685 3486 in
2716 3432 2882 3485 triduo
2902 3433 3172 3487 suscitabo
3194 3432 3327 3486 illud
3351 3431 3520 3502 (Joan.
3544 3444 3594 3489 ιι,
3616 3424 3701 3493 l9),

2152 3541 2260 3579 non
2304 3524 2497 3579 debeat
2542 3523 2706 3579 credi.
2752 3523 2868 3578 Non
2909 3523 3103 3577 dixit:
3155 3524 3363 3580 Solvite
3409 3522 3702 3576 Divinitatem

2154 3629 2347 3680 meam,
2378 3622 2434 3668 et
2451 3614 2505 3667 in
2536 3613 2709 3668 triduo
2736 3612 3102 3669 suscitabitur.

2226 3704 2310 3758 11.
2352 3703 2547 3758 lterum
2592 3717 2680 3757 me
2718 3702 2804 3757 hic
2849 3704 3161 3758 orationem
3190 3703 3421 3758 dilatare
3444 3700 3704 3769 cupientem

2154 3796 2220 3850 ad
2242 3795 2628 3865 professionem
2654 3794 2930 3848 brevitatis
2950 3796 3244 3863 promissae
3266 3792 3563 3849 recordatio
3583 3803 3709 3842 revo-

2154 3894 2271 3951 cat;
2314 3886 2487 3940 dicam
2532 3892 2711 3939 tamen
2759 3884 2978 3952 aliquid.
3004 3884 3225 3954 Ubique
3255 3903 3356 3956 per
3375 3886 3572 3938 divinas
3590 3878 3709 3933 Scri-

2153 3985 2356 4047 pturas,
2383 3977 2593 4045 quoties
2613 3976 2967 4031 meminerunt
2990 3975 3294 4031 Dominicae
3315 3968 3708 4045 dispensationis,

2156 4085 2265 4123 non
2293 4068 2591 4123 Divinitatis
2616 4065 2833 4131 Christi,
2865 4066 2962 4122 sed
2988 4068 3352 4123 humanitatis
3382 4068 3515 4137 ejus,
3567 4062 3712 4134 passio

1631 4175 2171 4236 CASTlGATlONES
2211 4180 2295 4235 ET
2333 4179 2561 4235 NOTAE.

470 4265 920 4386 dlicatsqpﬁrﬁcm
942 4274 1095 4321 tenus
1123 4266 1227 4335 legi
1254 4266 1321 4321 ab
1357 4267 1471 4336 ipso
1498 4265 1639 4320 dicta
1669 4266 1904 4335 Patrum,
1938 4285 2046 4325 non

474 4350 488 4386 ι
518 4350 600 4386 em
624 4351 679 4386 ιιι
705 4350 734 4386 e
777 4348 862 4386 ian.

474 4348 600 4387 item
624 4348 862 4402 mtemgi.

2151 4286 2215 4325 ac
2234 4271 2277 4325 si
2300 4274 2523 4325 sentiret
2551 4282 2677 4325 tunc
2697 4271 2925 4338 primum
2951 4272 3232 4327 exstitisse
3259 4273 3518 4334 Verbum,
3540 4283 3647 4324 cum
3663 4278 3716 4318 ex

2154 4340 2369 4407 Virgine
2396 4348 2578 4393 natum
2595 4340 2872 4394 estcarr'ie.

545 4434 570 4462 α
609 4425 668 4479 ιιι
696 4384 923 4480 οοιιῖῑὶιὶο
944 4425 1231 4494 Ephesino,
1256 4444 1472 4498 magnus
1498 4428 1588 4482 ille
1614 4427 1828 4483 Paulus.
1848 4430 2044 4484 anz.
2079 4384 2125 4441 Β
2180 4478 2190 4489 ,
2222 4384 2423 4498 illinc
2448 4384 3057 4498 (ξθὶιίῧίῖῗίῗῗθτίδθηίξὲῐη
3081 4423 3213 4464 esse
3239 4411 3297 4464 ί¹¹
3320 4410 3550 4465 condno
3571 4405 3719 4476 Ei’l‘e'

542 4515 569 4554 ι)
612 4514 679 4570 Ut
697 4515 1017 4570 calumniam
1046 4514 1244 4569 faceret
1263 4514 1480 4588 Cyrillo,
1514 4518 1853 4581 abstractum,
1904 4520 2048 4588 quod

472 4588 640 4649 aiunt,
665 4600 859 4640 nomen
884 4601 980 4655 pro
1001 4590 1254 4639 concreto
1276 4586 1454 4655 posuit
1481 4603 1493 4637 :
1520 4603 1643 4640 nam
1662 4602 1781 4641 cum
1810 4586 1937 4642 illud
1961 4605 2048 4642 na-

472 4667 667 4718 turam,
700 4656 840 4710 istud
870 4653 1153 4724 personam
1182 4653 1462 4721 signiﬁcet,
1522 4672 1695 4724 neque
1734 4657 2047 4713 idiomatum

472 4726 778 4781 communio
825 4725 1134 4797 lieri‘possit
1162 4724 1214 4777 in
1262 4725 1541 4797 abstractis
1559 4727 1890 4797 nominibus,
1920 4744 2048 4797 pro-

472 4805 590 4865 pter
618 4804 928 4849 naturarum
948 4793 1279 4848 inconfusam
1308 4793 1677 4860 differentiam,
1710 4797 1803 4850 sed
1836 4796 1887 4849 in
1914 4793 2045 4851 con-

470 4864 631 4920 cretis
659 4872 867 4919 tantum
915 4872 1134 4933 preptcr
1160 4864 1442 4934 taurini-ra:
1478 4880 1722 4934 persona:
1750 4866 1805 4919 in
1839 4866 2040 4923 duabus

471 4936 673 4988 naturis
701 4935 1054 4996 subsistentis,
1093 4933 1288 4987 invidia
1318 4933 1488 4986 liebat
1517 4934 1782 4989 catholico
1810 4934 2039 4998 doctori.

469 5004 620 5073 quasi
642 5011 903 5058 assereret
930 5019 1145 5073 passum
1174 5018 1291 5057 esse
1330 5002 1565 5057 Verbum'
1594 5004 1644 5057 in
1693 5020 1789 5073 sua
1830 5014 2037 5059 natura.

471 5072 657 5125 Fiebat
686 5088 812 5127 vero
837 5072 987 5126 tanto
1013 5072 1431 5141 persuasibilius,
1463 5081 1665 5141 quanto
1706 5072 1892 5127 Patres
1938 5075 2043 5129 fre-

468 5144 739 5208 queutius,
757 5157 878 5196 cum
901 5157 1086 5196 secure
1103 5143 1465 5211 loquerentur,
1489 5143 1647 5196 nullis
1670 5143 2043 5199 insidiantibus

468 5210 749 5275 luereticis,
774 5213 1053 5267 abstractis
1081 5213 1162 5267 usi
1178 5210 1454 5278 'videntur,
1479 5227 1599 5266 cum
1628 5212 1884 5267 deberent
1908 5230 2042 5268 con-

468 5281 649 5334 cretis.

543 5384 564 5409 ο
606 5373 731 5443 Diue
775 5381 898 5427 sunt
950 5382 1131 5443 partes
1174 5372 1392 5428 hteresis
1440 5373 1807 5428 Photinianze:
1842 5374 2040 5440 altera,

468 5442 612 5509 quod
639 5442 881 5498 Christus
910 5442 1014 5497 non
1044 5445 1113 5499 sit
1139 5444 1279 5498 Deus
1298 5444 1765 5498 consubstantivus
1787 5443 2043 5510 Patri;al-

470 5523 600 5576 tera,
624 5513 766 5581 quod
778 5513 1010 5568 Verbum
1036 5513 1352 5584 humanitati
1372 5529 1607 5584 comvum
1633 5514 1909 5584 inemperit
1929 5529 2047 5568 esse

467 5584 778 5668 siuipliciter
805 5599 871 5636 ex
891 5594 1073 5668 sancta
1106 5583 1337 5649 Virgine.
1374 5581 1550 5662 Prima
1581 5599 1704 5662 pars
1725 5581 1940 5668 objecta
1963 5592 2045 5639 est

472 5652 747 5716 Nestorio;
780 5654 1067 5707 secundam
1098 5670 1208 5723 ipse
1256 5653 1451 5719 regerit
1499 5654 1657 5706 tacite
1688 5651 1741 5707 in
1769 5651 2041 5722 Cyrillum,

2149 4478 2267 4532 sino
2296 4478 2517 4532 liberabo
2548 4495 2645 4547 pro
2675 4479 2908 4532 liberato.
2942 4477 3139 4532 Bawz.

2223 4558 2247 4584 ο
2286 4547 2363 4618 Εξξ.
2391 4549 2494 4602 hoc
2521 4546 2644 4618 luco
2659 4549 2841 4618 potuit
2870 4548 3136 4602 Mercator
3165 4565 3397 4605 sumere
3437 4546 3577 4618 quod
3604 4557 3722 4598 asse-

2148 4617 2275 4689 ruit,
2308 4616 2540 4671 Verbum
2569 4632 2599 4670 a
2627 4616 2876 4671 Nestorio
2896 4618 3103 4689 dictum
3134 4627 3274 4672 ante
3326 4616 3722 4689 incantationem

2150 4685 2383 4740 Verbum
2430 4695 2667 4752 tantum;
2724 4695 2848 4752 post
2892 4688 3336 4742 incarnationem
3388 4688 3596 4741 Filium.
3641 4681 3721 4746 Qui

2159 4704 2383 4740 vernum
2430 4704 2667 4752 tantum;
2762 4704 2848 4741 OSt
2892 4704 3336 4742 incarnationem
3388 4704 3596 4741 riuum.
3641 4704 3721 4746 uui

2148 4771 2311 4829 porro
2359 4757 2657 4829 contineret
2694 4704 2889 4829 agusus
2936 4756 3035 4811 iste
3064 4758 3365 4829 nominum
3394 4755 3612 4829 Christi,

2148 4825 2299 4887 mini,
2350 4833 2404 4878 et
2451 4825 2567 4898 Filii
2609 4826 2949 4898 purissimum
2993 4834 3047 4879 et
3074 4827 3510 4898 subtilissimum
3541 4825 3727 4898 hasresis

2147 4910 2430 4957 venenum,
2464 4894 2642 4948 videre
2659 4894 2782 4949 licet
2810 4896 2862 4948 in
2891 4896 3282 4951 dissertatione
3312 4898 3384 4949 de
3415 4898 3517 4950 bac
3544 4894 3722 4947 haeresi.

2224 4962 2241 5001 ί
2286 4963 2459 5017 Locus
2481 4964 2583 5037 hic,
2616 4972 2672 5018 ut
2693 4966 2901 5037 etalius
2926 4964 3246 5037 praecedens
3273 4965 3472 5036 (Num.
3499 4963 3730 5037 5),_it_nmo

2147 5048 2482 5104 consequens
2505 5005 2687 5101 (Nam.
2709 5032 2786 5101 8),
2817 5005 3289 5102 ίιηρῖίιιίὶθῐιιὶονεξδὶ
3303 5005 3523 5104 aliquos
3534 5005 3731 5087 [abduxit

2144 5102 2201 5154 in
2222 5118 2480 5174 errorem,
2505 5117 2612 5169 quo
2633 5103 2868 5157 dicerent
2888 5119 2919 5156 a
2941 5103 3193 5174 Nestorio
3219 5102 3451 5159 unicam
3474 5112 3732 5174 personam

2147 5171 2414 5243 catholico
2452 5186 2630 5243 sensu
2650 5182 2946 5243 assertam.
2977 5173 3192 5243 Dictum
3226 5171 3492 5243 pluribus
3523 5175 3737 5243 testium:

2148 5241 2249 5294 niis
2301 5238 2700 5311 sive‘Nestorii,
2740 5241 2851 5295 sive
2880 5243 3039 5295 etiam
3069 5238 3291 5311 Cyrilli,
3332 5244 3556 5297 (innare
3583 5238 3735 5311 conati

2146 5317 2301 5374 sunt;
2353 5308 2446 5363 sed
2500 5325 2620 5363 cum
2674 5311 2918 5364 viderent
2958 5308 3249 5366 reclamari
3277 5314 3335 5367 in
3369 5310 3738 5367 contrarium:

2147 5378 2454 5433 doctoribus
2500 5379 2795 5441 catholicis,
2846 5382 3168 5435 sententiam
3223 5398 3394 5436 suam
3441 5385 3516 5436 ita
3565 5380 3742 5443 scripto

2146 5455 2610 5519 exposuerunttut
2638 5464 2823 5519 revera
2852 5455 3239 5504 retractarent.
3277 5452 3363 5507 De
3395 5448 3741 5519 singularitale

2149 5515 2236 5570 illa
2268 5532 2510 5585 persona:
2537 5517 2873 5580 Nestoriana,
2909 5520 3028 5575 vide
3061 5515 3531 5577 dissertationem
3560 5520 3625 5574 de
3648 5515 3744 5585 iun-

2148 5586 2253 5659 resi
2268 5582 2617 5659 'Ncstoriana,
2653 5588 2740 5659 ubi
2763 5590 3031 5659 aperimus
3053 5590 3209 5659 ipsos
3236 5591 3434 5646 fontes
3457 5589 3648 5646 veneni
3666 5582 3750 5638 sub

2150 5656 2249 5710 hac
2280 5657 2457 5726 specie
2487 5657 2719 5711 latentis.
