3960 6184
328 335 432 392 825

1109 327 1420 386 SECUNDA
1464 330 1777 388 NES'lORIl
1822 332 2153 396 EPISTOLA
2196 334 2284 387 AD
2319 333 2374 388 S.
2421 330 2786 388 CYRILLUM.

3476 336 3588 396 8’6

327 448 550 504 vocibus
585 445 855 515 propheta:
889 441 1082 497 clamet
1124 459 1136 491 :
1179 440 1473 512 Replebitur
1511 446 1646 497 terra
1684 445 1897 498 scientia
1928 449 1978 506 Α
2005 445 2233 510 Domini,
2249 447 2381 498 sicut
2403 462 2537 515 aqua
2553 445 2712 498 multa
2728 447 3024 515 cooperiens
3045 447 3211 500 maria
3235 445 3388 516 (Isai.
3409 465 3479 514 xi,
3503 448 3580 519 9).

1480 577 1936 635 CASTIGATIUN
1945 581 2026 636 ES
2076 582 2162 634 ET
2209 581 2433 634 NUT/E.

328 685 462 728 tores
499 673 657 742 ipsius
699 667 1199 742 Marcionistarum,_
1223 683 1376 742 quam
1421 671 1901 742 commemorabam,

320 738 579 803 haeresim,
609 740 744 792 unde
769 755 882 791 eum
904 755 1040 790 reum
1079 738 1416 790 moliebantur
1440 739 1659 807 efﬁcere,
1685 741 1905 794 interro-

321 815 435 882 gati
463 819 739 886 qutenesset,
764 808 960 886 nescire
979 823 1032 886 se
1059 809 1332 876 manifesta
1353 810 1669 886 professione
1690 827 1904 880 respon-

321 877 532 934 derunt.
564 879 644 932 Ea:
670 895 770 948 qua
798 894 852 929 re
880 877 1135 929 evidenter
1154 877 1602 948 agnosciturquod
1629 877 1898 947 personam

317 954 488 1020 ipsius
516 952 628 1003 sine
653 945 752 1000 Dei
779 955 1026 1020 respectu,
1069 961 1170 998 non
1187 946 1343 1015 juste,
1375 945 1466 1020 sed
1482 945 1898 1020 communionis

319 1015 464 1084 suas,
489 1020 600 1074 sola
621 1034 834 1088 gravare
851 1015 1106 1088 voluntate
1127 1015 1476 1068 tantummodo
1497 1015 1761 1088 voluerint.
1782 1015 1900 1088 Nos

320 1093 499 1160 itaque
527 1085 663 1158 facto
692 1100 947 1160 coracino,
979 1085 1110 1137 sicut
1137 1093 1391 1154 gestorum
1417 1085 1554 1154 apud
1576 1085 1902 1160 nos/iubilo-

319 1155 440 1212 rum
461 1155 604 1211 tenor
641 1155 879 1218 ostendit,
906 1163 1086 1206 cuncta
1119 1169 1231 1224 qua:
1258 1162 1420 1224 erant
1437 1156 1725 1224 necessaria
1743 1155 1904 1209 subti-

319 1229 442 1282 liter
462 1235 836 1298 perscrutantes
857 1240 918 1276 ac
942 1229 1214 1298 tractantes
1232 1239 1258 1298 :_
1272 1223 1509 1293 quoniam
1530 1225 1583 1276 in
1604 1223 1744 1278 nullo
1765 1237 1907 1298 ante-

319 1293 514 1351 dictuin
543 1295 891 1365 presbyterum
917 1309 1061 1365 reum
1087 1293 1615 1365 invenirepotunnus,
1648 1296 1903 1364 prtecipue

319 1369 444 1438 quia
473 1359 669 1438 libellus
694 1359 852 1434 'quem
891 1361 1201 1438 delegatis_a
1229 1359 1366 1438 vobis
1401 1359 1660 1438 judicilms
1700 1359 1899 1428 obtulit,

320 1432 478 1489 recta:
503 1434 624 1514 fidei
767 1432 939 1485 omnia
967 1432 1250 1514 sinferitati
1283 1432 1584 1512 concordat,
1609 1449 1668 1484 ea
1697 1443 1904 1502 propter

318 1499 615 1558 earumdem
627 1499 860 1573 judicum
894 1499 1220 1573 reprobantes
1241 1501 1561 1573 sententiam,
1593 1499 1768 1554 nostra
1789 1499 1902 1555 eam

321 1569 977 1644 deﬁnitione'cataholicuni,
1012 1578 1096 1644 _et_
1109 1569 1172 1644 ab
1219 1570 1380 1644 omni
1405 1570 1644 1644 lueretico
1673 1573 1903 1644 crimine

321 1637 538 1697 liberum
558 1658 684 1705 esse,
710 1639 900 1694 Christi
925 1637 1022 1690 Dei
1054 1637 1406 1707 Redemptoris
1427 1642 1590 1693 nostri
1613 1642 1900 1695 misericor-

320 1714 411 1766 dia
440 1724 490 1765 et
516 1713 684 1769 aratia
705 1710 972 1769 revelante,
997 1709 1418 1761 denuntiavimus.

396 1782 475 1836 Ad
495 1766 795 1834 ﬁauritium
817 1766 1016 1848 pariter
1037 1777 1411 1848 imperatorem
1431 1776 1620 1848 (Epist.
1647 1777 1764 1842 HG,
1789 1795 1901 1848 qua?
1935 1766 1974 1823 Β

393 1853 494 1905 inti
517 1851 604 1904 lib.
632 1849 697 1901 16
721 1849 737 1917 )
766 1867 777 1900 :
813 1847 1010 1900 Relatis
1039 1849 1224 1917 igitur,_
1242 1847 1295 1898 in
1317 1847 1564 1917 concilio,
1589 1865 1699 1917 qua:
1726 1847 1904 1901 contra

393 1870 494 1905 -ίηη
517 1870 604 1904 Πυ.
632 1870 697 1901 ’10
724 1870 737 1911 ι
766 1870 777 1900 ξ
813 1870 1010 1900 ηειιιιιδ
1039 1870 1208 1917 igitur,
1242 1870 1295 1898 Ill
1317 1870 1564 1911 CUIICIIIU,
1589 1870 1699 1917 qua:
1726 1870 1903 1901 comra

319 1870 577 1975 Tdannem
616 1914 1045 1972 Chalcedonensis
1088 1915 1435 1986 presbyterum
1487 1915 1743 1986 Ecclesia:
1788 1930 1903 1970 acta

319 2001 471 2054 sunt,
502 1989 655 2043 simul
681 1997 730 2040 et
758 1989 888 2040 serie
901 1986 1141 2056 judicati,
1167 1985 1414 2056 majorem
1435 1985 1580 2038 illum
1601 1988 1904 2056 injustitiam

318 2062 620 2114 sustinuisse
639 2059 960 2127 cognovimus
987 2057 1171 2125 quippe
1190 2072 1334 2124 quem
1360 2057 1662 2127 clamantem
1683 2072 1738 2108 se
1757 2067 1906 2127 atque

319 2139 690 2183 monstrantem
704 2126 1019 2179 catholicum
1039 2141 1166 2194 esse,
1191 2141 1292 2178 non
1314 2134 1483 2178 reatus
1504 2126 1674 2194 culpa,
1698 2126 1789 2177 sed
1817 2127 1904 2179 diu

318 2202 579 2253 accusatio
607 2200 799 2251 incerta
827 2196 1080 2249 contrivit.
1108 2193 1174 2246 In
1206 2203 1400 2247 tantum
1428 2197 1548 2266 quia
1579 2193 1903 2266 accusatores

318 2271 482 2338 ipsius
505 2268 977 2327 Marcionistarum,
995 2280 1147 2338 quam
1168 2264 1648 2338 commemorabam,
1669 2264 1903 2318 hwresim

318 2333 374 2392 se
404 2340 617 2399 nescire,
643 2345 820 2405 aperta
842 2333 1172 2405 responsione
1191 2335 1407 2403 professi
1429 2344 1564 2386 sunt.
1591 2333 1657 2387 Et
1677 2342 1862 2404 postea
1887 2353 1899 2387 :

322 2406 459 2470 Quia
503 2425 623 2477 ergo
662 2402 1186 2477 omnibusfsubtiliter
1217 2402 1415 2455 rimatis
1447 2413 1608 2477 atque
1647 2402 1898 2477 tractatis,

321 2471 629 2530 catholicum
656 2475 1060 2544 suprascriptum
1083 2471 1338 2544 Joannem
1359 2471 1702 2544 presbyterum
1738 2476 1902 2527 sancti

319 2564 545 2600 conon."
595 2541 788 2597 mecum
836 2543 1096 2612 definitio,
1150 2541 1611 2612 divinw'potentia:
1649 2544 1904 2597 revelante

318 2615 847 2688 gratia,_declaravit,
875 2619 978 2688 etc.

392 2685 472 2739 Ad
504 2683 866 2738 'l‘hcoctistum
893 2680 1229 2751 imperatoris
1250 2687 1533 2748 cognatum
1558 2679 1747 2751 (Epist.
1777 2681 1896 2747 H7,

316 2755 528 2826 quis”
558 2753 674 2806 libri
701 2751 892 2826 quinti)
915 2768 927 2803 :
963 2749 1258 2826 Indicamus
1286 2752 1456 2826 itaque
1476 2751 1613 2826 vobis
1631 2749 1901 2826 [omnem

317 2819 685 2895 presbyterum,
709 2819 1285 2895 latoremprwsentium,
1310 2819 1519 2895 liberum
1542 2819 1604 2872 ab
1627 2821 1704 2874 his
1724 2821 1900 2890 quibus

317 2889 590 2964 accusatus
621 2889 1080 2964 fue-ratexstitisse.
1116 2889 1270 2964 Cujus
1299 2889 1455 2957 fidem
1479 2891 1616 2960 facto
1638 2889 1896 2964 conciato,

315 2962 494 3017 subtili
523 2959 932 3024 examinatione,
977 2969 1033 3012 ut
1059 2959 1234 3028 petiit,
1265 2959 1670 3027 perscrutantes,
1704 2961 1900 3014 nullam

315 3037 372 3086 in
403 3049 466 3086 eo
494 3032 696 3100 culpam
721 3046 896 3100 prava:
940 3029 1275 3100 confessionis
1303 3029 1622 3100 invenimus,
1648 3029 1754 3082 Sed
1781 3031 1900 3100 quia

313 3113 472 3157 recta:
507 3098 662 3171 fidei,
699 3098 802 3153 Deo
829 3101 1121 3160 miserante,
1152 3099 1416 3218 professor
1442 3113 1502 3149 ac
1541 3098 1706 3151 cultor
1734 3098 1898 3168 appa-

313 3175 440 3218 ruit-
467 3183 644 3218 nostra
664 3187 777 3218 eum
797 3169 1096 3218 deﬁnitione
1116 3184 1145 3218 a
1181 3183 1237 3218 so
1263 3168 1447 3218 vimus:
1481 3169 1762 3218 nrazsertim
1783 3185 1897 3218 cum

313 3175 441 3236 ruit,
467 3168 644 3225 nostra
664 3187 777 3223 eum
797 3169 1096 3237 deﬁnitione
1116 3168 1447 3237 absolvimus;
1479 3169 1762 3237 prwsertim
1783 3185 1897 3220 cum

315 3252 679 3309 acccusatores
700 3236 866 3309 ipsius
899 3253 1012 3309 qua:
1050 3245 1179 3288 esset
1220 3236 1704 3309 llarrcionistarum.
1746 3255 1899 3309 quam

314 3308 803 3371 comntemorabant,
830 3308 1062 3360 hatresim
1098 3323 1152 3376 se
1170 3308 1375 3376 nescire
1394 3308 1611 3376 professi
1632 3309 1755 3360 sint.

393 3381 459 3432 Et
486 3380 552 3433 ad
585 3378 862 3445 Eulogium
892 3375 1313 3445 Alexandrinum
1351 3375 1513 3443 atque
1560 3375 1898 3430 Anastasium

315 3450 709 3504 Autiocbenum
725 3443 921 3516 lEpist.
943 3443 1061 3509 195,
1079 3443 1364 3516 quteﬁlibri
1385 3447 1536 3513 sexti)
1564 3463 1575 3497 :
1599 3448 1730 3516 Ante
1752 3448 1902 3499 trien-

314 3523 460 3572 nium
486 3528 691 3588 cogente
718 3513 874 3588 causa
891 3513 1265 3588 monachorum
1297 3513 1535 3588 Isauriae.
1567 3517 1650 3584 qui
1671 3515 1897 3569 haeretici

315 3585 714 3650 accusabantur,
742 3586 1067 3654 satisfaciens
1087 3585 1212 3636 mihi
1234 3585 1489 3654 quondam
1513 3587 1674 3654 frater
1702 3595 1751 3638 et
1779 3603 1902 3654 con-

315 3659 560 3713 sacerdos
582 3672 720 3710 nteus
749 3652 1001 3708 Dominus
1015 3652 1283 3723 Ioannes,
1317 3652 1520 3706 litteras
1542 3655 1697 3716 misit,
1721 3653 1898 3723 quibus

317 3728 584 3781 videbatur
604 3724 870 3779 ostendere
888 3739 973 3776 eos
1003 3722 1278 3792 Ephesium
1298 3723 1480 3791 synodi
1510 3722 1898 3792 deﬁnitibnibus

318 3797 734 3851 contradixisse:
764 3803 813 3846 et
839 3793 972 3845 velut
1011 3791 1077 3845 ea:
1116 3792 1293 3845 eadem
1320 3795 1516 3861 synodo
1556 3801 1693 3844 certa
1732 3791 1896 3856 nobis,

317 3867 503 3938 quibus
530 3866 628 3938 ipsi
658 3863 985 3938 obsisterent,
1031 3861 1257 3938 capitula
1298 3860 1614 3938 destinavit;_
1635 3863 1766 3913 inter
1792 3862 1898 3938 alia

319 3930 492 3989 autem
514 3930 756 4003 scriptum
782 3933 889 3985 illic
919 3930 1269 4003 continebatur
1288 3930 1351 3982 de
1377 3930 1752 4003 Adteanimaq
1780 3933 1900 4002 quia

320 4007 380 4058 in
409 4000 625 4074 peccato
652 4011 981 4074 mortudnon
1010 4001 1188 4069 fuerit,
1216 4018 1279 4074 eo
1307 4001 1442 4074 quod
1469 4000 1700 4074 diabolus
1729 4000 1900 4054 in‘cor

319 4070 543 4127 hominis
565 4090 665 4126 non
694 4070 1089 4140 ingrediebatur,
1114 4078 1164 4122 et
1182 4071 1227 4123 si
1248 4071 1360 4140 quis
1390 4070 1484 4123 hoc
1514 4071 1742 4129 dixisset,
1770 4087 1900 4123 ana-

319 4090 543 4127 nommts
565 4090 665 4126 non
694 4090 745 4125 in
785 4090 1089 4132 reaieoatur,
1114 4090 1163 4122 et
1182 4090 1224 4123 si
1248 4090 1360 4140 quis
1390 4090 1484 4123 uoc
1514 4090 1742 4129 auxisset.
1770 4090 1900 4123 ana-

319 4144 489 4196 thema
511 4153 656 4196 esset.
684 4163 700 4190 >
730 4090 856 4204 ἅπαξ
877 4157 989 4192 cum
1009 4139 1140 4210 mihi
1163 4139 1324 4192 relata
1347 4143 1580 4210 fuissent,
1610 4140 1757 4192 valde
1778 4157 1901 4194 con-

319 4215 553 4266 tristatus
581 4228 723 4274 sum;
753 4212 797 4263 si
823 4211 958 4263 enim
983 4209 1136 4271 Adte,
1169 4211 1253 4280 qui
1282 4209 1474 4280 primus
1504 4212 1752 4280 peccavit,
1785 4212 1899 4262 ani—

320 4300 407 4336 ma
437 4284 492 4335 in
521 4293 725 4351 peccato
747 4290 946 4351 mortua
969 4295 1070 4332 non
1101 4289 1195 4342 est,
1223 4279 1473 4351 quomodo
1495 4280 1557 4351 de
1585 4279 1722 4348 ligno
1750 4282 1898 4333 vetito

321 4354 372 4406 ei
403 4348 593 4404 dictum
617 4360 692 4403 est
726 4367 743 4402 :
785 4350 851 4402 In
871 4364 1210 4418 quacumque
1251 4348 1338 4418 die
1366 4350 1683 4401 comederitis
1727 4365 1791 4401 ea:
1817 4366 1894 4412 eo,

324 4431 490 4474 morte
517 4420 840 4474 moriemini?
869 4414 935 4470 Et
973 4414 1158 4486 postea
1186 4435 1196 4468 :
1237 4414 1385 4478 Quod
1409 4435 1522 4471 vero
1552 4417 1782 4471 diabolus
1812 4435 1899 4472 cor

325 4492 550 4543 hominis
580 4491 915 4562 ingrediatur,
947 4490 989 4540 si
1022 4486 1298 4609 Evaizgelio
1328 4488 1570 4550 creditur,
1603 4503 1703 4540 non
1743 4505 1897 4558 nega—

325 4572 440 4609 tur:
473 4558 539 4609 ibi
568 4563 703 4609 enim
733 4559 979 4609 scriptum
1003 4567 1116 4609 est:
1163 4566 1206 4608 λι
1231 4566 1341 4609 post
1369 4557 1646 4609 buccellam
1673 4557 1897 4609 introivit

325 4572 440 4623 tur;
473 4558 539 4612 ibi
568 4557 703 4612 enim
733 4559 979 4624 scriptum
1003 4567 1077 4609 est
1100 4573 1116 4608 .'
1141 4557 1206 4609 Et
1228 4566 1341 4624 post
1369 4557 1646 4624 buccellam
1673 4557 1899 4610 introivit

322 4633 376 4683 in
407 4646 523 4682 eum
552 4629 798 4682 Satanas.
833 4622 901 4679 Et
929 4642 1106 4678 rursus
1145 4622 1468 4678 ibi'dicitur:
1498 4622 1624 4678 Cum
1667 4625 1900 4679 diabolus

328 4703 432 4762 iam
462 4716 516 4751 se
535 4699 752 4750 misisset
771 4699 824 4750 in
845 4712 933 4748 cor
949 4693 982 4746 .1
987 4694 1118 4758 udte,
1131 4707 1185 4748 ut
1200 4691 1594 4748 tradereteuml
1599 4691 1764 4747 udteis
1776 4695 1902 4762 {hoc

325 4761 496 4821 autem
525 4770 608 4838 qui
637 4775 818 4836 negat,
861 4767 913 4838 ἕρ
954 4763 1294 4838 Pelagianam
1323 4764 1736 4838 Itaresimcadit.
1771 4761 1903 4838 Quia

323 4857 447 4906 ergo
469 4831 840 4906 perscrutantes
861 4831 1174 4906 Ephesinam
1202 4831 1469 4902 synodum,
1496 4833 1624 4886 nihil
1644 4833 1904 4906 in_ea_tale

325 4898 608 4960 invenimus
657 4898 934 4983 contineri,
986 4898 1387 4983 dediqvehnate
1431 4920 1624 4983 quoque
1650 4900 1902 4983 Ecclesia

325 4988 579 5030 vetustum
608 4975 754 5027 valde
782 4973 1004 5025 codicem
1025 4970 1250 5041 ejusdem
1275 4970 1459 5040 synodi
1488 4970 1554 5023 ad
1583 4988 1674 5025 nos
1703 4971 1901 5041 deferte

327 5049 561 5117 fecimus,
594 5055 648 5117 et
685 5042 880 5113 synodo
903 5058 1091 5117 _quam_
1117 5041 1420 5117 habebamus
1451 5059 1560 5094 eum
1590 5043 1903 5117 itaconcorf

328 5110 457 5168 dare
485 5110 782 5172 invenimus,
815 5125 870 5164 ut
897 5110 949 5163 in
981 5110 1122 5164 nullo
1153 5111 1494 5180 discreparet,
1526 5121 1574 5164 et
1603 5111 1730 5162 nihil
1759 5112 1902 5164 aliud

328 5187 612 5240 contineret
651 5185 703 5235 in
734 5183 1028 5250 definitione
1069 5181 1407 5233 anathematis
1435 5192 1482 5233 et
1511 5180 1899 5250 reprobationis,

329 5257 432 5306 nisi
473 5253 606 5323 quod
655 5248 916 5323 duodecim
964 5250 1187 5320 capitula
1231 5250 1391 5323 beata:
1429 5248 1686 5323 memoria:
1726 5248 1906 5323 Cyrilli.

331 5321 627 5390 reprobant.
663 5321 814 5373 Hanc
844 5331 1012 5373 autem
1054 5329 1210 5373 totam
1259 5321 1507 5390 rationem
1552 5322 1710 5372 ntulta
1752 5321 1903 5372 latius

329 5389 664 5461 subtiliusque
703 5390 960 5457 prtcdictis
1000 5389 1376 5461 responsalibus
1417 5390 1527 5459 ejus
1568 5391 1620 5441 in
1673 5391 1910 5461 prtrsent'i

331 5464 515 5531 positis
548 5460 857 5513 reddidimus
876 5501 911 5531 ,_
939 5468 1088 5531 atque
1218 5460 1510 5531 plenissime
1536 5460 1909 5531 satisfeci-mus;

333 5527 494 5601 igitur
516 5548 578 5583 ne
599 5531 671 5601 vel
701 5531 809 5601 lltL’C
837 5528 911 5582 vel
939 5527 1320 5601 aliqtasimilia
1347 5529 1455 5580 illic
1481 5527 1774 5601 subrepant,
1797 5545 1911 5601 qtae

336 5597 569 5655 sanctam
591 5599 874 5652 Ecclesium
893 5597 1259 5660 scandalizent,
1272 5614 1482 5668 necesse
1503 5597 1646 5652 nobis
1678 5600 1772 5668 fult
1802 5597 1908 5650 lucc

331 5676 452 5739 ipsa
480 5671 737 5723 sanctitati
779 5678 954 5721 vestra:
982 5669 1230 5720 indicare.
1264 5667 1344 5739 Et;
1369 5669 1594 5736 quamvis
1636 5667 1768 5720 hunc
1797 5671 1906 5737 fra-

343 5735 474 5794 trem
515 5749 564 5794 ct
617 5740 965 5809 coepiscopum
1023 5746 1250 5791 nostrum
1305 5735 1575 5807 Cyriacum
1627 5735 1906 5792 noverimus

1096 5973 1113 5996 I

1949 2869 1952 2874 .
2001 2819 2173 2875 Manio

2012 673 2380 734 orthodoxam,
2425 685 2591 728 tamen
2614 683 2827 744 propter
2864 675 2993 729 alios
3030 678 3164 730 cauti
3197 693 3307 730 esse
3330 677 3583 741 debemus,

2011 752 2085 805 ut,
2128 753 2399 814 antequam
2429 746 2496 796 ad
2533 743 2786 814 publicum
2815 745 3092 814 prodeant,
3123 763 3354 800 errorum
3391 751 3588 801 semina

2013 812 2393 864 conculcentur.

2076 880 2314 948 Denique
2333 881 2401 933 ad
2421 882 2757 936 Anastasium
2788 883 3196 937 Antiocheuum.
3221 884 3345 938 Cum
3375 887 3438 939 de
3465 905 3589 939 sane

2005 959 2200 1003 clarum
2227 951 2558 1024 conciliorum
2583 953 2818 1024 custodia
2844 960 2930 1004 tua
2954 955 3250 1024 fraternitas
3280 956 3584 1024 loqueretur,

2005 1029 2239 1095 sanctam
2266 1019 2581 1095 Ephesinam
2608 1023 2860 1091 synodum
2881 1019 3104 1095 primam
3123 1039 3176 1075 se
3188 1019 3448 1095 custodire
3469 1044 3587 1095 pro-

2007 1089 2143 1163 fessa
2171 1097 2263 1141 est.
2299 1089 2406 1163 Sed
2425 1093 2550 1163 quia
2573 1089 2991 1163 er'anrtotatione
3019 1093 3243 1144 hteretici
3272 1089 3479 1152 codicis,
3505 1097 3587 1163 qui

2008 1158 2076 1208 ad
2104 1174 2185 1231 me
2211 1174 2274 1211 ea:
2301 1158 2591 1231 regialurbe
2609 1162 2946 1231 trans-missus
2974 1171 3068 1224 est,
3095 1163 3276 1228 agnovi
3297 1164 3410 1221 hoc,
3441 1158 3576 1231 quod

2009 1227 2244 1296 quwdam
2265 1228 2490 1299 capitula
2511 1229 2897 1299 catholicarum
2919 1227 3171 1283 hwreticis
3195 1232 3397 1299 fuerant
3417 1227 3587 1299 repre-

2009 1299 2185 1357 hensa,
2210 1297 2329 1366 quia
2357 1297 2565 1417 quidam
2589 1300 2732 1352 illam
2754 1298 3069 1368 Ephrsinam
3098 1297 3314 1368 primum
3337 1297 3584 1368 synodum

2009 1365 2062 1417 in
2090 1366 2266 1417 eadem
2292 1381 2354 1416 ur
2387 1382 2415 1417 e
2441 1369 2767 1417 existimant.
2812 1384 2924 1417 ante
2951 1369 3210 1417 miondam
3248 1368 3310 1417 ab
3340 1370 3584 1417 luerent-5.:

2007 1365 2062 1418 in
2090 1365 2266 1439 eadem
2292 1365 2415 1418 urbe
2441 1369 2767 1433 existimant,
2802 1365 2924 1439 'qute
2951 1365 3210 1439 quondam
3248 1368 3310 1420 ab
3340 1365 3587 1422 Ιι“ίιί·εῐίι·ί’.ς

2010 1435 2231 1487 traditur
2257 1451 2366 1506 esse
2394 1440 2692 1506 composita,
2718 1435 2925 1490 omnino
2955 1435 3156 1491 necesse
3183 1447 3334 1491 estut
3363 1440 3587 1492 Charitas

2007 1513 2171 1555 vestra
2200 1504 2430 1575 eamdem
2469 1504 2720 1575 synodum
2762 1507 2899 1575 apud
2923 1519 3154 1561 sanctam
3181 1509 3588 1562 Alexandrinam

2008 1582 2157 1648 atque
2183 1573 2556 1648 Antiochenam
2599 1573 2884 1648 Ecclesium
2914 1579 3168 1648 requirat,
3194 1587 3262 1648 et
3289 1578 3506 1647 qualiter
3534 1581 3586 1631 in

2006 1641 2216 1716 veritate
2233 1658 2289 1694 se
2307 1641 2492 1716 habeat
2511 1646 2766 1710 inveniat;
2791 1646 2884 1708 vel,
2907 1648 2952 1698 si
2973 1641 3156 1716 placet,
3179 1641 3586 1716 liinc'dirigimus

2005 1727 2119 1783 qua:
2147 1711 2211 1764 ab
2259 1714 2562 1783 antiquitate
2607 1725 2806 1768 servata
2844 1718 2897 1768 in
2945 1711 3150 1768 scriniis
3189 1711 3464 1778 habemus;
3495 1718 3587 1770 illa

2003 1782 2137 1833 enim
2166 1781 2410 1856 synodus,
2428 1799 2547 1856 qua:
2575 1783 2667 1856 sub
2694 1787 2875 1854 prima:
2904 1783 3176 1848 Ephesina:
3195 1786 3422 1855 imagine
3443 1788 3585 1856 facta

2005 1859 2114 1912 est,
2158 1851 2391 1924 quietiam
2419 1851 2472 1904 in
2503 1869 2558 1905 se
2585 1851 2755 1924 oblata
2786 1855 3011 1921 capitula
3057 1856 3240 1906 asserit
3281 1851 3582 1924 approbata,

2039 1935 2117 1994 ua:
2135 1919 2254 1994 sunt
2275 1919 2495 1994 Caelestii
2523 1934 2672 1994 atque
2691 1919 2894 1994 Pelagii
2923 1919 3442 1994 pra’dicamenta.'l'.‘t
3470 1927 3584 1976 cum

2004 1935 2117 2039 quin
2135 1935 2254 1972 sunt
2275 1935 2493 1974 bmtesm
2523 1935 2672 1994 atque
2691 1935 2892 1991 Pelagii
2923 1935 3338 1993 prcedtcamenta.
3374 1935 3442 1976 tat
3470 1942 3584 1976 cum

2045 1991 2261 2063 caelestius
2285 2001 2437 2063 atque
2457 1990 2700 2063 Pelagius
2727 1995 2777 2046 in
2807 1981 3071 2063 Ephesina
3099 1993 3295 2062 synodo
3317 1995 3420 2046 sint
3441 1994 3585 2047 dam-

2006 2059 2133 2118 nati,
2158 2059 2412 2134 quomodo
2441 2060 2504 2111 ab
2532 2059 2602 2113 ea'
2621 2059 2866 2134 poterant
2886 2063 2977 2115 illa
3007 2059 3231 2132 capitula
3257 2064 3431 2134 recipi,
3454 2081 3584 2134 quo—

2006 2143 2118 2197 rum
2141 2128 2534 2197 damnabantur
2549 2128 2780 2183 auctores
2798 2133 2822 2183 ἶ)

2075 2195 2153 2268 Es
2180 2197 2261 2250 his
2297 2212 2415 2265 quae
2443 2195 2652 2266 scripsit
2677 2200 2966 2268 Gregorius
2995 2199 3234 2266 Magnus,
3258 2201 3424 2254 multa
3454 2201 3580 2255 licet

2005 2267 2324 2337 concludere
2353 2268 2404 2320 in
2433 2283 2543 2320 rem
2568 2267 2882 2336 prtcsentcm
2907 2287 2919 2320 :
2953 2278 3007 2322 et
3034 2269 3262 2337 primum
3290 2271 3524 2337 quidem,
3552 2287 3582 2323 a

2006 2336 2271 2406 pontiﬁcis
2300 2337 2566 2390 sententia
2608 2340 2858 2392 recedere
2885 2339 2976 2406 qui
3023 2336 3234 2392 oausam
3282 2336 3583 2393 Isaurorum

2005 2405 2388 2478 monachorum
2405 2407 2483 2478 ab
2512 2423 2575 2459 ea
2599 2422 2718 2475 quae
2746 2405 2971 2478 duorum
3002 2409 3432 2478 presbyterorum
3469 2419 3586 2463 erat

2002 2482 2304 2547 secernunt.
2357 2475 2620 2547 Alterum,
2666 2477 2837 2531 codici
2883 2475 3268 2547 quo’syno'dus
3314 2477 3581 2546 Ephesiua

2005 2543 2382 2612 continebatur
2421 2545 2648 2599 insertos
2686 2547 2847 2602 fuisse
2885 2543 3376 2602 canones.al'erius
3407 2547 3586 2612 cujus-

2005 2611 2127 2665 dam
2159 2612 2386 2667 concilii.
2417 2613 2672 2679 Tertium,
2706 2616 2892 2671 huicce
2921 2616 3119 2670 inserto
3148 2617 3374 2672 concilio
3403 2617 3582 2670 oblata

2002 2681 2164 2736 fuisse
2192 2682 2446 2754 capitulla,
2491 2699 2606 2751 quia
2646 2686 2712 2754 ab
2743 2685 2858 2753 ipso
2894 2686 3116 2754 probata
3146 2688 3269 2738 sint.
3302 2686 3579 2752 Quartum,

2001 2766 2066 2804 ea
2108 2768 2167 2806 ca
2210 2753 2339 2805 itula
2386 2751 2597 2806 Isauros
2643 2751 2832 2808 fecisse
2881 2751 3004 2808 reos
3048 2756 3414 2810 consensionis
3459 2773 3580 2809 cum

2001 2769 2290 2874 Μελιιίοῆωο
2331 2830 2385 2874 et
2423 2821 2710 2874 Marcione.
2745 2823 3017 2874 Ouintum.
3048 2839 3209 2874 unum
3240 2841 3304 2874 ex
3335 2826 3580 2874 capitulis

2191 2837 2290 2893 nco
2331 2830 2385 2875 et
2423 2821 2710 2877 Marcione.
2745 2823 3017 2889 Quintum,
3048 2839 3209 2877 unum
3240 2841 3304 2879 ex
3335 2826 3582 2893 capitulis

2001 2892 2386 2945 contradixisse
2421 2893 2714 2956 catholicm,
2748 2893 2814 2947 de
2852 2893 3026 2946 anima
3056 2893 3243 2946 Adami
3267 2910 3362 2962 per
3390 2892 3580 2962 pecca-

2002 2967 2112 3031 tum
2152 2969 2392 3031 mortua,
2425 2961 2687 3031 Anastasii
2727 2964 3036 3024 sententiae,
3072 2970 3232 3031 atque
3261 2961 3402 3017 adeo
3423 2963 3585 3018 fuisse

2004 3025 2376 3098 Pelagianum,
2432 3031 2515 3083 vel
2566 3029 2962 3085 C(Blestianum.
3005 3025 3258 3098 Sextum,
3299 3034 3582 3087 concilium

2005 3097 2141 3150 istud
2163 3098 2424 3171 diversum
2449 3098 2607 3171 fuisse
2628 3101 2694 3154 ab
2714 3103 3040 3171 mcumenica
3064 3101 3269 3171 synodo
3291 3102 3578 3171 Ephesina,

2002 3183 2122 3240 cum
2146 3167 2213 3240 _in
2250 3169 2580 3240 groumetiica
2601 3170 2830 3240 _syuodo
2868 3161 3223 3224 damnationis
3261 3161 3579 3225 sententiam

2004 3236 2220 3289 tulerint
2249 3235 2494 3305 Pelagius
2516 3245 2569 3291 et
2590 3235 2888 3302 C(isleslius,
2914 3239 2965 3292 in
2988 3240 3078 3294 illo
3098 3240 3325 3293 concilio
3349 3242 3580 3305 ipsorum

1999 3305 2490 3378 dogmataprobata
2515 3309 2638 3361 sint.
2657 3307 2973 3378 Septimum,
2994 3309 3308 3376 Gregorium
3332 3305 3578 3376 Magnum

1999 3391 2214 3429 causam
2237 3375 2542 3431 Isaurorum
2564 3378 2615 3430 in
2637 3375 2866 3432 concilio
2888 3375 3221 3446 cognovisse,
3247 3379 3405 3446 idque
3426 3375 3584 3433 testa-

2001 3452 2111 3515 tum
2158 3446 2409 3511 voluisse,
2457 3455 2512 3500 et
2556 3447 2897 3515 imperatori,
2943 3455 2997 3502 et
3043 3448 3249 3502 Narseti
3294 3449 3493 3512 comiti,
3526 3457 3581 3502 et

1998 3512 2189 3567 Joanni
2217 3512 2810 3585 Constantinopolitano
2851 3518 3122 3586 episcopo,
3162 3525 3214 3573 ct
3243 3519 3580 3586 imperatoris

2000 3593 2248 3650 cognato,
2283 3601 2350 3638 ne
2387 3586 2506 3653 quis
2539 3602 2722 3640 eorum
2771 3587 2908 3640 foret
2954 3587 3167 3642 inscius.
3221 3587 3575 3648 Postremum,

2000 3653 2280 3706 concilium
2327 3654 2454 3707 illud
2500 3672 2604 3709 non
2656 3655 2815 3710 fuisse
2872 3656 3010 3710 idem
3057 3673 3179 3710 cum
3226 3657 3580 3711 conciliabulo

1999 3719 2345 3776 Orientalium
2385 3724 2842 3778 schismaticorum
2870 3742 2882 3776 :
2916 3726 2967 3777 in
3011 3726 3114 3779 hoc
3151 3727 3324 3789 enim,
3349 3737 3415 3779 ἰιι
3443 3729 3580 3780 bene

2000 3801 2398 3862 argumentatur
2426 3791 2623 3862 Lupus,
2656 3795 2949 3862 approbata
2975 3810 3078 3847 non
3108 3803 3231 3848 sunt
3258 3794 3576 3849 Cwlestiana

1999 3859 2277 3926 dogmata;
2309 3861 2352 3914 si
2375 3859 2521 3914 enim
2540 3859 2784 3923 {orco—na
2813 3863 3087 3917 catholicis
3116 3864 3298 3931 utique
3321 3864 3434 3917 sine
3455 3877 3576 3931 gra-

2000 3930 2216 3983 vissima
2262 3931 2477 3999 querela
2527 3939 2732 4005 tantum
2766 3931 2982 4005 facinus
3012 3930 3424 4005 prseterinissum
3463 3930 3575 4005 non

2001 4008 2171 4064 esset;
2206 4016 2326 4053 nam
2356 4016 2385 4053 a
2415 4001 2663 4066 concilio,
2695 4001 2781 4056 cui
2809 4002 2988 4056 oblata
3012 4009 3164 4064 sunt,
3203 4002 3427 4070 probata
3453 4001 3578 4055 Sunt

2001 4070 2200 4139 pariter
2227 4070 2477 4139 capitula.

2070 4139 2250 4211 Atque
2281 4140 2392 4194 haec
2430 4156 2550 4194 cum
2589 4150 2736 4211 certa
2775 4141 2910 4204 sint,
2953 4140 3245 4211 probabilis
3284 4139 3406 4211 inde
3443 4155 3576 4194 cou-

1994 4208 2201 4276 jectura
2223 4209 2342 4264 duci
2367 4217 2562 4277 potest,
2585 4225 2688 4278 qua
2712 4208 2987 4264 ﬁrmentur
3007 4211 3106 4264 ista
3125 4225 3216 4263 sex
3237 4210 3427 4277 quibus
3448 4225 3576 4262 cou-

2001 4278 2202 4332 tinetur
2228 4279 2565 4346 qurestionis,
2599 4281 2696 4333 nisi
2729 4279 2899 4344 fallor,
2933 4280 3096 4333 totius
3143 4279 3359 4343 solutio,
3393 4279 3576 4346 reique

2000 4348 2283 4402 admodum
2314 4349 2579 4415 impeditae
2605 4348 2908 4416 explicatio.

2070 4417 2121 4469 1.
2151 4417 2448 4471 Concilium
2487 4416 2640 4486 cujus
2661 4419 2918 4486 meminit
2957 4418 3245 4486 Gregorius
3285 4433 3392 4470 non
3434 4416 3573 4469 aliud

1928 4495 1971 4550 ι)
1999 4485 2157 4540 fuisse
2195 4501 2352 4555 quam
2390 4486 2532 4554 quod
2572 4503 2601 4538 a
2626 4485 2870 4542 Nestorio
2909 4485 3153 4542 coactum
3191 4504 3314 4541 mox
3354 4504 3382 4540 a
3423 4486 3576 4539 nobis

2000 4556 2291 4614 dicebatur,
2318 4573 2436 4608 nam
2462 4556 2511 4607 in
2534 4570 2599 4610 eo
2619 4555 2852 4610 damnati
2873 4558 3174 4612 scribuntur
3192 4558 3280 4624 qui
3304 4555 3575 4609 Mauichmi

2003 4633 2164 4692 atque
2187 4625 2322 4678 adeo
2353 4625 2635 4678 Marcionis
2661 4627 2904 4680 sensibus
2925 4627 3271 4681 adlizercrent.
3301 4624 3412 4678 Una
3433 4625 3575 4678 enim

2002 4692 2101 4748 fuit
2148 4694 2423 4762 utriusque
2475 4695 2710 4750 luoretici
2765 4697 2977 4764 opinio,
3035 4697 3103 4750 de
3149 4696 3287 4749 mala
3344 4694 3577 4748 hominis

2003 4772 2211 4816 natura.

2071 4831 2123 4884 ἓ.
2155 4833 2340 4886 Oblata
2389 4848 2505 4886 esse
2547 4833 2863 4888 Nestoriano
2901 4834 3128 4889 concilio
3166 4849 3284 4902 quze
3330 4833 3579 4886 dicuntur

2004 4903 2198 4970 capita,
2223 4917 2391 4969 eaque
2419 4903 2695 4958 catholico
2722 4903 2840 4958 ﬁdei
2879 4905 2942 4957 de
2973 4905 3312 4972 corruptione
3335 4917 3578 4972 perrpcc-

2001 4981 2175 5025 catum
2221 4973 2469 5026 humanae
2519 4979 2721 5026 natum:
2769 4975 2988 5027 adversa
3035 4991 3046 5024 :
3103 4971 3168 5027 de
3215 4971 3574 5040 corruptione,

2002 5041 2256 5109 inquam,
2307 5041 2484 5107 quoad
2536 5043 2805 5105 animam,
2857 5061 2961 5096 non
3007 5041 3072 5096 de
3126 5058 3187 5096 ea
3237 5057 3338 5110 qua
3386 5056 3579 5107 corpus

2003 5111 2249 5165 allectum
2302 5117 2418 5173 est,
2485 5110 2551 5165 dc
2605 5112 2718 5180 ipsa
2781 5114 2922 5167 enim
2989 5110 3262 5166 Nestorius
3316 5111 3581 5166 catholico

2001 5181 2283 5235 sentiebat.

2076 5252 2127 5304 5.
2154 5250 2352 5305 Eadem
2375 5253 2484 5321 ipsa
2507 5253 2678 5321 capita
2703 5251 2853 5305 facile
2876 5268 2903 5304 a
2928 5251 3172 5305 Nestorio
3194 5251 3415 5318 probata
3437 5262 3576 5321 esse,

2008 5322 2203 5390 quippe
2231 5322 2341 5389 qui,
2374 5319 2432 5375 ut
2467 5319 2795 5376 ostendimus
2824 5321 3130 5389 aliquando,
3164 5322 3331 5374 sensit
3366 5319 3579 5386 quidem

2010 5391 2272 5445 catholice
2292 5391 2357 5444 de
2385 5402 2558 5447 morte
2583 5393 2822 5460 corporis
2853 5407 2946 5459 per
2974 5399 3246 5459 peccatum
3277 5395 3580 5460 contracta;

2012 5460 2222 5513 videtur
2257 5469 2435 5517 autem
2459 5461 2633 5528 quoad
2664 5459 2890 5515 mortem
2921 5461 3109 5512 animae
3137 5473 3201 5512 ex
3227 5459 3429 5528 Adamo
3459 5472 3582 5524 pro-

2012 5544 2256 5596 pagatam
2306 5531 2358 5603 in
2407 5526 2648 5600 posteros
2696 5531 2980 5603 admisisse
3012 5529 3308 5603 _’l‘h_codoro
3337 5526 3576 5603 Mopsuc-

2011 5609 2165 5653 steuo
2195 5599 2448 5668 magistro
2476 5617 2605 5666 suo,
2651 5601 2853 5669 peccati
2892 5599 3162 5667 originalis
3191 5599 3449 5652 acerrimo
3479 5599 3579 5646 im-

2013 5671 2311 5739 pugnatori.

2120 5780 2131 5792 .
2166 5738 2616 5810 Approbationcm
2648 5740 2788 5792 illam
2818 5739 3050 5808 capitum
3081 5755 3110 5792 a
3139 5735 3341 5795 synodo
3365 5731 3580 5787 sunthoc
