3958 6178
283 341 387 401 829

1447 335 1607 392 IMP"
1647 333 1964 390 NESTORII
2003 334 2237 392 SERMO
2277 335 2365 390 XI.

3453 347 3558 401 850

278 465 472 515 meam,
503 457 552 502 et
572 445 694 502 bibit
720 461 889 501 nicum
911 444 1215 517 sanguinem
1233 486 1247 510 ,
1285 445 1338 498 in
1364 459 1444 497 me
1471 455 1663 510 manet,
1688 455 1739 498 et
1771 461 1864 515 ego
1895 457 1939 512 Α
1971 441 2242 513 Unigeniti
2279 443 2596 514 glorificatio
2614 489 2628 514 ,
2661 447 2948 518 aliquando
2977 452 3193 521 quidem
3219 453 3366 509 Patri
3391 454 3559 527 depu-

279 542 335 600 in
363 560 447 598 eo.
480 540 750 596 Memento
777 537 1034 609 quoniam
1061 537 1129 592 de
1149 550 1312 591 carne
1331 544 1433 599 est,
1457 536 1602 616 quod
1630 535 1825 589 dicitur
1848 552 1862 588 :

279 635 442 690 Sicut"
461 634 602 687 misit
627 648 710 686 ms
744 632 916 685 visens
938 627 1120 695 Pater,
1161 644 1249 684 me
1278 629 1558 683 visibilem.
1603 628 1870 699 Numquid

278 740 308 778 a
340 739 429 778 me
458 721 638 778 carnis
667 735 863 776 nomen
894 720 1198 789 appositum
1217 729 1318 787 est,
1337 727 1396 773 ut
1423 734 1510 774 me
1537 719 1676 774 male
1703 719 1870 774 inter-

277 815 484 886 pretari
529 819 826 884 querantur
860 829 874 866 :
908 809 1012 876 Qui
1041 811 1352 878 manducet,
1393 811 1568 881 inquit
1589 852 1604 876 ,
1646 827 1857 864 carnem

275 923 470 972 meam,
491 914 542 960 et
559 904 684 959 bibit
711 919 878 958 meum
899 902 1238 975 sanguinem?
1266 902 1532 972 Numquid
1562 902 1697 956 dixit
1723 921 1736 956 :
1767 901 1868 968 Qui

276 1000 572 1055 manducat
601 999 946 1054 Divinitatem
974 1011 1168 1061 meam,
1200 1004 1256 1050 et
1283 995 1416 1050 bibit
1457 1011 1634 1050 meam
1666 995 1869 1050 Divini-

278 1093 487 1147 tatem?
523 1091 617 1146 sed
649 1109 664 1144 :
703 1088 805 1155 Qui
831 1089 1117 1144 manducet
1162 1103 1366 1142 carnem
1405 1103 1573 1140 meam
1597 1127 1612 1152 ,
1655 1095 1704 1140 et
1743 1085 1870 1140 bibit

276 1202 451 1239 meum
479 1185 798 1253 sanguinem,
824 1182 877 1234 in
899 1198 980 1234 me
1005 1189 1200 1244 manet,
1223 1188 1273 1233 et
1289 1195 1382 1250 ego
1408 1180 1463 1232 in
1484 1180 1617 1248 ipso.

353 1273 424 1327 Et
445 1279 570 1344 post
597 1272 721 1326 alia.
751 1271 858 1327 Sed
889 1271 955 1326 ad
982 1285 1097 1325 rem
1124 1269 1422 1324 veniamus.
1463 1266 1562 1331 Qui
1589 1267 1871 1322 manducet

274 1383 494 1421 carnem
520 1382 707 1431 mean,
729 1373 781 1418 et
807 1362 934 1418 bibit
961 1379 1128 1416 meum
1142 1362 1466 1432 sanguinem,
1484 1362 1538 1414 in
1561 1377 1640 1414 me
1667 1369 1863 1427 manet,

276 1469 332 1511 et
350 1475 446 1529 ego
474 1459 527 1511 in
554 1459 686 1527 ipso.
719 1455 1046 1510 Mementote
1091 1451 1236 1522 quod
1281 1451 1349 1506 de
1377 1466 1538 1506 carne
1583 1451 1866 1507 dicamus:

279 1548 438 1603 Sicut
457 1548 597 1602 misit
624 1564 705 1601 me
721 1547 890 1600 vivens
912 1544 1093 1608 Pater,
1119 1558 1225 1606 me,
1249 1543 1343 1612 qui
1370 1557 1635 1612 appareo;
1659 1541 1754 1597 sed
1770 1540 1872 1596 for-

282 1649 430 1695 tasse
459 1653 560 1708 ego
589 1654 696 1693 non
719 1644 868 1692 recte
889 1636 1232 1705 interpretor.
1250 1633 1538 1688 Videamus
1565 1648 1634 1688 ex
1659 1632 1725 1687 iis
1752 1647 1871 1703 quas

279 1738 583 1800 sequuntur
613 1747 626 1782 :
660 1728 808 1784 Sicut
835 1727 974 1781 misit
1001 1743 1083 1780 me
1109 1726 1249 1780 vivus
1289 1725 1469 1787 Pater,
1501 1732 1640 1789 etc.;
1672 1723 1761 1778 ille
1788 1723 1870 1778 di-

277 1819 358 1875 cit
384 1819 453 1873 de
478 1817 786 1880 Divinitate,
811 1829 912 1884 ego
935 1814 1002 1870 de
1029 1815 1385 1870 humanitate.
1419 1813 1706 1868 Videamus
1746 1812 1867 1883 quis
1896 1834 1944 1894 Β

277 1911 355 1966 sit
382 1926 579 1980 pravus
598 1910 866 1980 interpres
895 1928 908 1964 :
935 1911 1084 1966 Sicut
1110 1911 1250 1965 misit
1272 1926 1354 1964 me
1373 1910 1508 1964 vivus
1532 1907 1728 1973 Pater;
1752 1908 1864 1963 hie-

279 2001 484 2056 reticus
503 2001 632 2055 dicit
656 2001 997 2056 Divinitatem
1018 2001 1252 2066 missam,
1271 2009 1326 2056 et
1344 2015 1402 2055 se
1431 1999 1671 2071 proﬁteri
1700 2000 1866 2054 Deum

281 2089 517 2145 Verbum
548 2091 724 2145 dicere
755 2109 768 2142 :
794 2091 942 2145 Sicut
968 2093 1111 2146 misit
1127 2107 1209 2144 me
1235 2092 1374 2144 rivus
1414 2089 1592 2144 Pater.
1622 2088 1764 2158 Ergo
1811 2098 1867 2144 et

277 2183 389 2237 hoc
415 2183 706 2237 secundum
731 2183 877 2252 ipsos
906 2184 977 2236 ita
993 2183 1096 2237 erit
1128 2181 1560 2250 intelligendum:
1583 2180 1696 2252 Ego
1724 2179 1866 2235 Deus

289 2271 514 2326 Verbum
543 2275 649 2327 rivo
694 2290 786 2343 per
811 2273 1044 2327 Patrem.
1088 2273 1216 2328 Post
1235 2273 1340 2328 hoc
1368 2273 1512 2328 enim
1540 2273 1753 2327 videtur
1778 2272 1865 2327 di-

277 2373 430 2420 ctum
457 2383 468 2417 :
499 2364 569 2418 Et
596 2367 680 2435 qui
709 2365 988 2419 manducet
1014 2382 1121 2430 me,
1157 2375 1208 2419 et
1243 2365 1333 2419 ille
1370 2365 1506 2419 vivit.
1539 2363 1708 2431 Quem
1737 2377 1867 2434 ergo

275 2455 703 2509 manducamus?
736 2455 1106 2518 Divinitatem,
1143 2470 1212 2509 an
1233 2455 1484 2510 carnem?

357 2545 538 2600 Dicam
567 2546 726 2600 etiam
770 2523 910 2601 illius
949 2545 1188 2600 scandali
1226 2545 1409 2600 verba.
1471 2545 1548 2600 De
1579 2559 1678 2600 sua
1699 2559 1867 2600 carne

276 2641 544 2695 Dominus
563 2638 809 2694 Christus
841 2655 962 2694 cum
1000 2639 1103 2693 illis
1128 2639 1463 2694 disserebat:
1497 2636 1617 2692 Nisi
1646 2637 1869 2692 mandu-

276 2732 540 2793 caveritis,
566 2731 754 2800 inquit,
787 2747 992 2784 carnem
1012 2729 1139 2785 Filii
1160 2731 1398 2795 hominis,
1427 2741 1474 2784 et
1502 2730 1728 2784 biberitis
1757 2731 1868 2800 ejus

277 2824 588 2893 sanguinem
612 2863 626 2888 ,
672 2839 775 2876 non
807 2821 1053 2875 habebitis
1082 2823 1236 2876 vitam
1275 2824 1333 2876 in
1368 2823 1527 2877 vobis.
1569 2822 1868 2876 Verborum

279 2911 666 2965 sublimitatem
684 2912 775 2980 qui
816 2911 1122 2975 audierant,
1167 2929 1275 2967 non
1318 2913 1582 2977 tulerunt;
1612 2913 1874 2981 putabant

280 3000 433 3055 enim
459 3015 526 3056 ex
554 3001 763 3056 inscitia
785 3002 933 3056 illum
956 3003 1471 3073 anthropophagiam
1492 3002 1736 3058 suadere.

912 3155 1141 3210 SERMO
1178 3155 1246 3210 Χ.

325 3270 350 3299 ⁸
395 3266 540 3321 Velut
562 3268 619 3322 in
648 3266 1076 3332 Maccdonianos,
1107 3284 1282 3321 revera
1320 3269 1372 3320 in
1402 3268 1678 3323 catholicos
1703 3283 1834 3322 certe

715 3359 1087 3412 incarnationis
1130 3359 1441 3429 defensores.

361 3489 541 3566 Adhuc
580 3488 716 3544 vobis
762 3491 922 3543 multa
965 3490 1124 3544 habeo
1169 3489 1354 3553 dicere,
1397 3496 1502 3544 etc.
1551 3488 1728 3560 (Joan.
1759 3507 1866 3556 xvi,

287 3578 403 3651 η).
446 3579 512 3633 Et
549 3588 673 3651 post
719 3581 1030 3650 aliquanta:
1062 3579 1387 3634 Communes
1425 3587 1551 3633 sunt
1597 3579 1873 3657 Trinitatis

286 3671 650 3741 operationes,
684 3680 739 3726 et
761 3679 967 3724 tantum
993 3671 1303 3725 substantiis
1333 3670 1648 3725 dividendae.
1696 3670 1874 3737 Quare

1974 541 2138 592 tatur.
2170 535 2308 588 sicut
2331 546 2414 590 est
2441 537 2599 591 illud:
2633 537 2794 592 Pater
2821 549 2897 594 est
2929 559 3096 609 meus,
3129 546 3214 616 qui
3247 562 3329 598 me
3354 546 3557 618 gloriﬁ-

1973 634 2055 677 cat
2083 624 2262 693 (Joan.
2297 642 2420 693 vni,
2455 625 2566 697 54);
2599 630 2882 699 aliquando
2919 649 3046 690 vero
3083 635 3302 706 Spiritui
3330 639 3559 709 deputa-

1974 721 2078 777 tur,
2122 714 2197 767 ait
2241 715 2421 768 enim:
2471 716 2698 787 Spiritus
2727 723 2984 789 veritatis,
3029 727 3114 798 qui
3144 744 3224 780 me
3249 728 3560 800 gloriﬁcabit

1974 802 2154 873 (Joan.
2189 820 2295 870 xvi,
2320 805 2440 874 13);
2471 823 2852 878 nonnunquam
2888 811 3086 869 Christi
3131 818 3384 886 potentis
3422 821 3557 874 assi-

1969 905 2181 964 gnatur,
2237 899 2376 952 sicut
2423 901 2678 970 scriptum
2727 912 2854 957 est:
2905 905 3163 962 Exeuntes
3209 911 3560 980 prazdicabant

1970 983 2175 1039 verbum
2205 985 2406 1058 ubique,
2439 987 2661 1044 Domino
2691 1004 3015 1062 cooperante,
3045 1006 3093 1048 et
3123 998 3326 1052 verbum
3367 1003 3560 1071 confir-

1969 1085 2163 1142 mante,
2197 1079 2616 1149 consequentibus
2646 1098 2730 1134 eos
2757 1084 2918 1154 signis
2950 1084 3142 1154 (Marc.
3175 1104 3281 1150 xvi,
3314 1090 3427 1162 iii).

2041 1163 2216 1234 Atque
2256 1169 2654 1236 cooperationis
2693 1171 2850 1239 hujus
2888 1175 3106 1231 evidens
3147 1185 3228 1230 est
3271 1193 3558 1248 argumen-

1971 1261 2088 1308 tum
2114 1273 2126 1306 :
2161 1254 2329 1311 Filius
2357 1265 2440 1311 est
2466 1257 2637 1313 factus
2666 1259 2860 1327 homo;
2895 1261 3054 1317 Pater
3083 1265 3135 1318 in
3174 1267 3366 1322 throno
3388 1271 3556 1326 collo-

1971 1346 2144 1413 cavit;
2177 1345 2406 1417 Spiritus
2444 1349 2610 1418 signis
2658 1351 3000 1419 honestavit;
3050 1355 3365 1411 inhabitavit
3393 1359 3560 1416 Filius

1971 1435 2025 1490 in
2054 1452 2313 1507 corpore;
2353 1441 2750 1494 commendavit
2786 1442 3116 1512 baptizatum
3146 1443 3335 1514 Pater;
3361 1446 3560 1504 formaa

1959 1526 2049 1588 .vit
2078 1527 2133 1584 in
2162 1527 2382 1598 Virgine
2410 1529 2660 1600 Spiritus.

2503 1683 2533 1724 δ
2573 1684 2803 1741 SERMO
2840 1686 2930 1742 XI.

1969 1791 2226 1848 Adversus
2273 1794 2530 1862 Arianos,
2560 1799 2613 1850 in
2655 1799 2762 1852 haec
2804 1799 2953 1854 verba
2996 1800 3190 1856 Isaiaz:
3231 1801 3372 1858 Puer
3398 1805 3556 1861 datus

2077 1890 2159 1938 est
2184 1885 2370 1951 nobis,
2402 1895 2457 1941 et
2485 1887 2624 1942 [ilius
2655 1898 2808 1944 natus
2837 1899 2918 1947 est
2946 1891 3099 1946 nobis
3129 1892 3226 1964 (Is.
3261 1911 3333 1960 rx,
3365 1895 3439 1966 ti).

2040 2022 2092 2076 l.
2134 2023 2382 2093 Magnum
2435 2042 2565 2082 sane
2625 2029 2760 2082 tanti
2817 2028 2946 2084 doni
2984 2039 3419 2098 sacramentum;
3468 2033 3558 2089 hic

1968 2115 2113 2170 enim
2140 2117 2230 2184 qui
2259 2117 2471 2172 videtur
2505 2119 2706 2184 infans,
2741 2121 2828 2176 hic
2853 2123 2945 2190 qui
2973 2139 3162 2179 recens
3181 2133 3438 2194 apparet;
3469 2127 3557 2182 hic

1967 2209 2062 2277 qui
2086 2209 2264 2264 fasciis
2285 2213 2655 2281 corporalibus
2685 2222 2838 2281 eget,
2871 2215 2958 2269 hic
2985 2216 3079 2282 qui
3107 2217 3399 2271 secundum
3429 2219 3555 2273 visi-

1967 2300 2129 2356 bilem
2171 2304 2458 2357 essentiam
2507 2313 2755 2358 recenter
2799 2314 2882 2359 est
2907 2306 3112 2372 editus,
3155 2307 3320 2362 Filius
3347 2317 3426 2362 est
3452 2350 3466 2372 ,
3499 2318 3560 2363 ut

1968 2393 2243 2464 Scriptura
2272 2396 2448 2462 docet,
2480 2405 2731 2458 mternus,
2759 2397 2922 2452 Filius
2950 2399 3323 2453 universorum
3351 2399 3554 2468 opifex,

1967 2487 2136 2544 Filius
2167 2489 2259 2558 qui
2302 2505 2412 2544 suae
2433 2491 2549 2562 opis
2577 2491 2754 2546 fasciis
2781 2490 3145 2546 dissolubilcm
3172 2500 3433 2546 creatura:
3461 2507 3557 2546 na-

1970 2587 2145 2634 turam
2169 2580 2434 2649 astringit.

2037 2673 2092 2728 2.
2133 2673 2312 2728 Infans
2360 2675 2502 2728 enim
2548 2674 2690 2728 Deus
2731 2682 2816 2728 est
2842 2689 2952 2728 sum
2996 2674 3309 2743 potestatis;
3349 2680 3556 2728 tantum

1969 2764 2138 2827 abest,
2180 2762 2306 2818 Arie
2325 2805 2340 2830 ,
2385 2773 2442 2818 ut
2471 2764 2612 2818 Deus
2644 2763 2878 2818 Verbum
2917 2763 2986 2817 sit
3015 2763 3113 2817 sub
3143 2763 3236 2818 Dei
3264 2770 3555 2832 potestate.

1969 2853 2224 2907 Novimus
2253 2868 2382 2922 ergo
2423 2853 2807 2907 humanitatem
2845 2851 3062 2906 infantis
3090 2867 3155 2907 ac
3181 2852 3513 2906 divinitatem
3540 2869 3554 2905 :

1971 2947 2244 3004 ﬁiiationis
2281 2949 2542 3003 unitatem
2581 2963 2857 3004 servamus
2909 2948 2964 3002 in
2995 2947 3219 3004 Deitatis
3255 2947 3560 3002 humanita-

1971 3043 2148 3110 tisque
2177 3049 2387 3096 natura.

2043 3132 2096 3186 3.
2137 3132 2252 3188 Hoc
2293 3139 2473 3187 autem
2517 3130 2668 3196 dico,
2720 3137 2778 3184 ut
2805 3128 3064 3184 noveritis
3090 3142 3252 3197 quam
3280 3143 3444 3198 super
3464 3143 3560 3183 ex-

1973 3229 2173 3283 cellens
2197 3237 2252 3283 et
2273 3243 2478 3282 summa
2507 3225 2752 3296 quaedam
2770 3224 2994 3279 Deitatis
3027 3223 3336 3292 coniunctio
3360 3221 3560 3277 existe-

1973 3321 2082 3386 bat,
2107 3321 2269 3374 etiam
2304 3319 2358 3373 in
2391 3319 2594 3373 infante
2633 3317 2770 3386 ipso,
2797 3330 2918 3369 cum
2947 3313 3222 3368 Dominica
3257 3327 3387 3366 caro
3429 3325 3560 3365 con-

1973 3410 2269 3480 spiceretur
2292 3427 2305 3476 ;
2331 3416 2448 3463 erat
2468 3407 2609 3462 enim
2633 3407 2766 3476 ipse,
2797 3413 2851 3460 et
2873 3403 3064 3470 infans,
3089 3413 3142 3458 et
3163 3402 3377 3458 infantis
3397 3403 3562 3472 ipsius

1973 3499 2249 3553 Dominus.
2291 3497 2575 3552 Laudastis
2620 3511 2842 3562 vocem,
2874 3495 2970 3550 sed
3012 3494 3180 3550 nolite
3219 3509 3338 3550 eam
3373 3508 3560 3564 parum

1975 3587 2185 3642 curiose
2216 3586 2466 3652 laudare;
2506 3585 2616 3640 dixi
2644 3587 2786 3641 enim
2815 3584 2962 3655 quod
3001 3584 3141 3640 idem
3169 3592 3286 3640 erat
3311 3583 3485 3640 infans
3508 3590 3563 3638 et

1975 3675 2248 3730 habitator
2268 3674 2502 3729 infantis.

1449 3782 1990 3840 CASTIGATIONES
2030 3787 2118 3841 ET
2156 3787 2384 3842 NOTAE.

289 3874 493 3927 sentire
529 3889 650 3928 cum
679 3871 846 3927 Paulo
889 3872 1240 3927 Samosateno
1270 3881 1325 3926 et
1356 3871 1604 3937 Photino,
1639 3873 1868 3942 ideoque

288 3945 358 3996 ab
386 3959 454 3997 eo
481 3943 827 3997 discedebant
855 3945 1086 4013 plurimi,
1136 3959 1272 4012 quos
1305 3943 1516 3996 videtur
1545 3959 1765 3997 nmnere
1810 3952 1870 3998 ut

289 4013 343 4067 in
395 4014 621 4081 gratiam
660 4028 840 4068 secum
899 4013 1140 4075 redeant,
1193 4013 1555 4068 satisfactione
1607 4014 1864 4080 exhibita,

290 4085 596 4154 priusquam
628 4084 884 4138 accedant
909 4084 974 4137 ad
1004 4084 1189 4154 altare.

360 4152 596 4207 Observa
623 4170 686 4207 ex
715 4154 819 4208 hoc
844 4168 1111 4225 sermone;
1145 4152 1366 4225 ejusque
1393 4168 1423 4206 a
1451 4152 1656 4225 Cyrillo
1673 4152 1872 4208 refuta—

290 4225 460 4288 tione,
491 4233 675 4305 aperte
708 4225 956 4305 cognosci
986 4222 1151 4305 fidem
1177 4224 1363 4305 .quinti
1391 4222 1603 4305 .smc'uli‘
1629 4224 1697 4305 de
1739 4225 1870 4305 reali

289 4289 577 4364 praesentia
605 4289 847 4364 corporis
873 4293 1071 4347 Christi
1093 4293 1145 4346 in
1177 4289 1525 4364 Eucharistia.
1563 4293 1699 4364 Quid
1729 4295 1872 4348 enim

287 4363 508 4435 Clarius,
543 4364 628 4416 vel
664 4363 1215 4435 hac_interrogatione
1244 4363 1714 4435 Nestorii‘iiQuem
1753 4381 1874 4435 ergo

288 4433 663 4487 manducamus
686 4434 709 4485 ?
755 4432 1107 4495 Dirinitatem,
1137 4450 1202 4485 an
1229 4434 1475 4485 carnem?
1499 4433 1590 4487 Vel
1623 4435 1721 4486 ista
1749 4432 1874 4488 sen-

289 4504 463 4555 tentia
509 4501 692 4573 Cyrilli
720 4502 866 4573 (Lib.
904 4521 974 4566 iv,
1018 4503 1264 4573 Contrad.
1301 4519 1346 4554 c.
1379 4502 1451 4571 4)
1483 4521 1495 4555 :
1530 4503 1875 4566 Quemadmo-

1975 3876 2156 3946 impie,
2183 3885 2237 3931 et
2266 3877 2522 3931 adversus
2549 3875 2765 3944 pietatis
2791 3876 3040 3946 dogmata
3074 3877 3332 3932 audacter
3357 3877 3559 3932 dictum

1978 3955 2142 4016 esset.
2185 3946 2297 4001 Etsi
2319 3962 2446 4001 vero
2475 3947 2742 4001 catholico
2769 3961 2931 4002 sensu
2960 3947 3128 4016 accipi
3156 3947 3364 4016 possint
3389 3963 3507 4014 qua:
3530 3966 3560 4002 a

1976 4015 2224 4071 Nestorio
2246 4017 2512 4081 dicuntur,
2537 4017 2779 4072 hmresim
2803 4026 2979 4072 tamen
3003 4015 3281 4071 continere
3302 4017 3415 4070 visa
3439 4027 3562 4074 sunt

1977 4083 2243 4151 Patribus,
2269 4101 2374 4141 non
2395 4087 2556 4141 verba
2584 4101 2678 4154 per
2697 4102 2774 4154 se,
2798 4087 3068 4156 quomodo
3098 4094 3221 4140 sunt
3241 4086 3485 4154 ambigua
3507 4096 3562 4142 et

1977 4156 2262 4226 ilexiloqua
2283 4197 2296 4221 ,
2337 4157 2429 4211 sed
2468 4165 2629 4226 prout
2655 4157 2723 4210 ab
2751 4165 2970 4210 auctore
2999 4157 3207 4225 prolata
3237 4163 3392 4226 sunt,
3435 4171 3559 4223 per-

1977 4225 2335 4296 pendentibus
2374 4225 2525 4280 more
2571 4227 2810 4296 antiquo,
2842 4242 2948 4294 quo
2979 4242 3084 4279 non
3128 4225 3179 4278 in
3217 4225 3560 4296 dogmatibus

1973 4294 2235 4367 personas,
2269 4297 2364 4350 sed
2394 4296 2451 4367 in_
2473 4296 2718 4367 personis
2735 4294 3426 4367 dogmatadamnabantur.

2048 4365 2074 4404 δ
2105 4366 2258 4420 Hunc
2286 4379 2386 4433 ego
2429 4365 2581 4418 facile
2625 4365 2936 4418 crediderim
2987 4365 3186 4418 dictum
3235 4373 3360 4418 ante
3403 4373 3557 4433 pate-

1975 4433 2170 4490 factam
2200 4435 2464 4497 haeresim,
2499 4435 2662 4487 immo
2692 4434 2875 4502 primis
2906 4435 3008 4488 illis
3039 4433 3400 4503 temporibus,
3433 4449 3558 4490 cum

1975 4505 2203 4559 Arianos
2251 4505 2542 4557 insectatus
2591 4505 2786 4557 acriter
2812 4504 3136 4558 catholicum
3178 4504 3554 4567 mentiebatur,

288 4576 418 4625 dum
447 4574 695 4658 animum
725 4572 800 4627 est
838 4574 967 4628 illud
999 4575 1158 4654 ipsius
1190 4572 1341 4626 Verbi
1381 4574 1744 4658 corptts,.quat‘i'
1777 4573 1872 4627 sibi
1905 4603 1948 4658 υ
1977 4576 2191 4658 nisiume
2222 4573 2319 4658 tria
2339 4575 2676 4655 retinerent,
2707 4574 2884 4658 tertiie
2898 4575 3064 4658 p'artis
3109 4573 3408 4658 sententia,
3440 4573 3555 4625 Ma-

287 4643 559 4714 prnprium
599 4644 718 4713 fecit
743 4660 831 4712 per
861 4643 1029 4697 verum
1063 4644 1300 4695 unionem
1319 4684 1332 4704 ,
1361 4659 1475 4704 aute
1505 4653 1553 4695 et
1580 4643 1874 4712 intelligen-

289 4717 419 4765 tiam
451 4723 499 4764 et
527 4729 807 4766 sermonem
837 4724 1075 4783 superat;
1119 4714 1192 4765 sic
1233 4729 1568 4783 nos,quoque,
1614 4715 1697 4782 qui
1734 4714 1872 4765 illius

285 4791 490 4835 sanctae
513 4785 682 4836 carnis
707 4793 755 4835 et
775 4784 1042 4853 sanguinis
1064 4783 1114 4852 ej
1134 4799 1172 4834 is
1199 4784 1600 4853 participatione
1626 4784 1869 4853 fruimur,

285 4853 502 4906 omnino
524 4852 1017 4921 riri/icamurfcum
1047 4854 1097 4903 in
1121 4852 1263 4904 nobis
1285 4864 1490 4904 maneat
1517 4852 1751 4913 Verbum,
1772 4868 1871 4904 non

284 4924 457 4976 solum
482 4922 651 4976 divino
666 4923 816 4976 modo
835 4941 926 4993 per
947 4923 1196 4990 Spiritum
1218 4932 1468 4982 sanctum,
1487 4921 1578 4973 sed
1596 4923 1750 4973 etiam
1781 4922 1876 4993 Iut-

286 5009 449 5045 muno
488 5009 580 5061 per
615 4991 848 5046 sanctam
900 4993 1043 5045 illum
1089 5008 1291 5044 carnem
1339 4994 1712 5062 pretiosumque
1753 4991 1873 5062 pejus

283 5064 620 5130 sanguinem.
653 5062 749 5118 Vel
794 5063 908 5116 istis
953 5064 1114 5119 etiam
1162 5061 1612 5128 consequentibus
1653 5061 1871 5114 verbis:

289 5131 360 5185 In
385 5129 532 5186 nobis
554 5142 742 5196 manet,
776 5142 824 5184 et
843 5133 1187 5201 corruptionis
1219 5133 1430 5183 victores
1459 5131 1641 5197 eﬂicit,
1675 5129 1795 5183 dum
1821 5147 1876 5182 se

285 5205 345 5253 in
385 5211 566 5255 nostra
605 5201 820 5255 demittit
849 5219 1096 5270 corpora,
1145 5212 1200 5254 ut
1233 5202 1362 5264 dixi,
1404 5202 1558 5254 etiam
1595 5216 1684 5269 per
1729 5217 1876 5254 suam

288 5287 526 5335 carnem,
560 5287 671 5340 qua:
697 5289 842 5326 verus
874 5283 948 5326 est
970 5270 1128 5324 cibus.

371 5349 396 5376 α
437 5340 644 5395 Titulus
671 5358 700 5396 a
732 5343 886 5396 nobis
907 5343 1116 5395 additus
1140 5348 1253 5403 est,
1284 5341 1400 5408 ipso
1421 5346 1646 5406 cogente
1669 5353 1874 5391 sermo-

292 5411 381 5466 nis
404 5421 757 5478 argumento:
791 5428 910 5465 nam
949 5427 1017 5465 ex
1049 5411 1249 5464 unitate
1289 5409 1616 5480 Operationis
1644 5408 1875 5480 oonsuli—

291 5476 618 5534 stantialitas
647 5480 875 5550 Spiritus
902 5481 1069 5535 sancti
1104 5476 1379 5550 probatur,
1413 5481 1504 5533 sed
1537 5481 1607 5550 ita
1639 5486 1697 5531 ut
1723 5476 1877 5550 Chri-

293 5559 413 5604 stus
453 5547 746 5618 negetur'a
794 5567 853 5606 se
890 5547 1215 5619 glorificatus
1238 5589 1252 5609 ,
1282 5549 1375 5602 sed
1416 5565 1442 5601 τι
1473 5549 1664 5617 spiritu
1687 5588 1700 5610 ,
1736 5547 1880 5619 velut

298 5635 341 5690 a4
369 5617 616 5688 majore:
667 5622 805 5675 unde
848 5617 1032 5674 Patres
1077 5620 1330 5690 Ephesiui
1377 5619 1747 5690 fragmentum
1779 5617 1880 5690 hoc

301 5685 604 5743 Nestoriani
633 5699 888 5745 tractatus
906 5685 1248 5759 blasphemia:
1266 5685 1606 5748 damnarunt;
1637 5696 1691 5759 et
1710 5685 1880 5759 Cyril-

304 5760 381 5814 lus
410 5760 486 5815 illi
510 5761 608 5831 ipsi
630 5757 1098 5817 contradiccndum
1121 5760 1342 5828 putavit.
1371 5768 1639 5829 tamquam
1671 5757 1876 5822 inscite,

1976 4645 2040 4697 rii
2074 4644 2381 4699 Merczitoris
2409 4643 2770 4698 testimonium
2789 4684 2804 4708 ,
2837 4651 2892 4698 et
2921 4642 3134 4696 Patrum
3167 4642 3556 4710 Ephesinorum

1978 4715 2287 4767 auctoritas.
2347 4717 2476 4766 bam
2532 4713 2750 4780 plausus
2795 4727 2825 4766 a
2873 4714 3071 4782 popqu
3118 4711 3398 4782 factusAad
3445 4711 3558 4766 haec

1977 4785 2138 4836 verba
2166 4801 2178 4835 :
2221 4783 2351 4853 Erat
2371 4785 2506 4836 enim
2526 4779 2653 4850 ipse,
2677 4793 2725 4835 et
2748 4779 2960 4853 infans,
2976 4792 3026 4836 et
3043 4783 3261 4853 infantis
3283 4779 3555 4853 Dominus;

1981 4853 2202 4921 ip~aque
2248 4851 2478 4906 Nestorii
2525 4853 2638 4906 sive
2677 4851 2976 4917 correctio,
3026 4851 3139 4905 sive
3183 4851 3555 4921 interpretatio

1976 4920 2254 4976 sentcntiae
2277 4962 2290 4981 ,
2333 4923 2548 4976 videtur
2587 4923 2714 4974 mihi
2749 4931 2932 4990 aperte
2967 4922 3094 4976 satis
3122 4920 3387 4990 indicare,
3432 4930 3558 4975 tunc

1980 4993 2235 5060 temporis
2270 4991 2379 5058 jam
2424 4991 2585 5045 fuisse
2612 4989 2928 5060 conceptam
2967 4991 3124 5058 vulgo
3162 4989 3466 5060 opinionem
3492 4990 3560 5046 de

1980 5059 2244 5122 Nestorii),
2276 5061 2420 5128 quod
2447 5060 2717 5115 Christum
2748 5059 2800 5114 iii
2828 5061 2962 5114 duas
2997 5075 3254 5128 personas
3275 5059 3556 5117 divideret.

1982 5131 2182 5184 Deinde
2229 5130 2496 5195 Mercator
2537 5131 2881 5185 vehementer
2908 5131 3174 5184 invehitur
3198 5130 3250 5186 in
3295 5130 3407 5184 haec
3449 5129 3560 5198 ipsa

1981 5202 2164 5258 verba,
2196 5214 2314 5268 quze
2343 5201 2586 5269 plausum
2614 5199 2875 5264 fecerunt,
2908 5208 3179 5268 tamquam
3211 5201 3456 5254 hairesim
3481 5208 3563 5252 to—

1983 5277 2090 5322 tam
2115 5270 2474 5334 continerent,
2505 5277 2858 5338 quartamque
2889 5270 2940 5322 in
2971 5269 3288 5338 Trinitatem
3317 5269 3562 5323 introdu-

1980 5347 2165 5392 cerent
2208 5337 2532 5407 personam.’
2560 5337 2797 5408 Denique
2844 5339 3092 5393 Patribus
3140 5337 3424 5408 Ephesinis
3452 5340 3562 5392 visa

1981 5418 2104 5461 sunt
2145 5409 2257 5462 hzec
2303 5409 2464 5462 verba
2489 5449 2504 5472 ,
2534 5418 2815 5478 postquam
2856 5408 3192 5478 primicerius
3231 5411 3563 5467 notariorum

1983 5479 2225 5530 recitavit
2251 5519 2264 5542 ,
2307 5479 2529 5546 perinde
2570 5494 2633 5532 ac
2660 5480 2791 5543 alia,
2823 5479 3091 5534 horrenda
3118 5479 3319 5547 pariter
3345 5488 3398 5532 et
3425 5478 3566 5530 blas-

1983 5547 2207 5619 phema;
2239 5562 2559 5616 quamquam
2586 5547 2815 5619 Cyrillus
2843 5564 2906 5619 ea
2928 5549 3160 5619 laudavit
3202 5549 3346 5619 velut
3377 5548 3566 5619 catho-

1987 5618 2086 5690 lica
2105 5657 2119 5677 .
2151 5633 2272 5671 cum
2302 5619 2414 5672 suis
2435 5619 2613 5673 verbis
2633 5616 2956 5690 Nestorium
2987 5617 3276 5690 refelleret.
3321 5617 3398 5669 An
3429 5616 3568 5690 forte

1988 5688 2039 5811 id]
2070 5704 2232 5811 uitium
2275 5704 2578 5794 sermgncm
2606 5689 2883 5758 coegimus
2909 5704 3028 5758 qua:
3057 5687 3282 5742 diversis
3311 5687 3566 5752 tempori-

2028 5774 2088 5811 us
2153 5770 2251 5811 icta
2284 5770 2431 5811 sunt.

2028 5774 2088 5812 us
2115 5760 2251 5813 dicta
2284 5762 2439 5814 sunt?
