3958 6178
420 364 515 419 851

937 357 1126 412 MAI!!!
1168 351 1604 409 MERCATOlllS
1642 347 2209 405 TRANSLATIONES
2246 346 2597 403 VARIURU.“
2636 342 3162 403 OPUSCULORUM.

3575 339 3679 396 83‘!

486 477 538 530 ιι.
584 458 651 529 Ut
677 486 804 539 ergo
840 474 1235 523 demonstretur
1276 464 1402 532 ipsis
1430 477 1644 543 quoque
1682 461 1849 527 magis
1876 461 1995 528 quis
2022 465 2070 522 Α
2100 464 2163 515 tis
2192 461 2324 532 quod
2344 462 2561 514 venerim
2584 476 2759 530 pacem
2786 460 2985 511 mittere
3004 458 3057 509 in
3075 464 3283 517 terram,
3315 452 3405 505 sed
3423 452 3675 523 gladium;

416 574 503 627 hic
544 578 625 623 est
664 567 730 619 ab
770 564 873 617 illis
916 561 1201 622 adoratus,
1240 568 1295 611 et
1337 557 1404 609 ad
1432 572 1589 624 quem
1621 556 1743 609 illos
1782 554 1997 609 duxerit

416 664 644 733 Spiritus
665 656 832 713 sancti
861 655 1059 723 gratia;
1087 667 1279 720 nempe
1300 666 1406 703 non
1428 649 1494 702 ad
1517 649 1810 718 simplicem
1837 648 1993 716 vulgo

416 759 759 821 conspectum
784 745 1058 807 infantem,
1084 743 1176 797 sed
1198 741 1262 796 ad
1286 756 1478 809 corpus
1507 739 1776 807 quoddam
1805 736 1995 791 ineffa-

414 846 590 899 biliter
612 843 720 895 Deo
749 837 1113 905 coniunctum.

484 932 532 985 5.
575 931 704 997 Quis
734 943 873 982 nunc
903 922 1245 993 benignitatis
1275 930 1381 973 tam
1421 919 1738 972 immensum
1768 916 1994 985 aspiciat

412 1024 662 1093 pelagus,
704 1026 948 1073 naturam
985 1029 1106 1068 cum
1152 1027 1248 1065 suo
1288 1009 1478 1079 opifiee
1514 1007 1902 1068 dominantem,
1936 1013 1993 1058 et

414 1114 754 1182 coniunctam
777 1107 977 1163 homini
1002 1104 1359 1166 Divinitatem,
1385 1101 1513 1154 nihil
1535 1100 1650 1153 sine
1679 1100 1781 1151 hoc
1800 1098 1992 1166 juben-

413 1214 559 1268 tem,
611 1202 813 1254 nullum
845 1199 1043 1264 absque
1073 1195 1172 1247 isto
1195 1192 1521 1260 judicantem
1547 1208 1559 1240 ;
1596 1204 1717 1242 cum
1746 1203 1810 1241 eo
1836 1187 1989 1240 vivo-

414 1309 529 1345 rum
558 1306 741 1345 curam
771 1288 823 1340 in
852 1299 1054 1339 summa
1083 1281 1413 1351 providentia
1444 1288 1716 1348 gerentem
1734 1317 1748 1341 ,
1786 1288 1839 1332 et
1868 1294 1991 1333 cum

416 1382 532 1449 ipso
560 1386 801 1431 mortuos
825 1375 1189 1429 suscitantem.

414 1528 773 1585 EPISTULA
808 1538 833 1565 ι
876 1526 1145 1579 TERTIA
1187 1522 1555 1579 SYNODICA
1597 1523 1657 1578 S.
1691 1522 2029 1578 CYRILLI.

481 1620 817 1675 Alexandrini
847 1618 1071 1687 episcopi
1102 1617 1299 1669 directa
1342 1613 1584 1668 Nestorio
1615 1614 1988 1669 Constantino-

480 1715 725 1784 politanae
755 1711 893 1763 urbis
910 1710 1164 1779 episcopo,
1198 1707 1462 1760 duodecim
1484 1706 1749 1759 continens
1770 1706 1992 1759 anathe—

480 1805 703 1857 matismi
725 1801 971 1871 capitula.

413 1916 681 1983 Religioso
715 1925 770 1969 et
816 1914 925 1967 Deo
968 1911 1181 1965 amabili
1211 1908 1579 1963 consacerdoti
1614 1907 1857 1962 Nestorio
1882 1904 1982 1978 Cy-

482 2007 651 2067 rillus,
691 2014 744 2057 et
763 2020 882 2072 qua:
911 2002 1161 2057 convenit
1189 1999 1328 2068 apud
1350 1998 1723 2052 Alexandriam
1752 1998 1987 2068 synodus

481 2112 549 2149 cx
582 2095 832 2166 {Egyptia
860 2092 1096 2156 dioecesi,
1127 2092 1180 2145 in
1210 2091 1436 2143 Domino
1457 2090 1701 2143 salutem.

484 2188 533 2239 Ι.
574 2185 707 2239 Cum
757 2186 1004 2239 Salvator
1046 2191 1229 2237 noster
1270 2190 1454 2251 aperte
1499 2182 1851 2250 pronuntiet:
1885 2179 1987 2245 Qui

410 2277 579 2346 diligit
608 2286 804 2346 patrem
833 2284 922 2326 aut
961 2282 1175 2327 matrem
1210 2288 1361 2341 super
1404 2288 1510 2335 me,
1550 2288 1651 2325 non
1685 2282 1759 2325 est
1797 2289 1876 2325 me
1901 2272 1985 2325 di-

408 2384 538 2438 gnus
563 2384 578 2428 ;
608 2377 656 2420 et
676 2369 760 2436 qui
791 2366 958 2435 diligit
977 2364 1141 2433 ﬁlium
1169 2373 1258 2415 aut
1284 2363 1449 2431 ﬁliam
1472 2378 1623 2432 super
1650 2380 1747 2427 me,
1781 2380 1883 2416 non
1912 2372 1988 2415 est

408 2474 488 2509 me
525 2456 709 2526 dignus
743 2455 958 2524 (Matth.
1004 2470 1056 2519 x,
1090 2454 1208 2523 5'7);
1250 2452 1377 2521 quid
1416 2468 1516 2506 nos
1562 2453 1843 2520 patiemur,
1894 2455 1986 2521 qui

408 2546 744 2613 deposcimur
773 2560 802 2597 a
833 2553 923 2597 tua
955 2544 1212 2610 religione
1237 2550 1293 2595 ut
1320 2550 1373 2595 te
1396 2556 1558 2609 super
1576 2538 1848 2594 Christum
1869 2540 1986 2595 Sal-

407 2648 646 2693 vatcrem
677 2639 915 2692 omnium
945 2638 1263 2703 diligamus?
1284 2634 1419 2700 Quid
1455 2634 1597 2687 enim
1626 2634 1783 2688 nobis
1808 2634 1859 2686 in
1898 2634 1986 2689 die

402 2731 584 2800 judicii
615 2730 889 2799 proderit,
941 2735 1033 2781 aut
1082 2742 1240 2794 quam
1286 2724 1703 2779 satisfactionem
1748 2724 1986 2793 reperire

404 2824 698 2892 poterimus
721 2863 735 2886 ,
788 2823 862 2876 ita
890 2820 1199 2874 diuturnum
1237 2818 1507 2872 silentium
1534 2818 1601 2871 de
1629 2818 1851 2885 prolatis
1879 2833 1906 2870 a
1933 2827 1986 2874 te

403 2922 590 2967 contra
637 2927 758 2966 eum
789 2909 1136 2979 blasphemiis
1174 2908 1552 2962 continentes?
1602 2906 1666 2959 Et
1695 2907 1739 2961 si
1768 2907 1983 2975 quidem

406 3017 460 3060 te
510 3004 879 3059 tantummodo
916 3002 1139 3057 laederes
1163 3042 1176 3065 ,
1209 3001 1410 3056 docens
1449 3000 1547 3054 ista
1594 3000 1680 3054 vel
1726 3001 1980 3064 sentiens,

402 3097 703 3153 sollicitudo
740 3096 897 3151 nobis
942 3096 1120 3149 minor
1157 3094 1451 3151 existeret:
1507 3108 1626 3147 cum
1657 3106 1783 3145 vero
1814 3099 1982 3145 totam

2096 556 2206 609 veni
2234 556 2367 607 enim
2397 569 2638 623 separare
2660 553 2915 605 hominem
2945 550 3185 602 adversus
3207 556 3405 615 patrem
3426 562 3572 597 suum
3590 587 3603 607 ,
3625 556 3674 599 et

2095 646 2261 713 ﬁliam
2308 644 2551 696 adversus
2592 650 2809 695 matrem
2847 656 2991 693 suam
3038 636 3248 705 (Matth.
3290 652 3352 701 x,
3384 635 3496 701 54).
3540 635 3670 688 Nam

2095 750 2217 789 cum
2246 734 2457 787 laeditur
2484 732 2614 787 ﬁdes
2636 774 2651 799 ,
2683 737 2965 801 parentum
3012 725 3337 789 reverentia,
3389 725 3535 778 velut
3558 725 3671 777 inu-

2093 824 2202 877 tilis
2231 831 2286 878 et
2323 823 2662 893 periculosa,
2703 821 3014 891 despicitur,
3066 825 3121 872 et
3165 831 3319 869 amor
3362 828 3488 882 erga
3538 814 3670 868 ﬁlios

2092 916 2390 984 fratresque
2417 916 2633 969 vitatur.
2675 913 2754 968 Ad
2783 920 3113 983 postremum
3151 910 3312 963 etiam
3347 916 3472 976 post
3502 906 3667 975 ipsam

2091 1009 2255 1062 vitam
2285 1008 2369 1082 [Β.
2398 1024 2560 1079 super
2587 1008 2753 1077 ipsam
2782 1006 2942 1061 vitam
2971 1019 3116 1058 mors
3145 999 3340 1072 potius]
3370 1016 3398 1053 a
3422 1000 3525 1069 piis
3543 1000 3668 1052 viris

2092 1100 2323 1168 eligitur,
2356 1108 2413 1153 ut
2453 1099 2713 1152 meliorem
2754 1096 3197 1161 resurrectionem,
3239 1092 3376 1147 sicut
3412 1090 3664 1159 scriptum

2092 1200 2193 1256 est,
2219 1200 2593 1262 consequantur
2622 1188 2778 1258 (Heb.
2808 1205 2881 1249 xl,
2905 1185 3016 1255 55).

2160 1280 2212 1333 2.
2255 1280 2393 1335 Ecce
2428 1282 2607 1348 itaque
2637 1287 2690 1333 te
2717 1278 2906 1343 simul,
2944 1292 3065 1331 cum
3087 1282 3269 1330 sancta
3296 1272 3525 1344 synodo,
3550 1286 3665 1339 qua:

2092 1371 2233 1441 apud
2262 1370 2490 1441 amplam
2531 1371 2717 1425 urbem
2748 1368 2971 1423 Romam
3000 1373 3321 1434 congregata
3350 1372 3452 1425 est,
3486 1363 3667 1432 praesi-

2092 1461 2253 1515 dente
2280 1461 2616 1516 sanctissimo
2648 1469 2703 1514 et
2732 1458 3185 1512 venerandissimo
3208 1456 3372 1509 fratre
3394 1463 3449 1509 et
3474 1468 3666 1507 consa-

2092 1553 2308 1607 cerdote
2351 1560 2535 1606 nostro
2575 1551 2869 1606 leestino
2916 1548 3190 1618 episcopo,
3221 1547 3305 1601 his
3327 1545 3542 1613 scriptis
3556 1543 3671 1612 jam

2091 1644 2251 1697 tertio
2282 1643 2662 1702 convenimus,
2696 1640 2978 1695 consilium
3006 1638 3197 1692 dantes
3225 1645 3333 1690 uta
3362 1635 3546 1705 pravis
3574 1634 3667 1687 ab-

2092 1736 2295 1789 stineas
2348 1733 2694 1801 distortisque
2748 1730 3118 1797 dogmatibus,
3180 1742 3299 1795 quze
3356 1734 3413 1780 et
3466 1725 3671 1779 sentire

2020 1828 2067 1888 B
2093 1824 2433 1893 cognosceris
2472 1830 2527 1877 et
2554 1822 2746 1876 docere
2769 1862 2783 1886 ,
2814 1819 3043 1888 recipias
3080 1832 3210 1872 vero
3259 1814 3418 1869 ﬁdem
3464 1822 3667 1868 rectam

2088 1914 2344 1969 Ecclesiis
2371 1929 2468 1983 per
2493 1912 2831 1966 beatissimos
2850 1909 3123 1980 apostolos
3150 1915 3205 1963 et
3225 1906 3579 1974 evangelistas
3600 1904 3671 1957 ab

2088 2005 2241 2059 initio
2288 2003 2534 2057 traditam
2558 2044 2572 2066 ,
2615 2002 2703 2071 qui
2732 2010 2786 2056 et
2810 2001 2981 2056 oculis
3010 2001 3358 2070 inspexerunt
3376 2036 3391 2061 ,
3423 2005 3481 2051 et
3509 1995 3663 2050 mini-

2086 2096 2181 2149 stri
2215 2094 2375 2149 Verbi
2402 2093 2561 2147 fuisse
2589 2100 2969 2147 monstrantur.

2158 2187 2210 2240 ’5.
2251 2186 2402 2252 Quod
2424 2186 2468 2239 si
2496 2186 2597 2239 hoc
2637 2185 2825 2252 religio
2857 2191 2947 2237 tua
2977 2181 3155 2236 facere
3181 2179 3483 2244 distulerit,
3511 2178 3661 2246 juxta

2087 2274 2396 2329 dilationem
2419 2274 2610 2327 litteris
2638 2272 2952 2342 praeﬁnitam
2972 2270 3291 2325 sanctissimi
3318 2277 3375 2323 et
3396 2283 3661 2323 veneran-

2087 2366 2288 2420 dissimi
2314 2364 2712 2419 consacerdotis
2733 2363 2904 2417 nostri
2931 2361 3186 2415 Romana:
3208 2359 3449 2429 pnnsulis
3477 2356 3663 2411 Ecele~

2088 2458 2179 2512 sia:
2207 2456 2480 2511 leestini
2500 2494 2514 2518 ,
2554 2455 2692 2510 scias
2721 2462 2775 2508 te
2796 2454 2997 2507 nullam
3026 2460 3228 2507 sortem
3257 2451 3458 2504 habere
3486 2448 3661 2502 nobis-

2085 2563 2225 2613 cum,
2252 2562 2349 2601 nec
2371 2547 2544 2601 locum
2573 2553 2663 2599 aut
2691 2544 3011 2612 colloquium
3038 2558 3157 2597 cum
3178 2541 3272 2594 Dei
3295 2538 3664 2595 sacerdotibus

2087 2647 2141 2693 et
2175 2638 2441 2707 episcopis
2480 2636 2752 2701 obtinere;
2786 2650 2895 2688 non
2927 2633 3069 2688 enim
3106 2640 3189 2687 est
3215 2631 3292 2685 fas
3319 2639 3663 2685 contemnere

2086 2743 2183 2781 nos
2214 2727 2477 2781 Ecclesias
2518 2726 2589 2779 ita
2614 2725 2854 2779 turbatas
2887 2731 2943 2777 et
2983 2721 3376 2777 seandalizatos
3413 2718 3659 2789 populos,

2087 2817 2350 2886 ﬁdemque
2403 2817 2756 2871 rectissimam
2817 2814 3112 2879 violatam,
3164 2813 3477 2881 dissipatum
3534 2812 3663 2880 quin

2085 2910 2246 2964 etiam
2287 2922 2532 2977 gregem,
2564 2924 2723 2977 quem
2762 2906 3031 2962 custodire
3075 2906 3363 2968 debueras,
3398 2903 3660 2972 siquidem

2079 3001 2230 3069 juxta
2270 3016 2367 3055 nos
2410 3008 2619 3054 amator
2655 2999 2787 3054 recti
2828 2998 3090 3067 dogmatis
3118 2998 3432 3063 exstitisses,
3457 3005 3667 3052 sancto-

2084 3107 2202 3144 rum
2232 3089 2449 3144 Patrum
2472 3090 2693 3159 vestigia
2721 3090 2806 3159 pia
2835 3096 3173 3144 consectans.

401 3186 846 3242 scandalizaveris
892 3184 1186 3239 Ecclesiam
1210 3225 1225 3249 ,
1283 3190 1338 3237 et
1388 3182 1709 3236 fermentum
1758 3180 1982 3234 insolita:
2011 3193 2051 3252 (ξ
2154 3182 2207 3236 4.
2248 3181 2446 3237 Omnes
2487 3182 2669 3251 itaque
2706 3197 2842 3251 quos
2879 3189 3100 3250 propter
3139 3179 3297 3234 ﬁdem
3343 3188 3435 3233 tua
3472 3179 3660 3247 religio

401 3275 678 3344 pravitatis
704 3281 759 3327 et
786 3289 938 3327 novae
976 3272 1195 3325 haeresis
1223 3270 1502 3324 miscueris
1532 3270 1583 3323 in
1615 3270 1843 3339 populis,
1877 3285 1976 3324 nec

400 3374 606 3417 tantum
660 3364 857 3417 ibidem
902 3363 1129 3432 positis,
1190 3362 1282 3415 sed
1319 3362 1514 3429 ubique
1562 3361 1978 3415 consistentibus

405 3456 551 3522 (nam
581 3462 791 3506 tuarum
836 3452 1229 3521 expositionum
1272 3450 1391 3503 libri
1434 3466 1530 3519 per
1556 3458 1746 3505 cuncta
1778 3450 1977 3519 vulgati

400 3545 569 3614 sunt),
602 3560 721 3613 quae
740 3559 903 3613 super
929 3554 1116 3597 nostro
1154 3542 1367 3596 silentio
1397 3543 1535 3596 ratio
1557 3543 1693 3595 ultra
1718 3581 1734 3607 ,
1765 3542 1851 3597 vel
1878 3558 1975 3596 ex-

397 3636 689 3691 cusationis
711 3650 888 3690 sermo
910 3633 1169 3689 sufﬁciat?
1198 3641 1289 3687 aut
1326 3633 1598 3701 quomodo
1620 3650 1726 3687 non
1762 3649 1978 3690 necesse

398 3727 467 3780 sit
489 3726 792 3781 meminisse
812 3724 1009 3780 Christi
1043 3725 1251 3779 Domini
1279 3725 1357 3779 sic
1376 3725 1601 3779 dicentis
1626 3744 1639 3778 :
1673 3724 1797 3780 Non
1826 3736 1973 3797 pute-

2084 3289 2114 3327 a
2139 3271 2518 3327 connnnnione
2545 3272 2802 3335 removit,
2842 3279 2934 3324 aut
2954 3271 3022 3324 ab
3048 3269 3236 3324 ordine
3264 3284 3361 3323 suo
3391 3268 3657 3336 deposuit,

2085 3363 2252 3417 laicos
2277 3370 2331 3416 et
2357 3362 2615 3425 clericos,
2647 3360 2700 3414 in
2734 3368 2915 3415 nostra
2946 3360 3321 3413 communione
3348 3358 3663 3426 recipimus;

2083 3470 2193 3510 non
2217 3454 2359 3508 enim
2384 3453 2586 3522 justum
2616 3461 2700 3508 est
2740 3468 2835 3507 eos
2874 3452 2980 3506 tuis
3018 3451 3249 3505 decretis
3273 3450 3523 3520 opprimi,
3568 3450 3659 3518 qui

2084 3552 2351 3600 noverunt
2380 3552 2527 3599 recta
2556 3543 2787 3606 sentire,
2818 3543 2909 3612 qui
2930 3543 3090 3597 etiam
3118 3542 3257 3597 bene
3285 3540 3543 3595 facientes
3566 3541 3664 3596 tibi

2082 3635 2498 3705 prudentissime
2542 3635 2893 3689 restiterunt:
2948 3633 3053 3687 hoc
3098 3632 3238 3687 idem
3287 3648 3520 3702 namque
3546 3630 3574 3669 δ
3605 3633 3658 3685 in

2081 3727 2309 3796 epistola
2356 3742 2516 3797 quam
2562 3726 2753 3781 misisti
2798 3724 2867 3779 ad
2911 3724 3191 3795 przesulem
3237 3724 3427 3795 amplae
3473 3724 3658 3780 Romae

1564 3837 2100 3893 CASTIGA'HONES
2137 3837 2225 3892 ET
2263 3836 2491 3892 ΝΟΤΛΕ.

467 3939 493 3966 ι
533 3929 656 3982 llaec
701 3929 787 3981 illa
830 3927 1055 3982 celebris
1100 3927 1325 3995 epistola
1351 3967 1365 3991 ,
1415 3942 1533 3996 qua:
1577 3928 1702 3981 olim
1734 3943 1838 3981 una
1866 3944 1967 3996 pro
2014 3970 2020 3976 .

396 4008 508 4054 toto
538 3999 763 4053 concilio
798 3997 1065 4066 Ephesino
1103 3996 1416 4058 habebatur,
1456 3997 1591 4051 adeo
1632 3997 1753 4051 fidei
1779 3996 1965 4051 catho-

396 4071 507 4122 licae
540 4068 837 4122 doctrinam
871 4067 937 4119 de
969 4068 1333 4119 incarnatione
1378 4066 1539 4119 Verbi
1578 4067 1833 4120 adversus
1864 4067 1966 4121 Ne—

395 4139 614 4192 storium
658 4137 817 4205 plene
857 4136 1191 4202 dilucideque
1230 4136 1465 4203 exponit.
1526 4134 1803 4203 Subjuncti
1833 4151 1965 4189 ana-

395 4207 713 4261 thematismi
741 4206 1040 4265 duodecim,
1080 4220 1196 4272 qurc
1224 4206 1399 4273 capita
1428 4205 1743 4259 dicebantur
1771 4221 1800 4258 a
1827 4214 1968 4259 vete-

394 4280 563 4339 ribus,
596 4290 839 4342 magnam
887 4275 1127 4328 fecerunt
1173 4275 1422 4346 invidiam
1452 4275 1688 4346 Cyrillo,
1716 4289 1965 4341 magnum

394 4348 483 4400 diu
506 4346 783 4398 catholicis
826 4346 1095 4411 negotium
1114 4383 1127 4406 ,
1178 4356 1237 4397 ut
1265 4345 1352 4397 ille
1389 4360 1496 4397 non
1529 4345 1695 4397 semel
1722 4346 1966 4399 debuerit

394 4416 567 4467 facere
606 4415 736 4466 satis
760 4454 774 4477 ,
821 4415 933 4466 sive
974 4414 1158 4468 amicis
1185 4415 1596 4483 explicationem
1635 4415 1959 4483 petentibus,

2150 3928 2321 3982 Dividi
2351 3935 2530 3998 potest
2571 3928 2853 3984 commode
2875 3937 2984 3983 tres
3012 3928 3064 3981 in
3095 3936 3303 3998 partes,
3334 3943 3559 3997 quarum
3602 3930 3657 3982 in

2076 3998 2247 4067 prima
2280 3998 2557 4066 legationis
2576 4014 2607 4051 a
2635 3999 2764 4068 sede
2796 3998 3087 4068 apostolica
3110 3998 3256 4053 velut
3283 3998 3509 4052 historia
3532 4014 3653 4051 nar-

2071 4066 2251 4131 retur;
2284 4068 2335 4119 in
2366 4068 2597 4121 secunda
2624 4066 2745 4122 ﬁdei
2773 4066 2986 4136 dogma,
3018 4067 3357 4136 Nestoriique
3385 4069 3655 4121 sententia

2069 4137 2314 4206 opposita
2361 4144 2686 4205 exponatur;
2730 4138 2887 4192 tertia
2925 4138 3312 4207 complectatur
3367 4136 3652 4192 duodecim

2070 4207 2565 4261 anathematismos.

2142 4274 2531 4331 Posterioribus
2551 4290 2713 4345 porro
2741 4276 2945 4331 duabus
2967 4276 3096 4330 nihil
3129 4276 3337 4330 cautius
3370 4276 3530 4329 scribi
3554 4292 3649 4345 po—

2069 4346 2190 4407 tuit,
2224 4345 2352 4398 nihil
2381 4346 2642 4408 callidius,
2675 4355 2766 4399 aut
2792 4346 3104 4415 prudentius
3134 4346 3329 4414 potius,
3364 4354 3422 4398 ut
3462 4346 3506 4399 si
3534 4345 3650 4415 Nc-

2068 4416 2711 4485 storiussubscripsisset,
2736 4414 2879 4483 quod
2908 4415 3245 4483 eratjussus,
3292 4415 3470 4469 verbis
3492 4414 3650 4484 plane

392 4486 503 4559 sive
533 4483 847 4559 adversariis
876 4483 1024 4559 plura
1053 4484 1423 4559 objicientibus
1442 4500 1462 4559 ;_
1505 4484 1590 4559 isti
1627 4485 1795 4538 coacti
1835 4485 1960 4559 sint,
1992 4505 2040 4559 ι)
2068 4483 2574 4559 contradicentibus.
2606 4500 2703 4538 sua
2724 4500 2843 4553 qua:
2872 4485 3129 4539 docuerat
3156 4500 3414 4540 revocare
3444 4483 3652 4540 nemini

394 4554 530 4607 inter
551 4552 884 4605 tractandum
921 4551 987 4603 de
1016 4566 1144 4618 pace
1173 4552 1310 4605 inter
1342 4553 1606 4606 Ecclesias
1641 4563 1694 4606 et
1721 4555 1965 4607 sancien-

390 4624 511 4676 dam
542 4622 697 4676 ﬁdem
723 4620 1021 4692 inconcilio
1042 4618 1484 4692 Chalcedonensi,
1507 4623 1574 4677 de
1597 4623 1723 4692 ipsis
1746 4632 1966 4692 propter

389 4695 688 4747 animorum
712 4690 1060 4746 offensionem
1089 4690 1265 4744 silere.

461 4763 515 4815 In
545 4762 729 4816 codice
771 4760 1133 4827 manuscripto
1160 4758 1566 4814 Carmelitarum
1608 4761 1964 4816 Discalceato-

389 4849 505 4885 rntn
547 4839 840 4885 conventus
879 4828 1193 4882 Parisiensis
1239 4830 1360 4882 data
1410 4831 1600 4897 legitur
1646 4847 1827 4884 mense
1856 4831 1962 4884 No-

390 4902 588 4956 vembri
640 4902 725 4955 die
764 4901 860 4963 50,
894 4899 1183 4953 indictione
1214 4898 1277 4949 14
1300 4940 1314 4961 ,
1361 4915 1479 4968 qua:
1511 4902 1767 4967 temporis
1803 4911 1958 4963 noue,

388 4971 487 5025 nisi
514 4972 881 5033 emendentur,
905 4972 1176 5023 cohaerere
1205 4984 1310 5022 non
1334 4977 1573 5037 possunt.
1606 4970 1736 5022 Nam
1754 4971 1963 5037 scripsit

386 5041 570 5111 procul
607 5041 769 5111 dubio
794 5041 1029 5111 fiyrillns
1055 5048 1379 5107 postremum
1410 5038 1651 5111 Nestorio
1681 5056 1802 5111 ann.
1837 5039 1956 5111 450,

386 5107 442 5165 et
468 5109 739 5163 Nestorius
781 5107 964 5180 Cyrilli
1005 5110 1208 5161 litteras
1251 5108 1456 5228 accepit
1495 5107 1960 5177 Constantinopoli

386 5198 454 5228 vn
479 5180 595 5228 idus
626 5178 951 5228 Decembris:
983 5179 1026 5228 si
1057 5194 1158 5228 uua
1190 5178 1346 5228 igitur
1394 5177 1503 5228 Ides
1524 5178 1711 5228 codici.
1742 5187 1957 5228 accepta

384 5198 455 5234 vn
479 5180 595 5232 idus
626 5177 951 5243 Decembris;
983 5179 1026 5231 si
1057 5194 1159 5245 qua
1190 5178 1346 5245 igitur
1375 5177 1503 5231 ﬁdes
1524 5178 1711 5241 codici,
1742 5187 1958 5246 accepta

385 5251 570 5303 fuisset
598 5245 1059 5317 Constantinopoli
1106 5248 1329 5316 epistola
1368 5258 1572 5315 septem
1613 5258 1733 5317 post
1771 5245 1958 5302 diebus

384 5334 543 5387 quam
575 5317 910 5372 Alexandria:
938 5319 1134 5386 scripta
1164 5326 1324 5381 esset,
1356 5317 1499 5386 quod
1528 5317 1749 5372 onmino
1781 5318 1956 5372 incre-

384 5390 561 5442 dibile.

450 5455 807 5511 Cohmrebunt
845 5457 1021 5512 omnia
1064 5456 1247 5519 facile,
1297 5457 1342 5510 si
1384 5456 1591 5510 dicatur
1620 5454 1952 5509 Alexandria:

384 5529 575 5596 scripta
599 5528 632 5579 5
654 5525 981 5590 Novembris,
1007 5536 1221 5595 accepta
1240 5526 1700 5595 Constantinopoli
1723 5527 1952 5594 septimo

387 5596 717 5659 Decembris,
750 5605 804 5651 et
844 5597 1079 5659 indit-tio,
1113 5604 1170 5655 ut
1193 5612 1290 5664 par
1317 5604 1428 5660 est,
1460 5614 1564 5649 non
1607 5612 1636 5648 a
1673 5596 1947 5656 Januario,

386 5666 649 5735 quomodo
677 5678 819 5721 esset
846 5667 1049 5721 decima
1094 5667 1271 5727 tertia,
1313 5667 1406 5721 sed
1433 5683 1460 5721 a
1489 5666 1808 5735 Septembri,
1840 5680 1947 5732 quo

387 5750 565 5792 tncase
591 5736 795 5793 decima
824 5746 1012 5802 quarta
1043 5738 1255 5807 incepit.

2066 4570 2172 4607 non
2195 4563 2378 4623 aperte
2401 4555 2686 4608 videretur.

2135 4623 2261 4691 Legi
2284 4624 2484 4693 utiliter
2511 4625 2597 4677 vix
2636 4631 2850 4692 potest,
2893 4624 2995 4677 nisi
3031 4623 3179 4693 prius
3217 4623 3475 4677 attentius
3517 4640 3643 4693 per-

2064 4707 2244 4762 pensa:
2272 4692 2467 4746 fuerint
2487 4694 2677 4747 litterm
2702 4694 2872 4748 sancti
2899 4692 3171 4747 Ctelestini
3196 4693 3332 4747 datm
3357 4692 3424 4746 ad
3456 4692 3646 4749 Nesto-

2064 4763 2201 4832 rium
2224 4778 2290 4816 ex
2314 4763 2521 4832 synodo
2544 4763 2804 4815 Romana.
2848 4762 3120 4816 Habentur
3141 4763 3241 4816 illm
3270 4780 3285 4817 ι
3314 4770 3455 4830 part.
3485 4779 3640 4817 conc.

2064 4830 2257 4900 Ephes.
2290 4830 2407 4899 cap.
2439 4832 2524 4893 18,
2557 4840 2611 4886 et
2639 4847 2669 4884 a
2700 4832 2851 4885 nobis
2874 4832 3171 4885 referentur
3191 4833 3244 4885 in
3264 4832 3642 4889 dissertatione

2066 4901 2388 4971 deSynodis
2410 4902 2605 4955 habitis
2636 4902 2686 4955 in
2716 4917 2877 4955 causa
2907 4901 3153 4957 Nestorii.

2136 4969 2176 5051 b_
2197 4969 2211 4990 ‘
2244 4970 2366 5051 lizec
2394 4979 2475 5025 est
2504 4971 2687 5051 procul
2710 4971 2873 5051 dubio
2895 4972 3063 5051 prima
3092 4969 3548 5051 quamNestp'rius
3574 4979 3637 5025 ad

2063 5038 2410 5094 lecstinnm
2447 5038 2606 5103 misit,
2639 5048 2693 5093 et
2721 5040 2773 5093 in
2803 5038 2912 5109 qua
2938 5038 3183 5107 leguntur
3208 5041 3306 5093 ista
3338 5059 3351 5092 :
3387 5039 3500 5093 Nos
3536 5058 3636 5094 non

2064 5110 2313 5163 modicam
2347 5111 2723 5178 corruptionem
2763 5110 3084 5163 ort/todoxiaa
3116 5110 3253 5178 apud
3281 5111 3530 5180 quosdam
3559 5113 3637 5162 hic

2062 5181 2389 5248 reperientes,
2426 5190 2474 5231 et
2504 5180 2893 5250 iraretilenilate
2918 5181 3057 5250 circa
3088 5195 3251 5250 (egros
3284 5180 3510 5250 quotidie
3532 5182 3633 5231 uti-

2058 5247 2191 5311 mur,
2386 5249 2709 5329 Atqueinde
2756 5255 2965 5329 constat.
3003 5247 3349 5329 Ctelestinuin
3394 5248 3630 5329 Cyrillo_,

2059 5334 2191 5386 quas
2220 5334 2249 5370 a
2278 5318 2523 5371 Nestorio
2552 5318 2753 5373 litteras
2780 5319 3092 5386 accepisset,
3126 5319 3351 5381 misisse,
3380 5319 3635 5386 quemad-

3458 5403 3635 5442 omam

2055 5388 2273 5442 modum
2300 5396 2355 5441 et
2382 5388 2609 5459 Cyrillus
2638 5388 2704 5441 ad
2732 5403 2789 5442 se
2812 5404 2843 5442 a
2876 5388 3123 5443 Nestorio
3154 5388 3378 5457 scriptas

2116 5561 2133 5577 ⁶
2158 5560 2342 5606 Paucas
2381 5558 2493 5605 huic
2534 5559 2769 5619 epistola),
2798 5559 2912 5608 licet
2950 5562 3161 5608 omnium
3200 5558 3559 5619 celeberrinm,
3581 5569 3631 5608 et

2051 5620 2185 5690 plura
2211 5620 2315 5667 sive
2339 5620 2594 5690 liistorica,_
2610 5621 3003 5690 sive_dogmatica
3038 5622 3326 5690 continenti,
3352 5628 3495 5690 optas.
3511 5622 3628 5669 sub-

2051 5682 2275 5741 ierimus,
2300 5682 2412 5740 quia
2441 5682 2753 5731 examinanda
2772 5691 2866 5732 erit
2893 5684 3163 5733 accuratius
3178 5686 3358 5733 iterum
3381 5684 3428 5729 io
3453 5682 3629 5731 disser-

2053 5743 2235 5790 tatione
2258 5741 2321 5789 de
2344 5741 2562 5801 Synodis.
