3958 6178
505 323 611 381 835

508 438 793 492 sisten‘tiam
812 429 1142 489 conﬁtentes,
1163 439 1326 479 unum
1350 423 1632 475 adoramus
1658 418 1847 472 Filium
1864 460 1879 483 ,
1904 416 2085 469 Domi-
2113 418 2162 475 Α

510 545 633 585 num
654 526 834 580 Jesum
854 522 1139 581 Christum,
1168 532 1272 570 non
1304 524 1330 551 ⁸
1359 527 1598 567 seorsum
1627 518 1889 579 ponentes
1910 515 1964 562 et
1982 508 2077 561 de-

514 621 859 677 terminantes
886 612 1154 667 hominem
1199 616 1251 662 et
1280 608 1447 661 Deum
1472 646 1485 669 ,
1519 604 1665 658 velut
1704 602 1930 655 invicem
1967 604 2081 652 suta

511 710 723 782 [Baluz.
752 702 871 773 sibi]
900 701 1163 771 dignitatis
1193 707 1240 750 et
1270 695 1590 749 auctoritatis
1630 693 1827 744 unitate
1858 687 2083 755 conjun-

511 777 655 863 ctos;
689 798 799 849 haec
825 796 964 847 enim
995 790 1203 843 novitas
1218 787 1364 841 vocis
1385 792 1483 847 est,
1510 792 1562 838 et
1588 781 1730 835 aliud
1754 780 1899 833 nihil.
1926 778 1952 816 ι)
1976 777 2084 832 Nec

511 892 637 944 item
653 886 923 940 Christum
951 880 1252 949 specialiter
1279 876 1615 929 nominantes
1646 873 1812 924 Deum
1827 868 2081 932 Verbum,

510 978 651 1047 quod
697 992 763 1030 ex
809 975 918 1027 Deo
966 980 1083 1033 est;
1124 983 1223 1022 nec
1269 966 1495 1019 alterum
1534 962 1777 1016 similiter
1815 958 2086 1012 Christum

510 1066 834 1136 specialiter,
878 1061 969 1129 qui
1008 1060 1073 1113 dc
1103 1057 1323 1110 muliere
1355 1062 1514 1107 natus
1554 1060 1664 1115 est,
1691 1050 1783 1104 sed
1811 1062 1973 1102 unum
1999 1062 2087 1100 so-

514 1154 788 1210 lummodo
817 1151 1088 1205 Christum
1117 1147 1211 1199 Dei
1242 1143 1414 1197 Patris
1438 1142 1692 1204 Verbum,
1719 1154 1839 1194 eum
1870 1136 2088 1206 propria

512 1263 677 1303 carne
704 1244 1091 1312 cognoscimus.
1126 1238 1275 1291 Tunc
1307 1236 1448 1290 enim
1477 1242 1534 1287 ut
1562 1234 1723 1286 homo
1746 1229 1951 1301 [Batus.
1984 1244 2084 1280 om.

514 1345 572 1390 ut
600 1332 795 1403 homo]
816 1374 829 1393 .
852 1332 1005 1399 juxta
1030 1344 1158 1391 nos,
1197 1333 1384 1379 unctus
1406 1332 1517 1387 est,
1549 1320 1791 1389 quamvis
1831 1317 2088 1386 Spiritum

512 1428 684 1495 dignis
704 1426 816 1494 ipse
838 1419 1138 1482 contulerit,
1164 1416 1258 1469 sed
1282 1432 1383 1467 non
1410 1412 1477 1465 ad
1492 1426 1780 1465 mensuram
1809 1406 1989 1477 (Joan.
2009 1420 2085 1469 ιιι,

514 1518 625 1585 ‘53),
658 1517 795 1570 sicut
821 1514 1008 1567 beatus
1038 1506 1362 1575 evangelista
1383 1502 1616 1557 Joannes
1638 1499 1883 1552 asseruit.

587 1607 671 1659 1-1.
715 1604 819 1659 Sed
851 1614 872 1641 ο
906 1617 1004 1655 nec
1034 1598 1158 1653 illud
1179 1596 1420 1658 dicimus,
1445 1592 1588 1661 quod
1614 1591 1707 1643 Dei
1738 1589 1972 1643 Verbum
1992 1600 2086 1639 ve-

512 1698 608 1751 luti
632 1696 683 1749 in
705 1694 919 1747 homine
948 1687 1234 1750 communi,
1268 1684 1358 1753 qui
1387 1684 1453 1737 de
1481 1690 1665 1735 sancta
1689 1678 1904 1746 Virgine
1926 1682 2083 1729 natus

513 1795 613 1851 est,
648 1784 918 1845 habitarit,
967 1795 1033 1833 ne
1084 1777 1247 1829 Deum
1287 1774 1435 1826 homo
1478 1770 1710 1824 Christus
1753 1765 2088 1818 habitatorem

514 1876 773 1947 possidere
795 1872 1061 1926 credatur.
1094 1864 1345 1931 Quamvis
1373 1862 1513 1915 enim
1543 1857 1763 1912 Verbum
1785 1854 2089 1907 habitaverit

514 1941 569 2021 ὲη
592 1966 737 2020 nobis
768 1963 946 2035 (Joan.
978 1977 1013 2024 ι,
1048 1958 1156 2027 tt),
1190 1964 1243 2009 et
1271 1956 1467 2008 dictum
1494 1951 1581 2014 sit,
1612 1950 1663 2002 in
1703 1946 1919 2035 Christo
1938 1941 2085 1996 habi-

516 2068 625 2110 tare
650 2072 849 2109 omnem
875 2048 1242 2123 plenitudinem
1263 2044 1481 2097 Deitatis
1504 2039 1839 2109 corporaliter
1862 2034 1994 2105 (Col.
2028 2050 2084 2099 ιι,

516 2146 605 2214 υ);
638 2142 779 2197 haud
804 2120 981 2193 tamen
1010 2136 1029 2208 [
1054 2136 1234 2188 Batus.
1266 2128 1524 2198 attamen]
1557 2126 1924 2193 intelligimus,
1946 2120 2088 2190 quod

514 2211 643 2290 caro
674 2233 872 2292 factus,
907 2229 1110 2302 [Baluz.
1143 2224 1267 2277 add.
1302 2219 1430 2291 non]
1454 2221 1590 2274 sicut
1620 2219 1672 2271 in
1713 2216 1909 2270 sanctis
1937 2211 2089 2266 habi-

513 2334 629 2378 tare
652 2323 877 2384 dicatur,
912 2334 1009 2373 nec
1038 2317 1201 2370 talem
1232 2316 1284 2368 in
1327 2314 1442 2382 ipso
1479 2309 1863 2364 habitationem
1890 2304 2087 2359 factam

513 2412 732 2469 deﬁnire
762 2405 1221 2471 tentavimus;sed
1244 2404 1421 2458 unitas
1446 2402 1595 2470 juxta
1618 2408 1881 2461 naturam,
1914 2411 2013 2449 nec
2033 2395 2089 2449 in

514 2518 730 2557 carnem
750 2501 965 2571 penitus
992 2504 1370 2557 commutatus,
1404 2493 1566 2546 talem
1593 2490 1693 2543 sibi
1723 2489 1847 2542 fecit
1874 2488 2087 2540 habita-

516 2596 738 2656 tionem,
769 2592 982 2660 qualem
1010 2597 1064 2643 et
1090 2587 1267 2641 anima
1286 2584 1516 2639 hominis
1545 2582 1741 2635 habere
1768 2578 2002 2633 creditur
2021 2577 2088 2632 ad

513 2686 790 2759 proprium
816 2696 1028 2749 corpus.

587 2776 672 2828 12.
718 2773 868 2828 Unus
890 2772 1047 2839 igitur
1086 2774 1169 2822 est
1214 2765 1489 2829 Christus,
1534 2763 1696 2817 Filius
1724 2770 1779 2815 et
1808 2760 2083 2823 Dominus,

515 2869 539 2905 ά
565 2884 669 2921 non
700 2865 841 2918 velut
862 2860 1286 2929 conjunctionem
1308 2856 1618 2925 quamlibet,
1661 2868 1780 2923 quae
1802 2853 1853 2906 in
1884 2851 2087 2905 unitate

517 2955 791 3025 dignitatis
820 2964 874 3007 et
902 2950 1255 3013 auctoritatis,
1289 2948 1503 3003 homine
1533 2946 1762 3000 habente
1793 2944 1859 2998 ad
1880 2944 2045 2998 Deum
2071 2961 2085 3010 ;

521 3061 627 3099 non
649 3044 790 3098 enim
818 3048 993 3110 potest
1020 3039 1171 3092 unire
1196 3046 1413 3091 naturas
1440 3036 1553 3091 sola
1575 3034 1839 3103 dignitatis
1870 3033 2087 3102 inquali-

1019 314 1207 371 M.\Rli
1246 306 1685 366 MERCATURIS
1724 299 2289 360 'I'RANSLATIONES
2333 294 2689 350 VAithllUM
2730 294 3244 353 Ul‘lJSCULORUM.

3597 310 3681 364 836

2264 411 2345 464 13.
2389 411 2554 465 immo
2584 411 2762 480 potius
2798 409 3185 477 conjunctionis
3224 427 3404 466 nomen
3437 416 3681 484 evitamus.

2187 514 2458 573 tamquam
2506 519 2610 556 non
2641 503 2877 557 existens
2908 502 3154 557 idoneum
3176 504 3310 572 quod
3338 504 3569 572 signiﬁcet
3592 512 3685 564 uni-

2181 596 2305 649 tatis
2333 609 2605 649 arcanum.

2253 686 2338 739 14.
2367 696 2389 723 θ
2411 685 2516 740 Sed
2540 701 2713 756 neque
2732 684 2897 740 Deum
2919 694 3008 739 aut
3028 683 3296 738 Dominum
3320 684 3491 741 Christi
3510 687 3686 746 Verbum

2182 779 2279 835 Dei
2308 779 2483 833 Patris
2510 778 2829 843 asserimus,
2865 792 2933 832 ne
2963 778 3154 831 iterum
3182 776 3490 831 manifestius
3515 779 3559 833 in
3583 781 3688 836 duos

2183 868 2483 925 dividamus
2503 883 2664 923 unum
2690 867 2963 921 Christum
2985 866 3175 920 Filium
3202 875 3255 920 et
3280 868 3535 922 Dominum
3550 910 3562 933 ,
3583 880 3626 924 et
3648 872 3688 925 in

2185 961 2387 1016 crimen
2416 958 2680 1025 sacrilegii
2709 957 3035 1022 recidamus,
3078 956 3243 1011 Deum
3281 956 3417 1010 illum
3455 959 3528 1012 sui
3561 960 3691 1028 ipsius

2187 1050 2447 1122 facientes
2470 1056 2525 1102 et
2551 1048 2834 1102 Dominum
2860 1065 2872 1099 :
2901 1047 3079 1102 unitus
3106 1047 3317 1116 quippe,
3345 1047 3471 1101 sicut
3494 1051 3692 1117 superius

2187 1140 2436 1201 diximus,
2465 1138 2607 1191 Deus
2634 1136 2868 1191 Verbum
2896 1136 3042 1190 carni
3071 1151 3338 1190 secusne!
3359 1152 3689 1201 suasum“,

2188 1228 2330 1283 Deus
2351 1227 2566 1297 quidem
2595 1235 2677 1281 est
2703 1226 2942 1280 omnium
2969 1233 3024 1279 et
3039 1225 3337 1279 dominator
3354 1226 3692 1291 universitatis;

2188 1328 2553 1371 verumtamen
2583 1333 2684 1371 nec
2709 1332 2894 1371 servus
2932 1323 3013 1370 est
3051 1316 3151 1370 sibi
3192 1316 3307 1384 ipsi,
3339 1332 3429 1371 nec
3453 1317 3693 1382 Dominus,

2189 1409 2312 1478 quia
2342 1409 2580 1477 ineptum
2602 1414 2701 1472 est,
2728 1406 2811 1459 vel
2835 1406 3013 1474 potius
3040 1406 3276 1473 impium,
3305 1406 3403 1459 hoc
3420 1407 3607 1469 sentire,
3630 1408 3697 1461 vel

2189 1499 2396 1563 dicere;
2428 1498 2671 1567 quamvis
2717 1497 2857 1550 enim
2895 1496 3060 1549 Deum
3100 1510 3252 1549 suum
3280 1494 3477 1549 Patrem
3512 1496 3695 1559 dixerit,

2188 1606 2309 1645 cum
2336 1589 2475 1643 Deus
2501 1589 2570 1641 sit
2592 1588 2751 1642 etiam
2774 1588 2886 1657 ipse
2915 1594 3127 1652 natura,
3153 1587 3294 1641 etde
3322 1587 3453 1641 illius
3478 1589 3696 1651 essentia;

2189 1686 2366 1732 tamen
2385 1679 2684 1732 nullatenus
2706 1678 3010 1745 ignoramus
3031 1677 3176 1747 quod
3196 1692 3406 1732 manens
3426 1678 3546 1731 Deus
3564 1679 3692 1732 homo

2122 1770 2166 1829 Β
2192 1785 2404 1839 quoque
2434 1768 2605 1824 factus
2633 1770 2720 1833 sit,
2752 1769 2841 1838 qui
2870 1769 2969 1823 sub
2999 1769 3109 1822 Deo
3128 1768 3279 1837 juxta
3316 1769 3529 1823 debitam
3563 1769 3701 1835 legem

2188 1868 2393 1913 natura:
2422 1860 2768 1914 immanitatis
2797 1861 3080 1925 existeret;
3100 1861 3216 1929 ipse
3238 1876 3360 1915 vero
3375 1860 3467 1914 sibi
3480 1862 3701 1930 quomodo

2187 1951 2273 2005 vel
2304 1951 2443 2004 Deus
2472 1952 2670 2019 poterit
2691 1966 2809 2005 esse
2830 1950 2914 2004 vel
2943 1950 3231 2005 dominus?
3258 1949 3392 2018 Ergo
3412 1951 3533 2004 sicut
3553 1951 3699 2013 homo,

2188 2050 2447 2112 quantum
2475 2041 2727 2096 decenter
2756 2041 3142 2095 exinanitionis
3188 2056 3442 2095 mensura:
3467 2042 3699 2108 congruit,

2188 2132 2286 2185 sub
2313 2132 2423 2185 Deo
2453 2147 2511 2185 se
2540 2132 2817 2185 nobiscum
2838 2146 2958 2185 esse
2984 2130 3256 2184 disseruit.
3280 2128 3388 2183 Hoc
3413 2130 3558 2182 etiam
3576 2128 3704 2181 modo

2186 2222 2277 2275 sub
2300 2225 2408 2295 lege
2436 2225 2601 2295 factus
2623 2234 2696 2277 est
2719 2222 2859 2294 (Gal.
2893 2240 2963 2287 IV,
2996 2223 3072 2294 4),
3103 2222 3347 2291 quamvis
3371 2221 3477 2290 ipse
3510 2220 3702 2289 promul-

2187 2314 2391 2382 gaverit
2423 2313 2613 2381 legem,
2645 2322 2699 2368 et
2727 2314 3001 2381 legislator
3027 2322 3084 2366 ut
3104 2313 3247 2367 Deus
3275 2310 3537 2366 exstiterit.

2258 2401 2343 2456 15.
2390 2402 2408 2441 τ
2436 2402 2697 2458 Cavemus
2724 2412 2903 2457 autem
2939 2403 3005 2457 de
3030 2401 3250 2457 Christo
3278 2402 3449 2456 dicere
3478 2419 3488 2453 :
3528 2399 3705 2468 Propter

2187 2504 2527 2547 assumean
2545 2512 2757 2548 veneror
2783 2504 3119 2564 assumptum,
3150 2504 3204 2547 el
3232 2504 3431 2564 propter
3455 2491 3704 2547 inuisibilem

2188 2583 2349 2637 adoro
2375 2584 2642 2637 visibilem.
2676 2583 3012 2638 liorrendum
3038 2600 3166 2638 vero
3201 2599 3362 2653 super
3388 2583 3482 2637 hoc
3500 2582 3635 2636 etiam
3654 2582 3701 2633 il-

2188 2673 2279 2726 lud
2308 2673 2538 2741 adjicere
2570 2692 2581 2725 :
2614 2672 2669 2726 Is
2699 2675 2785 2745 qui
2812 2683 3073 2743 susceptus
3102 2683 3201 2740 est,
3245 2690 3358 2727 cum
3382 2689 3438 2725 eo
3463 2673 3538 2743 qui
3560 2687 3700 2725 susce-

2187 2762 2280 2832 pit,
2306 2772 2726 2833 connuncupatur
2747 2762 2905 2817 Deus.
2938 2762 3038 2829 Qui
3067 2763 3217 2817 enim
3240 2764 3351 2817 haec
3377 2763 3525 2821 dicit.
3558 2761 3709 2816 dividit

2187 2852 2378 2906 iterum
2409 2853 2460 2906 in
2486 2852 2620 2907 duos
2642 2852 2884 2907 Christos
2914 2868 3037 2907 eum
3065 2853 3155 2923 qui
3186 2869 3328 2908 unus
3355 2858 3449 2916 est,
3479 2850 3705 2904 hominem

2187 2956 2430 2995 seorsum
2454 2942 2505 2995 in
2530 2950 2701 3012 parte,
2739 2950 2794 2997 et
2822 2942 2989 2996 Deum
3020 2942 3271 2997 similiter
3306 2942 3357 2995 in
3379 2948 3519 3010 parte
3544 2938 3706 2993 consti-

2189 3039 2375 3097 tuens;
2407 3033 2682 3087 evidenter
2714 3034 2858 3107 enim
2887 3033 3114 3101 denegat
3157 3034 3435 3097 unitatem,
3463 3031 3707 3085 secundum

521 3145 621 3197 tas,
656 3148 885 3201 namque
901 3130 1088 3183 Petrus
1115 3138 1169 3182 et
1196 3127 1429 3182 Joannes
1452 3127 1669 3196 asqualis
1696 3134 1819 3179 sunt
1848 3126 1899 3179 in
1923 3125 2084 3178 aiter-
2114 3134 2158 3195 (ς
2189 3139 2345 3193 quam
2367 3139 2472 3177 non
2495 3124 2629 3178 alter
2649 3140 2769 3179 cum
2791 3124 2960 3179 altero
2981 3124 3257 3188 adoratur,
3281 3131 3371 3177 aut
3390 3135 3710 3188 connuncupa-

516 3234 693 3282 utrum
726 3221 1014 3290 dignitatis,
1048 3227 1267 3288 propter
1288 3218 1429 3287 quod
1469 3226 1523 3271 et
1550 3217 1780 3286 apostoli
1822 3225 1874 3270 et
1912 3216 2083 3269 sancti

516 3314 759 3383 discipuli
789 3328 904 3367 esse
933 3318 1323 3374 monstrantur;
1347 3318 1709 3364 verumtamen
1734 3317 1956 3378 uterque
1977 3323 2082 3362 non

518 3422 653 3460 unus
673 3413 770 3458 est.
796 3404 903 3456 Nec
919 3403 1068 3470 juxta
1097 3402 1434 3455 collationem
1458 3400 1538 3454 vel
1564 3401 1951 3454 connexioncm
1970 3416 2085 3455 mo—

518 3497 645 3550 dum
674 3493 1065 3562 conjunctionis
1081 3492 1423 3554 advertimus,
1447 3492 1550 3545 hoc
1572 3492 1713 3544 enim
1736 3492 1803 3545 ad
1827 3491 2083 3545 unitatem

520 3600 626 3638 non
654 3583 847 3637 sufﬁcit
876 3596 1225 3644 NATURALEII;
1265 3595 1363 3633 nec
1390 3580 1680 3633 secundum
1715 3581 2081 3649 participatio-

519 3676 601 3729 nis
628 3674 892 3734 eliectum,
909 3672 1045 3725 sicut
1066 3686 1162 3725 nos
1177 3671 1337 3724 etiam
1354 3670 1684 3724 adhaerentes
1703 3670 1925 3725 Domino
1948 3687 2084 3725 uitus

518 3778 639 3819 cum
663 3763 778 3832 ipso
798 3760 1014 3831 spiritus
1034 3773 1216 3813 sumus
1240 3757 1293 3827 (l
1316 3756 1433 3811 Cor.
1466 3775 1537 3823 vr,
1570 3758 1679 3827 i7).

2189 3222 2275 3268 tur
2296 3215 2463 3279 Deus,
2496 3215 2588 3269 sed
2626 3230 2764 3269 unus
2797 3215 3107 3283 intelligitur
3133 3213 3381 3269 Christus
3414 3212 3556 3267 Jesus
3578 3211 3710 3264 Filius

2188 3304 2282 3359 Dei
2313 3305 2633 3373 unigenitus,
2665 3320 2769 3359 una
2796 3306 3052 3360 servitute
3079 3321 3203 3360 cum
3239 3304 3451 3377 propria
3470 3317 3612 3359 carne
3634 3316 3709 3356 ve-

2188 3396 2471 3449 nerandus.

2259 3486 2344 3539 16.
2388 3496 2411 3533 8
2441 3485 2768 3542 Coniitemur
2789 3489 2949 3543 etiam
2972 3489 3113 3559 quod
3145 3489 3289 3545 idem
3314 3490 3425 3559 ipse
3447 3488 3530 3560 qui
3550 3503 3607 3543 ex
3624 3485 3712 3540 Deo

2191 3578 2349 3633 Patre
2370 3580 2530 3634 Filius
2552 3589 2708 3634 natus
2729 3589 2811 3635 est
2839 3581 3141 3650 unigenitus
3160 3581 3325 3647 Deus,
3350 3582 3470 3636 licet
3489 3580 3621 3649 juxta
3641 3591 3714 3629 na-

2189 3679 2359 3725 turam
2381 3687 2530 3725 suam
2558 3686 2750 3741 expers
2769 3672 3032 3740 passionis
3053 3673 3346 3737 exstiterit,
3381 3688 3474 3742 pro
3496 3670 3631 3724 nobis
3648 3676 3711 3719 ta-

2186 3778 2329 3825 men,
2360 3763 2649 3817 secundum
2691 3762 3026 3833 Scripturas,
3058 3780 3233 3817 CARNE
3263 3778 3543 3821 remssrs
3578 3776 3644 3815 sn
3674 3754 3715 3826 (Ι

1676 3870 2208 3930 CASTIGATIONES
2246 3873 2334 3929 ET
2373 3874 2596 3930 NOTAE.

518 3967 728 4025 inferat.
761 3966 943 4034 Longe
976 3976 1103 4031 ergo
1144 3962 1334 4034 melius
1371 3960 1635 4034 Mercator
1666 3960 1926 4034 :_Unitum
1961 3978 2081 4032 ergo

518 4040 666 4095 carni
690 4031 908 4091 Verbum
928 4034 1205 4089 secundum
1224 4031 1562 4085 substantiam
1584 4031 1901 4099 conﬁtentes,
1924 4047 2083 4084 unum

518 4111 792 4183 adoramus
815 4147 829 4170 ,
859 4114 962 4160 etc.
1005 4105 1184 4183 Atque
1217 4103 1459 4183 hincest
1485 4101 1627 4169 quod
1654 4100 1883 4183 diximus
1909 4115 2082 4180 saepe,

518 4180 895 4240 Mereatorem,
932 4183 991 4229 ut
1018 4170 1134 4227 aliis
1156 4172 1222 4226 de
1252 4170 1534 4223 Latinitate
1562 4170 1841 4235 concedat,
1871 4170 2087 4224 vincere

518 4258 697 4303 tamen
727 4247 828 4300 ﬁde
857 4254 1017 4313 atque
1047 4242 1415 4309 intelligentia.

592 4328 616 4354 ιι
646 4316 835 4384 Rejicit
862 4307 1112 4368 unionem
1132 4307 1291 4379 quam
1322 4317 1514 4384 vocant
1541 4307 1796 4362 moralem
1815 4349 1829 4374 ,
1874 4323 1967 4384 seu
1995 4316 2087 4384 τῆς

516 4391 664 4451 ἀξίας
706 4378 787 4439 nui.
826 4387 1083 4443 αὐθιντίας
1111 4378 1359 4444 ἐιίὼτητα,
1390 4380 1587 4451 quippe
1616 4394 1733 4448 quae
1760 4394 1867 4432 non
1892 4378 1961 4430 sit
1985 4381 2091 4433 καθ’

2190 3980 2306 4035 nae;
2332 3965 2433 4025 vel,
2467 3964 2605 4034 apud
2633 3962 2903 4035 Basilium,
2934 3963 3162 4035 societas
3189 3966 3477 4035 conjugum
3499 4003 3513 4027 ,
3555 3970 3602 4017 et
3625 3961 3719 4013 vitm

2190 4034 2360 4088 civilis
2406 4033 2738 4104 communio;
2770 4034 2884 4099 vel,
2917 4033 3054 4104 apud
3083 4033 3520 4104 Chrysostonmm
3542 4074 3555 4097 ,
3597 4046 3718 4104 com-

2190 4104 2413 4156 missura
2453 4103 2844 4166 membrorum;
2888 4102 2970 4157 vel
2998 4102 3250 4173 denique,
3302 4104 3442 4174 apud
3468 4102 3721 4174 Cyrillum.

2189 4174 2458 4241 coaptatio
2487 4188 2672 4245 eorum
2703 4172 3153 4245 quaepominuari
3184 4172 3427 4243 possunt,
3458 4172 3721 4245 et‘mpbbr-

2192 4264 2300 4304 σις,
2347 4258 2440 4296 seu
2487 4243 2771 4311 appositio.
2818 4242 3163 4312 Quacumque
3192 4242 3337 4299 ivero
3381 4242 3723 4311 signiﬁcatione

2190 4328 2295 4365 vox
2325 4319 2581 4372 sumatur,
2606 4312 2781 4380 aptior
2807 4320 2890 4365 est
2917 4312 2982 4365 ad
3009 4314 3290 4378 tegendam
3322 4314 3559 4367 haeresim
3596 4323 3725 4379 quam

2195 4381 2261 4434 ad
2288 4380 2445 4452 iidem
2482 4381 2850 4449 exponendam
2884 4400 2896 4433 :
2928 4383 3068 4436 unde
3095 4380 3329 4452 Cyrillus
3357 4397 3539 4437 vocem
3566 4381 3727 4447 ubique

518 4450 823 4514 ὒτιόστασιν,
852 4454 943 4507 sed
974 4454 1110 4521 inter
1132 4452 1264 4505 duas
1290 4466 1386 4519 per
1413 4465 1471 4503 se
1498 4450 1789 4503 existentes
1810 4463 2085 4518 personas,
2118 4452 2164 4509 D
2191 4451 2386 4504 acriter
2413 4453 2683 4519 exagitat,
2722 4459 2992 4519 tamquam
3039 4450 3231 4506 veneni
3278 4453 3654 4521 plenissimam;
3689 4454 3730 4499 et

516 4526 682 4579 modo
714 4525 904 4593 σχέσει
933 4520 1337 4593 conjungantur_.

592 4596 617 4633 ι’
650 4586 845 4661 Rejicit
888 4598 942 4645 et
966 4586 1271 4661 opinionem
1300 4589 1367 4641 de
1411 4587 1617 4640 duobus
1643 4586 1868 4661 Christis
1891 4627 1905 4651 ,
1952 4602 2087 4661 quo-

516 4682 640 4719 rum
688 4656 822 4717 aiter
850 4677 918 4715 ex
964 4656 1120 4712 Patre
1143 4698 1156 4719 ,
1204 4658 1339 4729 alter
1359 4672 1425 4709 ex
1455 4663 1660 4718 matre,
1680 4658 1815 4729 “sola
1844 4656 2093 4729 ὁμονυμίᾳ

511 4734 821 4804 conjunctis
862 4750 873 4783 :
907 4730 1056 4804 quod
1088 4741 1227 4804 stupe
1266 4725 1609 4804 impugnatur
1644 4726 1848 4804 alio_in
1873 4725 1880 4728 “
1901 4725 2019 4804 loco

512 4795 740 4876 Cyriilo,
780 4818 883 4856 non
910 4795 1060 4876 quasi
1094 4798 1149 4876 id_
1172 4795 1438 4875 expressis
1466 4795 1867 4876 verbisuspiam
1897 4796 2089 4876 dixerit

518 4865 825 4935 ,Nestorius,
872 4865 966 4925 sed
1012 4867 1155 4938 quod
1196 4882 1263 4919 ex
1310 4865 1474 4938 ipsius
1521 4865 1771 4933 opinione
1807 4866 1874 4919 de
1911 4865 2089 4938 iarbas:

514 4952 756 5026 ῠςχεαςικῇ.
780 4936 1084 4996 necessario
1112 4942 1363 5005 sequatur
1390 4937 1582 5003 reipsa,
1612 4936 1951 5005 quantumvis
1978 4936 2094 5004 ipse

515 5014 835 5070 dissimulet.

597 5096 620 5124 ο
666 5082 881 5136 Refutat
926 5087 980 5133 et
1028 5073 1496 5147 tertium‘modum
1540 5084 1792 5147 ςχιτικῆς
1818 5078 2089 5147 tudio-sam,

519 5169 642 5222 qua:
670 5167 801 5221 pura
827 5153 1092 5222 ἔνοίκῃσις,
1120 5147 1231 5222 sive
1256 5145 1513 5222 habitatio
1540 5144 1696 5198 verbi
1713 5145 1888 5222 divini
1906 5145 1966 5222 in
1992 5145 2090 5222 ho:

525 5214 688 5286 mine,
718 5236 928 5289 quaque
950 5218 1039 5271 ﬁat
1067 5226 1126 5270 ut
1153 5216 1312 5289 homo
1336 5229 1441 5268 non
1472 5214 1610 5269 Deus
1634 5215 1862 5289 quidem
1874 5215 1963 5277 sit,
1994 5214 2087 5289 sed

525 5292 619 5346 Dei
650 5284 872 5354 tan—turn,
903 5305 997 5343 seu
1032 5287 1287 5361 Θεοφὸρος,
1314 5300 1436 5355 qua:
1464 5300 1565 5338 vox
1563 5285 1793 5408 Cplacuit
1818 5284 2086 5340 Nestorio.

526 5362 660 5408 Huic
698 5376 859 5408 norm
898 5359 1108 5408 unionis
1152 5356 1311 5408 modo
1357 5355 1518 5408 alium
1608 5355 1791 5408 vrillus
1837 5356 2086 5408 onnonit.

526 5362 660 5416 Huic
698 5376 859 5431 porro
898 5359 1108 5414 unionis
1133 5355 1311 5410 modo
1357 5355 2089 5431 alium_Cyrillus__oppouit_,

524 5425 901 5501 (υκαι-ἕνωσιν
938 5430 1064 5485 κατά
1104 5448 1255 5501 φυσιν
1283 5425 1659 5501 vocat,_eique
1697 5425 2093 5501 similemdicit

521 5494 629 5571 qua
658 5503 876 5571 proprio
904 5494 1124 5571 corpori
1146 5496 1354 5571 animus
1380 5494 1736 5571 coniungitur,
1766 5494 2004 5560 seciusis,
2034 5502 2095 5548 ut

523 5564 745 5626 monent
760 5564 1024 5638 'theologi',
1057 5564 1560 5638 imperiectionibus.

593 5639 618 5678 δ
644 5642 699 5695 In
727 5640 912 5695 Graeco
933 5633 1032 5701 est,
1063 5633 1425 5709 ὡς’συνάφιιαν
1445 5634 1634 5709 ἁπλῶς,
1661 5642 1766 5689 etc.
1792 5633 1892 5709 _Est
1912 5642 2092 5709 autem

528 5716 787 5782 συνάφεια,
818 5711 956 5782 apud
983 5709 1195 5764 Gnecos
1223 5750 1236 5773 ,
1267 5703 1348 5761 vel
1377 5706 1643 5775 copulatio
1673 5705 1833 5761 maris
1860 5713 1915 5760 et
1942 5703 2093 5760 femi-

2191 4534 2318 4573 vero
2359 4521 2787 4588 conjunctionem
2831 4530 3138 4575 naturarum
3168 4519 3408 4575 duarum‘
3446 4523 3495 4575 in
3531 4519 3727 4576 Christo.

2191 4588 2929 4660 TheodorusMopsuestenus
2947 4631 2961 4655 ,
2995 4592 3235 4660 ipseque,
3264 4593 3394 4660 dum
3425 4591 3589 4644 adhuc
3609 4602 3730 4660 erra-

2190 4667 2295 4783 Eet,
2348 4658 2753 4780 Thteodoretus,
2799 4657 3161 4729 coniunctioni
3200 4659 3492 4729 conjugum
3537 4657 3731 4713 similem

2230 4744 2413 4781 txerun
2447 4768 2459 4781 .

2230 4736 2459 4781 ixerunt.

2266 4807 2289 4834 ο
2319 4798 2506 4866 Arguit
2541 4796 2769 4851 Nestorii
2814 4798 3012 4853 dictum
3041 4798 3108 4853 de
3153 4796 3370 4853 Christo
3395 4838 3409 4861 ,
3459 4798 3603 4866 cujus
3629 4794 3735 4847 Ver-

2191 4868 2319 4922 bum
2358 4866 2585 4921 faciebat
2628 4868 2907 4921 Dominmn
2938 4877 2993 4921 et
3038 4868 3242 4932 Deum,
3292 4870 3451 4938 quasi
3480 4885 3582 4922 non
3627 4866 3738 4918 foret

2193 4938 2436 4991 Christus
2481 4939 2592 5007 ipse
2631 4938 2770 4992 Deus
2804 4946 2858 4991 et
2898 4938 3187 5001 Dominus;
3238 4937 3402 4992 habet
3448 4940 3584 4992 enim
3625 4937 3736 4988 hanc

2193 5015 2512 5075 potestatem
2539 5007 2760 5061 relativa
2788 5024 2921 5072 vox,
2956 5008 3251 5075 cujusmodi
3286 5016 3416 5062 sunt
3444 5007 3636 5076 obliqui
3666 5018 3738 5056 ca-

2194 5092 2315 5141 sus,
2347 5086 2405 5129 ut
2432 5077 2824 5131 distinctionem
2870 5078 3089 5147 perinde
3136 5093 3199 5132 ac
3235 5078 3738 5147 oppositionenrpm

2196 5155 2324 5200 nant
2352 5147 2491 5200 inter
2518 5162 2581 5201 ea
2610 5161 2728 5214 qua:
2755 5144 3005 5202 dicuntur
3032 5144 3323 5202 relationis
3338 5157 3597 5201 extrema.
3626 5144 3739 5208 Qua-

2192 5232 2253 5271 re
2281 5217 2405 5270 licet
2434 5218 2571 5270 Deus
2610 5233 2736 5271 vere
2774 5217 2842 5270 sit
2868 5218 3113 5273 dominus
3143 5218 3520 5281 humanitatis,
3554 5230 3648 5268 non
3675 5220 3739 5263 ta-

2194 5302 2314 5356 men
2338 5285 2552 5356 Christi,
2585 5287 2683 5340 nisi
2706 5288 2824 5341 dua:
2847 5287 2898 5340 in
2926 5285 3138 5341 Christo
3165 5298 3481 5341 asserantur
3508 5295 3737 5356 personat.

2270 5355 2287 5393 ί
2322 5355 2492 5410 Verba
2521 5370 2638 5424 qure
2666 5364 2819 5411 cavet
2846 5357 3049 5419 dicere,
3082 5356 3310 5411 Nestorii
3341 5366 3497 5417 sunt,
3515 5355 3742 5424 Sermone

2191 5425 2394 5506 primo,
2427 5422 2717 5506 vel-potius
2743 5427 2988 5506 scptimo.
3018 5426 3209 5506 Rejicit
3238 5434 3441 5506 autem,
3473 5425 3613 5506 velut
3638 5422 3744 5505 hor-

2191 5490 2712 5566 rendumiquiddam,
2738 5490 2993 5566 unitatem
3018 5498 3117 5551 me
3138 5496 3419 5566 ὁμονυμίαν
3450 5500 3535 5550 καὶ
3554 5490 3746 5566 προᾳκύο

2191 5587 2331 5624 νησιν
2356 5563 2545 5629 solam,
2577 5572 2635 5617 ut
2662 5581 2779 5635 qua:
2806 5565 3075 5621 Christum
3107 5563 3325 5621 omnino
3356 5567 3532 5619 solvat
3558 5563 3605 5617 in
3632 5563 3744 5613 duas

2191 5649 2468 5705 persouas.

2268 5714 2293 5752 8
2335 5703 2612 5760 Confessio
2640 5704 2727 5759 hic
2757 5704 2848 5758 Dei
2889 5705 3029 5774 passi
3070 5714 3253 5776 aperta
3282 5713 3366 5760 est
3410 5704 3568 5759 simul
3596 5710 3644 5755 et
3669 5712 3747 5751 cae
