3958 6178
313 265 417 321 837

1247 265 1575 326 EPISTULA
1619 268 1872 326 TERTIA
1915 270 2249 331 SYNODICA
2292 271 2349 327 S.
2389 267 2679 326 C'YRlLLl.

3476 273 3580 330 858

314 379 454 476 PF";
488 393 558 444 ιν,
584 376 658 448 1),
685 385 739 432 et
760 385 876 432 θτῧῑ
905 378 957 476 il}
985 379 1241 476 οτυοίίῖδο
1268 395 1497 476 corpore
1517 383 1748 476 Propria?
1767 397 1860 476 ea?
1874 415 1889 424 '
1919 386 1964 446 Α
1997 403 2163 476 (Heb.
2198 423 2232 471 ι,
2267 405 2353 476 5).
2387 405 2522 460 Cum
2562 421 2693 461 vero
2735 405 2981 462 humanm
3027 415 3232 463 natura:
3270 423 3576 464 mensuram

310 471 395 526 nis
424 486 837 525 rurassmursn
883 471 949 524 ad
990 486 1049 526 se
1096 472 1334 527 referens
1360 475 1675 543 passiones:
1708 473 1893 528 Gratia

307 578 427 616 vero
456 560 552 614 Dei
581 577 672 631 pro
702 560 935 616 omnibus
973 564 1194 633 gustavit
1238 574 1454 619 mortem
1484 563 1651 636 (Heb.
1693 581 1762 632 ιι,
1799 563 1889 632 9),

307 653 528 708 tradens
551 655 601 708 ei
624 654 897 724 proprium
918 669 1132 724 corpus,
1164 657 1408 725 quamvis
1436 657 1750 711 naturaliter
1776 657 1892 726 ipse

307 745 419 799 vita
448 746 534 812 sit,
566 754 620 800 et
646 747 970 801 resurrectio
1009 756 1366 802 mortuorum.
1402 747 1535 802 Nam
1565 756 1624 802 ut
1659 756 1891 803 mortem

309 837 562 892 ineffabili
579 840 816 907 potentia
831 840 1190 909 proculcaret,
1215 855 1277 894 ac
1297 840 1502 909 primus
1524 841 1578 894 in
1603 857 1698 895 sua
1727 855 1891 896 carne

308 928 699 997 primogenitus
727 943 793 983 ex
822 929 1048 984 mortuis
1082 929 1234 984 ﬁeret
1271 937 1326 984 et
1352 930 1600 999 primitiae
1619 931 1892 986 dormien-

311 1020 464 1084 tium,
494 1019 715 1093 [Baluz.
747 1021 870 1074 add.
902 1021 1152 1092 viamque
1180 1020 1416 1092 faceret]
1456 1023 1702 1076 humanm
1732 1033 1890 1077 natu-

309 1126 386 1164 rze
427 1110 493 1165 ad
520 1111 935 1181 incorruptionis
962 1127 1238 1166 recursum
1259 1152 1272 1176 ,
1300 1114 1470 1182 gratia
1498 1110 1618 1173 Dei,
1644 1120 1701 1166 ut
1729 1127 1890 1183 supra

307 1201 514 1256 dictum
543 1210 654 1268 est,
681 1219 777 1274 pro
809 1201 1041 1257 omnibus
1080 1204 1300 1274 gustavit
1338 1213 1552 1257 mortem
1585 1202 1794 1275 (Ibid),
1837 1211 1892 1259 et

309 1293 474 1348 tertio
493 1293 579 1347 die
600 1307 884 1362 resurgens
905 1294 1154 1363 spoliavit
1175 1292 1457 1348 infernum.

329 1423 332 1426 .
383 1382 471 1436 17.
511 1382 715 1438 Idcirco
742 1383 986 1453 quamvis
1012 1383 1222 1437 dicatur
1249 1382 1391 1452 quod
1414 1400 1506 1453 per
1526 1384 1782 1438 hominem
1807 1387 1890 1457 fa-

308 1482 393 1526 cta
431 1474 499 1526 sit
525 1475 824 1529 resurrectio
852 1484 1169 1528 mortuorum
1201 1473 1255 1545 (l
1277 1472 1396 1528 Cor.
1424 1490 1513 1540 xv,
1545 1474 1606 1528 2i
1631 1476 1670 1545 ),
1708 1484 1889 1531 tamen

311 1562 657 1631 intelligimus
677 1562 949 1618 hominem
980 1562 1179 1618 factum
1207 1563 1463 1629 Verbum,
1487 1566 1632 1636 quod
1671 1581 1739 1620 ex
1777 1565 1889 1620 Deo

309 1662 415 1718 est,
449 1662 503 1709 et
529 1670 627 1724 per
658 1656 829 1724 ipsum
866 1657 1046 1710 mortis
1084 1657 1356 1727 imperium
1391 1660 1550 1730 fuisse
1577 1659 1887 1713 destructum

1997 500 2302 554 nullatenus
2329 499 2658 553 inhonorans
2685 497 2897 553 Iudaeos
2927 500 3218 569 alloquitur
3251 518 3262 552 :
3296 499 3452 553 Nunc
3498 519 3579 556 me

1993 591 2224 658 quaeritis
2251 590 2482 644 occidere
2501 589 2776 652 hominem,
2807 591 2890 660 qui
2911 592 3175 644 ueritatem
3213 591 3352 645 vobis
3383 591 3580 645 loculus

1992 687 2106 733 sum
2137 678 2328 751 (Joan.
2359 696 2450 746 vn,
2483 679 2509 731 l
2537 679 2591 748 );
2625 695 2732 734 non
2761 681 2936 734 minus
2965 697 3086 736 eum
3119 681 3210 749 qui
3244 682 3295 734 in
3325 682 3578 736 similitu-

1993 770 2119 826 dine
2140 779 2194 826 et
2212 771 2515 839 aequalitate
2537 771 2752 843 [Baluz.
2777 771 3061 843 aequitate]
3093 771 3264 827 Patris
3285 781 3386 839 est,
3410 774 3580 828 Deum

1993 859 2228 917 Verbum
2256 863 2418 916 etiam
2448 863 2499 915 in
2529 863 2794 916 mensuris
2823 863 3166 918 humanitatis
3187 863 3301 933 ejus
3331 866 3579 934 agnosci-

1993 969 2132 1007 mus.
2166 952 2222 1006 Si
2251 963 2428 1007 autem
2459 953 2762 1007 necessario
2785 953 3021 1007 creditur
3042 955 3186 1023 quod
3222 963 3411 1008 natura
3432 956 3574 1010 Deus

1991 1044 2229 1098 existens
2259 1043 2430 1096 factus
2457 1050 2539 1096 est
2566 1057 2723 1107 caro,
2757 1043 2922 1096 immo
2962 1044 3139 1112 potius
3169 1043 3330 1097 homo
3370 1046 3577 1098 anima-

1992 1140 2077 1187 tus
2104 1133 2284 1186 anima
2312 1133 2595 1196 rationali,
2626 1147 2745 1200 quae
2774 1147 2934 1186 causa
2963 1143 3046 1186 est
3079 1141 3138 1186 ut
3166 1133 3218 1186 in
3249 1134 3326 1187 cis
3355 1135 3576 1201 quilibet

1989 1224 2214 1278 vocibus
2243 1224 2542 1289 erubescat,
2576 1224 2620 1277 si
2649 1239 2742 1278 eas
2769 1223 2987 1277 homine
3015 1223 3204 1291 dignas
3232 1223 3422 1278 eﬁ‘atus
3455 1226 3576 1279 est?

1991 1315 2146 1382 Quod
2183 1315 2227 1370 si
2257 1331 2533 1370 sermones
2553 1315 2756 1369 homini
2782 1322 3138 1383 congruentes
3167 1315 3400 1384 abjiciat,
3422 1319 3576 1384 juxta

1990 1421 2090 1459 nos
2119 1406 2389 1459 hominem
2423 1405 2535 1459 ﬁeri
2565 1406 2684 1474 quis
2712 1405 2926 1474 coegit?
2954 1404 3087 1459 Cum
3116 1401 3247 1460 vero
3277 1423 3334 1461 se
3357 1415 3577 1477 propter

1991 1513 2092 1552 nos
2112 1497 2179 1550 ad
2219 1498 2638 1552 exinanitionem
2666 1506 3020 1566 spontaneum
3050 1497 3468 1552 misericorditer
3496 1500 3576 1552 in-

1989 1585 2219 1651 clinarit,
2244 1602 2404 1655 quam
2433 1587 2502 1641 ob
2523 1601 2738 1640 causam
2766 1586 2954 1654 dignos
2984 1587 3346 1641 exinanitione
3370 1602 3576 1642 sermo-

1991 1692 2087 1731 nes
2123 1676 2413 1746 effugerit?
2456 1676 2560 1731 Uni
2605 1678 2766 1746 igitur
2812 1693 3055 1747 personae
3095 1689 3316 1733 cunctas
3363 1680 3478 1747 ejus
3520 1683 3570 1735 in

310 1743 483 1816 (Heb.
516 1762 581 1811 ιι,
610 1745 728 1816 14).
753 1746 946 1801 Veniet
992 1755 1172 1801 autem
1211 1749 1545 1819 temporibus
1573 1749 1845 1819 prmﬁnitis
1867 1791 1882 1816 ,

1993 1767 2282 1836 Evangelio
2309 1785 2472 1824 voces
2502 1771 2819 1824 ascribimus
2842 1812 2855 1834 ,
2891 1770 3110 1842 [Bcluz.
3144 1771 3265 1823 add.
3300 1770 3424 1841 nni]
3451 1773 3574 1825 sub-

305 1835 450 1891 sicut
477 1844 552 1889 est
568 1851 698 1889 unus
737 1833 786 1888 F
788 1835 906 1889 ilius
932 1844 982 1890 et
1020 1835 1274 1891 Dominus
1304 1840 1358 1891 in
1387 1839 1555 1909 gloria
1589 1838 1766 1893 Patris
1786 1878 1800 1902 ,
1832 1849 1888 1892 ut

302 1927 503 1998 judicet
530 1924 702 1980 orbem
731 1935 982 1980 terrarum
999 1927 1054 1980 in
1077 1929 1314 1999 (equitate
1337 1927 1484 1999 (Act.
1513 1945 1639 1995 xvu,
1674 1928 1785 1999 '51),
1813 1930 1887 1984 si-

307 2023 402 2071 cut
421 2015 698 2085 Scriptura
718 2023 962 2071 testatur.

382 2102 471 2158 l8.
509 2103 824 2160 Necessario
845 2105 1006 2173 igitur
1027 2113 1082 2160 et
1101 2105 1216 2161 haec
1236 2105 1542 2175 adjieimus;
1567 2109 1890 2162 annuntian-

306 2204 394 2251 tes
434 2196 577 2250 enim
608 2196 910 2252 .secundum
951 2211 1167 2253 carnem
1195 2205 1430 2252 mortem
1468 2197 1729 2268 unigeniti
1767 2198 1889 2254 Filii

307 2289 428 2352 Dei,
471 2288 525 2343 id
551 2296 660 2354 est,
690 2287 814 2344 Jesu
843 2287 1072 2356 Christi,
1097 2296 1153 2344 et
1185 2289 1634 2345 resurrectionem
1656 2290 1798 2359 ejus,
1832 2295 1888 2345 et

306 2381 365 2434 in
393 2380 543 2435 caelis
569 2381 937 2435 ascensionem
964 2382 1168 2451 pariter
1186 2381 1523 2448 conﬁtentes,
1555 2383 1888 2436 incruentam

305 2471 644 2526 celebramus
664 2471 717 2525 in
732 2470 984 2526 Ecclesiis
997 2471 1243 2526 sacriﬁcii
1263 2473 1574 2527 servitutem
1591 2489 1605 2538 ;
1629 2473 1705 2527 sic
1726 2472 1888 2526 etiam

310 2563 382 2617 ad
410 2563 664 2634 mysticas
691 2562 1094 2618 benedictiones
1124 2563 1455 2629 accedimus,
1501 2570 1557 2618 et
1589 2563 1888 2617 sanctiﬁca-

305 2669 432 2708 mur
458 2653 744 2728 participes
765 2653 1008 2722 corporis
1037 2660 1092 2707 et
1116 2653 1339 2722 pretiosi
1379 2654 1652 2721 sanguinis
1689 2653 1886 2707 Christi

304 2744 550 2799 omnium
573 2751 814 2798 nostrum
846 2743 1239 2814 Redemptoris,
1264 2743 1469 2808 effecti,
1503 2760 1610 2799 non
1641 2753 1699 2798 ut
1736 2760 1887 2799 com-

304 2851 527 2892 munem
554 2851 772 2892 carnem
795 2835 1148 2906 recipientes,
1180 2835 1325 2906 quod
1351 2836 1522 2900 absit,
1553 2851 1655 2891 nec
1692 2844 1753 2890 ut
1786 2837 1888 2892 viri

300 2927 655 2994 sanetiﬁcati,
688 2936 743 2983 et
769 2927 948 2983 Verbo
979 2927 1253 2997 conjuncti
1285 2927 1576 2983 secundum
1615 2927 1889 2996 dignitatis

302 3021 589 3085 unitatem,
613 3027 705 3074 aut
725 3019 864 3074 sicut
884 3019 1119 3073 divinam
1140 3018 1464 3088 possidentis
1477 3017 1882 3082 habitationem,

1989 1859 2244 1914 sistentize
2274 1859 2432 1914 Verbi
2461 1861 2662 1915 scilicet
2691 1860 2948 1913 incarnati
2968 1899 2982 1922 ,
3014 1861 3139 1928 quia
3179 1877 3317 1915 unus
3356 1869 3436 1916 est
3466 1862 3573 1916 Du-

1990 1951 2164 2003 minus
2183 1947 2339 2004 Jesus
2359 1948 2632 2015 Christus,
2665 1959 2719 2004 ut
2751 1952 3008 2019 scriptum
3039 1958 3140 2005 est.

2059 2039 2146 2092 20.
2181 2039 2520 2109 Appellatum
2551 2055 2678 2094 vero
2702 2041 2991 2110 aposfolum
3030 2049 3080 2094 et
3109 2040 3404 2111 pontiﬁcem
3445 2057 3557 2096 con-

1989 2130 2227 2201 fessionis
2251 2129 2662 2200 nostra:(llebr.
2695 2147 2769 2192 ιιι,
2803 2129 2900 2200 ‘2),
2945 2138 3220 2199 tamquam
3266 2130 3571 2186 sacriﬁcan-

1987 2229 2096 2274 tem
2125 2221 2236 2275 Deo
2278 2228 2333 2275 et
2360 2220 2504 2273 Patri
2538 2219 2658 2274 ﬁdei
2701 2229 2895 2274 nostra:
2934 2221 3358 2286 confessionem,
3391 2237 3510 2290 qum
3538 2240 3569 2277 a

1989 2310 2143 2364 nobis
2177 2310 2276 2379 ipsi
2305 2319 2358 2364 et
2388 2325 2485 2380 per
2514 2311 2686 2380 ipsqu
2719 2310 2828 2364 Deo
2850 2319 2904 2364 et
2934 2308 3080 2364 Patri
3111 2311 3442 2365 incessanter
3484 2314 3568 2365 ol-

1987 2399 2172 2455 fertur.
2204 2400 2402 2454 lterum
2447 2416 2567 2454 eum
2607 2400 2860 2463 dicimus,
2893 2400 2982 2468 qui
3029 2416 3094 2454 ex
3126 2401 3235 2454 Deo
3265 2409 3347 2454 est
3379 2416 3571 2454 secun-

1987 2492 2112 2546 dum
2141 2500 2382 2546 naturam
2423 2492 2588 2546 Filius
2619 2493 2949 2560 unigenitus,
2995 2508 3092 2545 nec
3132 2492 3334 2545 homini
3373 2502 3569 2562 praeter

1988 2599 2109 2638 cum
2136 2585 2286 2638 alteri
2321 2584 2602 2640 sacerdotii
2630 2599 2823 2637 nmncn
2846 2592 2900 2636 ct
2938 2582 3170 2637 olﬁcium
3200 2583 3520 2654 deputamus
3551 2604 3562 2638 :

1989 2673 2183 2729 Factus
2211 2685 2286 2728 est
2315 2675 2454 2729 enim
2486 2676 2737 2729 mediator
2772 2674 2867 2728 Dei
2893 2685 2942 2728 et
2974 2675 3234 2728 hominum
3265 2675 3315 2745 (Ι
3347 2675 3477 2729 Tim.
3512 2671 3566 2740 ιι,

1991 2765 2066 2837 5),
2089 2779 2138 2820 et
2161 2769 2522 2821 reconciliator
2541 2767 2610 2820 ad
2631 2783 2804 2831 pacem
2819 2807 2832 2830 ,
2862 2768 3188 2836 semetipsum
3211 2765 3321 2821 Dco
3349 2775 3398 2819 et
3419 2765 3569 2820 Patri

1988 2875 2082 2928 pro
2105 2856 2250 2910 nobis
2280 2857 2500 2925 offerens
2531 2857 2584 2909 in
2619 2855 2827 2909 odorem
2861 2856 3127 2908 suavitatis
3165 2854 3335 2925 (Eph.
3363 2872 3417 2918 ιι,
3453 2852 3523 2923 5)
3551 2871 3564 2918 ;

1991 2947 2220 3016 ideoque
2258 2946 2468 3002 dicebat
2505 2965 2516 2998 :
2550 2947 2879 3015 Sacriﬁcium
2906 2955 2955 2998 et
2984 2944 3289 2998 oblationem
3319 2945 3527 2997 noluisti
3552 2960 3570 3005 ,'

1991 3039 2290 3093 holocausta
2312 3047 2362 3091 et
2383 3054 2475 3108 pro
2507 3046 2714 3107 peccato
2748 3052 2849 3089 non
2880 3034 2968 3088 tibi
2995 3036 3330 3105 placuerunt;
3382 3049 3568 3104 corpus

299 3111 406 3166 sed
432 3119 489 3166 ut
516 3125 642 3165 vere
663 3109 1082 3176 vivilicatricem,
1106 3117 1161 3164 et
1181 3110 1346 3179 ipsius
1368 3109 1530 3165 Verbi
1560 3110 1652 3164 Dei
1676 3109 1882 3183 [Baluz.

1993 3140 2159 3183 autem
2180 3128 2439 3199 perfecisti
2461 3128 2607 3180 mihi.
2642 3125 2782 3181 Tunc
2804 3125 2914 3180 dixi
2938 3144 2955 3180 :
2982 3125 3117 3179 Ecce
3137 3127 3298 3188 renio,
3323 3127 3374 3178 in
3405 3126 3572 3194 capite

299 3219 412 3257 om.
438 3200 555 3273 Dei]
583 3201 859 3272 propriam
898 3198 1124 3268 factam;
1167 3202 1274 3256 vita
1303 3202 1445 3257 enim
1471 3201 1789 3255 naturaliter
1826 3208 1886 3254 ut

303 3293 452 3349 Deus
478 3295 714 3349 existens
733 3335 747 3360 ,
776 3293 898 3364 quia
923 3295 1154 3364 propriae
1188 3295 1337 3350 carni
1367 3294 1547 3349 unitus
1575 3302 1683 3357 est,
1715 3293 1885 3348 viviﬁ-

301 3390 565 3446 catricem
591 3405 711 3444 eam
737 3405 856 3445 esse
872 3390 1148 3460 professus
1176 3398 1278 3445 est.
1300 3389 1368 3444 Et
1393 3390 1514 3444 ideo
1541 3390 1781 3460 quamvis
1800 3389 1884 3443 di-

302 3489 396 3535 cat
425 3481 492 3534 ad
525 3495 625 3534 nos
652 3479 866 3552 [Baluz.
901 3479 1023 3533 add.
1060 3477 1305 3550 veniens]
1334 3497 1346 3532 :
1379 3481 1541 3532 Amen
1589 3496 1737 3533 amen
1772 3479 1886 3532 dico

302 3571 469 3635 vobis,
492 3573 593 3625 nisi
616 3571 1045 3625 manducaveritis
1081 3587 1288 3624 carnem
1311 3569 1438 3624 Filii
1460 3571 1676 3624 hominis
1697 3611 1710 3635 ,
1734 3580 1782 3623 et
1810 3569 1887 3622 bi-

303 3661 486 3716 beritis
508 3662 617 3732 ejus
638 3663 938 3732 sanguinem
962 3661 980 3731 (
994 3659 1152 3715 Joan.
1182 3677 1254 3727 vi,
1279 3658 1347 3714 55
1362 3661 1402 3730 ),
1423 3669 1547 3724 etc.,
1581 3676 1686 3713 non
1709 3670 1886 3713 tamen

304 3769 433 3810 eam
458 3762 518 3808 ut
537 3754 696 3808 unius
722 3753 957 3808 hominis
991 3768 1057 3807 ex
1097 3753 1250 3807 nobis
1288 3753 1555 3807 aestimare
1594 3751 1884 3816 debemus;

302 3833 582 3914 quomodo
593 3843 893 3913 enimjuxta
905 3852 1150 3898 naturam
1163 3858 1314 3898 suam
1329 3841 1641 3897 viviﬁcatrix
1664 3855 1779 3896 esse
1795 3856 1888 3895 ca-

304 3952 372 3992 ro
392 3937 627 3991 hominis
639 3934 993 4006 poterit?Sed
1015 3943 1073 3989 ut
1091 3950 1219 3990 vere
1242 3935 1512 4004 propriam
1534 3933 1649 4003 ejus
1675 3932 1886 3998 factam,

299 4028 402 4098 qui
427 4037 649 4097 propter
674 4043 770 4082 nos
783 4025 946 4081 Filius
962 4027 1194 4082 hominis
1214 4035 1268 4081 et
1283 4026 1451 4080 lactus
1473 4033 1555 4080 est
1580 4033 1632 4080 et
1650 4033 1886 4098 vocatus.

379 4116 468 4171 l9.
511 4116 617 4172 Eas
663 4125 840 4172 autem
895 4133 1053 4172 voces
1078 4156 1092 4180 ,
1135 4132 1269 4186 quas
1315 4115 1564 4170 Salvator
1606 4094 1791 4170 nostei'
1835 4115 1890 4169 in

297 4208 616 4277 Evangeliis
643 4208 893 4278 protulit,
924 4222 1031 4262 non
1062 4207 1115 4260 in
1155 4207 1361 4261 duabus
1400 4206 1756 4260 subsistentiis
1799 4212 1893 4258 aut

305 4299 561 4370 personis
590 4298 809 4353 omnino
831 4299 1118 4369 partimur;
1142 4313 1248 4352 non
1271 4298 1411 4351 enim
1441 4297 1635 4367 duplex
1655 4305 1736 4351 est
1757 4313 1894 4351 unus

302 4389 558 4445 Christus
587 4396 643 4444 et
666 4388 830 4454 solus,
862 4388 1105 4459 quamvis
1125 4403 1191 4442 ex
1212 4387 1417 4442 duabus
1454 4389 1786 4457 diversisque
1815 4401 1894 4440 re-

1989 3221 2107 3278 libri
2137 3223 2380 3290 scriptum
2409 3228 2484 3272 est
2507 3219 2568 3272 de
2589 3236 2695 3284 me,
2729 3229 2784 3271 ut
2813 3221 3020 3290 faciam,
3059 3217 3213 3281 Deus,
3256 3217 3568 3270 roluntatem

1989 3325 2126 3368 tuam
2157 3311 2325 3385 (Heb.
2351 3330 2404 3378 x,
2431 3309 2505 3381 5).
2525 3310 2728 3366 Obtulit
2755 3311 2894 3364 enim
2917 3309 3190 3379 proprium
3220 3321 3564 3388 corpus-nou

1987 3421 2086 3476 pro
2109 3420 2185 3469 se,
2217 3404 2310 3458 sed
2341 3419 2438 3473 pro
2465 3403 2641 3468 nobis,
2667 3402 2718 3456 in
2742 3401 2962 3456 odorem
2990 3398 3264 3453 suavitatis
3289 3417 3301 3451 :
3329 3413 3448 3451 ram
3471 3413 3572 3463 pro

1986 3511 2044 3551 se
2064 3495 2150 3549 vel
2179 3495 2454 3549 oblatione
2493 3494 2578 3547 vel
2607 3489 2879 3547 sacriﬁciis
2915 3505 3024 3545 non
3054 3489 3284 3555 indiget,
3329 3488 3395 3540 ab
3425 3487 3570 3538 omni

1985 3595 2211 3659 peccato
2241 3587 2394 3648 liber,
2420 3595 2479 3638 ut
2501 3585 2673 3646 Deus,
2706 3583 2959 3636 existens.
2997 3579 3147 3645 Quod
3177 3581 3222 3632 si
3243 3594 3417 3632 omnes
3453 3593 3570 3647 pec-

1988 3685 2245 3740 caverunt,
2276 3686 2324 3729 et
2351 3683 2498 3745 egent
2518 3673 2683 3744 gloria
2705 3671 2801 3725 Dei
2826 3671 3009 3742 (Rom.
3037 3688 3108 3733 ιιι,
3133 3669 3221 3738 ‘25)
3240 3711 3253 3734 ,
3279 3668 3568 3722 secundum

1987 3766 2092 3819 hoc
2118 3764 2260 3833 quod
2280 3779 2463 3817 sumus
2483 3762 2550 3815 ad
2580 3761 2949 3815 mutabilitatis
2979 3775 3255 3813 excessum
3285 3759 3567 3826 proniores

1990 3854 2197 3920 eﬁ‘ecti,
2229 3862 2284 3908 et
2327 3853 2567 3923 peccatis
2598 3851 2876 3918 aegrotavit
2921 3850 3153 3903 humana
3192 3859 3413 3911 natura,
3457 3848 3571 3915 ipse

1993 3961 2119 4000 vero
2147 3961 2252 3999 non
2284 3944 2376 4009 ita,
2419 3942 2646 4010 ideoque
2691 3956 2791 3993 nos
2831 3939 2998 4007 gloria
3041 3938 3156 4006 ejus
3192 3951 3442 4004 egemus;
3483 3936 3570 3989 cui

1995 4037 2208 4110 [Βαιιιι.
2239 4033 2364 4106 cur]
2395 4034 2497 4089 erit
2525 4033 2663 4087 ultra
2687 4031 2798 4101 jam
2820 4031 3058 4095 dubium,
3083 4029 3225 4098 quod
3256 4030 3437 4095 Agnus
3481 4043 3572 4079 vc-

1991 4134 2324 4198 ruS'propter
2350 4140 2450 4179 nos
2478 4131 2534 4178 et
2572 4139 2670 4193 pro
2701 4122 2854 4176 nobis
2881 4121 2949 4174 sit
2977 4120 3324 4174 immolatus?
3355 4116 3453 4183 Qui
3484 4116 3568 4169 di-

1992 4219 2067 4274 cit
2103 4226 2280 4271 autcm
2306 4258 2320 4281 ,
2367 4215 2508 4284 quod
2539 4213 2881 4282 semetipsum
2923 4220 3031 4265 tam
3060 4227 3158 4280 pro
3199 4225 3257 4264 se
3284 4225 3442 4280 quam
3473 4225 3576 4277 pro

1995 4308 2148 4361 nobis
2177 4305 2448 4368 obtulerit,
2463 4303 2767 4356 nullatenus
2788 4300 3074 4370 impietatis
3099 4299 3301 4353 crimen
3331 4296 3571 4365 eﬁ'ugial,

1994 4412 2114 4451 cum
2150 4397 2282 4450 nihil
2310 4409 2530 4464 prorsus
2559 4393 2659 4445 iste
2702 4391 2988 4459 delequerit
3009 4430 3024 4454 ,
3065 4405 3164 4443 nec
3193 4390 3354 4442 ullum
3387 4388 3579 4442 fecerit.

303 4483 413 4536 bus
443 4479 510 4533 ad
532 4479 787 4533 “nitatem
811 4485 1165 4546 cognoscam"
1192 4477 1518 4531 ίηάίνίάυίιπι
1546 4477 1888 4544 convenisse;
1919 4469 2215 4541 Domnino
2237 4492 2534 4554 peccatum.
2568 4481 2680 4547 Qua
2713 4481 2871 4549 igitur
2891 4488 3073 4548 egeret
3103 4479 3391 4539 oblatione,
3427 4480 3581 4532 nullo-

301 4572 457 4626 sicut
482 4570 646 4625 homo
671 4584 886 4639 quoque
915 4583 980 4623 ex
1023 4569 1197 4622 anima
1228 4575 1484 4622 constans
1530 4574 1586 4621 et
1626 4581 1888 4636 corpore,

305 4679 425 4719 non
453 4661 648 4731 duplex
669 4662 865 4731 potius,
889 4661 982 4716 sed
1002 4677 1140 4715 unus
1166 4668 1335 4716 estex
1357 4668 1582 4729 utroque
1602 4677 1615 4712 :
1635 4659 1895 4715 humanas

305 4766 446 4821 ergo
473 4759 530 4805 et
556 4750 763 4805 divinas
789 4749 1008 4819 insuper
1035 4765 1194 4805 voces
1216 4751 1284 4804 ab
1315 4765 1422 4803 uno
1444 4748 1661 4804 Christo
1689 4749 1889 4813 dictas,

303 4840 805 4896 animadvertentes
837 4848 986 4895 recte
1018 4841 1294 4904 sentimus,
1333 4855 1454 4894 cum
1489 4840 1642 4900 enim,
1663 4839 1773 4894 Deo
1809 4843 1893 4896 di-

302 4933 571 5002 gnissime
600 4933 836 5002 loquitur
872 4932 938 4986 de
975 4946 1034 4987 se
1063 4931 1178 5001 ipso
1211 4950 1223 4983 :
1259 4929 1358 4994 Qui
1385 4948 1468 4984 me
1493 4931 1654 4996 videt,
1686 4932 1817 4985 videt
1844 4943 1894 4986 et

307 5024 530 5076 Patrem
559 5021 743 5093 (.Joan.
778 5038 886 5085 xiv,
917 5019 1015 5090 9);
1047 5030 1100 5076 et
1132 5039 1144 5073 :
1175 5020 1289 5092 Ego
1334 5030 1384 5074 et
1409 5019 1573 5074 Pater
1609 5038 1766 5075 unum
1801 5040 1892 5076 su-

302 5130 429 5168 mus
459 5112 649 5184 (Joan.
685 5130 736 5178 ι,
769 5113 891 5184 50).
917 5113 1160 5166 Divinam
1180 5113 1298 5181 ejus
1319 5112 1682 5180 intelligimus,
1709 5114 1895 5168 ineﬁ‘a-

304 5206 585 5274 bilemque
616 5214 888 5271 naturam,
933 5205 1226 5264 secundum
1263 5218 1424 5273 quam
1449 5222 1613 5260 unum
1654 5213 1736 5260 est
1772 5223 1894 5262 cum

309 5296 479 5352 Patre
503 5314 631 5364 suo,
671 5307 894 5368 propter
921 5313 1082 5353 unam
1121 5297 1469 5367 eamdemque
1509 5300 1892 5366 substantiam,

305 5394 488 5462 imago
515 5400 564 5444 et
602 5391 870 5445 character
905 5390 1244 5462 splendorque
1283 5390 1465 5462 gloria
1509 5391 1621 5462 ejus
1669 5393 1892 5447 existens

1993 4593 2092 4633 suo
2113 4582 2358 4631 exstante
2387 4573 2643 4634 facinore,
2667 4589 2766 4642 pro
2787 4587 2914 4640 quo,
2946 4571 2989 4625 si
3019 4579 3193 4635 esset,
3233 4571 3362 4624 satis
3391 4571 3585 4624 admo-

1994 4668 2118 4722 dum
2149 4665 2530 4720 convenienter
2552 4661 2805 4716 oﬁerret?

2063 4759 2152 4814 21.
2193 4759 2268 4812 De
2299 4757 2501 4827 Spiritu
2529 4772 2745 4826 quoque
2772 4771 2892 4810 cum
2923 4753 3054 4809 dicit
3085 4771 3096 4806 :
3131 4752 3228 4806 Ille
3257 4771 3342 4806 me
3371 4753 3584 4822 glori/is

1995 4849 2130 4905 cabit
2160 4848 2345 4920 (Joan.
2371 4863 2478 4909 va,
2505 4845 2614 4912 14),
2646 4846 2749 4900 hoc
2775 4844 3072 4898 rectissime
3093 4843 3386 4896 sentientes.
3410 4857 3582 4894 unum

1998 4940 2266 4995 Christum
2294 4946 2349 4992 et
2379 4937 2598 5000 Filium,
2633 4951 2739 4990 non
2767 4935 2910 4988 velut
2935 4933 3155 4987 alterius
3189 4939 3430 4998 egentem
3455 4932 3580 4998 glo-

1998 5031 2095 5095 ria,
2127 5028 2446 5084 conﬁtemur
2465 5042 2495 5080 a
2522 5026 2721 5095 Spiritu
2743 5033 2928 5078 sancto
2949 5023 3173 5091 gloriam
3201 5029 3582 5085 consecutum,

1998 5121 2121 5189 quia
2151 5117 2381 5188 Spiritus
2409 5115 2525 5184 ejus
2552 5130 2653 5169 nec
2674 5114 2866 5168 melior
2886 5113 3008 5182 ipso
3026 5152 3041 5176 ,
3072 5127 3174 5166 nee
3195 5111 3438 5180 superior
3459 5118 3580 5174 est;

2000 5210 2096 5265 sed
2117 5208 2242 5277 quia
2265 5208 2398 5260 mira
2419 5221 2580 5275 opera
2603 5204 2804 5260 faciens
2833 5204 2898 5257 ad
2927 5203 3443 5257 demonstrationem
3466 5215 3585 5255 sua:

2000 5299 2257 5361 Deitatis,
2290 5297 2486 5350 virtute
2533 5295 2734 5364 proprii
2765 5293 2994 5364 Spiritus
3034 5293 3305 5357 utebatur,
3348 5292 3415 5346 ab
3456 5292 3583 5360 ipso

1988 5388 2282 5460 .gloriﬁcari
2309 5387 2521 5450 dicitur,
2549 5383 2997 5454 quemadmodum
3027 5385 3074 5438 si
3113 5384 3234 5452 quis
3261 5382 3327 5436 de
3350 5381 3585 5436 homini-

1485 5499 2025 5585 casrlcnioaes
2066 5529 2155 5583 er
2194 5528 2426 5583 κοτε.

317 5636 629 5696 lumniantis
673 5634 904 5690 Nestorii
951 5635 1217 5691 convictio
1240 5679 1256 5702 ,
1300 5643 1354 5691 et
1394 5635 1568 5691 Procli
1598 5637 1839 5692 defensio
1875 5655 1887 5688 :

317 5711 408 5765 ille
436 5709 578 5762 enim
607 5705 884 5762 catholicis
922 5706 1380 5773 calumniabatur,
1411 5707 1560 5777 quasi
1589 5716 1891 5763 asscrercnt

1985 5636 2228 5691 Verbum
2245 5644 2435 5689 natura
2452 5650 2546 5689 sua
2571 5649 2663 5689 seu
2694 5632 2970 5687 divinitate
2991 5647 3203 5702 passum
3221 5633 3582 5702 ;istepmpter

1997 5707 2116 5762 ﬁdei
2157 5706 2541 5776 professionem
2569 5705 2916 5774 vapulaverat
2963 5699 3216 5760 atrociter
3248 5719 3277 5756 a
3310 5699 3576 5754 Nestorio.
