3958 6178
415 257 519 312 859

900 260 1092 316 MAR"
1131 257 1572 313 MERCATORIS
1617 255 2182 313 TRANSLA'I'IONES
2227 256 2584 314 νΑιιιοιιυΜ
2623 255 3143 313 οιδυεευιίωωι.

3556 257 3658 314 810

407 386 509 425 nus
528 377 797 426 assereret
823 369 966 438 quod
991 369 1161 424 virtus
1189 383 1283 421 sua
1310 369 1393 421 vel
1428 367 1706 436 disciplina
1734 367 1987 434 qumlibet
2013 373 2060 428 Α
2159 368 2199 421 1.
2216 367 2272 422 Si
2295 370 2414 437 quis
2433 384 2538 423 non
2562 369 2847 424 conlitetur
2865 369 3030 422 Deum
3055 384 3175 423 esse
3196 367 3400 442 (Batus.
3415 371 3540 424 add.
3569 388 3662 426 ve-

413 477 842 531 unumquemque
889 459 1448 526 clariticetzquamvis
1489 460 1632 512 enim
1679 458 1733 510 in
1771 472 1866 511 sua
1912 457 1983 511 sit

420 552 760 609 subsistentia
803 549 1055 618 Spiritus,
1086 558 1141 602 et
1178 549 1292 616 ejus
1321 549 1646 616 intelligatur
1675 549 1727 600 in
1751 563 1982 617 persona

415 644 732 714 proprietas,
754 640 906 708 juxta
933 639 983 692 id
1003 639 1145 707 quod
1175 639 1405 708 Spiritus
1433 649 1532 702 est,
1566 647 1620 692 et
1650 655 1755 692 non
1785 638 1982 703 Filius,

409 743 643 788 attamen
675 733 880 784 alienus
911 747 1016 784 non
1039 740 1120 785 est
1141 731 1207 784 ab
1237 731 1357 795 illo;
1390 747 1512 784 nam
1537 729 1764 800 Spiritus
1798 729 1985 798 appel-

408 826 547 878 latus
576 832 658 877 est
687 824 912 876 veritatis
945 821 1134 893 (Joan.
1169 839 1274 886 xvr,
1310 822 1418 892 15),
1449 830 1503 875 et
1532 823 1716 875 veritas
1756 821 1986 875 Christus

407 923 484 967 est
511 912 706 984 (Joan.
740 930 847 975 XIV,
871 911 955 982 6);
981 911 1121 966 unde
1148 930 1212 965 AB
1246 928 1362 966 ιετο
1393 928 1658 968 smuren
1677 952 1692 974 ,
1724 926 1875 964 sxcur
1919 926 1987 963 Bx

410 1003 522 1057 Deo
544 1001 727 1056 Pnne
759 1018 1033 1056 raocemr.
1060 1003 1299 1070 Denique
1320 1003 1406 1056 hic
1435 1002 1548 1070 ipse
1576 1000 1808 1070 Spiritus
1829 999 1990 1053 etiam

411 1109 510 1161 per
535 1101 844 1146 sanctorum
865 1107 1055 1146 manus
1084 1093 1447 1160 apostolorum
1477 1090 1732 1144 miracula
1761 1089 1991 1157 gloriosa

414 1183 722 1252 perliciens,
749 1181 1027 1234 Dominum
1051 1181 1312 1249 glorilicat
1330 1180 1508 1234 Jesum
1529 1179 1821 1243 Christum,
1845 1184 1994 1246 post-

417 1288 581 1341 quam
604 1272 844 1325 ascendit
871 1271 923 1325 in
953 1272 1145 1326 coelum
1175 1289 1186 1324 :
1221 1287 1343 1324 nam
1373 1270 1604 1325 creditus
1641 1277 1724 1324 est
1751 1267 1995 1322 Christus

417 1373 610 1419 natura
640 1364 781 1419 Deus
810 1365 1064 1426 existens,
1089 1378 1185 1432 per
1213 1378 1365 1417 suum
1390 1361 1646 1431 Spiritum
1666 1362 1895 1414 virtutes
1917 1358 1996 1413 ef-

420 1459 634 1523 ﬁciens,
668 1457 895 1524 ideoque
918 1456 1130 1509 dicebat
1157 1473 1167 1506 :
1203 1454 1280 1507 De
1308 1471 1418 1507 meo
1440 1455 1682 1523 accipiet,
1707 1461 1756 1505 et
1793 1467 1997 1504 annun-

422 1550 570 1605 tiabit
598 1549 734 1603 vobis
760 1548 947 1619 (Joan.
974 1564 1082 1609 xvr,
1117 1547 1225 1617 H).
1259 1547 1602 1615 Nequaquam
1624 1560 1753 1598 vero
1779 1542 1997 1614 partici-

421 1643 636 1711 patioae
666 1641 888 1694 alterius
910 1639 1047 1692 idem
1071 1638 1304 1708 Spiritus
1332 1638 1544 1705 sapiens
1573 1644 1664 1689 aut
1693 1644 1884 1704 potens
1911 1633 1995 1688 di-

2088 459 2303 529 raciter]
2334 460 2666 526 Emmanuel,
2691 469 2745 514 et
2767 468 3050 529 propterea
3081 461 3172 514 Dei
3203 461 3514 528 genitricem
3543 478 3667 516 san-

2085 559 2224 604 ctam
2273 549 2580 618 Virginem,
2624 551 2832 619 peperit
2877 550 3018 603 enim
3067 550 3359 604 secundum
3404 567 3620 606 carnem
3646 593 3663 616 ,

2087 655 2305 694 carnem
2351 639 2546 694 factum
2591 641 2684 694 Dei
2731 640 2983 703 Verbum,
3029 640 3310 693 anathema
3338 641 3424 694 sit.

2157 729 2220 782 ll.
2253 728 2308 782 Si
2349 730 2468 798 quis
2509 745 2615 784 non
2643 730 2930 784 confitetur
2969 730 3115 783 carni
3159 731 3446 784 secundum
3493 733 3668 784 subsi-

2088 821 2340 872 stentiam
2371 819 2574 873 unitum
2605 820 2696 873 Dei
2745 819 2917 873 Patris
2946 820 3198 884 Verbum,
3234 835 3505 888 unumque
3551 838 3668 877 esse

2089 908 2359 962 Christum
2387 924 2506 962 cum
2534 909 2749 978 propria
2775 925 2954 972 carne,
2981 909 3224 964 eumdem
3254 911 3457 965 scilicet
3503 911 3668 966 Deum

2090 999 2248 1053 simul
2276 1007 2332 1052 et
2351 999 2642 1064 hominem,
2673 1001 2953 1054 anathema
2983 1001 3069 1054 sit.

2162 1088 2247 1142 lll.
2279 1087 2336 1142 Si
2373 1090 2491 1157 quis
2512 1089 2564 1142 in
2594 1105 2701 1143 uno
2735 1090 2949 1144 Christo
2977 1089 3164 1144 dividit
3190 1091 3515 1146 substantias
3552 1104 3668 1162 post

2094 1179 2370 1242 unitatem,
2393 1178 2505 1232 sola
2531 1194 2625 1233 eas
2645 1179 2980 1233 connexione
3005 1180 3336 1248 conjungens
3355 1197 3420 1236 ea
3448 1197 3568 1250 qua:
3593 1198 3670 1236 se.

2095 1268 2326 1322 eundum
2354 1269 2662 1336 dignitatem
2706 1276 2807 1335 est,
2852 1270 2934 1324 vel
2974 1271 3136 1325 etiam
3177 1275 3552 1328 auctoritatem
3581 1282 3670 1328 aut

2095 1369 2432 1432 potestatem,
2462 1377 2525 1414 ac
2547 1376 2650 1416 non
2672 1362 2850 1431 potius
2876 1371 3140 1417 conventu
3169 1365 3261 1432 qui
3288 1380 3385 1434 per
3413 1365 3670 1420 unitatem

2097 1451 2269 1506 factus
2289 1459 2370 1506 est
2391 1452 2708 1517 naturalem,
2738 1452 3020 1506 anathema
3041 1452 3131 1506 sit.

2168 1543 2255 1596 1V.
2289 1543 2344 1597 Si
2371 1543 2490 1612 quis
2517 1543 2704 1597 dividit
2729 1544 2972 1613 personis
3011 1545 3215 1600 duabus
3251 1547 3337 1601 vel
3381 1548 3670 1604 subsisten-

2101 1631 2190 1686 tiis
2217 1647 2308 1686 eas
2333 1647 2492 1686 voces
2519 1647 2638 1701 quin
2677 1633 2730 1686 in
2758 1634 3067 1702 apostolicis
3095 1636 3307 1704 scriptis
3333 1638 3671 1692 continentur

420 1733 580 1795 citur,
612 1731 736 1798 quia
758 1746 856 1799 per
884 1729 1062 1783 omnia
1094 1728 1360 1797 perfectus
1387 1734 1499 1792 est,
1533 1734 1587 1780 et
1606 1727 1752 1780 nullo
1780 1741 1999 1796 prorsus
2028 1734 2075 1793 Β
2101 1732 2157 1778 et
2176 1723 2512 1790 evangelicis,
2536 1738 2654 1792 quae
2674 1724 2740 1778 de
2767 1722 2980 1778 Christo
3001 1740 3030 1778 a
3054 1726 3253 1780 sanctis
3280 1726 3550 1789 dicuntur,
3592 1729 3670 1781 vel

421 1823 662 1889 indigens
686 1821 861 1882 bono;
889 1835 1008 1872 nam
1035 1827 1273 1887 paternae
1294 1818 1506 1870 virtutis
1531 1823 1585 1870 et
1613 1816 1909 1885 sapientiai,
1945 1815 1998 1868 id

422 1919 508 1964 est
543 1910 663 1963 Filii
699 1909 928 1978 Spiritus
954 1908 1208 1973 creditur,
1239 1915 1294 1961 et
1332 1907 1452 1961 ideo
1494 1907 1606 1976 ipsa
1647 1922 1708 1961 re
1747 1913 1801 1960 et
1829 1906 2002 1961 subsi-

422 2000 620 2054 stentia
649 1999 820 2052 virtus
840 2005 894 2052 et
926 1997 1188 2066 sapientia
1209 1997 1606 2064 comprobatur.

491 2089 580 2142 2‘2.
600 2097 626 2126 ι
644 2089 807 2156 Igitur
826 2087 949 2156 quia
967 2087 1133 2141 Deum
1156 2087 1303 2141 carni
1331 2087 1525 2139 unitum
1541 2086 1694 2156 juxta
1718 2083 2002 2138 subsisten-

430 2184 555 2235 tiam
594 2187 776 2235 sancta
811 2179 974 2246 Virgo
1005 2178 1356 2246 corporaliter
1395 2177 1628 2246 peperit,
1661 2176 1856 2230 idcirco
1885 2189 2003 2228 eam

423 2273 516 2328 Dei
541 2273 851 2340 genitricem
892 2285 1011 2325 esse
1031 2268 1370 2340 proﬁtemur;
1415 2285 1520 2322 non
1544 2267 1686 2337 quod
1724 2267 1882 2322 Verbi
1907 2281 2002 2319 na-

426 2372 549 2416 tura
577 2360 842 2416 existendi
874 2359 1191 2429 principium
1221 2357 1288 2412 de
1314 2373 1476 2412 carne
1512 2357 1701 2411 sortita
1733 2355 1802 2409 sit
1833 2373 1845 2407 :
1875 2353 2008 2406 Erat

423 2455 561 2507 enim
587 2455 641 2506 in
687 2452 937 2522 principio
991 2449 1232 2510 Verbum,
1276 2459 1324 2501 et
1359 2448 1497 2502 Deus
1537 2457 1648 2501 erat
1685 2446 1924 2509 Verbum,
1955 2455 2005 2500 et

434 2545 652 2598 Verbum
677 2552 788 2597 erat
807 2541 946 2612 apud
967 2539 1133 2594 Deum
1165 2540 1339 2610 (Joan.
1371 2556 1405 2603 ι,
1432 2539 1506 2609 1),
1544 2546 1600 2592 et
1621 2538 1733 2606 ipse
1760 2543 1840 2590 est
1877 2550 2007 2589 con-

424 2635 569 2688 ditor
608 2633 943 2697 saeculorum,
993 2629 1140 2685 Patri
1187 2639 1500 2692 cozeternus,
1546 2636 1601 2682 et
1646 2626 2006 2680 universitatis

424 2734 669 2789 creator;
717 2723 812 2778 sed
858 2723 1144 2790 quoniam,
1175 2721 1420 2790 superius
1469 2726 1526 2773 ut
1572 2716 2006 2785 diximus,juxta

425 2816 824 2871 subsistentiam
854 2813 1067 2867 sibimet
1090 2811 1280 2864 uniens
1307 2818 1550 2862 naturam
1571 2809 1853 2860 humanam
1872 2846 1886 2870 ,
1922 2821 2010 2858 na-

427 2908 691 2961 tivitatem
719 2903 1030 2959 sustinuerit
1058 2918 1126 2956 ex
1166 2903 1278 2971 ipsa
1324 2902 1481 2956 vulva
1509 2914 1825 2969 corpoream
1858 2917 1871 2950 :
1901 2913 2007 2954 non

426 2997 571 3066 quod
599 2995 804 3064 eguerit
831 2974 1155 3059 necessario,
1186 3000 1407 3063 pr0pter
1430 3005 1580 3045 suam
1609 2995 1874 3053 naturam,
1907 3002 2006 3040 na-

2101 1814 2168 1868 ab
2197 1813 2311 1882 ipso
2335 1813 2494 1866 etiam
2524 1813 2591 1867 de
2618 1828 2677 1867 se
2707 1814 2841 1882 ipso,
2866 1823 2921 1868 et
2941 1815 3038 1868 has
3059 1815 3270 1883 quidem
3299 1816 3448 1869 velut
3473 1817 3670 1872 homini

2099 1904 2190 1972 qui
2219 1912 2412 1972 prmter
2436 1903 2531 1957 Dei
2559 1903 2789 1958 Verbum
2819 1905 3121 1972 specialiter
3165 1905 3489 1972 intelligatur
3525 1915 3669 1973 apta-

2099 1993 2268 2057 verit;
2316 1992 2433 2046 illas
2478 1999 2675 2055 autem,
2707 2000 2977 2060 tamquam
3024 1993 3210 2060 dignas
3257 1995 3400 2056 Deo.
3433 1996 3533 2048 soli
3582 1996 3668 2049 Dei

2103 2082 2275 2137 Patris
2304 2083 2480 2137 Verbo
2500 2083 2865 2153 deputaverit;
2905 2085 3184 2138 anathema
3215 2085 3301 2138 sit.

2172 2175 2235 2228 V.
2269 2175 2327 2229 Si
2354 2175 2474 2243 quis
2502 2175 2663 2229 audet
2689 2175 2867 2228 dicere
2895 2173 3110 2229 Christu
3134 2195 3161 2228 ιι
3186 2176 3456 2229 hominem
3497 2179 3670 2251 Θεοφόο

2103 2286 2205 2339 ρον,
2238 2265 2290 2319 id
2317 2272 2417 2327 est,
2450 2265 2614 2319 Deum
2637 2263 2914 2329 ferentem,
2941 2281 3003 2319 ac
3027 2281 3134 2318 non
3165 2267 3340 2333 potius
3373 2267 3536 2319 Deum
3557 2283 3673 2320 esse

2102 2358 2366 2412 veraciter
2393 2356 2604 2421 dixerit,
2647 2365 2915 2425 tamquam
2945 2373 3107 2411 unum
3152 2357 3339 2412 Filium
3383 2374 3482 2427 per
3527 2368 3670 2412 natu-

2104 2463 2238 2508 ram,
2270 2448 2561 2503 secundum
2599 2449 2743 2516 quod
2783 2448 3000 2502 Verbum
3029 2466 3149 2502 caro
3179 2452 3369 2521 factum
3400 2461 3475 2503 est
3498 2450 3669 2521 (Joan.

2104 2558 2140 2606 ι,
2169 2540 2276 2611 14),
2309 2549 2364 2595 et
2382 2543 2772 2596 communicavit
2797 2543 3050 2604 similiter,
3078 2551 3135 2594 ut
3161 2558 3283 2607 nos,
3308 2544 3453 2595 carni
3478 2553 3527 2595 et
3553 2559 3672 2596 satis

2105 2633 2248 2702 guini
2275 2630 2434 2701 (Heb.
2465 2648 2520 2696 ιι,
2555 2631 2664 2699 14),
2696 2632 2976 2685 anathema
3015 2633 3101 2685 sit.

2177 2721 2262 2774 Vl.
2295 2720 2349 2776 Si
2378 2722 2497 2789 quis
2543 2719 2671 2774 dicit
2697 2720 2864 2774 Deum
2891 2721 2976 2774 vel
3005 2721 3286 2774 Dominum
3327 2720 3524 2776 Christi
3564 2737 3675 2775 esse

2107 2813 2201 2868 Dei
2248 2811 2422 2867 Patris
2466 2811 2718 2876 Verbum,
2749 2818 2803 2865 et
2847 2828 2952 2866 non
2999 2813 3165 2880 magis
3211 2813 3456 2866 eumdem
3505 2813 3672 2881 ipsum

2108 2900 2394 2956 confitetur
2421 2901 2588 2956 Deum
2618 2901 2773 2956 simul
2813 2909 2868 2955 et
2905 2902 3195 2963 hominem,
3228 2911 3514 2971 propterea
3539 2901 3676 2971 quod

2119 2992 2337 3045 Verbum
2370 3008 2489 3046 caro
2530 2993 2722 3062 factum
2746 3002 2821 3045 est
2833 3033 2847 3056 ,
2879 2991 3170 3046 secundum
3199 2991 3518 3064 Scripturas,
3550 3009 3678 3047 ana-

429 3090 636 3143 tivitate
658 3089 779 3150 ista,
811 3101 929 3158 qua:
957 3093 1038 3140 est
1066 3086 1118 3138 in
1147 3084 1400 3138 extremis
1421 3080 1600 3136 saeculi
1628 3080 1767 3134 facta
1794 3088 2006 3148 tempo-
2035 3091 2080 3149 α
2109 3083 2290 3136 thema
2318 3083 2404 3135 sit.

427 3181 608 3246 ribus;
651 3179 746 3234 sed
792 3184 852 3232 ut
899 3177 1042 3246 ipsas
1078 3174 1420 3230 benediceret
1454 3171 1765 3226 substantia:
1811 3177 2009 3222 nostra:

427 3271 707 3341 primitias,
731 3278 786 3324 et
812 3269 939 3322 dum
969 3282 1090 3322 eum
1118 3265 1266 3321 carni
1295 3264 1499 3318 unitum
1521 3262 1713 3316 mulier
1733 3259 2005 3319 edidisset,

427 3361 517 3414 illa
549 3377 668 3430 qua:
695 3359 949 3414 adversus
978 3373 1137 3413 omne
1174 3371 1340 3426 genus
1377 3356 1668 3408 humanum
1707 3352 2009 3406 maledictio

428 3450 601 3505 fuerat
628 3449 841 3520 prolata
871 3448 1159 3512 desineret,
1189 3461 1289 3500 nec
1332 3445 1442 3513 jam
1471 3443 1627 3496 morti
1659 3451 1842 3496 nostra
1883 3457 2006 3495 cor-

426 3556 559 3610 pora
581 3539 900 3603 destinaret;
926 3537 1054 3591 illud
1091 3551 1324 3605 quoque,
1356 3533 1497 3603 quod
1525 3532 1724 3587 dictum
1749 3539 1830 3586 est
1855 3549 1865 3583 :
1891 3529 1918 3568 δ
1943 3528 2008 3583 1η

431 3631 641 3684 tristitia
687 3629 856 3698 paries
885 3628 1022 3697 ﬁlios
1065 3625 1216 3696 (Gen.
1249 3641 1324 3689 ιιι,
1378 3624 1496 3694 16),
1549 3623 1662 3692 ipse
1690 3621 2006 3684 dissolvens,

429 3735 614 3774 verum
656 3734 774 3772 esse
812 3725 1134 3771 monstraret
1161 3715 1303 3784 quod
1341 3715 1614 3784 prophetre
1651 3726 1782 3766 voce
1822 3711 2012 3780 ιιι-ξιξόί-

430 3818 585 3864 xerat
617 3827 628 3860 :
661 3807 916 3873 Absorpta
948 3814 1023 3860 est
1054 3821 1191 3859 mors
1228 3805 1438 3858 victoria
1472 3802 1510 3873 (1
1539 3801 1656 3855 Cor.
1685 3817 1773 3866 xv,
1801 3800 1909 3871 54).
1945 3799 2014 3853 Ει

429 3900 622 3954 iterum
649 3916 661 3951 :
702 3898 922 3951 Abstulit
951 3895 1087 3950 Deus
1117 3912 1316 3950 omnem
1355 3895 1637 3964 lacrymam
1670 3893 1732 3946 ab
1760 3893 1899 3946 onmi
1931 3894 2011 3960 fa-

429 3990 505 4042 cie
526 3988 706 4060 (Apoc.
737 4004 830 4053 vn,
862 3986 972 4057 17).
1004 3985 1230 4055 Propter
1256 3984 1395 4037 hanc
1422 3983 1619 4037 etenim
1643 3997 1855 4036 causam
1875 3981 2008 4036 dici-

430 4094 550 4134 mus
579 4095 701 4133 eum
730 4077 1136 4147 dispensatorie,
1161 4084 1216 4130 et
1253 4075 1397 4144 ipsas
1423 4073 1756 4127 benedixisse
1798 4073 2010 4142 nuptias

430 4185 550 4223 cum
581 4169 633 4222 in
659 4167 803 4222 Cana
831 4165 1061 4220 Galilei!)
1080 4207 1094 4232 ,
1121 4181 1241 4221 cum
1272 4163 1471 4219 sanctis
1506 4169 1726 4217 vocatus
1754 4161 2011 4232 apostolis

431 4259 622 4312 adesse
654 4259 902 4326 dignatus
929 4264 1034 4312 est.
1775 4307 1778 4311 .

500 4347 589 4399 25.
620 4346 744 4401 Haec
768 4362 957 4416 sapere
979 4359 1161 4400 sumus
1181 4343 1358 4399 edocti
1398 4357 1430 4396 a
1451 4341 1652 4396 sanctis
1680 4341 1937 4410 apostolis
1957 4347 2012 4396 et

2180 3171 2288 3225 Vll.
2312 3173 2370 3227 Si
2397 3173 2516 3240 quis
2542 3171 2721 3227 Jesum
2752 3172 3022 3226 hominem
3061 3175 3373 3242 operatione
3401 3176 3493 3230 Dei
3523 3175 3683 3234 Verbi

2108 3264 2236 3319 dicit
2273 3264 2542 3333 adjutum,
2573 3280 2668 3319 seu
2710 3266 3076 3340 ἐνεργούμενον.
3116 3268 3247 3322 etei
3286 3268 3542 3335 unigeniti
3570 3269 3684 3335 glo-

2109 3355 2261 3419 riam,
2295 3363 2567 3424 tamquam
2595 3357 2748 3411 alteri
2776 3367 2970 3427 prmter
2997 3361 3171 3432 ipsum
3200 3360 3469 3424 existenti,
3499 3359 3678 3421 tribui,

2111 3445 2397 3498 anathema
2419 3445 2507 3499 sit.

2181 3534 2310 3588 Vlll.
2344 3534 2400 3588 Si
2439 3535 2559 3606 quis
2605 3537 2765 3591 audet
2808 3538 3006 3603 dicere,
3036 3546 3366 3607 assumptum
3409 3539 3682 3593 hominem

2113 3625 2510 3679 coadorandum
2556 3626 2666 3680 Deo
2711 3627 2886 3682 Verbo
2911 3667 2925 3689 ,
2958 3636 3012 3682 et
3063 3626 3592 3696 conglorilicandum,
3631 3636 3688 3683 et

2114 3717 2628 3785 connuncupandum
2659 3717 2843 3782 Deum,
2888 3725 3157 3788 tamquam
3185 3718 3412 3773 alterum
3441 3735 3562 3774 cum
3593 3720 3685 3780 al-

2114 3815 2232 3862 tero
2274 3809 2429 3877 (nam
2456 3825 2570 3862 cum
2597 3809 2799 3879 syllaba
2827 3825 3040 3879 semper
3066 3809 3272 3878 adjecta
3301 3810 3404 3864 hoc
3439 3811 3584 3879 cogit
3609 3811 3688 3864 in-

2093 3899 2323 3968 telligi),
2357 3913 2420 3953 ac
2460 3913 2568 3953 non
2617 3900 2796 3968 potius
2835 3915 2941 3953 una
2981 3900 3367 3970 supplicatione
3404 3910 3692 3955 veneratur

2114 3988 2464 4055 Emmanuel,
2519 4006 2785 4061 unamque
2833 3992 2883 4046 ei
2925 3990 3364 4060 gloriﬁcationem
3403 3992 3686 4061 dependit,

2109 4078 2263 4146 juxta
2288 4078 2431 4147 quod
2468 4078 2686 4132 Verbum
2715 4096 2834 4134 caro
2865 4082 3057 4151 factum
3085 4090 3179 4142 est,
3205 4081 3488 4150 anathema
3510 4081 3603 4134 sit.

2185 4167 2275 4220 IX.
2305 4166 2361 4222 Si
2398 4169 2516 4238 quis
2537 4185 2697 4223 unum
2728 4170 3007 4224 Dominum
3049 4179 3287 4225 nostrum
3323 4169 3504 4225 Jesum
3534 4170 3690 4225 Chri-

2115 4268 2256 4315 stum
2282 4259 2633 4328 gloriﬁcatum
2662 4261 2790 4316 dicit
2836 4277 2866 4315 a
2919 4261 3119 4331 Spiritu
3162 4271 3371 4326 sancto,
3414 4271 3688 4332 tamquam

2117 4351 2208 4420 qui
2239 4349 2412 4403 aliena
2438 4351 2634 4405 virtute
2677 4367 2773 4421 per
2801 4366 2923 4404 eum
2949 4367 3076 4408 usus
3108 4350 3285 4413 fuerit,
3311 4359 3366 4405 et
3393 4352 3461 4404 ab
3491 4367 3558 4404 eo
3599 4366 3691 4404 ac-

432 4434 793 4502 evangelistis,
817 4441 873 4487 et
899 4434 966 4486 ab
988 4434 1132 4486 omni
1153 4432 1429 4501 Scriptura
1450 4430 1703 4484 divinitus
1731 4430 2007 4499 inspirata,
2041 4473 2089 4532 D
2119 4440 2322 4509 ceperit
2349 4439 2637 4494 cmcaciam
2662 4449 2848 4495 contra
2869 4441 3169 4495 immundos
3189 4441 3426 4511 spiritus,
3451 4448 3507 4494 ei
3534 4455 3693 4509 νοω,

435 4539 669 4580 necnon
693 4530 747 4578 et
787 4539 816 4576 a
863 4522 1035 4576 beatis
1073 4521 1290 4575 Patrum
1319 4521 1742 4579 confessionibus
1787 4523 2013 4576 veritate

434 4613 706 4678 subnixis;
729 4612 812 4667 his
832 4611 1078 4667 omnibus
1103 4611 1265 4665 etiam
1287 4618 1434 4663 tuam
1455 4611 1765 4677 religionem
1795 4626 2014 4666 concor-

434 4707 581 4770 dare,
607 4714 662 4760 et
674 4713 869 4776 prmter
889 4703 1122 4772 aliquem
1151 4701 1332 4756 dolum
1361 4701 1664 4756 consentire
1680 4701 1791 4770 jam
1813 4718 2011 4757 conve-

436 4798 532 4851 nit.
565 4795 693 4864 Qua:
720 4810 848 4849 vero
896 4793 1209 4861 religionem
1237 4799 1382 4845 tuam
1422 4791 1871 4847 anathematizare
1910 4809 2007 4848 ne-

435 4905 584 4944 cesse
611 4897 712 4954 est,
743 4887 866 4942 huic
894 4885 1134 4956 epistolae
1167 4892 1360 4938 nostrze
1387 4884 1627 4953 subjecta
1650 4893 1792 4938 sunt.

2117 4531 2170 4583 in
2198 4531 2502 4584 hominibus
2529 4530 2704 4584 divina
2733 4532 2881 4599 signa
2911 4530 3108 4595 facere,
3139 4547 3202 4586 ac
3227 4548 3331 4586 non
3363 4533 3543 4601 potius
3570 4547 3694 4602 pro-

2117 4621 2290 4689 prium
2333 4621 2449 4687 ejus
2491 4620 2745 4689 Spiritum
2793 4620 2939 4686 dicit,
2971 4636 3067 4690 per
3111 4637 3272 4691 quem
3313 4622 3493 4675 divina
3541 4623 3691 4690 signa

2114 4709 2416 4778 complevit,
2449 4710 2726 4762 anathema
2749 4709 2836 4762 sit.

2187 4797 2253 4851 Χ.
2305 4797 2615 4852 Pontiﬁcem
2663 4808 2716 4854 et
2763 4799 3058 4868 apostolum
3105 4799 3455 4854 confessionis
3498 4808 3692 4854 nostra:

2111 4888 2311 4942 factum
2355 4903 2472 4942 esse
2499 4887 2772 4942 Christum
2813 4888 2990 4942 divina
3030 4887 3302 4958 Scriptura
3333 4888 3494 4960 (Πρὸ.
3529 4907 3605 4950 ut,
3634 4890 3691 4961 Ξ)

1615 5018 2147 5077 CASTIGATIONES
2186 5023 2274 5077 ET
2312 5021 2535 5076 ΝΟΤᾸΕ.

506 5125 531 5152 ι
559 5115 637 5170 Ex
666 5113 902 5184 eoiquod
932 5112 1160 5184 Verbum
1191 5110 1340 5166 carni
1369 5110 1585 5184 unitum
1605 5116 1688 5164 est
1715 5112 1822 5184 m_9‘
1844 5111 2009 5166 ὑπόσ-

435 5207 596 5249 τασιν,
621 5180 834 5239 coniicit
861 5183 1168 5252 quaestionis
1187 5189 1364 5250 caput,
1388 5189 1445 5235 ut
1464 5180 1676 5252 quidem
1702 5180 1860 5246 vulgo
1889 5197 2007 5252 mni-

435 5256 695 5318 vebatur,
734 5248 1000 5322 Virginem
1037 5248 1276 5307 sanetam
1315 5266 1432 5322 esse
1471 5248 1709 5322 Θεοτόκον
1750 5248 2008 5322 :_conﬁcit

436 5341 566 5378 vero
603 5326 676 5377 ita
717 5332 774 5376 ut
798 5320 1043 5377 occurrat
1068 5322 1347 5377 calumniis
1377 5321 1581 5390 duabus
1609 5320 1891 5390 quasiinde
1917 5335 2010 5390 ica-

437 5395 649 5450 tholicis
685 5393 958 5447 Nestorius
980 5431 995 5452 .
1038 5394 1375 5461 maximeque
1416 5389 1607 5445 Proclo
1635 5389 1707 5461 let
1735 5389 1964 5461 Eusebio
1990 5427 2004 5451 ,

436 5466 700 5527 struebat;
743 5472 796 5517 et
825 5463 1015 5533 primae
1042 5459 1469 5533 quiderm—quasi
1499 5460 1682 5533 abhis
1719 5459 2005 5533 diceretur,

436 5535 577 5606 quod
619 5535 782 5588 sensit
823 5529 1112 5606 Photinus,
1157 5531 1388 5606 Verbum
1432 5545 1496 5584 ex
1539 5529 1754 5606 Virgine
1795 5529 2010 5606 duxisse

437 5599 732 5660 existentim
766 5604 1110 5672 principium;
1142 5603 1408 5663 secundae,
1450 5599 1660 5667 eguisse
1692 5599 1919 5653 Verbum
1951 5607 2008 5652 ut

440 5685 580 5732 esset
605 5674 835 5731 secunda
861 5675 959 5729 hac
989 5673 1282 5727 nativitate.

2180 5112 2208 5151 ι)
2237 5112 2461 5167 Videtur
2487 5112 2714 5183 Cyrillus
2753 5112 2942 5179 legisse
2981 5111 3209 5183 Nestorii
3238 5127 3542 5165 sermonem
3580 5111 3689 5180 pri-

2111 5181 2940 5258 mum_advet_‘susPelagianos,
2993 5182 3046 5258 in
3094 5197 3322 5258 eumque
3368 5183 3683 5258 intendere,

2110 5253 2554 5323 quandoquidem
2571 5252 2719 5323 locus
2738 5252 2857 5323 iste
2885 5251 3159 5306 Geneseos
3182 5289 3196 5312 ,
3229 5251 3449 5321 lausque
3481 5253 3688 5322 nuptia-

2110 5321 2227 5377 rum
2257 5321 2463 5392 prolixe
2488 5339 2516 5376 a
2541 5321 2784 5377 Nestorio
2815 5329 3089 5376 tractatur.

2181 5389 2762 5447 Ad—anathematismos
2789 5392 3105 5446 observatur
3133 5390 3234 5444 hoc
3279 5390 3330 5442 in
3372 5390 3492 5444 loco
3522 5389 3681 5450 nihil,

2110 5463 2233 5540 quia
2263 5462 2645 5540 quienplurima
2686 5468 2869 5540 notatu
2909 5461 3535 5540 digna_sunt_pert'nent
3567 5475 3686 5540 om:

2113 5527 2241 5586 uino
2263 5527 2326 5586 ad
2359 5527 2784 5584 dissertationem
2810 5531 2876 5584 de
2909 5530 3158 5600 Synodis.
3189 5527 3278 5583 ubi
3305 5545 3466 5600 quem
3495 5527 3686 5598 singuli

2112 5610 2299 5669 petant
2320 5600 2546 5655 Nestorii
2577 5608 2860 5655 tractatum
2889 5599 3219 5655 ostendetur.
